2248 3229
72 221 125 248 An.
141 219 170 247 C.
194 218 260 246 1634

110 1505 229 1525 Mandatum
240 1504 265 1524 de

84 1537 125 1557 qun
141 1532 160 1552 in
173 1531 266 1551 rutum.

118 2470 225 2491 Contraria
238 2470 274 2491 tol-

93 2498 168 2518 tantur.

879 209 1021 233 musanus
1046 207 1103 232 vin
1126 207 1174 231 1¹1³.
1693 189 1757 225 457

274 266 460 302 iuramento,
491 254 731 295 confirmatione
759 258 946 302 apostolica,
969 257 1015 290 rel
1048 256 1148 289 iorem
1179 254 1237 287 sub
1271 253 1386 286 annulo
1415 250 1603 290 Piscatoris‚
1632 247 1681 281 die
1710 256 1786 281 xxiv

275 317 383 361 quavis
406 316 555 350 firmitate
575 314 635 348 alia
656 313 825 353 roboratis,
844 311 965 345 statutis
986 315 1015 344 et
1048 308 1229 343 novembris
1254 316 1415 341 uncxxxiv
1431 332 1438 346 ‚
1464 303 1664 349 pontificatus
1687 300 1786 335 nostri

276 369 563 407 consuetudinibus,
578 368 753 411 ceterisque
772 365 937 401 contrariis
950 363 1015 408 qni-

273 425 478 467 buscuniquc.

317 477 429 510 Datum
454 477 583 516 Itomae,
607 475 689 519 apud
710 474 738 507 S.
766 473 893 507 Mariam
919 471 1014 505 Maio-

276 542 354 571 rcm,
372 531 429 563 sub
453 530 569 563 annulo
598 529 776 569 Piscatoi·iS‚
794 527 843 560 dic
864 536 940 560 xxiii
964 535 1015 558 no-

276 583 413 617 vembris
451 592 614 616 iincxxxiv
635 610 641 619 ,
679 581 877 625 pontificatus
916 577 1015 612 nostri

275 647 356 670 anno
373 646 425 670 xii.

310 699 366 726 Dat.
385 699 428 726 die
444 700 477 726 23
495 698 649 736 novembris
670 698 743 731 1634,
765 697 861 733 pontif.
883 703 954 724 anno
970 701 1014 722 xli.

630 840 704 872 Dlll.

277 921 414 954 Mandat
434 921 554 953 nuncio
575 920 743 957 Polemone,
757 922 792 951 ut
806 921 933 950 moneat
953 916 1018 959 epi-

321 985 428 1018 scopos
463 975 557 1006 illius
593 973 686 1015 requi
722 975 880 1015 quatenus
916 970 1035 1016 vocati}

324 1030 456 1062 veniant
480 1028 522 1060 ad
547 1026 704 1070 synodum
730 1024 965 1069 prom'ncialem
990 1027 1018 1055 et

323 1083 454 1115 coniitia
479 1081 571 1124 requi
584 1080 601 1112 ¹.

278 1161 450 1190 venerabili
460 1162 547 1189 fratri
564 1161 714 1188 Honorato
730 1158 958 1192 archiepiscopo
969 1158 1020 1185 La-

314 1206 452 1238 rissensi,
482 1208 586 1233 nostro
614 1208 645 1232 et
666 1205 695 1232 S.
720 1204 806 1232 Sedis
831 1203 1020 1238 Apostolicae

314 1251 345 1277 in
365 1257 457 1285 regno
477 1250 616 1277 Poloniae
633 1249 753 1281 nuncio,

472 1304 606 1331 Urbanus
638 1304 716 1337 Papa
750 1303 828 1330 vm.

498 1365 684 1393 Venerabilis
702 1365 804 1397 frater,

317 1413 447 1439 salutem
467 1414 497 1438 et
517 1410 711 1444 apostoticam
736 1408 985 1437 benedictionem.

326 1489 368 1521 De
399 1488 520 1521 iuribus
552 1487 755 1520 ecclesiarum
788 1485 1020 1529 quarumlibet,

282 1541 468 1586 praesertim
501 1540 727 1573 cathedralium
752 1543 781 1572 ct
807 1538 1022 1582 metropolita-

282 1606 404 1642 narum,
419 1595 503 1627 iuxta
521 1593 676 1627 creditum
694 1592 783 1626 nobis
800 1592 935 1635 desuper
951 1602 1023 1635 apo-

283 1649 410 1682 stolicae
424 1647 582 1681 servitutis
600 1647 737 1680 officium
756 1646 871 1688 iugiter
888 1645 1023 1686 solliciti,

282 1702 470 1737 fraternitati
495 1706 565 1734 tuae
590 1712 646 1745 per
671 1704 853 1744 praesentes
878 1699 1023 1732 commit-

284 1757 378 1791 timus
403 1761 432 1789 et
464 1755 670 1796 mandamus,
699 1759 731 1787 ut
763 1754 853 1797 regni
879 1753 1024 1787 Poloniae

285 1812 450 1856 episcopos
474 1810 622 1850 horteris,
648 1814 677 1844 et
702 1809 887 1843 auctoritate
917 1809 1024 1842 nostra

286 1875 424 1906 moneas,
441 1869 594 1908 quatenus
620 1863 657 1896 ad
681 1863 834 1908 synodum
853 1862 1026 1907 provincia-

286 1921 347 1952 lem
365 1924 394 1951 et
411 1918 449 1951 ad
467 1917 592 1951 comitia
613 1917 703 1960 regni
724 1916 885 1960 praedicti,
902 1916 1025 1960 quoties

287 1973 387 2007 vocati
411 1972 547 2014 luerint,
582 1970 751 2013 accedant,
777 1970 851 2002 alias
876 1970 900 2002 si
926 1970 1026 2003 vocati

286 2027 324 2059 ad
355 2026 507 2071 synodum
541 2031 571 2058 et
602 2024 727 2059 comitia
760 2023 940 2057 huiusmodi
964 2033 1027 2057 non

286 2080 437 2122 venerint,
464 2085 546 2120 tunc,
571 2089 609 2112 nc
634 2084 763 2122 propter
781 2088 891 2111 eorum
917 2077 1025 2110 absen-

287 2135 361 2168 tiam
386 2134 455 2167 iura
479 2133 683 2167 ecelesiarum
708 2131 940 2176 praedictarum
965 2131 1023 2164 ali-

286 2188 371 2233 quod
388 2187 612 2221 detrimentum
636 2187 804 2230 patiantur,
830 2185 920 2219 liceat
942 2195 1047 2225 vene-i

287 2243 378 2276 rabili
404 2242 491 2275 fratri
512 2241 749 2285 archiepiscopo
769 2240 941 2274 Gncsnensi
962 2251 1028 2274 me-

288 2296 477 2341 tropolitano
495 2301 525 2329 et
540 2296 666 2340 primati
691 2295 765 2329 dicti
790 2295 880 2338 regni
905 2295 948 2328 uti
973 2306 1028 2339 po-

290 2356 397 2385 testate
415 2361 511 2394 super
536 2348 766 2393 negligentibus
786 2348 844 2382 sibi
862 2360 878 2381 a
895 2349 1029 2383 concilio

289 2405 471 2439 Tridentino
491 2409 521 2437 et
545 2404 642 2437 sacris
661 2403 832 2437 canonibus
858 2402 980 2436 tradita.

335 2460 350 2503 g
373 2459 402 2491 Ω.
422 2458 455 2490 111
480 2457 673 2492 contrarium
698 2457 882 2490 facientibus
900 2467 963 2490 non
979 2457 1030 2492 ob-

291 2513 444 2547 stantibus
469 2511 730 2556 quibuscumque.

335 2567 448 2600 Datum
480 2566 619 2605 Romae,
652 2564 734 2608 apud
761 2564 789 2598 S.
815 2564 943 2598 Mariam
967 2565 1030 2598 Ma-

329 2632 340 2657 1
357 2629 395 2657 Ex
410 2630 517 2665 Regest.
535 2629 561 2655 in
578 2630 682 2656 Secret.
702 2628 779 2655 Brev.

375 2682 454 2713 Butt.
474 2682 557 2712 Rom.
579 2697 612 2702 —
631 2681 689 2711 Vol.
705 2680 781 2710 XIV.

926 2680 961 2709 58

1049 373 1130 396 aimo
1155 372 1209 396 xu.

1084 425 1141 452 Dat.
1160 424 1203 452 die
1218 424 1251 451 24
1267 422 1422 451 novembris
1440 421 1517 453 1634,
1540 419 1632 456 pontif.
1650 425 1721 447 anno
1737 424 1786 444 xii.

1383 565 1456 598 DlV.

1049 649 1152 692 Super
1176 647 1351 681 residentia
1376 646 1609 691 episcoporum,
1626 643 1791 686 archiepi-

1094 711 1273 745 scoporum,
1308 698 1633 743 metropolitanorum
1659 701 1687 729 et
1712 695 1791 728 alio-

1093 765 1169 787 rum
1193 753 1332 786 ecclesiis
1356 751 1597 785 cathedralibus
1620 749 1791 793 praefecto-

1095 811 1230 846 ctorum,
1253 806 1354 839 etiam
1378 805 1409 838 S.
1435 805 1472 838 R.
1496 803 1532 837 E.
1554 801 1788 839 cardinalium,

1095 871 1167 893 cuni
1178 859 1378 904 praefixione
1398 857 1525 891 termini
1541 856 1583 889 ad
1593 855 1793 899 proficiscen—

1096 914 1174 946 dum
1198 913 1241 946 ad
1265 922 1341 945 sucis
1366 910 1565 949 residentia&
1589 913 1617 942 et
1642 907 1792 941 determi-

1096 967 1228 1000 natione
1242 975 1435 1010 poenamm,
1458 975 1495 997 ac
1512 963 1734 1008 prohibitione
1753 960 1793 993 ab

1096 1021 1175 1064 ipsis
1189 1030 1254 1053 non
1274 1017 1460 1052 discedendi
1473 1017 1591 1060 absque
1604 1015 1694 1049 Sedis
1711 1014 1794 1057 Apo-

1098 1074 1179 1106 licae
1205 1072 1338 1106 licentiat
1364 1081 1402 1104 ex
1426 1070 1595 1114 quibusvis
1624 1068 1723 1101 etiam
1743 1077 1796 1099 ur-

1097 1127 1298 1171 yentissiinis
1316 1125 1432 1158 causis.

1258 1207 1395 1235 Urbanus
1417 1206 1495 1240 Papa
1515 1205 1595 1239 VIII,

1185 1253 1221 1280 ad
1236 1255 1412 1287 perpetuam
1428 1250 1473 1278 rei
1489 1249 1669 1278 memoriam.

1100 1327 1115 1369 ἓ
1143 1325 1167 1358 l.
1194 1325 1306 1359 Sancta
1330 1321 1467 1367 synodus
1482 1320 1663 1355 Tridentina
1679 1319 1736 1352 sub
1752 1329 1799 1352 re-

1056 1378 1205 1414 colendae
1229 1377 1402 1412 memoriae
1428 1376 1524 1409 Paulo
1548 1376 1632 1419 Papa
1657 1374 1696 1407 llI
1715 1383 1801 1417 prae-

1057 1434 1222 1467 decessore
1247 1437 1366 1471 nostro,
1381 1430 1419 1463 ad
1434 1429 1631 1473 disciplinam
1657 1427 1801 1468 ecclesia-

1058 1487 1167 1520 sticam
1192 1484 1442 1523 restaurandam,
1468 1482 1600 1527 provide
1622 1481 1743 1521 statuit,
1768 1486 1802 1513 ut

1058 1551 1188 1581 omnes,
1214 1548 1415 1583 quacumque
1439 1536 1590 1580 dignitate
1605 1563 1612 1576 ,
1642 1534 1743 1578 gradu
1773 1540 1802 1567 et

1059 1591 1306 1638 praeeminentia
1331 1591 1499 1634 fulgentes,
1525 1587 1799 1634 patriarchalibus,

1059 1646 1300 1692 primatialibus‚
1325 1643 1577 1688 metropolitanis
1595 1648 1624 1675 et
1642 1641 1801 1676 cathedra-

1060 1701 1140 1735 libus
1166 1699 1306 1734 ecclesiis
1331 1698 1594 1742 quibuscumque,
1612 1695 1722 1740 quovis
1746 1705 1803 1729 no⁹

1060 1755 1159 1795 mine,
1185 1754 1293 1794 titulo,
1320 1751 1484 1797 praefecti,
1509 1751 1591 1795 apud
1617 1760 1668 1783 eas
1693 1759 1801 1794 perso-

1060 1809 1171 1842 naliter
1196 1807 1335 1841 residero
1352 1805 1512 1845 deberent3
1530 1804 1616 1846 alias,
1637 1804 1663 1837 si
1679 1814 1736 1848 per
1749 1813 1803 1836 sex

1061 1873 1184 1896 menses
1221 1861 1387 1895 continuos
1421 1859 1587 1901 abessent,
1624 1857 1802 1891 amissionis

1061 1921 1191 1961 quartae
1214 1914 1312 1960 partis
1336 1913 1498 1947 fructuum
1524 1911 1616 1946 nnius
1637 1911 1709 1945 anni
1729 1921 1802 1955 poe-

1061 1981 1134 2004 nam
1159 1970 1228 2014 ipso
1253 1969 1321 2002 iure
1346 1968 1545 2002 incurrerent
1554 1977 1562 2007 ;
1589 1965 1675 2010 quod
1699 1965 1724 1999 si
1748 1975 1804 2010 per

1062 2024 1139 2057 alios
1165 2033 1217 2057 sex
1243 2032 1366 2056 menses
1391 2021 1423 2054 in
1447 2019 1589 2054 absentia
1621 2029 1804 2063 persevera-

1044 2117 1046 2126 A
1062 2082 1142 2118 rent,
1156 2081 1231 2110 tuno
1247 2076 1339 2110 aliam
1352 2080 1497 2120 quartam
1509 2078 1630 2118 partem
1643 2073 1803 2107 fructuum

1044 2127 1244 2164 'huiusmodi
1268 2140 1305 2163 eo
1330 2129 1400 2173 ipso
1421 2128 1619 2167 amitterent;
1645 2132 1805 2160 crescente

1065 2196 1138 2219 vero
1164 2183 1361 2219 contumacia
1376 2210 1384 2225 ,
1406 2183 1566 2217 Romanus
1590 2181 1730 2216 Pontifex
1753 2192 1805 2215 su-

1063 2241 1173 2284 prema
1197 2239 1265 2273 eius
1288 2238 1475 2273 auctoritate
1498 2237 1529 2271 in
1553 2237 1637 2281 ipsos
1662 2235 1805 2269 absentes

1064 2292 1325 2334 animadvertere,
1339 2298 1369 2326 et
1382 2291 1523 2326 ecclesiis
1543 2290 1619 2335 ipsis
1643 2289 1680 2323 de
1703 2293 1804 2333 pasto-

1064 2348 1153 2382 ribus
1178 2346 1357 2382 utilioribus
1380 2345 1549 2391 providere
1574 2348 1689 2389 posset.

1101 2448 1111 2473 t
1136 2446 1245 2473 Praeter
1264 2446 1323 2473 loca
1342 2444 1453 2472 Concilii
1473 2442 1623 2471 Tridentini
1643 2441 1760 2469 indicata
1779 2440 1804 2468 in

1065 2490 1196 2528 apostillis
1212 2491 1291 2518 huius
1306 2490 1395 2518 Const.
1412 2491 1425 2525 ἓ
1442 2491 1452 2516 1
1471 2492 1498 2516 et
1514 2489 1547 2521 2,
1569 2487 1630 2515 vide
1649 2487 1741 2514 Const.
1756 2493 1805 2520 xit,

1066 2538 1108 2565 De
1121 2537 1223 2570 salute,
1239 2537 1281 2564 Pii
1297 2536 1340 2570 IV,
1358 2539 1423 2563 tom.
1437 2541 1480 2569 vn,
1497 2541 1558 2571 pag.
1574 2533 1618 2561 55.
1634 2533 1671 2560 Ao
1686 2531 1806 2560 eiusdem

1066 2582 1156 2610 Const.
1173 2587 1205 2608 cv
1220 2580 1259 2616 (in
1274 2580 1301 2609 h.
1318 2589 1346 2608 11.
1362 2580 1405 2608 ed.
1421 2578 1497 2614 cvm)
1518 2579 1555 2607 In
1573 2585 1720 2613 suprema,
1736 2576 1803 2604 ibid.

1066 2635 1127 2663 pag¹¹
1141 2625 1203 2655 332.

1805 199 1853 227 An.
1869 197 1897 226 C.
1918 197 1986 226 1634

1828 1330 1943 1351 Concilium
1955 1329 1999 1351 Tri-

1815 1357 1923 1378 dentinuin
1935 1356 1999 1377 multa

1815 1384 1888 1404 statuit
1901 1383 1957 1404 circa
1967 1388 1999 1403 re-

1816 1410 1927 1431 sidentiam
1956 1409 1999 1436 epi·

1817 1437 1922 1463 ceopalem
1947 1441 1997 1456 sess.

1817 1463 1946 1491 vi.cap.1de
1956 1462 1999 1483 nef.
