2248 3229
201 204 252 233 An.
273 205 301 234 C.
319 206 384 234 1631
435 197 500 233 ‘2341

202 409 266 429 scopo
278 420 282 426 ,

255 1590 387 1610 mutantium

203 1615 321 1642 itm-ogauu.

402 256 485 298 dant,
510 257 541 289 in
566 266 661 300 grave
685 256 908 290 iurisdictionis
932 262 963 290 et
986 257 1139 291 libertatis

403 300 630 343 ecclesiastieae
654 309 901 353 praeiudicium:

229 376 323 397 Pontifex
343 377 387 403 opi·
433 349 513 405 Ἠ.
535 363 606 399 Nos,
624 363 654 393 in
671 361 862 404 praemissis,
880 367 1030 405 quantum
1048 361 1139 395 nobis

202 404 386 456 Ι]1ϊιι11113,1λ,οιι11.111(ἶ

401 425 438 447 ex
466 415 529 447 alto
557 414 757 454 conceditur,
788 414 955 457 providere
978 415 1138 455 volentes,

401 467 681 510 supp]icati‹fmilnis
706 470 759 500 tuo
783 467 910 500 nomine
929 468 1021 501 nobis
1045 478 1139 512 super

401 521 461 552 hoe
486 520 647 552 humiliter
670 520 825 563 porrectis
849 520 1006 561 inclinati,
1030 520 1069 553 de
1092 530 1140 553 ve-

400 572 588 620 nerabilium
618 572 752 605 fratrum
783 578 967 606 nostrorum
991 574 1020 607 S.
1045 574 1080 606 P..
1105 574 1137 606 E.

401 625 608 658 cardinalium
632 626 767 669 negotiis
792 627 987 669 regularium
1008 637 1141 671 praepo-

401 680 535 712 sitorum
567 680 720 720 consilio,
752 680 940 713 fraternitati
976 685 1047 713 tuae
1083 691 1140 724 per

399 738 581 776 praesentes
602 733 806 776 iniungimus,
824 738 857 768 ut
874 734 932 767 sub
952 734 1093 767 censuris
1110 738 1144 771 et*

400 787 509 829 poenis
534 792 643 819 contra
662 786 826 820 turbantes
847 787 1025 820 libertatem
1045 787 1141 820 ecele-

401 840 557 873 siasticam
582 840 802 883 promulgatis,
831 839 973 873 districte
997 840 1140 873 inhibeas

401 893 556 926 iudicibus
571 893 765 926 secularibus
780 893 958 937 praedictis
974 903 1014 926 ne
1031 903 1140 926 causas

401 946 585 978 monialium
611 945 875 978 monasteriorum
897 945 1089 986 huiusmodi,
1114 945 1139 978 si

401 1009 475 1038 eae,
499 1003 534 1031 ut
557 1000 753 1042 praefertur,
784 1009 891 1031 eoram
921 998 997 1042 ipsis
1029 1008 1140 1032 conve-

400 1053 537 1093 niantur,
555 1052 619 1085 ullo
632 1052 727 1085 modo
743 1052 878 1085 audeant
894 1062 1076 1095 agnoscere,
1093 1053 1140 1085 vel

401 1105 434 1137 in
459 1105 564 1148 aliquo
587 1105 770 1148 procedere,
796 1105 844 1138 vel
869 1115 901 1137 se
917 1105 1072 1148 ingerere,
1087 1104 1141 1138 sed

402 1157 528 1190 easdem
554 1167 663 1190 causas
687 1158 725 1189 ad
749 1168 821 1190 suos
849 1157 969 1190 iudices
994 1158 1140 1190 eeclesia-

402 1211 497 1243 sticos
521 1215 735 1253 competentes
759 1210 863 1243 statim
888 1210 1065 1247 remittant;
1086 1221 1141 1251 ac,

402 1263 428 1296 si
452 1274 515 1296 non
538 1263 710 1307 paruerint,
736 1268 847 1296 contra
871 1263 998 1297 eosdem
1024 1264 1063 1296 ad
1087 1263 1141 1296 de-

403 1317 609 1350 clarationem
644 1327 849 1349 censurarum
883 1322 914 1349 et
944 1310 1141 1360 pdenarum,

402 1380 479 1413 quas
504 1370 544 1402 ob
569 1370 741 1413 praemissa
772 1369 984 1410 incurrerint,
1013 1369 1142 1403 omnino

402 1422 565 1466 procedas,
585 1422 633 1455 vel
651 1423 725 1455 alias
743 1422 919 1466 provideas,
939 1422 1143 1465 quemadmo-

403 1476 477 1508 dum
502 1476 558 1508 tibi
582 1486 640 1519 pro
658 1477 710 1508 tua
728 1476 897 1519 prudentia
914 1480 945 1508 et
961 1476 1028 1509 zelo
1041 1475 1142 1519 magis

403 1529 552 1573 expedire
577 1529 677 1562 visum
702 1529 805 1562 fuerit.

447 1582 504 1625 {3
530 1582 563 1614 ln
584 1582 777 1615 eontrarium
805 1582 993 1616 facientibus
1009 1591 1073 1615 non
1090 1581 1144 1615 ob-

404 1636 557 1669 stantibus
581 1636 842 1680 quibuscumque.

447 1689 559 1721 Datum
584 1690 712 1729 Romae,
736 1688 819 1732 apud
838 1689 867 1722 S.
892 1688 1023 1722 Mariam
1048 1689 1143 1722 Maio-

404 1753 481 1784 rem,
497 1742 554 1775 sub
579 1743 695 1775 annulo
720 1742 904 1783 Piscatoris,
925 1742 976 1775 die
998 1752 1052 1776 xvx
1076 1741 1143 1775 iulii

404 1805 560 1835 nnexxm,
584 1795 785 1839 pontificatus
809 1795 908 1829 nostri
932 1805 1014 1829 anno
1032 1805 1098 1828 vni.

439 1855 498 1883 Dat.
518 1856 562 1883 die
583 1857 615 1883 16
633 1856 693 1883 iulii
714 1856 791 1887 1631,
813 1856 906 1891 pontif.
927 1864 997 1884 anno
1015 1862 1072 1883 vui.

723 1981 821 2015 CDIX.

406 2062 616 2104 Confirmatio
640 2062 758 2095 decreti
783 2062 1047 2106 Conqreqatz'onis
1068 2064 1145 2099 Con-

448 2116 529 2156 eilz'i,
550 2126 612 2159 quo
630 2116 814 2149 declaratur
835 2117 1072 2150 clementinam
1088 2118 1145 2151 Du-

448 2168 522 2201 dum
548 2169 586 2201 de
610 2169 781 2213 sepulturis
805 2180 871 2202 non
895 2181 959 2203 esse
975 2171 1143 2205 observan-

449 2223 521 2256 dam
536 2250 544 2263 ,
585 2223 653 2255 nise?
694 2233 768 2255 eum
810 2224 943 2266 ipsemet
980 2225 1144 2269 episeopus

447 2276 630 2321 praediea&
652 2276 815 2319 parochus
840 2281 947 2310 antem
965 2278 1051 2311 inter
1070 2279 1145 2311 ntis-

448 2340 562 2363 sarmn
587 2330 747 2362 solemnia
778 2331 877 2363 eliam
907 2332 1017 2364 eadem
1039 2332 1141 2372 liora,

449 2394 514 2427 qastv
539 2384 767 2427 episeepusmet
792 2384 828 2415 ‘in
853 2384 1038 2417 cathedrali
1049 2396 1145 2429 prae-

450 2437 547 2477 dieat,
572 2447 664 2480 posse
688 2438 723 2470 in
747 2438 808 2470 sud
829 2438 987 2481 parochis!
1012 2438 1055 2472 ad
1077 2439 1146 2483 ple-

451 2490 515 2521 bem
541 2500 635 2523 suam
659 2500 837 2523 sermenem
863 2491 978 2524 hahere
993 2491 1011 2524 ¹.

443 2606 454 2630 1
478 2603 515 2631 Ex
535 2604 642 2639 Regest.
663 2605 690 2632 in
710 2605 813 2633 Secret.
835 2605 912 2634 Brev.

978 209 1158 235 BULLARIUM
1182 191 1337 235 ROMANUM

1385 258 1522 287 Urbanus
1533 260 1612 295 Papa
1621 262 1699 297 vm,

1315 305 1351 331 ad
1371 303 1504 331 futuram
1523 305 1567 332 rei
1586 306 1766 335 memoriam.

1217 364 1341 408 Nuper,
1366 375 1425 409 pro
1450 369 1539 409 parte
1562 366 1749 401 dilectorum
1772 368 1911 404 filiorum
1953 382 2111 411 Resertsuppti-

1927 410 2021 430 cationes
2044 412 2111 432 saetas

1926 442 2004 466 sacr-w>
2019 436 2112 463 Congre-

1928 466 2016 509 ga'tionis
2059 464 2112 485 tlon·

1928 495 1946 509 ct
1957 495 1978 510 u.

1174 418 1317 459 rectoris,
1330 428 1385 452 seu
1399 419 1516 460 vicarii,
1529 419 1808 464 portionariorum,
1827 423 1910 467 capi-

1174 471 1372 512 tuli,neenon
1385 473 1649 507 confraternitatis
1660 474 1851 518 parochialis
1864 487 1913 510 ec-

1175 524 1287 557 clesiae
1304 524 1333 557 S.
1355 525 1438 558 Petri
1462 526 1595 560 civitatis
1611 527 1800 570 Terulensis,
1820 529 1912 563 nobis

1174 578 1351 621 expositum
1374 578 1442 622 suit,
1467 579 1551 623 quod
1564 579 1913 616 aliasavenerabilibus

1174 630 1324 664 fratribus
1347 632 1464 664 nostris
1488 637 1612 666 sanctae
1635 633 1794 668 Romanae
1810 635 1914 669 Eccle-

1175 683 1238 716 siae
1263 683 1474 717 cardinalibus
1499 685 1579 718 saeri
1594 686 1724 720 Concilii
1740 687 1913 722 Tridentini

1174 736 1399 780 interpretibus
1422 737 1578 770 emanavit
1609 738 1769 773 decretum
1794 741 1913 775 tenoris

1174 790 1405 833 subsequentis,
1430 790 1590 825 videlicet:

1218 842 1463 875 Eminentissimi
1478 848 1508 876 et
1521 843 1774 878 reverendissimi
1784 845 1914 880 domini.

1175 894 1299 935 Hector,
1311 905 1366 928 seu
1375 895 1520 936 vicarius,
1529 896 1726 940 portionarii,
1734 898 1914 942 capitulum,

1174 957 1297 981 necnon
1308 948 1549 982 confraternitas
1561 950 1752 993 parochialis
1764 951 1916 985 ecelesiae

1175 1000 1204 1033 S.
1227 1001 1309 1035 Petri
1333 1001 1465 1034 civitatis
1488 1003 1667 1036 Terulensis
1689 1003 1779 1047 regni
1799 1005 1916 1048 Arago-

1174 1063 1260 1096 num,
1289 1059 1437 1097 porrecto
1465 1055 1597 1099 supplici
1621 1055 1744 1098 libello,
1771 1057 1914 1091 obtinue-

1175 1111 1249 1139 runt
1261 1108 1378 1140 asacra
1397 1107 1517 1141 rituum
1537 1110 1782 1152 eongregafione
1793 1110 1915 1144 litteras

1175 1159 1309 1192 directas
1333 1160 1462 1194 domino
1487 1161 1637 1206 episeopo
1667 1162 1851 1204 Terulensi‚
1882 1168 1916 1197 ut

1176 1211 1285 1245 diebus
1309 1212 1476 1247 dominicis
1494 1219 1523 1247 et
1539 1214 1757 1249 festivitatibus
1773 1216 1811 1249 de
1828 1226 1916 1260 prae-

1176 1268 1267 1307 cepto
1290 1266 1489 1308 permitteret
1512 1267 1689 1310 praedicari
1709 1268 1841 1302 verbum
1860 1269 1915 1302 Dei

1176 1317 1207 1349 in
1231 1317 1342 1350 eadem
1372 1319 1543 1362 parochia,
1573 1320 1666 1353 etiam
1696 1321 1781 1364 quod
1804 1322 1916 1356 iisdem

1176 1370 1286 1404 diebus
1311 1376 1393 1405 esset
1416 1372 1448 1405 in
1473 1373 1915 1419 cathedralipraedicandum,

1176 1427 1294 1458 attento
1328 1425 1413 1468 quod
1440 1425 1471 1458 id
1498 1426 1690 1461 redundaret
1719 1428 1751 1461 in
1780 1429 1914 1472 gloriam

1175 1477 1230 1510 Dei
1255 1480 1285 1511 et
1307 1477 1474 1511 utilitatem
1499 1479 1676 1513 animarum
1700 1480 1801 1514 dictae
1826 1491 1917 1526 paro-

1176 1530 1275 1571 chiae,
1289 1535 1323 1563 ut
1335 1535 1421 1574 patet
1437 1541 1474 1565 ex
1493 1532 1604 1566 litteris
1621 1533 1679 1567 sub
1693 1533 1800 1568 datum
1813 1544 1917 1569 xxv111

1176 1583 1299 1627 augusti
1319 1590 1494 1618 uncxxvm.

1220 1636 1267 1679 Et,
1292 1647 1365 1670 eum
1389 1647 1451 1670 una
1474 1648 1511 1671 ex
1534 1639 1813 1683 principalioribus
1831 1640 1916 1674 festi-

1176 1691 1323 1725 vitatibus
1339 1691 1371 1724 in
1384 1691 1468 1725 dieta
1487 1693 1637 1737 parochia
1650 1693 1749 1728 solitis
1763 1694 1916 1728 celebrari

1178 1748 1260 1777 esset
1282 1743 1431 1778 festivitas
1454 1744 1552 1778 sancti
1576 1745 1680 1787 Blasii,
1697 1746 1785 1780 cuius
1803 1756 1917 1791 magna

1178 1801 1225 1829 est
1240 1797 1349 1841 populi
1367 1797 1491 1832 devotio
1516 1801 1546 1832 et
1568 1798 1710 1832 fidelium
1734 1809 1916 1843 coneursuS,

1177 1854 1233 1883 ae·
1257 1850 1311 1883 illa
1339 1850 1390 1884 die
1418 1855 1449 1884 et
1471 1862 1530 1896 pro
1559 1852 1613 1885 illa
1641 1856 1723 1886 esset
1745 1852 1917 1889 destinatus

1177 1903 1376 1947 praedicator
1399 1908 1489 1948 pater
1504 1904 1697 1948 guardianus
1710 1907 1807 1940 saneti
1824 1907 1918 1940 Fran-

1178 1955 1253 1989 cisei
1278 1955 1379 1990 dictae
1403 1956 1546 1998 civitatis,
1570 1957 1746 2002 episcopus,
1771 1960 1914 2003 aegrefe-

1178 2019 1250 2042 rens
1269 2010 1406 2043 suturam
1420 2010 1688 2054 praedicationem
1703 2011 1756 2044 illa
1769 2011 1830 2053 die,
1843 2023 1916 2046 cum

1178 2073 1241 2096 non
1259 2069 1366 2107 posset
1389 2064 1507 2098 directe
1527 2065 1746 2098 contravenire
1763 2065 1917 2100 mandatis

1179 2127 1285 2150 sacrae
1302 2116 1566 2161 congregationis,
1584 2121 1615 2150 et
1635 2118 1742 2151 verbi²
1757 2118 1812 2152 Dei
1827 2130 1918 2163 prae-

1178 2169 1366 2203 dicationem
1397 2170 1463 2203 sine
1494 2169 1649 2204 dedecore
1680 2171 1836 2216 impedire
1859 2184 1918 2218 per

1178 2223 1366 2261 indirectum
1377 2224 1563 2257 intentatum
1573 2224 1695 2268 assequi
1702 2226 1918 2269 praetendens,

1178 2277 1336 2310 revocavit
1351 2277 1507 2311 licentiam
1518 2277 1720 2321 praedicandi
1734 2279 1816 2314 dicto
1828 2289 1919 2323 guar-

1179 2331 1292 2371 diano,
1323 2335 1419 2374 prout
1443 2331 1495 2364 ille
1521 2331 1684 2375 respondit
1715 2332 1790 2366 dum
1814 2332 1918 2367 denuo

1179 2383 1365 2416 invitaretur
1388 2383 1427 2416 ad
1450 2384 1706 2428 praedicandum.

1224 2436 1336 2471 Habita
1360 2437 1471 2470 notitia
1492 2437 1530 2470 de
1545 2438 1739 2482 praemissis,
1755 2449 1814 2484 pro
1829 2442 1918 2484 parte

1179 2494 1341 2523 oratorum
1358 2490 1552 2525 suithabitus
1568 2502 1716 2526 recursus
1739 2492 1778 2526 ad
1802 2493 1920 2537 episco-

1218 2563 1228 2587 1
1249 2561 1391 2589 Coniunet.
1408 2571 1441 2589 ae
1456 2570 1505 2589 nos
1519 2563 1643 2590 addimus
1657 2564 1696 2598 (n.
1712 2563 1761 2598 Τ.).

1214 2606 1230 2633 ⁶2
1244 2606 1310 2634 Male
1326 2606 1390 2634 edit.
1407 2606 1487 2635 Main.
1502 2607 1567 2644 legit
1581 2607 1698 2636 verbum
1711 2607 1750 2642 (n.
1762 2607 1812 2642 τ.).

1924 216 1973 244 An.
1993 217 2024 245 C.
2041 217 2106 247 1631
