2248 3229
267 243 319 271 An.
339 244 367 272 c.
383 244 454 273 1634
499 236 564 270 4402.

283 1616 286 1618 v
301 1588 411 1609 Decretum
427 1588 453 1609 it·-

272 1618 342 1636 tt'uus.

345 2177 458 2202 [terr-gatto

276 2207 436 2225 contrariorum.

465 303 526 337 que
553 283 788 336 praedictorum
820 291 858 324 ad
890 290 1034 325 effectum
1065 290 1207 335 supradi-

466 351 549 379 ctum
567 344 816 387 designationem
832 343 1022 386 huiusmodi,
1042 344 1079 377 ab
1097 344 1206 378 eodem

464 399 574 432 Martio
599 398 755 432 cardinale
788 399 927 432 eiusdem
957 398 1073 432 decreti
1098 398 1206 441 vigore

465 455 585 493 tactam,
603 453 792 496 apostolicae
811 458 937 487 nostrae
959 452 1207 487 confirmationis

464 506 581 540 robore
598 507 789 541 communiri
814 518 1013 552 summopere
1034 507 1205 540 desideret:

464 570 530 601 nos,
541 560 687 594 eumdem
700 566 941 605 procuratorem
956 561 1136 604 generalem
1149 560 1207 605 spi-

464 613 628 648 ritualibus
660 615 819 649 savoribus
852 621 882 649 et
911 615 1023 659 gratiis
1058 615 1205 659 prosequi

465 667 612 709 volentes,
630 673 660 701 et
683 679 701 701 a
726 669 888 712 quibusvis
913 667 1207 702 excommunicatio-

463 721 522 761 nis,
547 722 760 766 suspensionis
777 727 807 755 et
827 722 994 765 interdicti,
1012 721 1143 765 aliisque
1161 732 1207 754 ec-

464 773 644 808 clesiasticis
670 776 841 816 sententiis,
868 774 1008 809 censuris
1033 779 1063 807 et
1087 774 1206 818 poenis,

464 838 482 860 a
505 827 574 862 iure
598 828 645 862 vet
670 828 708 861 ab
734 829 883 869 homine,
909 828 1018 872 quavis
1043 827 1207 861 occasione

465 881 512 913 vel
538 882 629 914 causa
662 881 752 923 latis,
778 882 803 915 si
828 881 942 926 quibus
971 880 1207 925 quomodolibet

466 934 632 968 innodatus
649 935 760 979 existit,
774 935 813 969 ad
831 935 977 969 effectum
995 935 1207 979 praesentium

466 988 626 1022 dumtaxat
644 988 910 1033 consequendum,
928 988 1043 1022 harum
1061 988 1141 1022 serie
1157 988 1208 1020 ab·

466 1043 621 1076 solventes
634 1047 664 1076 et
677 1043 856 1077 absolutum
870 1043 936 1076 sore
951 1047 1122 1084 censentes,
1140 1052 1209 1085 sup-

465 1096 686 1140 plicationibus
719 1096 802 1130 illius
833 1096 962 1129 nomine
992 1095 1082 1129 nobis
1114 1106 1209 1138 super

466 1150 527 1183 hoc
540 1149 702 1183 humiliter
715 1150 869 1194 porrectis
884 1149 1031 1190 inclinati,
1047 1149 1208 1181 decretum

467 1202 663 1246 praedictum
693 1208 722 1236 et
755 1203 839 1236 illius
867 1203 975 1246 vigore
1000 1202 1112 1235 factam
1138 1211 1209 1235 con-

467 1261 615 1290 ventuum
640 1257 821 1290 huiusmodi
847 1256 1094 1300 designationem
1119 1265 1209 1299 prae-

467 1309 620 1351 inserta¹,
652 1310 824 1355 apostolica
857 1310 1063 1351 auctoritate,
1099 1314 1209 1343 tenore

467 1363 700 1408 praesentium,
733 1363 945 1408 approbamus
980 1368 1010 1396 et
1041 1363 1210 1396 confirma-

468 1427 547 1459 mus,
562 1428 597 1451 ac
613 1427 722 1452 omnes
740 1422 769 1451 et
786 1418 927 1461 singulos
940 1422 1004 1450 tam
1022 1416 1098 1450 iuris
1116 1426 1209 1460 quam

468 1471 540 1505 sacti
564 1472 722 1515 desectus,
749 1472 774 1505 si
798 1472 852 1516 qui
877 1471 1012 1516 desuper
1036 1471 1211 1504 intervenc-

468 1525 547 1567 rint,
572 1526 766 1570 supplemus.

514 1579 529 1623 ἓ
552 1579 580 1613 6.
606 1579 814 1613 Decernentes
841 1580 891 1612 illa
916 1588 1039 1612 necnon
1066 1588 1212 1622 praesen-

470 1637 514 1667 tes
539 1633 658 1666 litteras
683 1633 794 1674 valida,
819 1633 912 1666 firma
937 1638 966 1665 et
990 1631 1126 1665 efficacia
1152 1631 1208 1664 exi-

469 1690 551 1719 stere
576 1690 606 1719 et
630 1686 718 1727 sore,
743 1697 778 1720 ac
803 1686 842 1720 ab
867 1685 1036 1726 omnibus,
1062 1685 1100 1718 ad
1132 1695 1210 1728 quos

470 1744 589 1784 spectat
613 1745 643 1772 et
666 1750 726 1784 pro
751 1744 893 1783 tempore
919 1738 1086 1783 spectabit,
1113 1738 1211 1771 invio-

468 1793 605 1827 labiliter
630 1792 806 1833 observari,
833 1793 938 1836 sicque
963 1803 1021 1836 per
1045 1802 1210 1836 quoscum—

469 1857 530 1891 que
550 1846 668 1880 iudices
685 1846 864 1881 ordinarios
885 1850 915 1880 et
930 1846 1099 1889 delegatos,
1117 1846 1210 1878 etiam

470 1911 637 1935 causarum
663 1900 769 1944 palatii
794 1899 957 1945 apostolici
978 1899 1146 1940 auditores,
1165 1899 1211 1931 iu-

471 1955 568 1988 dicari
603 1959 632 1987 ct
663 1953 787 1987 definiri
812 1953 949 1994 debere,
974 1963 1009 1986 ac
1033 1953 1156 1988 irritum
1183 1959 1212 1986 et

471 2009 572 2050 inane,
591 2008 614 2041 si
633 2018 721 2041 secus
739 2018 835 2052 super
851 2007 899 2040 his
920 2017 937 2039 a
954 2016 1123 2051 quoquam,
1141 2016 1212 2051 qua-

472 2062 517 2095 vis
541 2061 743 2103 auctoritate,
769 2062 903 2094 scienter
933 2061 979 2094 vel
1012 2061 1210 2104 ignoranter,

473 2115 639 2160 contigerit
664 2116 818 2149 attentari.

519 2171 533 2214 g
559 2170 586 2202 7.
613 2170 680 2203 Non
712 2169 907 2204 obstantibus
939 2168 1213 2202 constitutionibus

474 2230 504 2257 et
516 2223 766 2258 ordinationibus
780 2223 969 2268 apostolicis,
985 2233 1020 2255 ac
1034 2222 1211 2265 domorum,

474 2288 529 2311 seu
553 2281 780 2317 conventuum,
805 2282 835 2309 ct
859 2275 983 2310 Ordinis
1011 2276 1210 2318 huiusmodi,

474 2331 567 2365 etiam
596 2331 793 2371 iuramento,
822 2330 1060 2364 confirmatione
1087 2335 1212 2374 aposto-

474 2385 551 2427 lica,
577 2385 624 2418 vel
648 2384 709 2417 alia
734 2385 842 2428 quavis
867 2384 1013 2417 firmitate
1038 2383 1211 2425 roboratis,

475 2438 598 2471 statutis
633 2443 663 2471 et
699 2437 999 2480 consuetudinibus,
1038 2437 1212 2481 ceterisque

475 2491 640 2525 contrariis
665 2492 925 2537 quibuscumque.

514 2573 524 2597 1
543 2572 638 2599 Posset
652 2572 705 2607 legi
716 2573 943 2606 praeinserlam3
957 2576 983 2599 at
998 2572 1067 2599 liene
1082 2572 1163 2599 etiam
1179 2572 1214 2599 te-

1043 241 1222 268 BULLARIUM
1247 241 1401 269 ROMANUM

1983 244 2035 272 An.
2055 244 2085 272 G.
2102 244 2170 272 1534

1282 291 1394 324 Datum
1418 291 1545 335 Romae,
1569 293 1650 336 apud
1673 294 1703 327 S.
1727 293 1856 327 Mariam
1880 293 1974 328 Maio-

1239 355 1305 378 rem
1321 373 1328 387 ,
1357 345 1415 378 sub
1444 345 1558 379 annulo
1576 346 1759 387 piscatoris,
1785 347 1835 380 die
1854 357 1898 382 x11
1925 358 1975 380 au-

1239 398 1322 442 gusti
1332 408 1503 440 uncxxxlv,
1514 398 1713 443 pontificatus
1722 401 1821 434 nostri
1829 410 1911 436 anno
1920 411 1973 435 xu.

1276 461 1333 489 Dat.
1351 461 1394 490 die
1413 462 1445 489 12
1459 462 1565 498 augusti
1582 461 1659 496 1634,
1681 462 1776 497 pontif.
1793 470 1861 491 anno
1875 470 1921 491 ΧΠ.

1537 600 1682 635 CDXCHI.

1240 682 1425 715 Dcclnratio
1443 683 1529 715 circa
1550 681 1790 725 praecedentias
1810 682 1894 715 inter
1912 683 1976 724 fra-

1286 740 1347 768 tres
1379 736 1484 768 sancti
1507 735 1677 769 Frcmcisci
1706 735 1744 769 cle
1769 735 1979 770 observantia

1285 789 1485 831 Reformatos
1496 788 1514 821 ¹.

1444 869 1580 897 Urbanus
1600 869 1680 904 Papa
1698 869 1776 903 VIII,

1365 914 1400 941 ad
1420 916 1598 948 perpetuam
1617 913 1661 941 rei
1680 914 1859 942 memoriam.

1286 987 1368 1020 Inter
1397 986 1598 1030 gravissimas
1627 984 1882 1030 multiplicesque
1909 996 1979 1030 apo·
2022 1000 2142 1023 Exordium.

1242 1041 1369 1075 stolicae
1395 1039 1553 1074 servitutis
1573 1050 1674 1081 curas,
1692 1040 1723 1073 in
1741 1050 1809 1073 eam
1829 1040 1981 1084 peculiari

1242 1094 1450 1128 sollicitudine
1468 1093 1689 1137 incumbimus,
1707 1097 1741 1128 ut
1756 1092 1896 1136 religiosi
1911 1092 1981 1133 viri,

1241 1148 1306 1191 qui,
1324 1147 1412 1181 obliti
1432 1147 1585 1192 populum
1612 1157 1703 1180 suum
1727 1151 1758 1179 et
1781 1146 1910 1179 domum
1932 1155 1982 1190 pa-

1243 1202 1297 1235 tris
1321 1200 1379 1242 sui,
1398 1200 1494 1233 divini
1511 1199 1649 1233 numinis
1669 1199 1827 1243 obsequiis
1846 1210 1878 1232 se
1899 1209 1982 1232 man-

1242 1255 1396 1298 ciparunt,
1416 1258 1487 1287 vota
1508 1263 1563 1286 sua
1587 1252 1717 1286 reddant
1738 1251 1870 1286 Domino
1886 1252 1982 1285 abun-

1242 1307 1352 1341 danter
1376 1307 1406 1340 in
1432 1307 1545 1351 spiritu
1564 1306 1748 1340 humilitatis
1768 1316 1803 1340 ac
1820 1305 1981 1340 sanctitate

1243 1366 1272 1395 et
1296 1361 1414 1395 iustitia
1439 1371 1546 1394 coram
1568 1361 1645 1404 ipso.

1287 1416 1302 1460 g
1318 1416 1346 1449 ¹l.
1365 1415 1443 1449 Hinc
1460 1420 1506 1448 est
1519 1414 1604 1459 quod
1620 1424 1686 1457 nOS,
1701 1413 1782 1448 felici
1795 1414 1981 1449 dilectorum
1997 1427 2111 1457 Dispositio
2119 1433 2180 1454 prae-

1243 1469 1380 1502 filiorum
1406 1469 1540 1502 fratrum
1558 1467 1682 1502 Ordinis
1706 1468 1803 1502 sancti
1823 1468 1982 1503 Francisci
1996 1455 2147 1476 ⁰⁰⁰⁹⁰⁸¹³¹⁰m

1244 1523 1282 1556 de
1296 1521 1501 1556 Observantia
1519 1522 1773 1556 Reformatorum
1790 1527 1983 1567 nuncupato-

1244 1588 1316 1610 rum
1332 1577 1435 1620 statui,
1454 1582 1606 1621 quantum
1633 1587 1704 1611 cum
1729 1577 1861 1611 Domino
1877 1587 1982 1621 possu-

1245 1641 1324 1672 mus,
1338 1631 1502 1664 consulere
1522 1631 1673 1673 volentes,
1692 1635 1778 1663 motu
1794 1630 1936 1674 proprio,
1953 1636 1980 1663 ct

1245 1695 1281 1717 ex
1299 1689 1383 1718 certa
1401 1684 1530 1718 scientia
1552 1684 1668 1727 nostra,
1684 1683 1796 1717 harum
1821 1683 1903 1718 serie
1927 1689 1983 1718 sta-

1245 1738 1371 1778 tuimus,
1389 1742 1481 1782 atque
1501 1737 1710 1781 praecipimus
1735 1741 1764 1771 et
1789 1737 1982 1778 mandamus,

1244 1790 1328 1835 quod
1353 1791 1390 1823 de
1416 1796 1521 1824 cetero
1546 1791 1627 1824 inter
1651 1791 1777 1824 eosdem
1801 1791 1913 1824 fratres
1933 1792 1984 1824 Mi-

1244 1855 1337 1877 nores
1357 1844 1454 1878 sancti
1475 1844 1635 1877 Francisci
1654 1843 1694 1877 de
1710 1843 1912 1877 Observantia
1929 1845 1984 1879 Re-

1245 1898 1394 1932 formatos
1430 1902 1626 1942 nuncupatos
1662 1897 1739 1930 nulli
1775 1898 1901 1931 illorum
1936 1899 1984 1932 ius

1244 1951 1452 1996 praecedendi
1484 1951 1548 1985 sive
1578 1950 1788 1985 honoratioris
1817 1951 1878 1985 loci
1902 1962 1984 1986 com-

1244 2010 1338 2049 petat,
1362 2004 1422 2038 nisi
1447 2004 1601 2046 ministro,
1622 2004 1849 2046 commissario,
1866 2005 1982 2040 vicario

1246 2065 1275 2092 et
1292 2058 1491 2103 procuratori
1511 2058 1720 2101 generalibus,
1742 2058 1894 2092 ministris
1913 2070 1984 2104 pro-

1246 2112 1440 2154 vincialibus,
1465 2111 1689 2146 commissariis
1713 2117 1743 2145 et
1767 2111 1891 2146 vicariis
1915 2123 1983 2157 pro-

1247 2167 1440 2209 vincialibus,
1458 2166 1483 2200 si
1504 2166 1620 2200 fuerint
1643 2177 1680 2200 ex
1704 2167 1908 2209 Reformatis,
1934 2179 1984 2203 cu-

1246 2221 1387 2256 stodibus
1407 2221 1678 2267 reformationum,
1695 2221 1927 2263 commissariis,
1944 2222 1984 2255 vi-

1246 2274 1436 2315 sitatoribus,
1450 2274 1640 2318 guardianis,
1658 2275 1916 2319 praesidentibus,
1929 2286 1983 2310 seu

1245 2328 1457 2362 commissaris
1482 2334 1509 2361 ct
1536 2328 1659 2362 vicariis
1683 2328 1848 2363 localibus:
1866 2330 1919 2374 qui
1939 2334 1983 2364 ta-

1245 2394 1328 2424 men,
1353 2383 1483 2428 expletis
1503 2393 1612 2416 eorum
1634 2383 1754 2424 officiis,
1770 2383 1808 2416 ad
1827 2383 1932 2418 locum
1952 2389 1983 2417 et

1245 2436 1497 2481 praecedentiam
1522 2436 1646 2469 Ordinis
1671 2436 1833 2478 redibunt,
1857 2441 1919 2469 tarn
1944 2436 1981 2479 ii,

1247 2491 1299 2534 qui
1320 2490 1380 2524 iam
1400 2490 1541 2524 habitum
1558 2501 1616 2534 per
1635 2490 1734 2524 dictos
1751 2490 1861 2525 fratres
1878 2490 1982 2525 Refor-

1284 2574 1294 2597 rt
1313 2571 1349 2598 De
1366 2571 1406 2597 liis
1422 2570 1550 2598 fratribus
1565 2570 1624 2597 vide
1638 2570 1742 2606 signata
1752 2570 1785 2597 ad
1800 2570 1889 2598 Const.
1902 2577 1982 2598 Cthu

477 2615 549 2651 gitur
566 2616 762 2651 praduserta,
785 2624 847 2644 nam
871 2616 1032 2645 adiectivum
1055 2616 1137 2645 aflicit
1157 2620 1213 2644 tum
1250 2617 1297 2650 stt.
1311 2615 1370 2650 150,
1383 2623 1444 2642 nam
1455 2623 1568 2643 erronee
1580 2615 1644 2643 edit.
1656 2614 1733 2642 Main.
1747 2614 1810 2643 citat
1824 2615 1914 2644 Const..
1929 2616 1982 2651 th)

480 2660 622 2691 decretum
639 2664 696 2690 tum
710 2661 937 2697 desiqrzationem
950 2665 987 2698 (n.
1004 2663 1050 2698 T.).

1248 2661 1479 2697 Sacrosanceum,
1496 2665 1560 2691 tom.
1578 2666 1634 2696 xm,
1650 2667 1712 2696 pag.
1729 2659 1789 2688 373.
