2226 3235
74 251 124 278 An.
144 248 173 276 C.
191 248 259 276 ¹529

106 575 214 596 Clausulas
226 575 262 594 ad-

79 602 110 623 dit
125 605 261 628 opportunas.

890 247 1032 271 rnBANUs
1053 246 1109 270 vm
1129 247 1177 270 PP.

274 295 389 329 minori
403 305 495 339 quam
510 295 718 339 quadraginta
731 301 892 328 scutorum
911 295 1016 327 liuius-

275 349 359 384 modi
375 359 515 382 summae
531 349 772 392 acquieverint¹,
790 349 907 392 aliquid
921 348 1016 389 aliud,

275 403 374 447 ipsius
393 402 550 435 Francisci
568 402 735 435 cardinalis
752 408 781 435 et
798 413 857 446 pro
874 408 1016 446 tempore

277 456 437 489 existentis
457 456 716 489 commendatarii
742 456 889 496 arbitrio,
909 465 1018 489 conee-

277 509 351 542 dere
376 510 510 553 possint,
532 510 676 542 volumus
700 514 729 544 et
753 510 958 543 declaramus.

322 561 336 603 ξ
361 561 412 593 18.
437 561 647 593 Decernentes
678 559 803 593 casdem
837 565 1018 604 praesentes

279 624 406 657 semper
430 619 459 646 et
492 620 644 657 perpetuo
678 614 794 646 validas
818 619 846 646 et
880 613 1020 646 efficaces

281 668 347 700 fore
372 672 402 698 et
426 677 510 707 esse,
536 667 566 699 in
592 667 739 700 omnibus
763 673 792 700 et
817 677 873 710 per
897 666 1018 707 omnia,

281 720 411 763 perinde
442 731 478 753 ac
508 721 532 753 si
558 721 732 764 praemissa
768 716 800 753 i1'1
834 719 1020 753 consistorio

281 779 389 807 nostro
419 779 541 807 secreto
565 774 603 807 de
628 774 853 807 venerabilium
887 773 1020 806 fratrum

281 831 462 863 nostrorum
477 832 602 861 sanetae
616 828 773 861 Romanae
784 827 940 860 Ecclesiae
956 837 1021 859 car-

281 879 430 913 dinalium
457 881 588 914 consilio
613 887 642 914 et
666 891 795 913 assensu
815 883 1020 917 emanassent,

282 944 317 966 ae
341 935 427 967 nullo
451 945 601 978 umquam
627 940 778 978 tempore,
804 934 896 967 etiam
922 944 958 967 ex
985 944 1022 967 eo

282 987 366 1030 quod
392 998 523 1029 causae,
550 994 681 1032 propter
712 998 790 1032 quas
814 994 1022 1029 emanarunt,

283 1052 389 1074 coram
414 1041 587 1075 Ordinariis
622 1043 786 1078 locorum,
818 1041 911 1073 etiam
943 1046 1024 1073 tam-

283 1105 377 1137 quam
406 1105 424 1127 a
447 1095 525 1128 Sede
558 1095 739 1138 Apostolica
775 1094 946 1137 delegatis,
972 1100 1025 1127 aut

284 1147 374 1189 alibi,
401 1148 613 1188 examinatae,
639 1147 841 1189 verificatae,
867 1147 1021 1180 iustifica-

266 1206 333 1233 -tae
353 1206 382 1233 et
407 1201 608 1244 approbatae,
627 1211 663 1234 ac
685 1201 869 1244 praesidens
886 1206 917 1233 et
933 1211 1026 1244 supe-

285 1253 385 1287 riores
408 1255 564 1298 praefatae
589 1255 843 1298 congregationis
867 1255 1026 1287 Cassinen-

285 1307 337 1347 sis,
363 1307 427 1339 sive
450 1307 545 1340 iidem
570 1308 736 1349 monachi,
761 1308 809 1340 vel
835 1308 1026 1352 quicumque

285 1361 337 1393 alii
380 1361 412 1393 in
447 1361 629 1404 praemissis
666 1361 906 1404 quomodolibet
940 1361 1027 1394 inte·-

286 1424 372 1447 resse
389 1414 549 1455 habentes,
567 1425 621 1447 seu
638 1415 753 1448 habere
775 1415 1026 1459 praetendentes,

287 1467 325 1499 ad
350 1467 380 1500 id
405 1469 505 1501 vocati
535 1474 565 1501 et
595 1469 691 1501 auditi
716 1479 778 1502 non
802 1469 939 1510 fuerint,
971 1479 1027 1502 nec

288 1520 405 1554 eisdem
430 1522 612 1565 praemissis
646 1523 882 1563 consenserint,
912 1534 967 1556 seu
991 1534 1027 1556 ex

288 1575 398 1617 quovis
419 1575 480 1608 alio
504 1575 597 1607 etiam
622 1576 861 1608 enormissimae
883 1577 1029 1610 laesionis

287 1633 460 1671 praetextu,
477 1628 524 1660 vel
541 1638 740 1672 quacumque
764 1629 825 1661 alia
842 1630 983 1672 legitima
1000 1636 1030 1663 et

288 1681 422 1713 juridica
447 1683 541 1714 causa
565 1682 616 1714 hic
641 1692 704 1715 non
729 1685 891 1726 expressa,
921 1689 974 1717 aut
998 1684 1029 1716 in

289 1744 423 1777 corpore
448 1734 525 1767 iuris
552 1735 668 1775 clausa,
686 1736 779 1768 etiam
800 1737 979 1771 necessario
1000 1743 1031 1770 et

290 1787 328 1820 de
352 1785 777 1832 necessitate-exprimenda,
795 1789 833 1823 de
857 1790 1031 1834 subreptio-

290 1840 339 1873 nis
373 1841 420 1873 vel
452 1842 645 1885 obreptionis
676 1853 729 1876 seu
757 1844 909 1877 nullitatis
933 1845 1029 1887 vitio,

291 1899 345 1926 aut
378 1894 559 1928 intentionis
595 1895 642 1928 vel
674 1896 737 1929 alio'
771 1897 881 1940 quovis
910 1897 1031 1931 defectu

291 1949 410 1988 notari,
435 1949 632 1992 impugnari,
660 1949 839 1991 invalidari,
865 1953 1031 1993 annullari,

293 2000 466 2041 retraetari,
484 2000 516 2032 in
535 2000 583 2033 ius
607 2001 655 2033 vel
675 2003 921 2036 controversiam
946 2014 1034 2036 revo-

294 2052 370 2093 cari,
389 2052 427 2084 ad
451 2052 604 2086 terminos
621 2053 698 2086 iuris
715 2054 834 2098 reduci,
851 2066 907 2088 seu
927 2056 1035 2089 adver-

295 2115 347 2138 sus
371 2116 422 2139 eas
446 2106 668 2150 quodcumque
699 2107 797 2150 iuris,
826 2109 961 2151 gratiae,
986 2110 1033 2142 vel

296 2159 366 2193 sacti
380 2160 553 2193 remedium
569 2161 742 2205 impetrari⁷
760 2168 813 2194 aut
826 2168 923 2202 motu,
938 2163 1036 2196 scien-

297 2213 338 2246 tia
356 2218 385 2247 et
400 2215 562 2257 potestatis
581 2215 776 2258 plenitudine
792 2216 947 2249 similibus
964 2224 1040 2250 con-v

297 2266 365 2299 cedi
384 2277 486 2310 posse,
502 2268 682 2311 nequesub
706 2269 868 2312 quibusvis
885 2270 1036 2302 similium

298 2321 345 2354 vel
363 2320 564 2354 dissimilium
581 2322 755 2364 gratiarum
772 2324 1037 2366 revovationibus,

240 2404 248 2411 ,
297 2374 566 2418 suspensionibus,
590 2376 844 2418 limitationibus,
871 2378 1036 2412 modifica-

299 2427 446 2467 tionibus,
464 2427 731 2472 derogationibus,
750 2436 803 2463 aut
826 2431 895 2464 aliis
915 2437 1039 2465 contra-

299 2481 354 2513 riis
385 2481 665 2525 dispositionibus,
697 2483 791 2516 etiam
828 2495 886 2528 per
921 2495 978 2518 nos
1011 2490 1041 2518 et

299 2545 517 2579 quoscumque
542 2537 698 2570 Romanos
723 2537 889 2571 Pontifices
918 2549 1041 2572 succes-

299 2599 388 2623 sores
411 2596 537 2623 nostros
560 2601 619 2634 pro
644 2597 787 2635 tempore
810 2591 991 2636 existentes,
1013 2596 1043 2627 et

337 2654 349 2680 t
367 2651 434 2680 Male
449 2652 512 2681 edit.
529 2653 613 2681 Maia.
629 2653 713 2682 habet
726 2653 903 2690 acquieverit
917 2654 957 2690 (a.
977 2654 1025 2690 au).

1713 232 1754 265 93

1050 294 1159 327 Sedent
1187 292 1368 337 praefatam,
1387 291 1479 324 etiam
1500 291 1531 323 in
1549 290 1718 323 crastinum
1739 301 1788 322 as-

1050 347 1237 391 sumptionis
1269 346 1436 380 cuiuslibet
1469 355 1579 379 eorum
1611 344 1649 376 ad
1674 343 1788 376 summi

1050 401 1242 444 apostolatus
1266 400 1399 444 apicem,
1420 399 1466 431 vel
1492 399 1576 440 alias,
1597 398 1690 430 etiam
1716 407 1789 429 eon-

1048 454 1271 494 sistorialiter,
1295 459 1325 486 et
1349 453 1386 485 de
1411 452 1551 485 eiusdem
1581 456 1704 483 sanctae
1733 450 1791 483 Ro-

1052 516 1161 538 manae
1175 507 1332 539 Ecclesiae
1353 505 1556 539 cardinalium
1575 515 1634 548 pro
1650 509 1791 546 tempore

1052 561 1251 593 existentium
1277 560 1407 593 consilio
1433 565 1462 592 et
1485 569 1623 598 assensu,
1648 558 1706 590 sul>
1724 557 1792 600 qui·

1052 613 1249 656 buscumque
1275 613 1435 646 tenoribus
1460 618 1490 645 et
1515 611 1676 651 terminis,
1698 615 1728 642 et.
1755 621 1790 642 cx

1053 667 1305 709 quibuscumque
1322 665 1433 705 causis,
1448 676 1506 708 pro
1525 669 1667 708 tempore
1684 663 1794 696 sacien-

1054 720 1111 760 dis,
1130 721 1222 753 etiam
1248 721 1272 753 si
1299 720 1328 752 in
1354 720 1492 763 desuper
1517 718 1719 752 conficiendis
1749 718 1793 749 lit-

1055 773 1129 806 teris
1154 773 1191 806 de
1216 778 1280 806 toto
1305 783 1413 805 earum
1440 779 1547 805 tenore.
1575 783 1611 804 ae
1635 771 1704 803 data
1729 781 1795 815 spe-

1056 827 1155 868 cialis,
1181 827 1326 870 specifica
1351 831 1380 859 et
1406 836 1554 870 expressa
1578 836 1612 857 ae
1637 825 1674 857 de
1699 825 1795 857 ve‘rbo

1055 880 1093 914 ad
1113 880 1244 913 verbum
1262 880 1380 913 mentio
1400 880 1463 919 siat,
1481 879 1717 924 comprehendi,
1742 879 1796 911 sed

1057 944 1181 978 semper
1206 934 1244 966 ab
1270 934 1330 966 illis
1356 933 1480 977 excipi,
1504 938 1551 974 et,
1577 933 1699 976 quoties
1727 933 1796 964 illae

1057 988 1258 1027 emanabant,
1276 987 1368 1020 toties
1388 987 1420 1020 in
1442 986 1608 1030 pristinum
1630 992 1660 1019 et
1678 985 1798 1018 validis-

1058 1041 1194 1081 simum,
1219 1050 1255 1074 ae
1279 1051 1351 1073 eum
1377 1040 1408 1072 in
1433 1050 1495 1083 quo
1520 1044 1687 1082 antequam
1712 1049 1797 1071 ema-

1058 1099 1183 1127 nassent
1199 1093 1437 1137 quomodolibet
1461 1097 1550 1126 erant
1573 1098 1688 1125 statum
1712 1092 1800 1124 resti-

1059 1152 1151 1187 tutas,
1176 1147 1331 1190 repositas
1355 1151 1384 1180 et
1408 1146 1549 1190 plenarie
1574 1145 1799 1187 reintegratas,

1059 1211 1095 1234 ae
1111 1201 1205 1233 etiam
1226 1201 1264 1234 de
1288 1211 1370 1234 novo
1396 1201 1452 1233 sub
1477 1210 1676 1244 quacumque
1700 1204 1801 1242 poste-

1060 1255 1138 1288 riori
1162 1255 1233 1288 data
1257 1265 1314 1298 per
1338 1264 1554 1298 quoscumque
1580 1254 1611 1286 in
1636 1253 1696 1286 hoc
1720 1253 1800 1285 inte-

1061 1318 1145 1341 resse
1170 1308 1321 1341 habentes
1345 1307 1488 1350 eligenda
1514 1317 1688 1347 concessas,
1713 1316 1798 1338 sem-

1061 1372 1117 1405 per
1141 1361 1257 1394 validas
1282 1366 1312 1394 et
1337 1361 1478 1394 efficaces
1495 1360 1561 1393 fore
1578 1365 1607 1392 et
1624 1370 1702 1399 esse,
1718 1370 1803 1392 suos-

1061 1425 1121 1458 que
1146 1414 1305 1458 plenarios
1330 1420 1360 1447 et
1383 1414 1523 1457 integros
1543 1413 1672 1446 effectus
1697 1413 1802 1446 sortiri

1062 1473 1093 1500 et
1116 1468 1276 1508 obtinere,
1302 1479 1337 1501 ac
1363 1467 1400 1499 ab
1426 1467 1574 1500 omnibus
1599 1472 1627 1499 et
1653 1467 1802 1509 singulis,

1061 1520 1100 1553 ad
1125 1531 1203 1564 quos
1228 1525 1356 1564 spectat,
1375 1520 1509 1552 firmiter
1530 1525 1559 1552 et
1583 1519 1804 1552 inviolabiliter

1062 1574 1233 1615 observari,
1259 1585 1295 1607 ae
1319 1574 1413 1607 etiam
1439 1573 1614 1617 adimpleri,
1640 1572 1757 1616 sicque,
1775 1579 1804 1604 et

1062 1639 1125 1662 non
1150 1628 1235 1668 alias,
1257 1639 1313 1672 per
1337 1637 1554 1671 quoscumque
1578 1626 1697 1659 iudices
1722 1636 1806 1659 eom-

1063 1682 1224 1715 missarios
1256 1687 1285 1715 et
1310 1682 1470 1724 delegatos
1488 1708 1495 1721 ,
1528 1681 1637 1724 quavis
1668 1680 1804 1713 auctori-

1064 1741 1125 1768 tate
1158 1735 1345 1778 fungentes,
1377 1735 1470 1767 etiam
1502 1744 1667 1767 causarum
1699 1733 1804 1777 palatii

1064 1788 1227 1832 apostolici
1251 1788 1426 1827 auditores,
1456 1798 1490 1820 ac
1517 1787 1658 1820 eiusdem
1683 1792 1806 1820 sanctae

1064 1837 1223 1875 Romanae
1248 1842 1405 1875 Ecclesiae
1430 1841 1621 1881 cardinales,
1651 1841 1745 1873 etiam
1769 1840 1807 1872 dc

1064 1897 1162 1929 latere
1193 1897 1312 1939 legatos
1343 1901 1373 1928 et
1405 1893 1614 1938 vicelegatos‚
1644 1895 1808 1938 dictaeque

1065 1949 1152 1983 Sedis
1176 1949 1318 1989 nuncios,
1335 1949 1459 1981 sublata
1483 1949 1527 1981 eis
1552 1954 1582 1980 et
1607 1958 1716 1981 eorum
1742 1947 1808 1980 cui-

1066 2003 1141 2035 libet
1165 2003 1274 2047 quavis
1300 2003 1390 2035 aliter
1418 2001 1574 2035 iudicandi
1599 2007 1627 2034 et
1653 2001 1808 2044 interpre-

1067 2056 1150 2088 tandi
1175 2056 1321 2089 facultate
1346 2061 1376 2088 et
1401 2055 1606 2094 auctoritate,
1639 2054 1755 2097 ubique
1779 2060 1807 2086 et

1069 2109 1098 2140 in
1122 2118 1320 2151 quacumque
1344 2107 1490 2140 instantia
1507 2106 1638 2139 iudicari
1664 2111 1693 2138 et
1718 2106 1811 2138 inter-

1068 2161 1184 2204 pretari
1209 2160 1335 2201 debere,
1362 2159 1487 2192 irritum
1513 2169 1639 2203 quoque
1665 2158 1809 2191 etinane

1070 2214 1221 2258 quidquid
1241 2225 1331 2247 secus
1351 2224 1445 2257 super
1458 2213 1506 2246 his
1520 2223 1722 2256 aquoquam,
1739 2222 1812 2255 qua-

1071 2268 1116 2301 vis
1147 2268 1351 2309 auctoritate,
1377 2268 1511 2300 scienter
1537 2267 1584 2299 vel
1617 2266 1810 2309 ignoranter,

1071 2322 1237 2365 contigerit
1263 2322 1417 2356 attentari.

1117 2376 1131 2419 ξ
1155 2375 1206 2407 19.
1231 2375 1385 2414 Quocirca
1409 2375 1530 2408 dilectis
1550 2374 1622 2407 tiliis
1646 2384 1811 2407 causarum

1074 2429 1178 2462 curiae
1196 2439 1339 2462 camerae
1359 2429 1549 2472 apostolicae
1567 2428 1706 2471 generali
1726 2427 1813 2460 audi-

1074 2483 1144 2523 tori,
1163 2487 1192 2515 et
1212 2482 1364 2525 magistro
1383 2482 1511 2515 Aurelio
1529 2481 1666 2514 Maraldo
1684 2481 1715 2513 in
1732 2482 1815 2513 utra-

1074 2546 1136 2580 que
1160 2536 1321 2578 signatura
1345 2537 1454 2568 nostra
1478 2534 1703 2575 referendario,
1719 2544 1755 2567 ae
1776 2534 1816 2566 vi-

1076 2589 1160 2622 cario
1193 2588 1381 2622 venerabilis
1411 2588 1518 2621 fratris
1547 2588 1646 2621 nostri
1675 2588 1815 2632 episcopi

1075 2642 1259 2687 Ripanensis
1279 2642 1310 2675 in
1327 2641 1542 2686 spiritualibus
1561 2641 1710 2685 generali,
1728 2647 1817 2675 motu

1802 242 1850 267 An.
1868 242 1895 268 C.
1920 241 1987 269 1629

1866 2379 2011 2406 Exequutores

1829 2407 1931 2433 (le-ignat.
