2248 3229
82 257 133 286 An.
149 256 178 284 C.
200 256 270 285 ¹639

128 1970 273 1998 Tnmnmpm

87 1999 146 2021 trudi
161 1999 227 2019 tubat.

892 242 1035 285 uniamus
1052 259 1110 284 vm
1129 259 1177 284 rr.

283 305 427 350 gationis,
449 307 541 340 etiam
573 306 760 349 iuramento,
786 307 1043 342 confirmatione:

283 360 465 403 apostoliea,
487 361 532 394 vel
551 362 659 405 quavis
676 362 824 395 firmitate
848 362 908 395 alia
933 342 1043 399 roho-l

1040 403 1042 410 ι

283 413 369 453 ratis,
394 414 517 446 statutis
543 420 572 447 et
597 408 1042 459 consuetudinibus,privile-l

283 466 342 509 giis
362 478 498 511 quoque,
513 468 640 501 indultis
661 475 689 502 et
704 469 815 502 litteris
835 456 1042 519 apostolicis}

284 519 446 562 quibusvis
472 521 568 564 ipsius
599 522 858 565 Congu-egationis
882 522 1042 566 superio-J

283 572 372 606 ribus
389 579 418 606 et
436 575 590 618 personis,
608 575 665 608 sub
685 575 847 618 quibusvis
864 576 1025 608 tenoribus
1040 565 1043 575 ’

284 631 313 660 et
338 627 458 668 formis,
479 638 514 661 ac
530 639 600 661 cum
626 629 879 673 quibuscumque
897 629 1042 683 deroga-2

285 679 437 713 toriarum
463 681 689 724 derogatoriis.
714 682 845 726 aliisque
869 682 1042 715 coloneio-¹

284 732 373 766 ribus
393 739 422 766 et
441 733 574 767 insolitis
591 735 749 773 clausulis,
768 722 1043 784 i1·ritantibusque{

285 791 315 819 et
334 786 403 819 aliis
427 787 571 830 decretis,
590 788 619 821 in
641 798 756 831 genere
780 789 828 822 vel
854 789 884 821 in
910 789 1043 835 specie,3

285 839 316 872 in
337 841 531 874 contrarium
556 842 802 885 praemissorum
829 842 1043 886 quomodoli-¹

285 891 337 926 bet
361 895 527 936 concessis,
553 895 747 928 confirmatis
771 900 801 928 et
826 895 1002 935 innovatis;

330 946 345 990 ἓ
362 945 391 980 6.
406 946 525 986 Quibus
544 948 689 981 omnibus
703 952 732 982 et
745 948 887 990 singulis,
905 948 1026 981 etiamsi
1042 935 1044 999 i

285 999 413 1034 illorum
440 1011 498 1044 pro
527 1001 691 1034 sufficienti
727 1001 932 1044 derogatione
957 1001 1043 1046 spe-3

286 1053 384 1094 cialis,
404 1054 560 1098 specifica,
577 1065 725 1098 expressa
749 1060 779 1087 et
804 1054 974 1095 individua,
991 1054 1045 1089 ae'

286 1106 324 1140 de
349 1108 445 1141 verbo
459 1107 495 1141 ad
513 1108 654 1148 verbum,
672 1118 734 1141 non
751 1114 855 1141 autem
873 1118 929 1152 per
945 1108 1045 1157 clau-J

287 1160 370 1194 sulas
389 1161 552 1204 generales
574 1160 654 1193 idem
673 1161 890 1205 importantes,
910 1161 1027 1195 mentio

287 1223 341 1247 seu
365 1214 493 1258 quaevis
528 1214 587 1247 alia
621 1214 783 1258 expressio
809 1214 951 1248 habenda
975 1221 1028 1248 aut

287 1268 391 1312 aliqua
414 1268 474 1300 alia
499 1268 652 1312 exquisita
683 1268 783 1301 forma
807 1268 846 1301 ad
870 1268 930 1302 hoc
955 1279 1024 1302 ser-

286 1321 386 1355 vanda
411 1321 511 1362 soret,
529 1332 639 1355 eorum
665 1327 789 1355 tenores
813 1322 1029 1366 praesentibus

286 1385 345 1420 pro
362 1375 452 1419 plene
469 1381 499 1408 et
515 1375 706 1409 sufficienter
730 1376 886 1419 expressis
910 1375 1028 1409 haben-

286 1434 343 1468 tes,
361 1429 420 1462 illis
438 1429 513 1462 alias
532 1429 562 1461 in
587 1439 644 1462 suo
662 1429 778 1462 robore
803 1429 1028 1473 permansuris,

288 1482 325 1515 ad
358 1482 605 1527 praemissorum
633 1482 789 1523 effectum,
803 1483 980 1526 specialiter
999 1487 1030 1516 et

287 1546 434 1580 expresse
448 1536 648 1580 derogamus3
667 1537 843 1580 ceterisque
863 1536 1029 1570 contrariis

287 1590 558 1634 quibuscumque;
583 1595 636 1623 aut
661 1590 685 1623 si
710 1590 867 1633 aliquibus
891 1600 1030 1623 commu-

287 1643 368 1677 niter
394 1644 441 1677 vel
475 1643 597 1676 divisim
623 1643 661 1676 ab
686 1643 795 1676 eadem
821 1643 861 1676 sit
884 1643 963 1677 Sede
988 1643 1030 1676 in-

287 1696 420 1738 dultum,
440 1697 523 1741 quod
549 1697 703 1737 interdici,
729 1697 888 1741 suspendi,
909 1697 954 1730 vel
981 1708 1030 1730 ex-

287 1751 515 1785 communicari
529 1761 591 1785 non
610 1751 731 1795 possint
748 1761 805 1795 per
822 1751 942 1784 litteras
959 1761 1031 1795 apo·
1046 1769 1048 1776 ›

289 1804 414 1838 stolicas
437 1815 500 1838 non
524 1805 672 1838 facientes
698 1805 823 1848 plenam
848 1810 879 1838 et
902 1815 1030 1848 expres-

289 1868 354 1891 sam
373 1868 407 1891 ac
436 1858 474 1891 de
499 1858 597 1891 verbo
621 1858 660 1890 ad
684 1858 815 1891 verbum
840 1858 878 1891 dc
903 1858 1031 1891 indultis

290 1911 470 1945 huiusmodi
496 1911 697 1945 mentionem.

334 1965 391 2009 §7.
414 1966 565 1999 Volumus
581 1971 697 2005 autem,
715 1965 798 2009 quod
816 1965 1028 2009 praesentium
1046 1997 1049 2022 '

289 2019 505 2063 transumptis,
524 2029 617 2051 manu
633 2018 766 2051 alicuius
781 2018 895 2052 notarii
913 2018 1029 2062 publici
1046 2026 1049 2073 Ξ

290 2072 485 2116 subscriptis,
503 2077 534 2105 et
558 2072 661 2115 sigillo
686 2071 785 2106 dictae
810 2071 1048 2118 Congregatio-⁴

289 2127 338 2160 nis
369 2137 425 2159 seu
455 2126 586 2159 alicuius
621 2135 774 2169 personae
813 2125 843 2157 in
879 2123 1049 2174 dignitate]

290 2180 501 2214 ecclesiastica
534 2180 720 2213 constitutae
746 2179 895 2219 munitis,
921 2178 1049 2223 eademi

290 2244 421 2278 prorsus
446 2233 477 2266 in
503 2233 617 2266 iudicio
635 2238 662 2265 et
683 2238 770 2265 extra
795 2232 982 2266 adhibeatur
999 2229 1049 2265 fid

289 2287 355 2328 des,
385 2297 465 2332 quae
490 2285 725 2331 praesentibus¹
750 2286 975 2327 adhiberetur,
1005 2287 1028 2319 si

290 2341 391 2376 l'orent
415 2341 571 2374 exhibitae
596 2341 642 2373 vel
669 2345 824 2373 ostensae.

333 2395 444 2429 Datum
471 2395 597 2434 Romae,
623 2394 705 2438 apud
729 2394 758 2427 S.
785 2394 912 2427 Mariam
934 2389 1049 2429 Maio-l

290 2459 375 2490 rem,
399 2448 457 2482 sub
486 2449 601 2481 annulo
628 2447 803 2488 piscatoris,
825 2447 875 2480 die
900 2457 963 2481 xxii
987 2436 1049 2489 iti-2

289 2502 332 2535 nii
348 2512 518 2542 uncxxxix,
533 2501 734 2546 pontificatus
749 2500 846 2534 nostri
868 2511 950 2534 anno
966 2510 1029 2535 xvi.

326 2564 384 2593 Dat.
401 2565 445 2593 die
464 2565 498 2592 22
518 2565 584 2592 iunii
602 2564 680 2598 ¹639,
701 2563 796 2600 pontis.
817 2571 887 2591 anno
904 2571 958 2591 xvi.

329 2676 338 2703 1
361 2675 461 2704 Vocem
478 2673 678 2711 praesentibus
693 2679 742 2702 nes
756 2672 879 2701 addimus
890 2673 930 2707 (n.
944 2672 992 2705 τ.).

1387 307 1482 343 DCLI.

1060 389 1223 429 Declarat,
1244 389 1330 433 quod
1348 389 1384 421 in
1402 388 1606 422 monasteriis
1623 388 1655 423 S.
1679 387 1802 422 Basilii

1103 442 1155 475 dcl
1182 442 1312 475 Tanton
1337 446 1365 476 et
1389 442 1420 476 S.
1446 442 1586 476 Antonii
1609 441 1646 474 de
1673 441 1802 476 Guatti-

1102 496 1223 539 quillus
1256 497 1416 529 choristae
1443 500 1471 529 et
1496 495 1672 529 sacerdotes
1695 505 1799 539 quar-

1105 554 1181 589 tam,
1197 551 1275 583 laici
1292 561 1363 584 vero
1379 551 1466 583 alius
1485 555 1546 583 tres
1561 554 1670 593 partes
1687 549 1801 583 consti-

1106 607 1200 636 tuant
1214 602 1232 636 ¹.

1264 675 1400 703 Urbanus
1422 676 1500 710 Papa
1519 677 1596 708 VIII,

1201 720 1238 747 ad
1258 721 1392 748 futuram
1416 721 1460 748 rei
1480 721 1659 748 memoriam.

1105 791 1137 823 ln
1162 790 1211 824 his
1235 791 1384 834 pastorali
1402 791 1495 825 officii
1520 791 1619 825 nostri
1643 795 1749 836 partes
1768 791 1802 824 li·
1844 799 1965 821 Exordium.

1061 844 1171 878 benter
1195 844 1435 889 interponimus,
1461 855 1517 889 per
1541 855 1620 889 quae
1645 854 1796 889 persona-

1061 908 1131 930 rum
1157 898 1362 941 regularium,
1383 909 1472 942 quae,
1489 899 1601 943 spretis
1626 898 1733 931 mundi
1751 907 1799 932 va-

1060 950 1219 991 nitatibus,
1237 956 1316 984 totas
1340 962 1373 985 se
1398 951 1460 985 Deo
1485 951 1687 991 devoverunt,
1707 950 1800 984 statui

1061 1008 1090 1035 et
1109 1003 1205 1047 quieti
1226 1010 1404 1048 opportune
1425 1005 1545 1038 consuli
1571 1004 1755 1038 iudicamus.

1105 1056 1120 1100 §
1139 1056 1167 1089 Ἰ.
1194 1057 1276 1090 Alias
1293 1057 1446 1101 siquidem
1465 1058 1560 1091 seticis
1575 1057 1801 1092 recordationis

1060 1110 1203 1144 Clemens
1229 1110 1310 1155 Papa
1339 1111 1403 1144 Vlll
1433 1111 1658 1156 praedecessor
1682 1116 1798 1153 noster,

1061 1163 1178 1197 certior
1203 1163 1310 1205 sactus,
1335 1164 1438 1208 quod,
1463 1175 1498 1198 ex
1522 1164 1657 1198 duorum
1682 1175 1802 1198 eremo-

1061 1227 1131 1249 rum
1143 1216 1164 1258 ἵ,
1190 1217 1333 1251 videlicet
1351 1218 1448 1251 eremi
1474 1218 1523 1251 del
1548 1218 1672 1252 Tardon
1689 1217 1803 1253 Cordu-

1061 1269 1176 1311 bensis,
1193 1276 1224 1304 et
1243 1271 1331 1304 vallis
1347 1271 1385 1305 de
1401 1271 1619 1315 Gualliguillos
1645 1272 1803 1316 Hispalen-

1062 1323 1103 1356 sis
1117 1323 1279 1366 dioecesis,
1299 1324 1329 1356 in
1348 1325 1537 1358 monasteria
1561 1324 1686 1358 Ordinis
1703 1325 1801 1358 sancti

1063 1376 1166 1409 Basilii
1192 1377 1293 1420 Magni
1320 1388 1375 1421 per
1399 1378 1468 1422 piae
1493 1379 1664 1412 memoriae
1681 1378 1801 1422 Grego-

1063 1430 1145 1463 rium
1172 1430 1285 1474 Papam
1311 1431 1377 1464 Xlll
1403 1431 1495 1464 etiam
1527 1431 1802 1475 praedecessorem

1062 1488 1204 1517 nostrum
1230 1489 1419 1525 erectorum,
1438 1495 1508 1518 cum
1526 1485 1587 1518 alio
1613 1484 1803 1518 monasterio

1063 1536 1091 1570 S.
1117 1537 1232 1570 Mariae
1257 1537 1294 1570 de
1319 1537 1435 1571 Oviedo
1459 1538 1635 1579 Ginnensis,
1652 1549 1670 1571 a
1694 1537 1803 1571 similis

1063 1590 1250 1623 recolendae
1274 1591 1444 1624 memoriae
1470 1591 1523 1624 Pio
1549 1592 1631 1635 Papa
1656 1591 1693 1624 tv
1711 1591 1803 1626 etiam

1064 1643 1306 1687 praedecessore
1318 1649 1427 1677 nostro
1438 1644 1525 1688 prius
1538 1650 1654 1685 erecto,
1666 1645 1697 1677 in
1710 1655 1803 1678 unam

1063 1697 1259 1740 provinciam
1275 1697 1304 1731 S.
1323 1698 1425 1731 Basilii
1443 1698 1663 1742 Hispaniarum
1688 1709 1805 1732 nuncu<

1064 1750 1210 1794 pandam,
1235 1761 1357 1785 necnon
1383 1751 1451 1784 aliis
1476 1752 1675 1785 monasteriis
1698 1752 1728 1785 in
1754 1751 1805 1785 Hi-

1060 1803 1245 1847 spaniarum
1266 1804 1371 1847 rcgnis
1392 1804 1598 1848 imposterum
1625 1811 1806 1839 construen-

1065 1858 1122 1899 dis,
1135 1859 1250 1892 unione
1275 1869 1292 1892 a
1315 1859 1476 1903 praedicto
1501 1860 1655 1904 Gregorio
1680 1860 1807 1904 praede-

1065 1921 1190 1945 cessore
1215 1912 1314 1954 sacta,
1344 1913 1460 1946 multae
1485 1914 1701 1947 contentiones
1725 1913 1806 1947 inter

1065 1964 1165 1998 dietae
1189 1965 1369 2009 provinciae
1395 1967 1566 2000 monachos
1591 1977 1687 2010 super
1711 1966 1805 2000 modo

1065 2017 1187 2050 vivendi
1202 2024 1329 2051 exortae
1346 2019 1486 2059 suc1·ant;
1504 2025 1537 2052 ut
1554 2019 1805 2052 contentionibus

1065 2070 1245 2104 huiusmodi
1283 2072 1376 2104 linem
1413 2072 1612 2116 imponeret,
1637 2072 1718 2106 dicta
1742 2072 1804 2105 duo

1066 2125 1255 2157 monasteria
1279 2125 1308 2158 S.
1334 2125 1438 2158 Basilii
1463 2126 1560 2159 eremi
1597 2126 1645 2159 dcl
1681 2125 1805 2159 Tardon

1065 2188 1101 2210 ac
1125 2177 1218 2211 etiam
1252 2178 1280 2211 S.
1311 2178 1435 2212 Antonii
1465 2179 1503 2212 de
1532 2178 1749 2222 Gualliguillos
1774 2179 1805 2212 in

1066 2231 1254 2264 monasteria
1273 2232 1503 2265 reformationis
1517 2238 1547 2265 et
1564 2243 1655 2266 verae
1665 2232 1804 2266 eiusdem

1046 2284 1049 2318 Ϊ
1065 2285 1161 2317 sancti
1176 2285 1278 2317 Basilii
1299 2286 1426 2328 regulae
1444 2285 1659 2320 observantiae
1679 2286 1805 2330 deputa-

1066 2338 1118 2379 vit,
1137 2338 1298 2371 constituit
1316 2343 1345 2373 el
1358 2340 1524 2382 separavit,
1538 2340 1576 2372 ad
1589 2350 1668 2383 quae
1681 2350 1714 2373 se
1729 2339 1804 2373 reci-

1066 2396 1176 2435 perent
1209 2402 1339 2432 omnes,
1361 2396 1513 2436 quotquot
1549 2392 1578 2425 in
1611 2393 1694 2426 dicta
1724 2403 1801 2437 pro-

1066 2445 1167 2478 vincia
1189 2445 1334 2478 monachi
1352 2446 1418 2479 zelo
1436 2446 1488 2479 Dei
1507 2451 1536 2479 et
1556 2446 1674 2490 Spiritu
1691 2446 1804 2481 Sancto

1065 2499 1149 2532 ducti
1175 2499 1249 2532 tanti
1276 2500 1475 2544 patriarchae
1507 2507 1674 2545 praecepta
1699 2506 1729 2535 et
1760 2501 1805 2534 in·

1064 2554 1171 2587 stituta
1195 2553 1409 2588 desiderarent
1428 2554 1606 2598 observare,
1624 2566 1703 2599 quae
1721 2555 1804 2589 iuxta

1102 2627 1110 2653 l
1135 2625 1199 2653 vide
1218 2635 1302 2662 supra
1323 2636 1384 2663 pag.
1405 2627 1456 2655 ΗΟ
1474 2627 1555 2655 huius
1574 2627 1640 2654 tomi
1659 2628 1699 2663 (n.
1717 2627 1766 2664 T.).

1097 2670 1114 2698 2
1130 2670 1199 2699 Edit.
1216 2671 1295 2699 Maia.
1313 2671 1377 2708 legit
1391 2673 1581 2701 eremitarum
1602 2676 1639 2707 (R.
1656 2672 1705 2708 Μ.

1705 248 1763 284 741
1814 259 1866 286 Αη.
1882 258 1910 286 c.
1933 258 2000 286 ¹639
