2221 3224
122 204 158 229 An
184 202 299 230 01629
346 193 388 227 82

156 1432 267 1454 Seminarii
276 1431 311 1451 ail-

129 1461 254 1481 ministratio
291 1459 310 1477 et

129 1493 178 1507 rura
203 1485 311 1506 commissa

130 1514 208 1533 vicario
220 1512 281 1532 [rbus
292 1513 313 1531 et.

130 1540 243 1560 Set-temus
266 1539 312 1558 lesu

130 1567 229 1592 generali,
245 1568 284 1586 etc.

201 1857 313 1883 Deputatm

132 1889 314 1908 commissarum.)

132 1913 242 1930 exactione.
254 1913 314 1930 taxac

132 1938 186 1957 sacta
196 1943 208 1957 a
219 1937 256 1957 Pio
268 1937 292 1957 V.

320 256 350 283 et
370 251 400 283 in
424 250 561 295 qualibet
581 249 753 283 Nativitatis
772 248 952 298 Dominicae
976 247 1058 279 festi-

321 305 466 338 vitatibus
490 315 547 347 pro
569 304 764 347 reliquorum
789 301 1076 344 septingentoruml

321 364 481 391 scutorum
507 357 637 390 summis
666 362 750 388 ratae
771 356 919 388 collectae
948 365 1001 386 seu
1020 359 1060 386 ta-

322 422 376 443 xat>
393 411 571 443 huiusmodi
590 410 625 441 ad
645 409 727 441 idem
746 407 914 451 capitulum
934 407 962 439 S.
977 406 1059 439 Petri

323 464 487 506 tangentis,
513 468 542 495 et
567 461 668 505 quoad
694 460 865 503 capitulum
890 459 918 492 S.
947 459 1060 492 Mariae

323 519 352 549 in
372 518 486 550 Vialata
507 514 686 548 huiusmodi
705 514 736 546 in
758 513 858 547 tribus
878 513 1061 556 aequalibus

323 570 540 609 solutionibus,
557 578 669 611 nempe
695 568 726 599 in
751 566 867 599 eisdem
893 565 1078 598 festivitati-‹

322 623 389 661 bus,
406 628 488 654 ratae
506 620 717 665 impositionis
736 619 885 652 collectae
902 629 957 651 seu
975 623 1061 650 taxae

322 675 501 707 huiusmodi
527 674 629 717 ipsum
653 672 818 715 tangentis,
837 682 900 714 quo
924 681 999 704 vero
1023 670 1079 703 ad*

323 728 520 767 monasteria,
539 727 576 759 ad
601 727 733 759 aliarum
757 724 992 767 collegiatarum
1015 735 1061 756 ca-

322 781 430 824 pitula,
449 786 476 813 et
498 779 727 824 parochialium
753 784 783 811 et
808 778 939 810 aliarum
962 778 1061 810 eccle·

323 834 438 866 siarum
466 834 677 877 praefatarum
704 836 854 872 rectores,
879 841 913 863 ac
939 831 1062 874 cappel-

322 888 420 927 lanos,
446 892 475 918 et
498 885 709 930 cappellanias
730 885 875 928 superius
901 894 1063 927 expressas

323 951 377 973 ¹scu
395 940 454 973 alia
479 940 630 972 beneficia
648 938 828 971 huiusmodi
846 948 904 981 pro
923 942 1064 980 tempore

323 994 560 1038 quomodolibet
577 993 762 1033 obtinentes,
778 992 808 1024 in
822 992 941 1023 duabus
955 1001 1065 1034 aequa-

323 1048 403 1080 libus
420 1047 629 1081 solutionibus
647 1051 730 1078 ratae
748 1045 920 1088 quemlibet
939 1049 1063 1086 tangen-

323 1101 372 1143 tis,
387 1112 444 1144 pro
459 1103 519 1133 uua
532 1100 676 1132 videlicet
689 1100 719 1131 in
733 1098 855 1131 Domini
874 1098 978 1131 Nostri
996 1098 1064 1130 Iesu

324 1155 437 1188 Christi
454 1160 483 1186 et
500 1155 597 1186 altera
617 1152 835 1185 medietatibus
853 1156 937 1184 ratae
955 1161 1064 1194 quem-

326 1208 400 1240 libet
418 1207 570 1249 tangentis
591 1205 769 1238 huiusmodi
792 1205 821 1237 in
843 1204 924 1237 beati
942 1204 1066 1237 Ioannis

326 1260 479 1304 Baptistae
493 1259 688 1292 nativitatum
702 1258 930 1300 festivitatibus,
945 1257 1065 1300 integre

325 1314 483 1357 perpetuis
502 1313 612 1346 suturis
630 1311 828 1355 temporibus
846 1311 1066 1355 persolvenda)

326 1367 530 1410 imposuerit,

371 1423 386 1464 g
405 1420 434 1453 3.
456 1421 625 1464 Ipsumque
643 1418 846 1452 seminarium
865 1418 907 1451 sie
926 1424 1066 1451 ereetum

328 1480 357 1507 et
382 1474 558 1506 iustitutuin
580 1472 702 1513 curae',
721 1472 867 1515 regimini
888 1477 917 1504 ct
941 1472 1069 1504 admini-

328 1527 468 1560 strationi
490 1527 657 1570 praepositi
679 1526 835 1569 generalis
859 1531 889 1558 et.
913 1526 1069 1570 presbvte-

328 1592 437 1614 rorum
463 1580 625 1613 Societatis
650 1580 727 1622 Iesu,
753 1585 783 1612 et
807 1579 854 1612 sui
879 1590 914 1612 ac
939 1579 1069 1612 Romani

329 1633 488 1666 Pontificis
511 1644 568 1676 pro
593 1638 737 1676 tempore
761 1632 921 1665 existentis
942 1632 1071 1665 indicta

330 1687 412 1720 Urbe
430 1686 537 1719 vicarii
556 1686 587 1718 in
613 1686 829 1730 spiritualibus
850 1685 1005 1728 generalis
1025 1690 1070 1717 tu-

329 1741 430 1781 telae,
455 1740 629 1784 patrocinio
662 1744 691 1772 et
720 1738 908 1783 protectioni
934 1739 1068 1772 commi-

330 1794 421 1833 serit;

375 1848 388 1890 g
412 1847 441 1879 4,
469 1847 505 1879 Et
534 1845 665 1878 subinde
697 1845 766 1889 piae
801 1845 970 1877 memoriae
1000 1844 1072 1877 Pius

332 1901 413 1944 Papa
432 1900 464 1939 V,
483 1899 628 1931 similiter
648 1899 871 1942 praedeeessor
891 1903 1008 1938 noster,
1029 1898 1073 1940 ip-

332 1953 395 1985 sius
420 1952 580 1985 semiuarii
607 1951 803 1983 indemnitati
828 1951 992 1983 consulere
1024 1961 1074 1983 cu-

331 2006 439 2048 piens,
465 2010 495 2037 et
527 2008 560 2038 ut
580 2004 701 2037 facilius
725 2014 846 2036 annuae
872 2004 1020 2036 collectae
1045 2009 1074 2035 et

333 2063 419 2091 laxae
434 2057 613 2090 huiusmodi
627 2057 728 2089 eidem
743 2057 910 2089 seminario
925 2067 983 2100 pro
1000 2061 1074 2088 tem-

332 2124 408 2156 pore
437 2111 558 2143 debitae
586 2110 707 2143 facilius
735 2111 952 2153 exigerentur,
973 2110 1073 2142 bonae

335 2165 506 2198 memoriae
535 2165 665 2206 Iacobo,
699 2164 772 2196 dum
805 2164 901 2203 vixit,
935 2163 1015 2195 tituli
1044 2163 1072 2196 S.

334 2219 448 2252 Mariae
473 2219 503 2250 iu
528 2218 694 2251 Cosmedin
714 2217 898 2261 presbytero
924 2217 1073 2249 cardinali

335 2273 459 2305 Sabello
484 2276 676 2315 nuncupato,
702 2277 775 2303 tuuc
800 2282 856 2303 suo
883 2271 911 2302 in
938 2271 1021 2303 Urbe
1046 2275 1072 2302 et

335 2326 401 2359 eius
417 2326 561 2358 districtu
587 2326 619 2357 iu
644 2325 762 2358 eisdem
789 2324 1006 2367 spiritualibus
1038 2324 1076 2355 vi-

336 2381 442 2421 cario,
465 2381 621 2413 licentiam
648 2384 678 2412 et
702 2379 879 2411 facultatem
904 2388 1002 2410 uuum
1029 2379 1074 2410 vel

337 2434 443 2476 plures
461 2433 696 2466 eomu‘iissarios
717 2432 754 2465 ad
772 2432 965 2464 exactionem
987 2431 1077 2463 colle-

338 2491 404 2517 ctae
424 2496 478 2517 seu
499 2491 586 2518 laxae
611 2485 790 2518 huiusmodi
818 2490 848 2516 et
870 2484 1075 2527 pecuniarum

377 2603 386 2626 1
405 2600 549 2635 Perperam
564 2600 627 2628 edit.
644 2600 722 2628 Main.
740 2600 803 2635 legit
819 2599 926 2628 catriae
940 2601 978 2634 (R.
995 2599 1043 2634 Τ,).

893 201 1070 225 ΒΠΕΕΑΠΠἭ
1097 200 1251 222 ΠΟΜΑΝΠΜ

1839 199 1888 224 An.
1908 199 1938 225 C.
1959 197 2027 225 ¹629

1093 247 1175 278 illius
1200 246 1364 278 occasione
1388 251 1461 279 tunc
1481 246 1668 286 debitarum,
1686 251 1716 278 et
1739 245 1770 278 in
1786 246 1831 278 fu-

1093 304 1198 331 turum
1237 298 1498 342 quandocumque
1529 298 1763 337 debendarum‚
1793 298 1831 331 ab

1093 352 1217 384 illarum
1242 351 1439 384 debitoribus
1457 378 1464 392 ,
1493 351 1584 384 ctiam
1618 351 1772 395 episcopis
1803 357 1833 384 et

1094 409 1217 437 sanctae
1243 405 1400 437 Romanae
1423 404 1580 437 Ecclesiae
1605 404 1832 444 cardinalibus,

1094 457 1257 490 abbatibus
1271 462 1300 490 et
1321 457 1388 489 aliis
1407 467 1678 500 quarumcumque
1691 457 1835 489 ecclesia-

1094 522 1163 543 rum
1178 516 1207 543 et
1222 510 1485 544 monasteriorum
1506 511 1663 554 praelatis,
1678 521 1733 543 seu
1750 521 1834 543 com-

1095 563 1314 604 mendatariis,
1339 568 1391 595 aut
1415 563 1483 596 aliis
1498 563 1833 603 administratoribus,

1094 627 1216 650 necnon
1241 616 1454 658 basilicarum,
1479 616 1676 660 aliarumque
1693 616 1836 659 collegia-

1096 676 1196 703 tarum
1223 670 1384 713 capitulis,
1410 674 1440 701 et
1470 669 1538 702 aliis
1566 670 1835 713 quibuscumque,

1096 723 1187 756 etiam
1221 723 1258 756 de
1290 723 1474 755 necessitate
1506 723 1738 766 exprimendis,
1764 733 1835 756 cum

1096 776 1293 810 facultatibus
1313 775 1514 819 amplissimis
1533 775 1571 807 ad
1591 775 1621 807 id
1641 775 1836 815 necessariis,

1096 829 1264 873 deputandi
1290 834 1378 862 motu
1403 828 1497 861 simili
1523 828 1723 869 concesserit,
1743 834 1838 872 prout

1097 884 1127 915 in
1141 883 1272 916 diversis
1288 883 1432 923 decretis,
1450 893 1504 914 seu
1518 881 1585 914 aliis
1603 881 1766 925 scripturis
1783 881 1837 914 de-

1097 948 1192 981 super
1211 936 1370 977 confectis,
1388 936 1511 980 plenius
1536 936 1649 969 dicitur
1666 935 1837 968 contineri:

1142 991 1156 1033 ἓ
1181 990 1209 1022 5.
1228 991 1300 1030 Nos,
1318 990 1518 1022 decretorum
1537 999 1592 1021 seu
1609 989 1836 1032 scripturarum
1864 1030 1867 1033 v
1923 1003 2037 1023 Confirma-

1098 1043 1232 1086 desuper
1257 1043 1469 1076 confectarum
1494 1042 1676 1075 huiusmodi
1702 1032 2038 1084 ten01·eS,{,¹i‘’„ul⁸p'=”³¹¹e¹dssl¹23

1098 1097 1190 1130 etiam
1212 1097 1361 1137 veriores,
1379 1095 1561 1140 praemissis
1582 1101 1685 1128 tamen
1709 1096 1839 1128 minime
1853 1082 2037 1137 ἓξᾞὸἷὸνυιῖῗωο

1099 1150 1291 1192 contrarios,
1323 1161 1358 1183 ac
1382 1149 1503 1182 datam¹
1528 1149 1748 1192 praesentibus
1780 1159 1838 1192 pro

1099 1204 1190 1247 plene
1204 1203 1441 1258 ctfusticienter
1458 1202 1615 1246 expressis
1629 1202 1790 1244 babentes,
1804 1213 1839 1235 ac

1100 1256 1279 1290 huiusmodi
1311 1256 1470 1289 seminarii
1491 1255 1717 1289 manutentioni
1737 1266 1772 1288 ac
1797 1256 1841 1288 se-

1100 1310 1150 1342 lici
1179 1309 1361 1354 progressui
1390 1309 1420 1341 in
1448 1308 1628 1353 praemissis
1663 1311 1841 1353 opportuna

1101 1363 1220 1396 ratione
1247 1363 1411 1395 consulere
1437 1362 1595 1403 volentes,
1620 1367 1706 1395 motu
1736 1362 1840 1404 simili,

1102 1428 1164 1450 non
1181 1417 1218 1449 ad
1238 1416 1369 1449 alicuius
1389 1416 1480 1449 nobis
1500 1415 1636 1459 desuper
1654 1415 1775 1449 oblatae
1792 1426 1847 1459 pe·-

1104 1471 1219 1503 titionis
1244 1470 1432 1512 instantiam,
1456 1469 1509 1501 sed
1534 1480 1569 1501 ex
1597 1470 1682 1502 certa
1715 1468 1843 1501 scientia

1104 1534 1139 1557 ae
1165 1525 1249 1555 mera
1269 1522 1495 1555 deliberatione
1515 1521 1642 1561 nostris,
1660 1526 1690 1554 et
1715 1521 1752 1554 de
1773 1531 1845 1565 apo-

1105 1577 1231 1610 stolieae
1258 1576 1420 1620 potestatis
1448 1575 1652 1619 plenitudiue,
1671 1575 1844 1616 collectam,

1106 1642 1161 1663 seu
1186 1636 1305 1670 laxam,
1333 1630 1379 1661 vel
1405 1629 1647 1672 assignationem
1673 1628 1845 1672 praefatas,

1106 1689 1199 1728 prout
1223 1683 1254 1715 in
1278 1682 1436 1726 praedicta
1456 1683 1529 1715 nota
1554 1682 1751 1723 continetur,
1775 1692 1848 1725 apo-

1107 1738 1214 1771 stoliea
1228 1736 1423 1778 auctoritate,
1440 1739 1546 1769 tenore
1559 1735 1785 1779 praesentium,
1795 1746 1848 1779 ap-

1106 1791 1276 1834 probamus
1300 1795 1329 1821 et
1355 1789 1595 1827 confirmamus,
1626 1788 1749 1830 illisque
1780 1798 1849 1831 per-

1106 1849 1217 1885 petuae
1237 1847 1267 1873 et
1284 1840 1471 1873 inviolabilis
1485 1839 1643 1873 firmitatis
1660 1840 1758 1873 robur
1774 1840 1849 1872 adii-

1107 1895 1227 1936 cimus,
1253 1904 1425 1937 omnesque
1450 1898 1480 1925 et
1512 1893 1652 1935 singulos
1677 1898 1740 1925 tam
1772 1893 1848 1926 iuris

1107 1959 1200 1993 quam
1217 1949 1288 1980 facti
1307 1948 1454 1987 defectus,
1472 1948 1497 1979 si
1518 1947 1570 1990 qui
1592 1947 1695 1979 forsan
1712 1946 1849 1990 desuper

1108 2001 1343 2046 quomodolibet
1360 2000 1594 2040 intervenerint,
1612 2000 1802 2043 supplemus.

1153 2057 1167 2099 ἓ
1192 2055 1220 2088 ss.
1246 2056 1468 2094 Decernentes,
1493 2053 1633 2086 omnium
1660 2059 1689 2085 et
1714 2053 1849 2096 singulo-
1888 2064 2046 2096 Praedictiqm-

1108 2121 1177 2142 rum
1204 2108 1467 2142 monasteriorum
1499 2108 1646 2149 abbates,
1672 2119 1726 2141 seu
1756 2120 1845 2142 com-
1862 2090 2047 2139 ἓξῗηὸῗειῖἕέωἰὲἶ

1109 2162 1340 2203 mendatarios,
1366 2166 1419 2193 aut
1450 2160 1527 2193 alios
1556 2146 1944 2202 administratores'nemun

1109 2226 1230 2248 necnon
1265 2215 1465 2247 basilicarum
1500 2214 1734 2258 praedictarum
1773 2215 1849 2248 alia-

1110 2280 1243 2313 rumque
1264 2269 1469 2302 ccclesiarum
1491 2269 1635 2312 capitula,
1653 2280 1688 2302 ac
1713 2269 1851 2313 singulas

1110 2323 1255 2356 ecelesias
1289 2333 1323 2355 ac
1349 2323 1557 2366 cappellanias
1584 2323 1739 2365 praefatas
1768 2333 1851 2355 nune

1110 2382 1139 2409 et
1163 2388 1220 2420 pro
1247 2382 1388 2420 tempore
1413 2375 1650 2418 quomodolibet
1666 2375 1697 2407 in
1715 2375 1850 2418 titulum,

1111 2429 1337 2470 commendam,
1365 2434 1421 2470 autx
1438 2428 1513 2461 alias
1537 2429 1724 2470 obtinentes,
1742 2428 1851 2472 quavis

1111 2483 1202 2516 etiam
1228 2482 1399 2526 episcopali
1425 2482 1471 2514 vel
1493 2482 1686 2515 cardinalitia
1712 2485 1764 2516 aut
1787 2482 1848 2514 alia

1148 2599 1157 2625 1
1176 2597 1271 2625 Potius
1286 2597 1430 2633 legendum
1446 2597 1528 2625 datas
1543 2597 1586 2625 vel
1599 2597 1669 2625 data
1690 2596 1727 2632 (R.
1745 2597 1794 2630 Τ.),
