2248 3229
69 226 120 256 An.
136 227 167 255 G.
184 227 254 256 1635

96 712 215 734 Clausulae.

98 2262 213 2284 Exordium
233 2267 257 2284 ox

71 2290 118 2317 ipsa
133 2295 156 2311 re
175 2289 258 2311 desum-

72 2320 138 2342 ptum.

885 225 1026 251 URBANUS
1053 226 1106 251 vm
1130 227 1178 251 Pr.

268 273 362 314 libus,
393 278 423 307 et
454 283 565 307 eorum
594 274 738 315 cuilibet,
765 274 822 308 suh
854 275 1011 309 interdicti

268 327 429 369 ingressus
443 327 602 370 ecclesiae,
618 338 653 360 ac
667 328 1011 370 excommunicationis,

269 380 401 423 aliisque
415 380 547 414 arbitrio
567 386 675 414 nostro
693 381 872 423 infligendis
892 382 1010 425 poenis,

268 444 326 478 per
341 435 600 468 contrafacientes
617 436 686 479 ipso
704 436 784 468 sacto
802 435 1010 476 incurrendis,

268 487 458 529 inhibemus,
483 499 521 521 ne
540 489 571 521 in
588 491 681 521 causa
707 494 734 521 et
761 489 874 529 causis,
892 489 930 521 ad
954 499 1011 522 nos

269 545 302 575 ut
318 542 495 585 praefertur
512 542 659 583 avocatis,
679 543 811 575 ulterius
827 542 1010 586 procedere,

269 604 324 627 seu
349 594 424 627 alias
449 605 481 627 sc
505 595 536 627 in
557 595 601 627 eis
625 595 770 637 ingerere
805 595 938 629 audeant
964 596 1010 629 vel

268 653 480 691 praesumant.

313 700 328 743 ἓ
352 700 382 733 3.
408 700 616 734 Decernentes
652 701 858 735 nihilominus
887 702 1010 734 irritum

270 759 300 787 et
324 753 427 793 inane,
444 754 470 786 si
491 764 580 787 secus
605 766 701 798 super
726 756 774 788 his
799 766 816 788 a
841 765 1011 800 quoquam,

270 806 379 851 quavis
393 807 588 849 auctoritate,
605 808 739 841 scienter
756 809 801 841 vel
819 809 1011 851 ignoranter,

271 860 440 903 contigerit
464 861 625 901 attentari;
651 862 772 895 sublata
796 861 965 906 praedictis
982 866 1012 895 et

270 913 432 957 quibusvis
457 914 525 947 aliis
558 914 731 957 iudicibus,
757 915 851 948 etiam
884 915 922 947 ab
953 915 1012 948 hae

270 967 381 1000 Sancta
407 967 485 1001 Sede
510 967 671 1010 delegatis,
689 968 798 1011 quavis
822 968 912 1001 aliter
937 967 1012 1001 iudi-

271 1020 360 1052 candi
379 1026 409 1053 et
432 1021 659 1065 interpretandi
685 1021 830 1054 facultate
854 1027 884 1053 et
909 1026 1012 1054 aucto-

270 1073 370 1106 ritate.
401 1075 469 1107 Non
504 1074 701 1108 obstantibus
736 1074 940 1118 praemissis,
976 1085 1012 1107 ac

270 1127 417 1160 omnibus
453 1128 513 1160 illis
545 1138 625 1171 quae
656 1128 687 1160 in
719 1128 832 1161 litteris
864 1128 1011 1171 praefatis

270 1182 426 1215 voluimus
453 1191 516 1214 non
540 1181 675 1224 obstare,
694 1181 870 1225 ceterisque
890 1186 1013 1215 contra-

269 1234 324 1268 riis
349 1234 611 1279 quibuscumque.

314 1289 425 1321 Datum
450 1289 584 1328 Romae,
610 1289 692 1332 apud
722 1289 750 1322 S.
778 1289 904 1322 Mariam
922 1289 1011 1323 Maio-

269 1353 347 1385 rem,
357 1342 414 1375 sub
428 1343 543 1375 annulo
560 1342 738 1383 Piscatoris,
757 1342 806 1375 die
816 1352 869 1376 xiv
886 1343 1011 1385 augusti

270 1407 427 1437 MDcxxxv,
452 1397 652 1441 pontificatus
676 1397 775 1430 nostri
800 1407 882 1430 anno
907 1397 987 1430 x111¹.

305 1459 364 1487 Dat.
383 1459 425 1487 die
442 1460 474 1488 14
490 1459 597 1494 augusti
615 1460 693 1493 1635,
711 1459 806 1495 pontif.
823 1468 894 1487 anno
910 1467 968 1487 xtn.

593 1576 693 1609 DXXI.

272 1640 401 1674 Clarum
425 1639 633 1672 Leodiensem
651 1639 816 1679 hortatur,
840 1645 876 1672 ut
900 1639 1012 1672 Ferdl-

313 1692 423 1726 nando
436 1692 677 1736 archiepiscopo
693 1693 886 1733 Coloniensi,
900 1693 929 1726 S.
939 1693 975 1726 R.
984 1693 1010 1726 I.

315 1746 460 1787 electori,
487 1746 624 1790 aliquod
655 1746 840 1779 subsidium
871 1747 1012 1789 conferre

312 1800 416 1844 possit
425 1798 445 1832 ².

272 1870 395 1899 Dilectis
422 1871 494 1898 filiis
524 1870 646 1899 decanis
668 1874 700 1899 et
719 1871 861 1906 capitulis
889 1868 1011 1899 inoioris

307 1917 337 1942 et
352 1915 580 1949 collegiatarum
600 1914 804 1948 ecclesiarum,
822 1922 857 1942 ac
871 1915 1012 1942 universo

307 1960 407 1993 clero,
432 1966 548 1986 necnon
576 1959 766 1993 regularibus
796 1959 1013 1994 cuiuscumque

307 2003 425 2032 Ordinis
441 2003 600 2037 utriusque
616 2010 721 2036 sexuS,
739 2003 874 2031 civitatis
890 2007 921 2031 et.
935 2004 1013 2032 dioe-

309 2048 388 2077 cesis
407 2047 593 2082 Leodiensis,

462 2094 599 2121 Urbanus
634 2093 713 2127 Papa
746 2093 825 2121 VIII.

539 2145 647 2173 Dilecti
674 2145 743 2179 filii,

309 2191 437 2219 salutem
457 2192 489 2218 ot.
509 2191 706 2225 apostolicam
728 2189 977 2219 benedictionem.

317 2252 351 2286 In
376 2252 499 2296 quantis
525 2252 658 2286 eorum³
674 2252 827 2296 angustiis
851 2257 944 2297 atque
961 2251 1015 2285 dif-

273 2306 474 2347 ficultatibus,
499 2306 540 2340 ob
564 2306 736 2340 concitatos
756 2306 874 2339 dudum
900 2316 917 2339 a
941 2305 1013 2339 fidei

310 2397 321 2422 1
339 2395 439 2422 Parum
464 2393 606 2429 probabile
628 2397 669 2421 est
690 2394 761 2429 quod
784 2394 836 2421 ista
855 2394 1013 2422 Constitutio

272 2435 307 2463 sit
320 2435 406 2463 solum
422 2435 540 2470 quinque
557 2433 653 2461 diebus
667 2434 801 2469 posterior
815 2435 1012 2470 praecedente3

271 2476 334 2504 iude
349 2479 443 2503 nostra
452 2475 574 2502 firmatur
588 2474 745 2502 coniectura
760 2483 820 2511 pag.
831 2476 885 2504 488
896 2476 911 2502 b
925 2480 987 2504 nota
1000 2479 1010 2504 1

272 2519 310 2551 (a.
326 2517 374 2550 T.).

306 2557 323 2583 2
339 2557 376 2584 Ex
392 2556 499 2592 Regest.
516 2556 543 2583 in
557 2555 659 2583 Secret.
676 2555 751 2583 Brev.

307 2597 323 2624 3
333 2596 401 2628 Quid
417 2596 562 2632 legendum
577 2604 625 2632 pro
641 2604 742 2623 eorum
758 2596 860 2630 nescio,
875 2596 964 2625 forsan
974 2597 1014 2625 le-

271 2637 389 2673 gendum
404 2645 505 2664 rerum
519 2636 561 2664 vel
576 2640 736 2672 temporum
750 2636 845 2672 (R.T.).

390 2691 468 2722 Bult.
485 2691 565 2723 Rom.
582 2706 617 2714 -·
636 2692 694 2722 Vol,
711 2690 786 2722 XIV.
930 2693 966 2723 62

1046 275 1217 309 catholicae
1237 276 1378 309 hostibus
1396 276 1427 309 in
1442 275 1611 310 Germania
1627 275 1786 309 bellorum

1046 334 1160 370 motus,
1178 335 1320 362 versetur
1345 330 1531 362 venerabilis
1562 330 1659 362 frater
1682 329 1787 362 Ferdi—

1046 383 1166 415 nandus
1197 383 1455 426 archiepiscopus
1483 382 1676 416 Coloniensis
1706 383 1786 415 sacri

1046 435 1168 468 romani
1195 435 1317 479 imperii
1342 435 1490 479 princeps
1510 436 1628 468 elector
1652 440 1682 468 et
1700 445 1788 478 prae-

1047 488 1093 520 sul
1118 492 1221 521 vester
1245 488 1450 531 (quamquam
1481 488 1622 531 ingentes
1646 499 1704 531 pro
1729 488 1786 520 sibi

1046 540 1166 573 credito
1200 541 1405 573 ecclesiarum
1441 541 1593 584 regimine
1624 546 1654 573 et
1678 551 1787 573 earum

1034 592 1137 637 ‚bonis
1156 603 1191 626 ac
1217 593 1348 626 subditis
1366 593 1489 626 tuendis
1503 597 1648 637 sumptus
1669 593 1787 633 fecerit,

1046 645 1180 689 ideoque
1205 646 1377 690 praecipua
1402 646 1583 680 facultatum
1612 646 1670 678 sibi
1690 657 1707 678 a
1724 647 1786 680 Deo

1047 708 1267 732 concessarum
1292 703 1379 742 parte
1404 700 1443 731 sit
1468 705 1590 740 exutus,
1607 700 1728 743 reliqua
1748 700 1787 732 ad

1047 757 1190 794 sumptus
1211 753 1415 793 necessarios,
1430 753 1510 785 sicut
1522 754 1712 796 accepimus,
1730 753 1788 785 mi—

1046 803 1130 836 nime
1144 804 1341 849 sufficiente),
1358 805 1624 849 quemadmodum
1638 806 1726 838 vobis
1739 817 1789 849 ap-

1046 857 1148 900 prime
1172 862 1281 890 notum
1306 868 1373 890 esse
1387 858 1612 899 existimamus,
1633 858 1678 891 sic
1695 859 1788 891 etiarn

1047 920 1109 943 non
1134 910 1314 943 dubitamus
1338 911 1405 944 fore
1434 915 1467 945 ut
1484 921 1538 944 vos
1555 911 1709 954 singulari
1728 915 1789 945 tan-

1048 964 1069 995 ti
1100 964 1254 1007 praesulis
1287 964 1353 997 zelo
1386 974 1449 997 non
1481 965 1722 1008 respondeatis,
1752 976 1789 997 ac

1047 1017 1233 1059 urgentibus
1259 1016 1343 1049 illius
1368 1017 1548 1060 indigentiis
1573 1018 1710 1060 gratiose
1726 1028 1789 1051 non

1047 1069 1247 1111 subveniatis,
1273 1071 1532 1115 praeclaramque
1557 1071 1596 1103 de
1620 1071 1674 1104 illo
1693 1071 1787 1104 bene-

1047 1124 1188 1157 merendi
1213 1124 1412 1157 occasionem
1438 1129 1585 1169 prompte
1613 1135 1677 1158 non
1700 1126 1785 1158 acci-

1046 1177 1147 1221 piatis.

1091 1232 1105 1275 ἓ
1124 1232 1151 1264 sl.
1170 1232 1379 1276 Quapropter,
1397 1243 1469 1265 cum
1486 1233 1553 1276 ipse
1572 1232 1789 1276 Ferdinandus

1046 1393 1260 1427 subventionis
1280 1393 1396 1427 auxilio
1421 1404 1623 1438 summopere
1642 1394 1790 1438 indigeat,

1046 1457 1114 1488 nos,
1130 1458 1190 1491 pro
1207 1448 1244 1480 ea
1262 1447 1483 1489 sollieitudine,
1502 1458 1595 1491 quam
1620 1448 1789 1481 universali

1046 1501 1203 1535 Ecclesiae
1227 1501 1397 1541 debemus,
1423 1501 1518 1535 officii
1549 1501 1649 1535 nostri
1684 1506 1789 1545 partes

1045 1554 1298 1598 praetermittere
1322 1555 1474 1595 nolentes,
1499 1565 1563 1595 vos,
1587 1555 1642 1598 qui
1666 1555 1696 1587 in
1720 1565 1789 1588 sor-

1046 1612 1108 1640 tem
1134 1607 1278 1648 Domini,
1304 1608 1394 1641 cuius
1419 1618 1512 1641 causa
1541 1608 1664 1651 agitur,
1690 1609 1789 1642 vocati

1046 1662 1135 1703 estis,
1160 1666 1290 1705 paterne
1315 1661 1346 1694 in
1377 1661 1511 1695 Domino
1539 1666 1657 1695 attente
1681 1662 1787 1695 horta—

1045 1725 1127 1758 mur,
1138 1720 1171 1748 ut
1184 1714 1311 1758 aliquod
1324 1715 1500 1748 subsidium
1515 1726 1591 1758 erga
1609 1716 1788 1759 praesulem

1046 1771 1075 1801 et
1094 1767 1272 1812 principem
1285 1772 1439 1810 nestrum,
1457 1768 1659 1801 observantia
1683 1774 1713 1801 et
1728 1769 1789 1812 pie-

1046 1826 1118 1862 tate,
1143 1832 1238 1866 quam
1263 1821 1440 1855 acrioribus
1464 1821 1599 1855 stimulis
1622 1832 1686 1856 non
1710 1823 1790 1856 indi-

1046 1885 1121 1918 gere
1143 1875 1236 1908 nobis
1260 1875 1498 1920 persuademus,
1519 1875 1630 1909 vestris
1655 1876 1790 1920 denique

1046 1929 1189 1973 personis
1205 1929 1336 1973 dignum
1354 1935 1383 1963 et
1403 1930 1539 1974 tempori
1564 1935 1789 1974 opportunum,

1047 1983 1149 2016 eidem
1173 1983 1372 2017 Ferdinando
1388 1983 1631 2028 archiepiscopo
1648 1989 1677 2017 et
1701 1984 1789 2028 prin-

1047 2035 1111 2080 cipi
1134 2040 1239 2070 vestro
1261 2037 1320 2069 hac
1345 2036 1412 2070 vice
1437 2036 1625 2071 concedatis.
1644 2037 1713 2071 Non
1728 2037 1790 2071 fru-

1047 2088 1209 2130 strabitur,
1234 2092 1268 2123 ut
1291 2099 1467 2133 speramus,
1488 2090 1597 2134 opinio
1620 2094 1739 2132 nostra,
1756 2095 1791 2124 ut

1048 2143 1080 2176 in
1104 2142 1216 2176 diebus
1247 2144 1512 2188 peregrinationis
1542 2149 1665 2178 vestrae
1693 2150 1723 2178 et
1758 2145 1791 2179 in

1047 2197 1173 2230 aeterna
1196 2195 1361 2230 beatorum
1386 2197 1594 2232 retributione
1611 2198 1693 2232 inter
1716 2198 1791 2232 hila-

1048 2260 1098 2283 res
1118 2249 1255 2291 datores,
1272 2261 1351 2294 quos
1375 2250 1477 2294 diligit
1500 2251 1662 2293 Dominus
1677 2252 1790 2286 merito

1048 2304 1341 2345 connumeremini,
1372 2310 1402 2338 et
1429 2305 1635 2350 apostolicam
1664 2306 1791 2340 benedi-

1048 2359 1184 2392 ctionem
1202 2358 1291 2393 vobis
1309 2359 1425 2393 iterum
1441 2360 1654 2405 impertimur.

1091 2412 1202 2445 Datum
1224 2413 1353 2454 Romae,
1378 2414 1462 2458 apud
1486 2414 1515 2448 S.
1540 2414 1669 2448 Mariam
1694 2414 1789 2447 Maio·

1048 2477 1124 2509 rem,
1140 2466 1197 2499 sub
1213 2466 1329 2500 annulo
1346 2466 1524 2509 Piscatoris,
1538 2467 1588 2500 die
1599 2477 1678 2501 xvm
1695 2477 1790 2511 augu-

1049 2520 1086 2554 sti
1104 2530 1264 2560 Mncxxxv‚
1277 2520 1485 2568 ,pontificatus
1500 2521 1601 2555 nostri
1625 2531 1706 2554 anno
1724 2531 1787 2554 11111,

1084 2584 1141 2612 Dat.
1157 2583 1200 2612 die
1217 2584 1248 2612 18
1263 2583 1369 2619 augusti
1386 2584 1465 2619 1635,
1481 2584 1575 2619 pontis.
1592 2592 1661 2612 anno
1677 2591 1734 2612 11111.

1692 216 1757 252 489
1803 227 1851 255 Α11.
1870 226 1897 254 C.
1917 226 1984 255 1635

1848 1246 1930 1266 Clerum
1946 1247 1985 1266 PP.

1046 1285 1312 1330 archiepiscopus,
1333 1286 1372 1318 ad
1400 1286 1606 1319 sublevandas
1635 1297 1672 1320 ex
1699 1291 1788 1330 parte
1803 1273 1989 1347 ξίἷῖιιὲῗὲἓΐὲιιὴεῑ.

1804 1333 1860 1346 llum
1891 1332 1913 1346 Ol*
1931 1332 1988 1346 lulin-

1046 1338 1258 1383 praesentium
1273 1344 1451 1383 temporum
1466 1340 1669 1381 calamitates,
1683 1340 1788 1384 aliquo
1804 1353 1831 1406 (ἐξ
1846 1353 1989 1406 ἓξὲξὲῗὲἐςω.
