2248 3229
113 233 166 264 Aa.
186 233 218 263 G.
234 233 303 264 1634

163 2278 195 2298 Ita
211 2277 301 2298 iudicari

117 2305 197 2325 statuit.

923 233 1064 261 uniamus

317 282 410 316 etiarn
435 292 471 315 ex
496 292 544 323 eo,
569 282 652 326 quod
670 282 700 315 in
719 283 911 327 praemissis,
932 293 987 317 seu
1003 293 1055 317 eo-

314 345 386 368 rum
411 334 527 379 aliquo,
551 335 766 369 solemnitates
791 342 820 369 et
844 337 970 380 quaevis
995 336 1074 369 alia

315 387 467 421 servanda
484 391 514 422 et
538 389 748 434 adimplenda,
769 395 889 422 servata
907 395 936 423 et
959 389 1056 422 adim-

315 442 397 486 pleta
422 453 484 476 non
509 443 642 484 suerint,
667 448 719 475 aut
737 453 772 475 ex
797 443 935 486 quovist
927 443 987 476 alio
1009 453 1057 475 ca-

314 495 394 539 pite,
426 506 443 528 a
471 496 541 529 iure
574 496 620 529 vel
658 496 739 529 sacto
775 501 825 529 ant
861 500 975 529 statuto
1009 495 1055 527 vel

315 548 541 582 consuetudine
566 549 670 593 aliqua
694 549 873 589 insultante,
891 559 945 582 scu
962 542 1074 591 etiam

315 602 464 643 enormis,
479 601 717 635 enoimissimae
735 607 765 635 et
782 602 885 635 totalis
900 601 1074 642 1ιιειειιῑ>ιιίε,1
1072 608 1074 622 ⁴

314 661 367 688 aut
384 666 587 700 quocumque
604 656 665 689 alio
684 656 799 699 colore,
821 656 913 689 etiam
933 656 963 688 in
984 666 1055 689 cor·

314 719 393 753 pore
407 709 485 742 iuris
502 709 618 751 clauso,
639 721 694 743 seu
711 710 875 744 occasione
888 710 935 742 vel
951 710 1055 749 causa,

314 762 408 795 etiam
440 763 641 806 quantumvis
677 763 777 804 iusta,
816 762 994 796 rationabili
1027 768 1074 795 etl

315 815 523 860 privilegiata,
549 817 642 850 etiam
668 817 729 859 tali,
756 827 836 860 quae
853 816 891 849 ad
909 815 1055 849 effectum
1073 845 1074 875 1

314 869 481 903 validitatis
494 870 742 914 praemissorum
759 869 938 903 necessario
956 869 1056 913 expri-
1073 879 1074 884 ¹

316 923 427 956 menda
448 924 538 964 foret,
564 929 617 957 aut
640 924 724 968 quod
755 923 793 956 de
817 923 978 956 voluntate
1002 932 1058 956 no-

314 977 379 1010 stra
402 976 585 1010 huiusmodi
603 982 633 1010 et
648 976 716 1010 aliis
736 975 881 1020 superius
900 975 1056 1019 expressis
1072 977 1074 999 ι’

314 1040 369 1063 seu
394 1030 501 1064 relatis
525 1030 603 1063 nihil
626 1029 717 1063 ullibi
735 1034 912 1074 appareret,
931 1039 986 1062 seu
1004 1029 1074 1061 ali-1

315 1090 362 1117 ter
385 1083 515 1127 probari
539 1087 655 1127 posset,
672 1082 786 1123 notari,
806 1082 994 1126 impugnari,
1014 1081 1056 1114 in-

315 1137 455 1178 validari,
478 1136 654 1177 retractari,
679 1136 710 1169 in
735 1136 783 1170 ius
804 1136 852 1169 vel
877 1139 1074 1170 controver-'

315 1191 392 1224 siam
418 1189 572 1231 revocari,
595 1195 649 1223 aut
673 1189 712 1222 ad
736 1189 888 1223 terminos
912 1190 990 1223 iuris
1010 1200 1057 1223 re-

314 1243 408 1285 duci,
433 1244 481 1277 vel
512 1243 663 1277 adversus
696 1243 764 1277 illas
793 1243 1000 1277 restitutionis
1025 1244 1074 1278 in?

314 1298 483 1342 integrum,
507 1297 691 1342 aperitionis
715 1297 790 1339 oris,
808 1298 1001 1332 reductionis
1017 1298 1074 1347 ads¹

315 1351 397 1385 viam
421 1356 452 1384 et
476 1351 629 1385 terminos
653 1351 740 1391 iuris,
764 1354 817 1385 aut
841 1351 925 1384 aliud
949 1351 1052 1394 quod·
1073 1352 1074 1365 ¹

315 1414 453 1449 cumque
477 1404 566 1448 iuris,
586 1404 658 1438 facti
672 1431 680 1445 ‚
704 1404 823 1447 gratiae
848 1404 896 1437 vel
920 1404 1074 1438 iustitiae}

314 1457 491 1491 remedium
524 1457 705 1502 impetrari,
737 1467 793 1490 seu
817 1457 1057 1501 quomodolibet

315 1511 456 1553 concedi,
472 1516 525 1545 aut
541 1511 708 1556 impetrato
723 1512 770 1545 vel
788 1521 938 1546 concesso
952 1523 1057 1556 quem-
1073 1520 1075 1542 ι

314 1566 400 1610 piam
429 1566 496 1607 uti,
529 1576 585 1600 seu
615 1576 648 1599 se
680 1566 787 1600 iuvare
812 1566 843 1600 in
868 1566 984 1600 iudicio
1008 1568 1056 1600 vel

315 1625 402 1654 extra
425 1630 534 1664 posse;
557 1630 659 1665 neque
683 1620 767 1665 ipsas
791 1626 972 1664 praesentes
997 1622 1056 1655 sub

315 1674 477 1719 quibusvis
502 1674 651 1708 similium
677 1675 725 1708 vel
750 1674 952 1709 dissimilium
984 1686 1056 1719 gra-

315 1728 430 1762 tiarum
463 1727 739 1770 revocationibus,
773 1728 1055 1773 suspensionibus,

316 1781 565 1823 limitationibus,
591 1787 644 1816 aut
667 1782 736 1816 aliis
761 1782 927 1816 contrariis
955 1782 1057 1828 dispo-

316 1835 481 1869 sitionibus
504 1845 563 1880 pro
588 1840 732 1880 tempore
758 1836 997 1882 quomodolibet
1015 1837 1057 1870 sa-

317 1889 435 1924 ciendis
452 1889 696 1934 comprehendi;
722 1890 778 1924 sed
797 1900 922 1935 semper
940 1891 978 1924 ab
996 1891 1056 1924 illis

316 1946 471 1988 exceptas,
496 1948 713 1988 perpetuoque
738 1943 865 1985 validas,
889 1944 998 1978 sirmas
1027 1950 1057 1978 ct

316 1997 457 2031 efficaces
482 1997 616 2030 existere
641 2002 670 2030 et
694 1997 771 2039 fore,
796 2008 933 2042 suosque
953 1999 1057 2043 plena-

316 2052 381 2086 rios
405 2057 436 2085 et
459 2051 597 2095 integros
627 2050 755 2086 effectus
783 2052 889 2085 sortiri
919 2057 949 2085 et
977 2053 1057 2086 obti-

315 2115 402 2147 nere,
427 2115 463 2139 ac
487 2115 545 2150 per
562 2114 672 2138 omncs
693 2110 722 2138 et
746 2105 897 2149 sinoulos,
918 2106 957 2138 ad
977 2117 1075 2160 quos¹

316 2163 436 2203 spectat
458 2161 489 2193 et
511 2159 749 2202 quomodolibet
773 2159 924 2203 spectabit
954 2159 985 2193 in
1010 2160 1032 2193 ft
1034 2172 1056 2193 ι-
1073 2181 1075 2195 ι

317 2218 433 2254 turum,
458 2212 679 2246 inviolabiliter
699 2212 792 2246 obsei
796 2222 850 2245 var
853 2213 877 2245 i·
871 2239 879 2253 ,

361 2267 377 2311 g
400 2266 430 2299 4.
455 2266 568 2311 Sicque
588 2271 618 2300 et
633 2276 697 2301 non
721 2267 812 2300 aliter
827 2267 859 2300 in
875 2267 1056 2312 praemissis

318 2320 465 2355 omnibus
489 2324 519 2354 et
542 2320 673 2363 singulis
695 2331 752 2365 per
769 2331 985 2366 quoscumque
1014 2319 1075 2354 iti-¹

317 2374 402 2408 dices
426 2373 603 2408 ordinarios
627 2380 658 2408 et
682 2374 851 2418 delegatos,
873 2375 966 2408 etiam
987 2386 1075 2409 (ῑιιιι-1

317 2439 423 2462 sarum
443 2428 549 2473 palatii
566 2428 730 2473 apostolici
755 2428 924 2471 auditores,
941 2434 971 2463 et
991 2440 1057 2463 san—

318 2486 385 2518 ctae
409 2483 567 2516 Romanae
583 2482 740 2516 Ecclesiae
761 2483 945 2526 cardinales,
963 2484 1057 2517 etiam
1073 2484 1075 2522 ξ

318 2535 357 2570 de
379 2535 477 2570 latere
500 2536 620 2580 legatos
637 2540 667 2569 et
691 2536 829 2578 nuntios,
845 2540 875 2571 et
890 2536 966 2570 alios
985 2547 1057 2580 qua-

319 2589 364 2622 vis
387 2590 573 2623 auctoritate
598 2594 628 2623 et
651 2594 806 2634 potestate
828 2590 1003 2634 fungentes,
1024 2584 1075 2640 in}

319 2643 427 2687 quavis
452 2645 546 2678 causa
570 2648 600 2677 et
625 2643 782 2685 instantia,
806 2643 928 2679 sublata
953 2644 997 2679 eis
1026 2650 1056 2679 et
1070 2642 1075 2687 ι’

1087 233 1144 259 vm
1167 234 1215 259 Pr.

1092 337 1317 381 interpretandi
1339 338 1482 371 facultate
1499 342 1529 369 et
1546 336 1743 377 auctoritate,
1764 337 1830 370 ubi<

1090 399 1150 433 que
1176 390 1305 423 iudicari
1337 396 1365 423 et
1399 390 1522 423 deliniri
1548 390 1679 431 debere3
1705 389 1830 422 irritum

1073 454 1217 487 quoque
1249 450 1277 477 et
1308 444 1398 476 inam
1451 444 1474 476 si
1508 454 1597 477 secus
1621 454 1716 488 super
1740 443 1788 477 his
1813 454 1830 476 ιι

1073 507 1259 540 quoquam,
1285 498 1393 540 quavis
1414 472 1609 539 i-tuctoiitatc,
1625 497 1758 531 scienter
1784 497 1829 530 vel

1091 550 1283 592 ignoranter,
1309 552 1476 594 contigerit
1501 553 1655 584 attcntwui

1135 621 1149 646 ‹
1174 603 1202 636 5
1235 604 1388 643 Quocirca
1420 605 1650 637 venerabilibus
1683 605 1830 639 fratribus

1090 656 1294 700 patriarchis,
1322 658 1530 701 primatibus,
1563 657 1808 702 archiepiscopis
1822 685 1830 699 ,

1090 773 1151 796 non
1185 763 1306 798 dilectis
1338 765 1409 797 tiliis
1441 764 1557 798 nostris
1582 769 1612 797 ct
1635 764 1831 808 Apostolicae

1091 816 1177 850 Sedis
1202 817 1328 858 nuntiis,
1347 828 1382 851 ac
1407 818 1582 851 haereticae
1604 818 1765 861 pravitatis
1785 818 1831 851 in-

1090 870 1297 914 quisitoribus
1314 871 1446 904 ubilibet
1460 872 1675 913 existentibus,
1689 883 1746 916 per
1759 882 1832 916 apo-

1072 934 1074 972 3
1091 924 1200 957 stolica
1212 924 1327 968 scripta
1345 925 1538 967 mandamus,
1558 930 1601 966 ut,
1619 925 1721 958 statim
1739 929 1831 970 atque

1090 982 1271 1021 praesentes
1288 978 1410 1011 litterae
1435 979 1472 1011 ad
1491 989 1600 1011 corum
1620 984 1649 1012 et
1666 979 1833 1012 cuiuslibet

1091 1040 1201 1063 eorum
1227 1031 1369 1065 notitiam
1394 1032 1606 1075 pervenerint,
1624 1032 1654 1064 in
1679 1034 1734 1065 sua
1751 1032 1832 1076 quis-

1072 1095 1150 1131 ⁴{quc
1175 1086 1347 1129 respective
1373 1086 1508 1120 dioecesi
1527 1086 1573 1119 vel
1598 1086 1760 1129 provincia
1788 1097 1832 1119 se-

1089 1138 1163 1173 dulo
1188 1139 1373 1183 pervigilet,
1400 1150 1437 1173 ne
1462 1140 1528 1173 sine
1550 1139 1832 1184 approbationibus

1090 1192 1258 1236 praedictis
1277 1193 1429 1236 imagines
1443 1204 1515 1226 cum
1532 1193 1716 1227 memoratis
1734 1193 1831 1236 signis

1090 1250 1303 1290 exponantur,
1328 1252 1380 1280 aut
1411 1247 1583 1287 miracula,
1609 1247 1831 1288 revelationes,

1090 1309 1125 1332 ac
1142 1299 1293 1333 beneficia
1319 1300 1480 1344 praedicta
1499 1301 1709 1344 public-entia,
1736 1301 1833 1334 aliave

1090 1358 1199 1386 contra
1218 1354 1365 1397 superius
1383 1354 1534 1398 disposita
1552 1354 1644 1394 siant,
1663 1360 1834 1398 transgres-

1091 1416 1178 1440 sores
1203 1417 1278 1440 vero
1304 1407 1327 1440 si
1354 1407 1516 1451 regulares
1541 1408 1667 1451 fuerint,
1689 1408 1834 1452 privatio-

1090 1460 1137 1493 nis
1162 1470 1292 1494 suorum
1326 1461 1520 1503 officiorum,
1547 1472 1580 1494 ac
1606 1461 1690 1495 vocis
1715 1462 1832 1495 activae

1091 1519 1120 1547 et
1136 1514 1288 1558 passivae,
1302 1524 1425 1560 necnon
1443 1515 1657 1559 suspensionis
1677 1526 1693 1548 a
1710 1515 1832 1556 divinis,

1091 1569 1117 1601 si
1138 1578 1212 1602 vero
1237 1568 1342 1602 clerici
1369 1569 1536 1612 seculares,
1563 1570 1749 1614 privationis
1772 1581 1833 1614 pa—

1091 1621 1168 1655 riter
1192 1633 1323 1656 suorum
1349 1623 1552 1664 officiorum,
1578 1624 1792 1668 suspensionis
1817 1636 1833 1657 a

1073 1675 1204 1713 ⁴divinis
1229 1680 1259 1711 et
1282 1677 1320 1709 ab
1345 1677 1616 1712 administratione
1648 1688 1830 1712 sacramen-

1091 1733 1206 1771 torum,
1231 1730 1505 1775 exequutioneque
1530 1741 1661 1765 suorum
1686 1732 1833 1766 ordinum

1074 1783 1275 1828 ,respectivffi
1297 1784 1428 1828 aliisque
1448 1784 1580 1818 arbitrio
1597 1785 1832 1829 praedictorum

1090 1837 1330 1872 Ordinariorum
1346 1849 1401 1872 seu
1418 1839 1640 1884 inquisitorum
1663 1851 1721 1884 pro
1738 1841 1833 1874 modo

1091 1892 1200 1936 culpae
1227 1892 1405 1936 infligendis
1437 1893 1547 1937 poenis
1575 1894 1740 1938 plectendo
1765 1894 1833 1938 (qui

1090 1950 1196 1978 autem
1220 1945 1318 1979 libros
1343 1945 1578 1990 impresserint,
1604 1951 1656 1980 aut
1681 1947 1833 1990 imagines

1091 1999 1259 2043 pinxerint,
1285 2000 1484 2043 sculpserint,
1509 2010 1563 2033 seu
1589 2011 1717 2045 quoquo
1738 2001 1833 2035 modo

1091 2053 1246 2086 affixerint
1272 2054 1317 2086 vel
1343 2055 1558 2097 tormaverint,
1579 2055 1740 2098 ceterique
1762 2055 1833 2088 arti—

1090 2105 1165 2139 fices
1190 2107 1274 2140 eirca
1298 2107 1470 2151 praemissa
1495 2108 1766 2152 (pialitercumque
1783 2109 1833 2142 dc-

1073 2160 1284 2203 linquentes,
1309 2161 1469 2204 praedicta
1500 2162 1605 2194 onmia
1637 2163 1778 2196 amittant
1803 2168 1829 2196 et

1072 2209 1222 2258 insuper
1245 2214 1445 2258 pecuniariis,
1462 2215 1594 2259 aliisque
1610 2215 1703 2249 etiam
1723 2227 1832 2261 corpo-

1073 2267 1209 2317 jralibus
1233 2268 1344 2312 poenis
1370 2269 1455 2302 iuxta
1479 2269 1619 2303 criminis
1637 2271 1829 2313 gravitatem,

1074 2321 1276 2363 eorumdem
1302 2322 1556 2364 Ordinariorum,
1582 2335 1636 2357 seu
1662 2324 1830 2368 inquisito-

1091 2387 1161 2408 rum
1193 2375 1325 2410 arbitrio
1354 2377 1559 2421 afficiantur),
1585 2377 1830 2412 contradictores

1091 2429 1245 2473 quoslibet
1271 2435 1301 2462 et
1325 2431 1476 2472 rebelles,
1501 2442 1535 2465 ac
1562 2431 1743 2475 praemissis
1768 2442 1831 2465 non

1091 2489 1244 2527 parentes,
1269 2494 1326 2528 per
1347 2485 1525 2527 sententias,
1541 2494 1687 2517 censuras
1706 2489 1735 2518 et
1754 2496 1830 2529 poe-

1073 2542 1075 2578 ζ
1090 2547 1144 2569 nas
1163 2537 1399 2578 ecclesiasticas,
1415 2537 1537 2581 aliaque
1554 2542 1732 2582 opportuna
1753 2538 1831 2572 iuris

1090 2595 1119 2623 et
1144 2592 1223 2623 facta
1250 2590 1397 2631 remedia,
1416 2590 1502 2624 omni
1519 2596 1548 2624 et
1565 2601 1763 2636 quacumque
1779 2602 1831 2636 ap-

1089 2644 1267 2688 pellatione,
1287 2655 1418 2678 recursu
1437 2649 1467 2680 et
1487 2645 1713 2681 reclamatione
1730 2656 1831 2682 remo-

1737 225 1803 261 439
1848 236 1898 264 An.
1918 237 2030 268 &1634

1073 293 1200 317 eorum
1227 283 1357 318 cuilibet
1381 283 1490 328 quavis
1515 282 1605 318 aliter
1624 283 1783 316 iudicandi
1801 288 1831 317 et

1887 620 2030 645 livequutures

1846 646 1949 670 ·l·⁴1uit‘=t,
2024 664 2027 665 ι

1846 674 1930 693 uentilat
1960 674 2029 698 puniri

1091 705 1248 754 episeopis
1266 715 1294 743 et
1317 711 1384 743 aliis
1406 711 1549 743 locorum
1570 710 1753 751 ordinm-fig,
1773 721 1831 745 nec
1855 705 1875 718 ω
1905 705 1949 723 >run
1965 707 1975 717 ι»
1990 706 2009 719 ιι
