2248 3229
213 208 263 236 An.
281 208 310 237 c.
333 208 401 237 1634
446 199 510 235 376

240 750 356 776 officiaque
377 752 397 770 et

213 778 329 798 notariatus
353 782 397 797 cru·

213 806 283 824 etatae
293 804 324 823 vel
336 809 395 823 excu-

213 833 252 850 sati
270 830 336 850 vendi.

242 1605 361 1626 clausulae.

291 2407 404 2433 Derogauo

222 2436 383 2456 contrariorum.

411 258 617 302 quinquennii
642 257 828 291 concordiae
848 262 878 290 et
902 256 1150 290 confirmationis

412 311 600 355 apostolicae
625 309 815 351 huiusmodi,
833 309 980 353 quodque
995 309 1033 342 de
1046 313 1151 342 cetero

411 376 428 397 a
451 363 631 408 praemissis
648 362 777 396 omnino
793 362 957 403 abstineat,
975 362 1075 396 donec
1091 362 1152 395 alia

412 428 482 450 cum
503 416 621 449 eisdem
637 416 722 449 clero
740 416 909 449 concordia
925 416 1060 460 desuper
1077 415 1152 448 inita

412 474 441 502 et
465 469 637 513 apostolica
667 469 853 502 auctoritate
878 469 1064 502 confirmata
1084 469 1152 502 fue-

411 523 461 563 rit,
480 526 519 564 et,
538 522 578 555 ob
596 532 766 564 gravamen
783 521 902 555 eisdem
923 523 1007 555 clero
1032 522 1151 555 illatum

412 586 448 608 ac
472 585 620 608 censuras
644 580 674 607 et
697 585 814 619 poenas
845 575 1070 609 ecclesiasticas
1095 586 1152 620 per

412 639 484 661 eum
501 633 669 672 propterea
687 628 839 670 incursas,
857 628 1066 663 conscientiae
1080 640 1152 663 suae

412 682 562 715 consulat.

457 736 472 779 ἓ
495 735 524 769 3.
551 736 717 769 Praeterea
736 736 881 769 eumdem
900 736 1152 770 commissarium

412 789 598 822 auctoritate
622 791 730 823 nostra
755 800 893 831 moneas,
912 800 952 823 ne
978 790 1154 824 notariatus

413 847 444 875 et
468 843 570 876 officia
603 843 782 885 cruciatae,
807 843 939 876 subsidii
971 848 1001 876 et
1031 843 1154 887 primae

413 896 554 929 decimae
584 897 721 930 excusati
751 896 923 940 nuncupati
952 896 1153 937 huiusmodi,

413 961 486 983 cum
510 950 723 983 ecclesiastica
746 950 848 984 officia
868 951 939 991 sint,
959 961 977 983 a
1001 950 1154 983 ministris

413 1003 509 1047 regiis
534 1004 626 1037 vendi
659 1014 714 1037 seu
746 1004 875 1037 alienari
907 1014 1034 1048 quoquo
1060 1004 1154 1038 modo

412 1057 584 1102 permittat,
609 1056 775 1101 minusque
799 1062 891 1100 cogat
914 1057 1033 1090 clerum
1051 1057 1089 1090 ad
1109 1067 1156 1091 so-

413 1111 564 1146 lutionem
577 1110 714 1155 aliquam
728 1111 901 1144 faciendam
917 1111 961 1144 eis
978 1111 1031 1155 qui
1051 1110 1155 1144 officia

414 1166 606 1206 huiusmodi,
632 1165 696 1198 sive
721 1165 854 1207 alterum
879 1175 1001 1205 eorum,
1022 1164 1153 1207 ement¹,

415 1229 470 1253 seu
501 1219 561 1251 iam
591 1219 698 1251 forsan
722 1218 761 1250 de
793 1218 873 1251 sacto
905 1217 1059 1258 emerint,
1083 1228 1156 1251 nos-

413 1283 484 1317 que,
506 1272 564 1305 sub
581 1271 915 1305 excommunicationis
932 1272 1011 1304 latae
1031 1276 1154 1304 senten-

412 1326 473 1359 tiae
504 1327 606 1370 poena
632 1335 688 1369 per
719 1325 976 1359 contrafacientes
1012 1325 1081 1369 ipso
1111 1325 1156 1358 sa-

413 1385 463 1413 cto
481 1379 681 1420 incurrenda,
697 1379 779 1412 serio
794 1379 973 1423 prohibere,
993 1389 1032 1412 ne
1053 1378 1156 1412 officia

414 1437 443 1468 et
466 1433 526 1466 alia
550 1433 689 1477 praefata
720 1438 864 1466 emantur
889 1433 936 1465 vel
961 1432 1156 1474 vendantur,

414 1487 468 1521 sed
488 1487 571 1521 circa
591 1487 668 1520 haec
686 1487 806 1520 servari
820 1486 936 1519 debere
950 1486 1065 1528 omnia,
1077 1497 1156 1530 quae

413 1541 565 1575 hactenus
590 1540 710 1573 servari
735 1545 974 1574 consueverunt.

459 1595 473 1638 ἓ
490 1594 519 1627 li.
545 1595 754 1627 Decernentes
771 1599 952 1638 praesentes
969 1593 1089 1627 litteras
1110 1603 1158 1626 va-

414 1649 502 1690 lidas,
527 1648 636 1682 sirmas
662 1653 692 1681 et
716 1649 858 1682 efficaces
883 1648 1016 1681 existere
1033 1652 1063 1681 et
1080 1648 1157 1688 fore,

415 1713 552 1747 suosque
576 1702 735 1747 plenarios
749 1708 779 1735 et
794 1702 936 1745 integros
953 1701 1081 1735 effectus
1094 1712 1159 1735 sor-

416 1757 468 1790 tiri
493 1761 523 1790 et
547 1756 701 1796 obtinere,
730 1756 838 1799 sicque
862 1760 892 1788 et
912 1765 975 1789 non
994 1756 1086 1789 aliter
1102 1766 1158 1799 per

416 1820 634 1853 quoscumque
658 1809 776 1842 iudices
801 1809 978 1842 ordinarios
1009 1813 1039 1841 et
1067 1808 1158 1841 dele-

417 1868 522 1907 gatos,
548 1864 642 1897 etiam
668 1873 834 1896 causarum
863 1862 969 1907 palatii
994 1861 1157 1906 apostolici

416 1917 586 1958 auditores,
611 1927 646 1950 ac
672 1922 796 1950 sanctae
822 1916 980 1950 Romanae
1000 1916 1158 1949 Ecclesiae

417 1971 601 2011 cardinales,
616 1970 708 2003 etiam
730 1970 768 2003 de
782 1970 878 2003 latere
896 1970 1016 2012 legatos
1037 1975 1067 2003 et
1083 1979 1159 2002 nun-

417 2025 492 2065 cios,
510 2024 618 2069 quavis
636 2023 821 2057 auctoritate
836 2023 1010 2066 fungentes,
1037 2022 1159 2056 sublata

417 2078 461 2112 eis
485 2083 515 2111 et
547 2088 656 2111 eorum
690 2077 818 2110 cuilibet
847 2076 955 2120 (plavis
985 2076 1075 2109 aliter
1105 2076 1155 2108 iu-

417 2131 540 2165 dicandi
554 2136 584 2164 et
597 2130 822 2174 interpretandi
847 2130 993 2163 facultate
1010 2135 1040 2163 et
1057 2134 1160 2163 aucto-

417 2185 518 2225 ritate,
533 2184 664 2217 iudicari
681 2194 717 2216 ac
734 2183 858 2216 definiri
875 2183 1006 2223 debere;
1033 2183 1158 2217 irritum

418 2249 544 2283 quoque
576 2243 606 2271 et
636 2237 749 2278 inane,
781 2237 806 2269 si
837 2247 927 2270 secus
951 2248 1046 2281 super
1070 2237 1120 2270 his
1143 2247 1161 2269 a

418 2303 588 2337 quoquam,
609 2292 717 2335 quavis
735 2291 933 2332 auctoritate,
959 2291 1093 2325 scienter
1113 2291 1160 2324 vel

419 2348 616 2391 ignoranter,
643 2346 810 2389 contigerit
830 2346 984 2380 attentari.

464 2402 479 2445 ,ξ
499 2401 528 2434 5.
550 2401 617 2434 Non
632 2400 827 2434 obstantibus
841 2399 1115 2433 constitutionibus
1133 2403 1163 2432 et

420 2455 670 2489 ordinationibus
696 2454 894 2499 apostolicis,
919 2464 955 2488 ac
980 2453 1162 2498 quibusvis,

422 2508 513 2542 etiam
529 2508 716 2548 iuramento,
730 2507 967 2542 confirmatione
981 2507 1163 2551 apostolica,

421 2561 468 2594 vel
492 2561 601 2604 quavis
620 2561 769 2594 firmitate
782 2561 842 2594 alia
861 2560 1028 2601 roboratis,
1042 2559 1163 2593 statutis

421 2619 451 2648 et
482 2615 782 2657 consuetudinibus,
814 2615 987 2660 privilegiis
1019 2624 1163 2659 quoque,

996 209 1175 234 BULLARIUM
1197 209 1350 235 ROMANUM

1183 256 1321 299 indultis,
1345 258 1457 290 litteris
1481 259 1672 302 apostolicis,
1697 258 1748 293 et¹
1773 259 1922 293 commis-

1185 310 1267 343 sario
1291 309 1453 354 praedicto
1471 321 1531 354 pro
1555 315 1697 355 tempore
1722 312 1876 354 existenti,
1894 318 1924 346 et

1185 362 1347 406 quibusvis
1364 364 1442 404 aliis,
1463 364 1495 396 in
1519 365 1711 397 contrarium
1726 366 1920 409 praemisso-

1185 427 1257 449 rum
1273 417 1511 460 quomodolibet
1534 417 1698 459 concessis,
1725 419 1904 462 approbatis
1916 446 1923 459 ,

1186 469 1379 504 confirmatis
1404 474 1434 504 et
1457 470 1626 511 innovatis3
1646 471 1760 514 quibus
1778 472 1925 505 omnibus

1187 528 1217 556 et
1241 522 1382 566 singulis,
1408 534 1518 557 eorum
1532 524 1674 557 omnium
1691 529 1817 558 tenores
1836 535 1925 568 prae-

1187 576 1327 610 sentibus
1351 587 1411 620 pro
1430 577 1522 620 plene
1542 582 1573 610 et
1588 577 1778 610 sufficienter
1798 588 1926 621 expres-

1187 630 1228 663 sis
1245 640 1281 663 ac
1297 630 1335 662 ad
1353 630 1483 663 verbum
1508 630 1633 664 insertis
1650 630 1813 672 habentes,
1831 630 1869 663 ad
1887 631 1927 664 ef-

1187 684 1300 716 fectum
1317 683 1528 727 praemissum
1543 684 1719 727 specialiter
1734 689 1764 717 et
1781 694 1927 728 expresse

1187 737 1391 780 de1·ogamus;
1413 736 1588 780 ceterisque
1607 737 1774 770 contrariis
1798 737 1926 781 quibus-

1188 800 1334 834 cumque.

1232 844 1343 876 Datum
1361 843 1489 884 Romae,
1502 844 1585 888 apud
1601 844 1630 877 S.
1649 844 1786 885 Petrum,
1803 844 1861 876 sub
1878 854 1927 877 an-

1188 897 1262 930 nulo
1280 896 1463 937 Piscatoris,
1489 896 1539 930 die
1571 907 1590 930 x
1620 896 1723 930 martii
1748 906 1927 937 ΜΒΟΧΧΧΝ,

1188 948 1391 994 pontificatus
1411 950 1510 983 nostri
1540 960 1621 984 anno
1650 960 1693 984 xl.

1224 1012 1282 1040 Dat.
1299 1012 1342 1040 die
1357 1012 1373 1040 6
1390 1012 1481 1040 martii
1498 1012 1576 1047 1634,
1593 1012 1689 1048 pontif·
1704 1021 1773 1041 anno
1790 1021 1826 1040 xi.

1469 1156 1634 1190 CDLXXXI
1640 1182 1645 1188 .

1192 1238 1414 1273 Committitur
1438 1238 1558 1271 nuncio
1582 1237 1755 1278 Franciae,
1776 1243 1812 1271 ut
1828 1239 1933 1272 absol-

1234 1294 1288 1324 vat
1304 1291 1417 1324 ducem
1434 1290 1472 1323 de
1487 1290 1666 1334 Espernon,
1687 1291 1820 1335 eiusque
1835 1292 1931 1325 mini-

1234 1349 1327 1385 siros,
1348 1344 1390 1377 acl
1409 1348 1544 1388 tempus,
1563 1355 1637 1377 cum
1653 1344 1878 1386 reincidentiti,
1892 1347 1931 1378 ab

1235 1397 1578 1438 eoecommimicalione,
1595 1397 1737 1442 aliisque
1750 1399 1894 1431 censuris
1903 1403 1932 1432 el

1231 1452 1355 1497 poeni&
1376 1452 1412 1485 in
1429 1462 1511 1496 quas
1523 1451 1677 1485 incidisse
1694 1451 1853 1485 declarati
1864 1453 1932 1495 fue-

1234 1510 1314 1539 runt
1330 1506 1370 1539 ab
1386 1505 1627 1550 archiepiscopo
1644 1505 1882 1550 Burdeqalensi
1895 1506 1932 1539 ob

1235 1559 1407 1592 violentias
1432 1559 1534 1592 eidem
1554 1559 1793 1603 archiepiscopo
1812 1563 1840 1592 et
1857 1569 1933 1592 non-

1235 1612 1342 1646 nullis
1366 1622 1381 1645 e
1404 1612 1485 1645 clero
1510 1612 1652 1645 civitatis
1676 1612 1932 1656 Burdeyctlensis

1236 1666 1350 1699 illatas
1363 1665 1383 1698 ⁹.

1192 1746 1307 1775 Dilecto
1322 1746 1383 1774 filio
1399 1747 1515 1779 nostro,
1530 1746 1696 1774 Alexandro
1713 1746 1742 1774 S.
1755 1747 1787 1774 R.
1805 1746 1835 1774 E.
1850 1753 1933 1782 pres-

1226 1794 1331 1827 bytero
1352 1791 1499 1820 cardinali
1520 1791 1623 1819 Bichio
1642 1794 1827 1826 nuncupato,

1382 1845 1519 1873 urbanus
1553 1846 1633 1879 Papa
1665 1845 1745 1873 VIII.

1404 1907 1518 1935 Dilecto
1539 1907 1582 1934 fili
1602 1909 1720 1941 noster,

1227 1953 1357 1981 salutem
1377 1954 1408 1980 et
1428 1952 1626 1987 apostolicam
1648 1951 1897 1980 benedictionem.

1237 2023 1327 2057 Alma
1343 2028 1373 2056 et
1386 2022 1438 2067 pia
1451 2027 1550 2056 mater
1563 2022 1703 2056 Ecclesia
1720 2022 1751 2056 in
1766 2033 1837 2057 reos
1854 2023 1947 2057 iuste.

1194 2082 1224 2110 et
1247 2087 1355 2110 severe
1370 2076 1599 2116 animadvertit,
1613 2075 1740 2109 eosdem
1754 2077 1936 2121 resipiscen-

1195 2135 1239 2165 tes
1256 2134 1364 2174 postea
1380 2129 1503 2174 recipit,
1520 2140 1556 2163 ac
1572 2129 1715 2174 deposita
1732 2130 1836 2163 cordis
1853 2130 1936 2164 duri-

1194 2185 1235 2218 tie
1246 2184 1368 2218 veniam
1385 2183 1547 2217 humiliter
1556 2184 1786 2228 postulantibus
1799 2185 1935 2228 benigne

1195 2239 1429 2281 clementerque
1455 2237 1599 2281 ignoscit.

1239 2292 1254 2336 ἓ
1278 2291 1307 2324 i.
1333 2290 1452 2334 Exponi
1473 2291 1629 2335 siquidem
1645 2291 1736 2325 nobis
1749 2302 1850 2336 nuper
1863 2292 1936 2326 fecit

1195 2345 1310 2379 nobilis
1324 2344 1372 2378 vir
1385 2345 1516 2378 Ioannes
1539 2345 1683 2390 Aloysius
1697 2345 1759 2378 dux
1772 2345 1810 2379 de
1822 2346 1936 2390 Esper-

1195 2409 1259 2432 non
1283 2409 1319 2431 ac
1343 2398 1523 2442 provinciae
1552 2398 1743 2442 Aquitaneae
1774 2410 1833 2444 pro
1863 2399 1938 2433 cha-

1196 2452 1322 2485 rissimo
1347 2451 1379 2484 in
1402 2452 1525 2486 Christo
1549 2451 1614 2485 filio
1642 2457 1751 2486 nostro
1782 2452 1938 2486 Ludovico

1197 2506 1392 2540 Francorum
1406 2516 1481 2549 rege
1498 2505 1760 2540 christianissimo
1780 2505 1937 2549 guberna-

1232 2578 1245 2604 1
1263 2577 1348 2605 Antea
1363 2585 1424 2613 pag.
1441 2577 1492 2605 375
1507 2586 1526 2604 α
1540 2576 1641 2605 lectum
1656 2576 1706 2604 fuit
1720 2577 1810 2606 eliam
1825 2577 1864 2612 (a.
1876 2578 1924 2613 τ.).

1231 2622 1249 2650 2
1262 2622 1301 2650 Ex
1316 2622 1424 2658 Regest.
1441 2622 1468 2650 in
1482 2621 1583 2650 Secret.
1600 2622 1678 2650 Brev.

1932 210 1980 240 An.
2001 211 2029 239 C.
2052 211 2120 241 1634

1976 2034 2097 2057 Exordium·

1978 2299 2039 2322 Facti
2053 2298 2126 2322 serien.
