2248 3229
95 249 148 278 An.
164 249 193 277 G.
213 248 279 278 1639

907 252 1051 278 nunnius

296 296 483 336 vinciarum,
493 297 587 331 etiam
598 297 786 339 iuramento,
798 299 1041 334 confirmatione

296 351 483 396 apostolica,
507 352 554 384 vel
576 351 685 396 quavis
713 352 774 384 alia
806 352 955 386 firmitate
987 364 1039 388 ro-

297 404 432 443 boratis,
457 405 580 438 statutis
606 411 636 438 et
661 405 952 447 consuetudinibus,
975 407 1041 451 ‘pri-

298 458 420 502 vilegiis
445 469 582 503 quoque,
600 457 728 491 indultis
745 464 775 491 et
793 458 904 492 litteris
921 466 1042 504 aposto·
1058 474 1059 479 ¹

297 511 384 552 ucis,
404 511 507 545 eidem
527 511 654 552 ordini,
679 512 826 556 illiusque
851 496 1059 556 provinciis,l

297 565 515 609 superioribus
528 570 558 598 et
571 564 732 607 fratribus,
747 570 774 598 et
789 565 1041 611 quibuscumque
1058 561 1059 576 ¹

296 619 374 659 aliis,
400 619 459 651 sub
484 618 737 663 quibuscumque
758 619 921 652 tenoribus
935 625 963 652 et
978 620 1040 653 foi·-

296 672 367 712 inis,
385 677 415 704 et
432 682 503 705 cum
530 670 693 716 quibusvis
717 672 811 704 etiam
829 672 1042 715 derogatoria-
1058 676 1059 684 ¹

296 735 366 758 rum
393 724 623 766 derogaturus,
655 724 788 769 aliisque
813 723 1060 759 efficacioribus*

296 783 327 811 et
360 778 494 811 insolitis
525 778 695 819 clausulis,
727 778 988 823 irritantibusque
1012 786 1042 813 et

296 830 365 863 aliis
389 830 535 873 decretis,
557 831 588 864 in
609 841 725 873 genere
750 831 797 864 vel
823 831 853 865 in
875 833 988 876 specie,
1006 816 1061 869 acl

296 884 374 917 alias
398 884 429 917 in
455 885 648 918 contrarium
682 885 932 930 praemissorum
963 898 1041 931 quo-

297 938 470 972 modolibet
494 938 661 979 concessis,
686 939 881 973 confirmatis
907 946 937 973 et
958 940 1060 974 inno-¹

297 993 389 1032 x·atis;
414 991 528 1036 quibus
552 992 700 1026 omnibus
716 998 746 1026 et
763 993 905 1037 singulis,
920 994 1041 1027 etiamsi
1059 983 1060 993 ¹

297 1046 335 1079 de
360 1045 421 1079 illis
445 1055 621 1089 eoi-umque
646 1045 719 1079 totis
744 1047 907 1080 tenoribus
927 1048 1061 1095 specia-²

296 1100 345 1140 lis,
371 1099 528 1144 specifica,
553 1110 700 1145 expressa
717 1105 747 1133 et
765 1100 924 1134 individua
948 1112 984 1134 ac
1003 1101 1042 1134 de
1058 1097 1061 1148 ξ

299 1153 395 1187 verbo
419 1152 458 1186 ad
483 1153 632 1194 verbum,
657 1164 719 1187 non
744 1160 850 1187 autem
878 1166 935 1199 per
960 1155 1060 1188 clau-¹

296 1207 380 1240 sulas
396 1207 560 1251 generales
581 1207 662 1240 idem
682 1207 898 1251 iiiiportantes,
924 1209 1042 1242 mentio
1059 1242 1061 1249 s

296 1271 351 1294 seu
375 1261 504 1305 quaevis
536 1261 596 1294 alia
629 1261 791 1305 expressio
822 1262 966 1295 habenda
990 1255 1061 1297 autv

296 1315 401 1359 aliqua
418 1315 478 1348 alia
488 1315 643 1359 exquisita
654 1317 754 1348 l'oriua
769 1315 806 1348 ad
822 1317 880 1349 lioc
890 1317 1042 1349 servanda
1059 1311 1060 1315 ¹

295 1369 396 1409 soret,
420 1368 548 1402 illorum
574 1368 716 1402 omnium
743 1375 868 1402 tenores
897 1373 1061 1413 praesen-l

296 1422 380 1455 tibus
404 1432 462 1466 pro
487 1423 578 1466 plene
610 1426 639 1456 et
669 1422 861 1456 sufficienter
885 1420 1061 1467 expressis'

296 1476 468 1516 habentes,
493 1476 555 1508 illis
579 1476 655 1509 alias
681 1477 710 1510 in
736 1487 793 1510 suo
823 1479 939 1510 robore
971 1470 1061 1521 per-¹

297 1530 466 1569 mansuris,
480 1530 518 1562 ad
535 1530 784 1574 praemissorum
801 1530 959 1572 effectum,
974 1541 1042 1575 spe-

296 1583 417 1617 cialiter
430 1589 460 1616 et
474 1593 622 1627 expresse
639 1584 848 1627 dei·ogamiis;
865 1584 1042 1629 ceterisque
1059 1603 1060 1610 κ

296 1637 462 1671 contrariis
487 1637 751 1681 quibuscumque.

339 1691 451 1724 Datum
467 1691 594 1730 Romae,
605 1691 688 1735 apud
702 1691 731 1724 S.
742 1690 870 1724 Mariam
881 1691 1042 1732 Maiorem,
1058 1706 1061 1713 ¹

296 1743 354 1777 suh
362 1744 478 1778 annulo
488 1743 665 1784 piscatoris,
676 1744 726 1776 die
734 1754 775 1777 xii
786 1744 858 1777 maii
868 1754 1042 1786 mcxxxix,

296 1797 498 1842 pontificatus
521 1798 619 1832 nostri
642 1808 724 1831 anno
741 1808 804 1832 xvi.

331 1861 390 1889 Dat.
412 1861 454 1889 die
476 1863 508 1890 12
528 1862 591 1890 maii
611 1862 686 1896 1639,
708 1861 804 1898 pontif.
822 1871 894 1891 anno
912 1869 968 1891 xvi.
1058 1851 1061 1865 ⁵

598 2033 734 2068 DCXLII.

296 2121 493 2162 Declaratio,
518 2122 606 2166 quod
626 2132 684 2166 pei·
708 2122 942 2155 alienationem
967 2132 1043 2165 quo-

339 2186 557 2219 rumcumque
582 2176 724 2209 locorum
751 2177 787 2208 in
813 2176 906 2209 Smin
930 2175 1041 2209 Eccle-

340 2229 470 2263 siastico
480 2230 691 2263 existen-'iiim
706 2241 767 2263 non
783 2234 929 2262 consetur
942 2234 1042 2262 traus-

342 2283 429 2316 Iatus
450 2284 485 2315 iii
506 2284 728 2327 (icqw'reiileiii
754 2283 872 2315 titulus
893 2283 1040 2322 ducatus,

338 2337 560 2380 principatus,
586 2337 834 2369 marchionatu<
866 2337 913 2369 vel
942 2337 1040 2368 comi-

343 2394 447 2429 tatus,
474 2390 551 2422 locis
576 2389 767 2422 huiusmodi
792 2400 960 2427 (innexus,
994 2389 1041 2422 vel

341 2444 378 2475 in
402 2443 447 2475 eis
472 2447 606 2481 erectus,
632 2443 682 2475 vet
703 2443 799 2475 illurn
824 2442 1042 2485 transferendi

341 2497 418 2530 dala
440 2497 592 2540 facultas,
627 2498 693 2529 nisi
726 2497 759 2529 in
797 2497 927 2530 tit-entia·
954 2498 1037 2530 alie-

341 2551 448 2584 nandi
473 2552 506 2582 id
531 2561 677 2594 expresse
702 2561 883 2584 concessum
907 2551 1037 2594 [norw.
1058 2568 1060 2607 3

333 2622 345 2648 1
365 2621 400 2648 Ne
417 2621 467 2648 inin
481 2621 603 2648 iudicata
619 2621 704 2649 otiose
724 2625 862 2655 repetam,
891 2622 949 2649 vide
971 2630 1042 2658 quae

297 2673 384 2703 nuper
403 2666 491 2693 notai-i
512 2666 544 2692 ad
565 2666 675 2692 Comiti.
693 2672 799 2693 mxxxi*
814 2667 865 2702 (at.
882 2667 946 2701 551)
963 2666 1042 2694 liuius
1060 2694 1061 2700 ¹

383 2721 461 2749 Ruit.
484 2721 565 2748 Itoni.
581 2735 616 2741 -
637 2721 694 2748 t‘ot.
711 2720 750 2748 X!
759 2720 786 2749 V.
954 2722 985 2750 91

1075 253 1131 278 Vssl
1156 254 1204 279 PP.

1277 302 1414 330 Urbanus
1434 302 1513 336 Papa
1532 302 1613 335 vm,

1199 348 1234 374 ad
1254 351 1430 381 peipetuam
1450 349 1495 374 rei
1515 347 1694 375 memoriam.

1118 408 1193 443 Cum
1218 409 1332 443 rationi
1359 409 1462 442 minus
1487 415 1731 444 consentaneum
1756 410 1816 452 sit,
1859 424 1982 446 imi-itum.

1075 467 1117 501 ut,
1133 462 1284 495 translato
1310 462 1340 495 in
1365 462 1443 496 alios
1467 461 1608 496 dominio
1633 464 1794 496 civitatum
1810 490 1817 504 ‚

1075 514 1275 559 oppidorum,
1290 519 1478 555 castrorum,
1491 522 1660 557 terrarum,
1671 517 1819 550 aliorum-

1075 579 1135 612 que
1160 569 1302 602 locorum
1322 569 1352 601 in
1370 568 1456 603 Statu
1472 575 1581 604 nostro
1600 570 1818 604 Ecclesiastico

1075 621 1286 662 existentium,
1311 632 1346 655 ac
1367 623 1498 656 lionoris
1517 629 1548 657 et
1572 623 1733 667 dignitatis
1751 624 1819 658 tilu-

1075 674 1134 714 lis,
1159 675 1346 720 plerumque
1373 686 1437 709 non
1463 681 1524 709 tam
1551 678 1620 717 sui,
1646 687 1741 722 quam
1767 678 1819 711 illa

1076 729 1305 772 possidentium
1334 729 1381 762 vel
1415 730 1570 764 maiorum
1600 731 1741 774 ipsorum
1772 731 1818 764 in-

1077 782 1155 814 tuitu
1180 787 1210 815 et
1234 782 1501 826 contemplatione
1517 783 1558 816 ob
1578 784 1740 827 praeclara
1764 794 1818 818 eo-

1077 845 1146 867 rum
1173 846 1247 878 erga
1276 835 1434 869 Romanos
1460 836 1626 870 Pontifices
1651 842 1679 870 et
1705 836 1818 871 Sedem

1076 889 1288 932 Apostolicam
1304 889 1572 934 christianamque
1589 891 1818 935 rempublicam

1076 942 1188 976 mei-ita
1219 942 1463 984 decoratorum,
1495 944 1555 988 ipsi
1587 954 1713 988 quoque
1737 944 1819 977 tituli

1076 995 1257 1031 huiusmodi
1281 997 1371 1042 quasi
1395 998 1571 1033 accessorio
1588 999 1729 1032 translati
1749 1008 1820 1033 cen-

1076 1054 1218 1083 seantur:

1121 1104 1136 1147 ἓ
1160 1103 1189 1136 1.
1215 1103 1294 1137 Hinc
1315 1108 1361 1137 est
1381 1103 1465 1147 quod
1481 1114 1549 1145 nos,
1570 1108 1657 1139 motu
1677 1106 1818 1150 proprio,
1835 1118 2018 1167 anflffiigffiisus

1854 1155 1863 1166 d
1880 1152 1888 1166 5
1998 1161 2004 1167 ι

1075 1162 1106 1190 et
1129 1167 1166 1190 ex
1191 1160 1276 1191 certa
1297 1157 1428 1191 scientia
1453 1161 1639 1202 maturaque
1663 1159 1819 1193 delibera-

1077 1210 1160 1244 tione
1184 1211 1310 1251 nosti-15,
1328 1211 1430 1256 deque
1450 1211 1638 1256 apostolieae
1655 1213 1820 1257 potestatis

1077 1265 1282 1308 plenitudine,
1307 1265 1366 1298 hac
1390 1268 1498 1298 nostra
1515 1272 1670 1310 perpetuo
1687 1266 1821 1299 valitura

1077 1318 1302 1351 constitutione
1333 1318 1530 1351 declaramus
1555 1324 1584 1351 et
1609 1319 1821 1360 decernimus,

1076 1370 1161 1414 quod
1186 1370 1223 1404 de
1249 1375 1355 1404 cetero
1381 1372 1545 1416 perpetuis
1570 1372 1683 1406 suturis
1700 1377 1821 1416 tempo·
1861 1384 1864 1386 ⁷

1077 1424 1164 1458 ribus
1189 1435 1246 1469 per
1271 1436 1504 1470 quamcumque
1529 1426 1703 1467 civitatum,
1728 1427 1822 1471 oppi-

1059 1509 1060 1512 ,
1077 1478 1202 1519 dorum,
1227 1484 1415 1522 castrorum,
1436 1484 1605 1520 terrarum,
1623 1480 1823 1524 aliorumque

1058 1548 1061 1580 ὲ
1077 1531 1221 1566 locorum
1239 1532 1270 1565 in
1288 1532 1375 1566 Statu
1393 1538 1502 1566 nostro
1520 1532 1822 1567 Ecclesiasticome-

1077 1585 1160 1619 diato
1185 1586 1233 1619 vel
1262 1586 1444 1620 immediato
1478 1586 1678 1620 existentium
1715 1587 1822 1620 vendi-

1059 1639 1194 1673 'tionem
1221 1643 1251 1674 et
1281 1640 1425 1683 quamvis
1457 1640 1700 1681 alienationem,
1726 1641 1821 1674 etiam

1077 1693 1273 1727 alienationis
1284 1693 1434 1726 latissime
1447 1700 1574 1738 sumpto
1587 1694 1748 1735 vocabulo,
1759 1704 1822 1727 non

1076 1752 1242 1780 censeatur
1256 1747 1286 1780 in
1300 1751 1476 1791 emptorem
1497 1753 1525 1780 et
1539 1747 1713 1791 quemlibet
1726 1748 1823 1780 alium

1059 1796 1279 1844 'quocumque
1305 1801 1395 1834 titulo
1427 1801 1580 1835 lucrativo
1608 1801 1656 1834 vel
1687 1811 1823 1834 oneroso

1077 1859 1107 1886 et
1132 1854 1207 1886 alias
1228 1854 1469 1897 quomodolibet
1485 1854 1703 1898 acquirentem
1724 1860 1825 1887 trans-

1076 1907 1157 1940 latus
1182 1907 1291 1940 titulus
1322 1907 1474 1948 ducatus,
1500 1907 1719 1951 principatus,
1745 1918 1824 1940 mar-

1076 1961 1242 1995 chionatus
1268 1961 1315 1994 vel
1340 1961 1518 2001 comitatus,
1539 1972 1595 1994 nee
1616 1961 1740 1994 titulum
1768 1961 1823 1995 liu-

1077 2014 1214 2048 iusmodi
1234 2014 1440 2048 transferendi
1459 2014 1529 2047 data
1544 2015 1684 2055 facultas,
1702 2015 1823 2048 etiamsi

1077 2068 1186 2100 titulus
1211 2068 1393 2101 huiusmodi
1411 2068 1539 2108 civitati,
1557 2068 1684 2112 oppido,
1708 2074 1822 2109 castro,

1077 2126 1180 2153 terrae
1205 2121 1253 2154 vel
1277 2121 1357 2162 loco,
1383 2121 1527 2154 venditae
1552 2132 1607 2154 seu
1633 2121 1769 2160 vendito,
1794 2125 1824 2156 et

1075 2175 1226 2207 alienatae
1252 2185 1306 2207 seu
1327 2175 1472 2215 alienato,
1492 2185 1642 2215 annexu5‚
1660 2186 1715 2208 seu
1737 2176 1767 2208 in
1785 2177 1822 2208 ea

1076 2229 1124 2260 vel
1150 2238 1187 2261 eo
1208 2234 1333 2261 erectus
1357 2234 1450 2268 esset,
1475 2228 1533 2261 nisi
1553 2229 1582 2261 in
1605 2229 1730 2262 licentia
1747 2239 1820 2273 apo-

1076 2281 1186 2314 stolica
1213 2281 1364 2315 vendendi
1390 2287 1420 2315 et
1448 2282 1614 2320 alienandi,
1631 2282 1715 2315 iuxta
1740 2293 1819 2316 con-

1075 2336 1253 2369 stitutiones
1285 2336 1383 2369 felicis
1414 2336 1641 2370 recordationis
1674 2335 1749 2369 Sixti
1785 2336 1818 2377 V,

1075 2389 1244 2423 Clementis
1277 2389 1340 2422 vttl
1373 2395 1402 2422 et
1437 2389 1522 2422 Pauli
1549 2390 1570 2422 V
1604 2390 1820 2423 Romanorum

1077 2442 1261 2476 Pontificum
1281 2443 1560 2487 praedecessorum
1579 2449 1771 2482 nostrorum,
1786 2455 1821 2477 ac

1076 2501 1198 2531 nostras
1219 2497 1348 2531 omnino
1369 2497 1457 2542 prius
1478 2497 1658 2539 obtinenda,
1676 2497 1821 2542 specifice

1079 2621 1229 2656 romuleis,
1254 2630 1324 2660 quae
1347 2622 1442 2659 incipit
1463 2622 1540 2652 Olim
1559 2622 1663 2659 seticis,
1685 2626 1717 2650 ut
1739 2631 1820 2660 supra

1077 2675 1138 2703 pag.
1155 2668 1218 2695 616.

1722 244 1782 280 7⁶21
1831 254 1882 284 An.
1902 255 1931 285 C.
1949 255 2017 287 1639
