2248 3229
224 244 273 271 An.
290 243 319 272 c.
342 244 409 273 1639
456 235 519 270 740

247 834 328 855 Causae
342 833 405 855 huius

221 861 387 882 Constitutivms.

245 2377 342 2398 Annuttat
357 2380 402 2404 pri-

219 2402 294 2427 viu-gia
309 2409 370 2430 prout
381 2412 400 2427 m

218 2429 310 2451 rubrica.

422 297 533 335 struat,
559 293 708 336 utiliaque
741 293 858 336 plantet
883 299 912 326 et
936 293 1100 336 aedificet,
1126 306 1161 328 ea

422 357 501 390 quae
519 347 758 379 rationabilibus
776 357 811 379 ex
830 347 931 380 causis
945 349 1036 381 etiam
1051 359 1068 381 a
1082 348 1160 382 Sede

421 401 599 444 Apostolica
634 410 781 433 concessa
806 407 897 440 sunt,
925 401 993 445 ipsa
1019 402 1159 444 subinde,

421 463 526 486 rerum
553 453 743 496 experientia
763 454 911 486 suadente
933 460 962 486 et
990 455 1162 487 maioribus

421 516 455 538 ex
474 505 585 544 causis,
600 505 714 548 quibus
732 507 916 549 praesertim
938 507 1019 540 felici
1041 508 1162 541 christi-

420 558 559 590 fidelium
585 559 642 592 sub
667 560 751 591 suavi
783 561 945 603 religionis
970 561 1044 604 iugo
1069 563 1160 595 Altis-

420 611 500 644 simo
535 612 752 644 stimulantium
790 614 882 647 statui
908 618 938 648 et
962 615 1079 648 salubri
1104 626 1160 658 gu-

419 662 530 696 bernio
555 665 739 705 consulitur,
758 672 892 707 revocat,
911 667 940 699 in
958 668 1069 712 bisque
1087 679 1161 702 suae

420 717 640 751 sollicitudinis
674 719 811 752 studium
849 720 1040 764 interponit,
1066 728 1161 766 prout

419 771 571 814 conspicit
596 771 627 804 in
651 772 784 806 Domino
809 775 978 807 salubriter
1002 776 1158 819 expedire.

464 824 478 867 ξ
503 824 531 856 «1.
557 824 632 857 Cum
658 825 772 869 itaque,
797 827 877 859 sicut
901 827 1004 860 dilecti
1029 828 1084 861 filii
1110 840 1160 862 ca-

419 876 553 920 pitulum
578 879 725 920 generale
749 879 1008 922 Congregationis
1028 881 1177 916 clerico-¹

419 940 490 963 rum
515 931 706 973 regularium
725 933 879 966 Minorum
905 941 1159 979 nuncupatorum

419 984 509 1016 nobis
527 994 628 1028 nuper
648 986 760 1029 exponi
783 987 933 1028 fecerunt,
952 988 1027 1022 alias
1044 989 1159 1023 diversi

419 1036 520 1070 dictae
544 1039 804 1081 Congregationis
829 1041 933 1074 cleriei
952 1052 968 1074 a
986 1041 1064 1075 Sede
1081 1044 1160 1087 Apo-

419 1091 546 1131 stolica,
576 1096 606 1125 et
629 1102 646 1124 a
671 1093 829 1125 nonnullis
856 1095 909 1138 qui
935 1106 994 1139 pro
1019 1100 1160 1140 tempore

418 1143 542 1177 suerunt
558 1145 586 1178 S.
601 1146 634 1179 P..
650 1146 682 1179 E.
701 1147 911 1181 cardinalibus
926 1149 1065 1182 eiusdem
1080 1150 1159 1183 Con—

418 1198 612 1240 gregationis
636 1200 717 1243 apud
742 1211 798 1234 nos
823 1206 852 1234 ct
877 1202 1020 1235 eamdem
1047 1203 1159 1236 Sedem

417 1252 661 1294 protectoribus,
682 1254 877 1297 frequentius
897 1266 972 1289 vcro
996 1267 1012 1288 a
1037 1257 1160 1290 nunciis

419 1305 608 1347 apostolicis,
635 1307 719 1339 xaria
744 1308 920 1352 privilegia,
942 1311 1160 1344 concessiones

419 1363 448 1390 et
473 1358 602 1399 indulta,
628 1359 878 1403 dispensationes
899 1370 919 1395 ‘a
944 1364 1071 1406 regulis,
1092 1375 1161 1397 nec-

418 1420 480 1444 non
517 1413 730 1456 exemptiones
755 1414 793 1447 ῑι1
819 1416 1096 1450 constitutionibus
1131 1424 1178 1450 et÷

417 1464 486 1497 aliis
505 1465 604 1498 dictae
621 1467 880 1510 Congregationis
908 1470 1159 1504 ordinationibus

415 1518 511 1551 etiarn
537 1521 711 1563 apostolica
737 1523 922 1555 auctoritate
953 1524 1159 1565 confirmatis,

418 1572 546 1606 minime
572 1575 768 1616 consori'nia,
790 1576 853 1609 imo
886 1578 1052 1619 contraria,
1079 1578 1159 1612 obti-

419 1627 544 1659 nuerint
562 1628 688 1672 (nempe
710 1634 743 1661 ut
768 1630 907 1664 redditus
927 1632 1177 1675 administrare„

418 1679 635 1724 eleemosynas
659 1683 753 1715 certis
778 1683 887 1717 usibus
911 1685 1081 1728 applicare,
1100 1686 1159 1718 sus-

417 1732 552 1775 sragium
578 1735 641 1767 sive
667 1741 772 1768 votum
798 1744 986 1780 perpetuum
1016 1739 1047 1770 in
1079 1739 1159 1783 capi-

419 1784 492 1817 tulis
516 1785 644 1827 habere,
665 1787 703 1819 al)
721 1788 824 1831 aliqua
850 1789 944 1822 domo
970 1800 1032 1822 non
1058 1801 1159 1823 remo-

418 1837 493 1877 veri,
511 1839 630 1871 socium
657 1847 776 1873 certum
798 1841 924 1884 babere⁷
943 1849 971 1875 et
995 1843 1054 1875 alia
1070 1844 1157 1876 hisce
1174 1865 1175 1868 =

417 1890 530 1924 similia
561 1893 663 1926 facere
696 1895 839 1938 possint),
866 1896 1058 1940 experientia
1084 1908 1157 1930 vero

417 1951 612 1988 compertum
646 1947 684 1981 sit
720 1949 892 1991 praeniissa
918 1951 1022 1983 omnia
1047 1951 1157 1983 obser-

416 1999 537 2031 vantiae
563 2000 701 2042 regulari
727 2012 789 2034 non
815 2002 924 2035 leviter
947 2004 1087 2036 officere:
1106 2014 1157 2037 no-

415 2051 463 2084 bis
482 2059 648 2096 propterea
667 2055 759 2087 iidem
782 2056 885 2090 dilecti
904 2057 959 2090 tilii
984 2058 1154 2102 capitulum

415 2107 561 2148 generale
587 2109 746 2141 communi
778 2111 917 2143 omniiim
951 2111 1034 2144 illius
1060 2122 1155 2145 voca—

415 2159 490 2192 lium
506 2162 632 2195 nomine
647 2163 808 2196 bumilitcr
822 2165 992 2208 supplicari
1007 2165 1156 2205 fecerunt,
1173 2200 1174 2209 ἵ

416 2217 448 2245 ut
478 2213 507 2244 in
543 2215 725 2257 11›1·aei‘nissis
757 2223 935 2260 opportune
948 2217 968 2258 2,
998 2224 1031 2251 ut
1056 2219 1156 2259 infra,

414 2267 581 2310 providere
595 2268 633 2301 de
645 2269 837 2313 benignitate
854 2272 1025 2315 apostolica
1050 2273 1157 2316 digna-

416 2330 532 2353 remur.

460 2374 474 2416 ,ξ
499 2374 527 2407 2.
545 2376 612 2408 Nos·
625 2376 865 2419 igitui·,eosdein
885 2385 1075 2423 exponentes
1092 2391 1174 2424 spe-v

417 2427 546 2460 cialibus
570 2430 728 2463 favoribus
753 2437 783 2465 et
807 2433 916 2475 gratiis
941 2435 1088 2478 prosequi
1107 2441 1173 2467 vo-'

416 2481 534 2524 lentes⁷
560 2489 588 2516 et
614 2494 724 2518 eorum
757 2486 933 2529 singulares
962 2498 1114 2532 personas
1139 2498 1156 2521 a

451 2563 463 2588 1
482 2563 578 2597 Praep.
596 2574 613 2591 α
630 2565 766 2593 iideretui·
781 2566 895 2595 (lelenda
915 2570 952 2596 (n.
965 2569 1012 2604 11).

451 2606 466 2632 2
487 2606 573 2633 Verba
595 2612 624 2635 til
644 2610 672 2635 ιἰι
692 2613 857 2644 praemissis
873 2616 1030 2648 opportune
1045 2621 1093 2641 nos
1108 2613 1155 2642 ad-

416 2648 504 2678 dimus
523 2660 554 2679 ex
573 2654 636 2682 edit.
660 2656 777 2684 Cherub.
799 2658 841 2692 (Ιί.
854 2658 904 2691 Ἠ).

1013 247 1192 272 BULLARIUM
1215 248 1371 273 ROMANUM

1197 296 1358 339 quibusvis
1387 299 1734 340 excommunicationis,
1761 301 1935 346 suspensio-

1196 350 1243 382 nis
1268 356 1298 383 et
1331 351 1510 393 interdicti,
1544 352 1675 396 aliisque
1717 355 1934 390 ecclesiasticis

1196 404 1366 444 sententiis,
1384 406 1525 447 censuris
1549 411 1578 438 et
1602 407 1728 449 poenis,
1753 417 1770 440 a
1794 407 1862 441 iure
1886 409 1934 442 vel

1196 456 1234 488 ab
1259 457 1407 498 bomine,
1432 459 1540 502 quavis
1572 460 1735 493 occasione
1764 461 1811 493 vel
1841 463 1934 494 causa

1196 510 1286 550 latis,
1311 511 1335 543 si
1365 512 1480 554 quibus
1512 513 1748 556 quomodolibet
1770 514 1935 549 innodatae

1196 564 1340 603 existunt,
1364 565 1401 605 ad
1423 565 1567 599 effectum
1586 567 1798 610 praesentium
1819 567 1936 602 dumta-

1197 623 1246 649 xat
1271 620 1538 662 consequendum,
1553 620 1663 653 harum
1682 622 1763 654 serie
1776 622 1936 655 absolven-

1177 698 1178 703 ,
1195 673 1241 700 tes
1259 674 1288 701 et
1308 670 1465 704 absolutas
1482 671 1548 703 sore
1565 677 1737 712 censentes,
1755 672 1934 706 huiusmodi

1195 722 1476 765 supplicationibus
1503 724 1651 764 inclinati,
1675 726 1812 769 praefata
1831 725 1936 759 onmia

1194 775 1369 818 privilegia,
1383 777 1602 810 concessiones
1623 783 1652 810 et
1677 778 1804 819 indulta,
1821 789 1857 812 ac
1877 779 1936 812 dis·

1194 829 1393 871 pensationes
1415 835 1444 862 et
1467 831 1682 874 exemptiones
1699 831 1889 872 huiusmodi,
1906 836 1936 865 et

1195 883 1323 924 quaeris
1347 883 1406 916 alia
1431 883 1481 916 bic
1505 894 1568 917 non
1594 895 1761 928 expressa,
1789 886 1874 926 alias,
1902 890 1936 918 ut

1194 936 1381 978 praefertur,
1407 937 1445 969 ab
1470 937 1567 981 ipsius
1591 938 1850 981 Congregationis
1874 938 1936 972 cle-

1194 988 1268 1021 ricis
1293 990 1423 1022 obtenta
1447 990 1694 1034 quomodolibet,
1712 1002 1791 1035 quae
1809 1002 1936 1036 quoquo

1194 1042 1288 1075 modo
1313 1043 1452 1076 eiusdem
1472 1044 1747 1077 constitutionibus
1765 1051 1794 1077 et
1814 1045 1936 1078 ordina-

1195 1095 1332 1129 tionibus
1356 1097 1582 1138 adversantur,
1600 1099 1773 1141 apostolica
1797 1098 1936 1132 auctori-

1195 1153 1266 1188 tate,
1287 1155 1396 1182 tenore
1420 1151 1646 1194 praesentium,
1661 1157 1813 1195 perpetuo
1838 1161 1936 1184 cassa-

1196 1213 1275 1241 mus,
1294 1202 1453 1236 irritamus
1474 1209 1504 1236 et
1523 1205 1730 1246 annullamus,
1752 1205 1934 1249 viribusque

1195 1261 1224 1288 et
1249 1256 1361 1289 ellectu
1382 1268 1560 1291 vacuamus.

1239 1309 1254 1352 ξ
1279 1308 1308 1342 3.
1343 1310 1379 1342 Et
1410 1311 1614 1354 insuper,ne
1634 1311 1672 1344 de
1693 1318 1797 1357 cetero
1822 1322 1934 1356 perpe-

1195 1362 1254 1395 luis
1273 1363 1386 1396 suturis
1406 1365 1602 1407 temporibus
1626 1365 1738 1397 similia
1758 1365 1933 1408 privilegia,

1195 1416 1412 1449 concessiones
1429 1423 1457 1449 et
1476 1417 1605 1456 indulta,
1619 1418 1741 1461 aliaque
1768 1428 1862 1462 supra
1886 1428 1935 1451 ex-

1194 1481 1322 1514 pressa,
1347 1472 1493 1515 cuiquam
1524 1473 1678 1506 ullatenus
1703 1473 1933 1516 concedantur,

1194 1534 1251 1557 nec
1268 1536 1285 1557 a
1302 1536 1461 1568 quoquam
1487 1526 1606 1570 absque
1627 1527 1752 1570 capituli
1779 1527 1934 1570 generalis

1193 1577 1293 1611 dictae
1319 1579 1578 1623 Congregationis
1605 1580 1728 1613 lieentia
1756 1581 1929 1624 impetren-

1193 1636 1254 1671 tur,
1273 1632 1439 1664 statuimus
1463 1638 1493 1665 et
1510 1632 1711 1666 ordinamus:
1733 1639 1762 1666 et
1778 1633 1933 1667 nibilomi-

1193 1694 1251 1717 nus
1275 1685 1381 1718 omnia
1397 1691 1427 1718 et.
1444 1686 1576 1729 singula,
1593 1687 1668 1719 alias
1682 1697 1774 1730 quam
1793 1693 1826 1719 ut
1842 1698 1932 1731 prae-

1193 1738 1292 1770 fertur
1326 1749 1473 1771 concessa
1498 1745 1528 1772 et
1562 1739 1800 1783 quomodolibet
1833 1740 1932 1784 impe·

1195 1796 1282 1831 trata,
1300 1792 1384 1824 nulla
1405 1798 1434 1825 et
1451 1793 1634 1836 subreptitia
1656 1793 1721 1825 sore
1747 1797 1777 1827 et
1801 1793 1932 1834 censeri,

1192 1856 1249 1877 nec
1274 1846 1419 1888 cuiquam
1441 1846 1594 1878 ullatenus
1615 1846 1799 1889 suffragari;

1237 1900 1251 1940 δ’
1276 1897 1304 1930 4.
1331 1899 1373 1930 Ac
1391 1904 1570 1941 praesentes
1594 1899 1713 1932 litteras
1739 1900 1866 1940 validas,
1883 1900 1935 1933 fir-

1193 1962 1258 1983 mas
1283 1957 1313 1984 et
1337 1952 1478 1985 efficaces
1501 1953 1634 1986 existere
1651 1960 1681 1986 et
1700 1954 1777 1995 fore,
1797 1965 1933 1998 suosque

1192 2005 1349 2048 plenarios
1382 2011 1412 2040 et
1436 2007 1575 2050 integros
1611 2007 1741 2041 effectus
1773 2008 1879 2042 sortiri
1903 2013 1933 2042 et

1192 2059 1344 2101 obtinere,
1371 2070 1406 2092 ac
1431 2061 1469 2092 ab
1495 2061 1642 2093 omnibus
1666 2067 1696 2093 et
1720 2061 1869 2104 singulis,
1894 2061 1932 2094 ad

1191 2123 1270 2155 quos
1295 2118 1426 2156 spectat,
1453 2113 1674 2147 inviolabiliter
1694 2120 1723 2147 et
1749 2112 1932 2148 inconcusse

1192 2166 1350 2198 observat-i
1364 2194 1371 2207 ,
1389 2167 1494 2210 sicque
1511 2179 1566 2211 per
1583 2178 1799 2212 quoscumque
1816 2168 1934 2202 iudices

1192 2219 1369 2253 ordinarios
1395 2226 1422 2252 ct
1449 2220 1617 2263 delegatos,
1644 2222 1737 2254 etiam
1767 2232 1934 2255 causarum

1192 2273 1298 2316 palatii
1336 2274 1499 2316 apostolici
1532 2275 1712 2315 auditores,
1737 2275 1869 2308 iudicari
1902 2280 1932 2308 et

1191 2325 1315 2358 deliniri
1330 2326 1456 2366 debere;
1477 2337 1511 2359 ae
1529 2327 1652 2360 irritum
1674 2334 1704 2361 et
1724 2328 1824 2369 inane,
1843 2328 1866 2361 si
1885 2338 1933 2362 se·

1190 2390 1244 2411 eus
1268 2390 1362 2423 super
1386 2380 1436 2412 his
1460 2391 1477 2412 a
1502 2391 1670 2424 quoquam,
1692 2382 1800 2424 quavis
1825 2387 1933 2416 aucto-

1192 2434 1293 2473 ritate,
1314 2433 1449 2466 scienter
1475 2434 1523 2466 vel
1551 2434 1740 2477 ignoranter,
1766 2435 1934 2479 contigerit

1193 2488 1347 2529 attentari,
1369 2488 1577 2521 decernimus.

1231 2542 1246 2583 ξ
1271 2542 1299 2574 5,
1333 2542 1401 2575 Non
1437 2542 1634 2575 obstantibus
1667 2543 1868 2586 praemissis,
1894 2552 1930 2576 ac
1948 2548 2133 2603 roggtffrariisde·

1187 2594 1347 2636 quibusvis
1372 2596 1645 2629 constitutionibus
1669 2601 1699 2629 ct
1723 2597 1930 2629 ordinationi-

1185 2648 1243 2682 bus
1267 2650 1446 2693 apostolicis
1463 2677 1471 2691 ,
1500 2660 1622 2684 necnon
1653 2650 1754 2684 dictae
1779 2651 1924 2694 Congre-

1951 253 1998 280 An.
2015 253 2044 281 C.
2069 254 2135 283 1639

1961 1937 1965 1940 -
1976 1909 2088 1931 Deci-otum
2108 1909 2135 1929 ir-

1949 1939 2023 1959 rnatu.
