2221 3224
215 209 263 236 An.
284 209 310 236 c.
332 209 401 237 1629
447 201 489 235 48

274 2403 406 2427 Praescripta

223 2429 258 2449 hic
270 2434 334 2453 opera
348 2434 407 2453 pera-

225 2455 321 2481 genutius
337 2455 406 2480 plena«

224 2488 256 2502 ria
284 2481 408 2501 conceditur

224 2508 360 2534 indulgentia.

414 260 555 292 sitatibus
580 259 816 292 imminentibus
836 265 865 292 et
886 258 1090 291 validioribus
1107 269 1153 290 ar-

415 322 539 344 morum
556 312 773 355 ingruentibus
791 312 940 351 motibus,
963 311 1001 343 ad
1018 311 1152 343 immen-

415 376 480 397 sam
514 366 580 398 eius
605 365 871 404 miscricordiam,
896 364 1029 408 publicis
1060 365 1152 397 etiam

414 419 561 461 precibus
593 419 735 460 indictis,
770 418 873 450 denuo
910 418 1152 461 confugiendum

415 481 482 504 esse
507 471 663 509 duximus,
681 474 843 514 sperantes
867 471 943 511 sore,
961 475 994 503 ut
1011 471 1155 503 exaudiat

414 536 524 568 preces
547 528 670 557 nostras
687 524 900 567 multiplicatis
917 524 1151 557 intercessioni-

415 578 473 610 bus
498 577 548 619 is¹,
574 577 627 620 qui
652 577 743 610 dixit:
772 578 1007 611 Converlz'mini
1031 577 1074 611 ad
1094 588 1153 618 me,

415 635 443 662 et
467 641 521 673 eqo
546 634 713 663 convertar
737 630 779 662 acl
804 640 867 662 vos.
895 630 1093 674 Quapropter
1107 641 1156 663 re-

415 688 574 715 vertamur
591 683 628 715 ad
647 683 745 724 illum,
766 687 795 718 et
819 684 879 716 hoc
904 684 1090 727 praesertim
1108 695 1156 716 ac-

416 736 559 779 ceptabili
573 741 716 780 tempore
733 736 911 770 scindamus
929 737 1023 770 corda
1040 741 1154 779 nostra,

416 795 445 822 et
473 789 675 833 proiiciamus
705 800 723 821 a
751 789 841 823 nobis
872 790 1156 833 praevaricationes

414 849 548 884 nostras,
566 843 595 874 in
613 843 726 886 quibus
744 843 949 887 praevaricati
966 854 1084 884 sumus,
1101 844 1157 876 hu-

416 896 573 929 miliemus
599 896 643 929 illi
668 896 788 928 animas
811 901 933 929 nostras
958 896 1155 937 iti-ieiuniis,

416 949 621 989 orationibus,
636 949 852 993 eleemosynis,
867 950 998 993 aliisque
1010 950 1070 993 piis
1088 960 1157 993 ope-

416 1003 512 1042 ribus,
524 1007 557 1035 ut
567 1002 741 1035 coniunctis
757 1001 983 1046 poenitentium
999 1002 1157 1045 suffragiis

416 1056 592 1098 dirigantur
617 1066 727 1099 preces
743 1061 868 1088 nostrae
889 1055 968 1088 sicut
994 1056 1156 1089 incensum

416 1110 447 1142 in
465 1115 635 1153 conspectu
650 1120 715 1151 suo,
734 1113 763 1142 et
779 1120 858 1153 quae
872 1109 910 1141 ab
924 1109 1072 1142 ineffabili
1091 1110 1157 1142 eius

416 1163 580 1196 clementia
600 1163 744 1206 petimus,
766 1162 888 1196 tandem
915 1173 1155 1206 consequamur.

416 1217 482 1249 Hoc
506 1221 609 1249 autem
639 1220 672 1249 ut
693 1216 884 1248 fructuosius
902 1221 932 1248 et.
955 1216 1066 1249 maiori
1085 1227 1155 1249 cum

417 1269 545 1314 spiritus
562 1269 674 1302 ardore
690 1274 869 1313 peragatur,
889 1269 983 1301 veteri
1002 1270 1157 1303 Ecclesiae

417 1324 574 1356 Romanae
587 1323 727 1355 omnium
741 1322 849 1354 matris
864 1327 893 1354 et
908 1322 1076 1365 magistrae
1096 1334 1158 1356 mo-

417 1388 461 1418 re,
483 1377 514 1409 in
530 1376 747 1420 praesentibus
763 1375 1000 1408 necessitatibus
1018 1376 1156 1409 eiusdem

418 1431 574 1463 Ecclesiae
589 1430 761 1470 thesauros,
776 1440 911 1472 quorum
925 1429 1158 1472 dispensatores

419 1495 435 1516 a
460 1483 591 1516 Domino
617 1483 776 1515 constituti
809 1494 933 1524 sumus,
961 1483 1105 1527 proferre
1130 1489 1159 1516 et

420 1548 551 1580 erogare
573 1536 778 1569 decrevimus.
798 1536 912 1580 ltaque,
930 1546 966 1568 ex
990 1541 1078 1580 parte
1096 1548 1159 1569 om-

419 1591 589 1635 nipotentis
614 1590 668 1622 Dei
694 1590 793 1622 Patris
818 1595 848 1622 et
879 1590 947 1622 Filii
973 1594 1002 1623 ct
1026 1590 1159 1633 Spiritus

419 1644 532 1685 Sancti,
554 1654 663 1676 omncs
681 1649 710 1676 et
728 1644 868 1686 singulos
888 1644 1051 1687 utriusque
1069 1654 1160 1676 sexus

420 1698 655 1738 christifideles,
682 1702 743 1729 tam
769 1697 799 1729 in
825 1697 906 1729 alma
933 1697 1016 1729 Urbe
1041 1698 1159 1737 nostra,

419 1762 510 1795 quam
537 1751 609 1783 alibi
635 1751 825 1793 ubicumque
842 1751 984 1783 locorum
1011 1751 1160 1793 constitu-

420 1811 477 1845 tos,
495 1804 666 1848 apostoliea
691 1804 875 1836 auctoritate
904 1808 1033 1847 paterne
1054 1804 1160 1846 requi-

421 1859 530 1897 rimus,
541 1868 705 1890 monemus
721 1863 751 1889 et
764 1857 795 1888 in
806 1857 938 1890 Domino
956 1857 1161 1889 adhortamur

421 1912 459 1944 ad
481 1910 680 1954 infrascripta
693 1910 801 1943 devote
828 1910 1043 1953 peragendum
1061 1915 1089 1942 et
1113 1909 1162 1942 ad-

422 1964 626 2008 implendum,
647 1974 682 1996 ac
705 1963 742 1995 ad
768 1963 865 1995 Deum
891 1963 1084 1995 Salvatorem
1111 1973 1163 1995 uo-

422 2023 520 2050 strum
538 2017 702 2056 orandum,
720 2021 753 2048 ut
769 2027 824 2060 per
842 2016 962 2049 viscera
982 2016 1161 2048 misericor-

421 2072 489 2105 diae
515 2082 588 2103 suae
608 2070 702 2103 sidem
723 2070 908 2103 catholicam
931 2076 1107 2113 protegere,
1123 2069 1161 2101 ab

423 2126 558 2158 hostium
586 2124 748 2157 conatibus
780 2129 806 2156 ct
834 2124 952 2155 insidiis
978 2123 1161 2164 defendere,

422 2179 575 2211 haeresim
592 2178 758 2220 extirpare,
776 2177 970 2220 principibus
985 2177 1162 2210 christianis

422 2243 530 2276 pacem
556 2237 585 2264 et
609 2242 715 2263 veram
740 2231 942 2263 concordiam
968 2231 1101 2271 donare,
1127 2241 1162 2263 ac

423 2285 592 2330 praecipue
606 2285 824 2328 iiiraesentihus
832 2284 989 2317 Ecclesiae
1000 2284 1163 2317 necessita-

423 2340 504 2372 tibus
519 2338 685 2372 subvenire
703 2338 858 2381 dignetur.

467 2393 482 2436 g
512 2392 534 2424 1.
554 2393 616 2425 Nos
633 2391 726 2431 enim,
741 2391 779 2423 de
799 2390 1021 2434 omnipotentis
1037 2389 1091 2422 Dei
1109 2390 1162 2422 mi-

423 2446 593 2479 sericordia
625 2456 660 2477 ac
692 2445 856 2477 beatorum
898 2444 980 2477 Petri
1012 2450 1040 2477 et
1076 2443 1161 2476 Pauli

423 2500 637 2543 apostolorum
658 2498 724 2531 eius
749 2498 933 2532 auctoritate
959 2497 1079 2537 confisi,
1096 2498 1162 2530 uni-

460 2615 469 2641 1
494 2613 636 2650 perperam
656 2613 723 2641 edit.
743 2613 826 2641 Main.
848 2612 914 2649 legit
933 2613 968 2640 iis
987 2614 1024 2648 (R.
1041 2611 1089 2648 Τ.),

999 211 1177 234 BULLAmUM
1203 210 1357 235 ROMANUM

1943 211 1992 238 An.
2007 210 2036 238 C.
2056 210 2125 239 1629

1190 258 1287 291 versis
1311 263 1342 291 et
1366 258 1498 301 singulis
1514 258 1770 293 christifidelibus
1789 259 1820 292 in
1845 259 1927 292 alma

1188 311 1271 344 Urbe
1295 311 1456 354 praedicta
1475 312 1673 355 degentibus,
1691 313 1744 356 qui
1761 313 1792 345 in
1813 314 1874 345 una
1890 323 1927 346 ex

1188 365 1289 397 tribus
1316 364 1521 398 hebdomadis
1545 370 1615 409 post
1638 366 1848 409 praesentium
1874 376 1928 409 pu-

1188 417 1386 450 blicationem
1408 417 1586 452 immediate
1607 418 1823 461 sequentibus,
1849 423 1928 451 cete-

1189 470 1231 502 ris
1245 480 1319 502 vero
1337 470 1484 502 omnibus
1498 476 1527 502 et
1541 470 1673 512 singulis
1687 470 1830 503 fidelibus
1843 476 1927 503 extra

1189 523 1330 556 eamdem
1342 524 1457 557 Urbem
1473 524 1687 564 existentibus,
1701 524 1753 568 qui
1768 524 1870 567 prima
1882 524 1926 556 vel

1190 577 1326 610 secunda
1344 577 1541 610 hebdomada
1568 581 1733 621 postquam
1756 577 1793 609 ad
1818 587 1926 610 eorum

1190 630 1333 663 notitiam
1358 631 1417 663 hae
1440 634 1565 664 nostrae
1588 631 1709 663 litterae
1726 631 1929 674 pervenerint

1191 683 1316 726 (maiori
1340 688 1445 716 tamen
1469 688 1499 715 et
1523 687 1649 716 octavae
1678 683 1836 716 paschatis
1864 684 1925 716 Re-

1191 736 1617 769 surrectionishebdomadis
1641 737 1791 780 exceptis)
1816 738 1928 780 quarta

1191 795 1220 822 et
1245 791 1329 823 sexta
1363 790 1448 822 feriis
1472 800 1594 823 necnon
1618 790 1746 823 sabbato
1772 790 1928 823 ieiunave-

1191 841 1263 883 rint,
1277 847 1316 883 et,
1329 846 1482 886 quatenus
1497 843 1636 875 ieiunare
1650 853 1712 876 non
1725 843 1856 886 possint,
1870 842 1930 875 alia

1190 894 1314 937 pietatis
1331 905 1427 938 opera
1447 894 1578 928 arbitrio
1600 895 1788 939 infrascripti
1814 895 1930 928 confes-

1191 947 1265 980 sarii
1289 948 1428 989 fecerint,
1446 959 1481 981 ac
1499 949 1530 981 in
1551 959 1613 982 uno
1638 959 1673 981 ex
1699 949 1808 981 diebus
1827 948 1930 981 huius-

1192 1001 1276 1034 modi
1294 1002 1341 1034 vel
1359 1003 1499 1045 sequenti
1513 1002 1671 1035 dominica
1685 1013 1757 1035 vere
1772 1002 1931 1046 poeniten-

1191 1059 1236 1087 tes
1256 1060 1286 1088 et
1313 1056 1445 1088 confessi
1466 1056 1695 1089 sanctissimum
1718 1056 1930 1090 Eucharistiae

1191 1115 1421 1142 sacramentum
1439 1110 1641 1154 sumpserint,
1659 1114 1689 1142 et
1709 1115 1741 1142 ut
1754 1110 1931 1153 praefertur

1191 1161 1370 1203 oraverint,
1396 1163 1690 1207 eleemosynamque
1715 1163 1847 1196 arbitrio
1874 1174 1930 1196 suo

1191 1216 1330 1258 fecerint,
1350 1227 1472 1250 necnon
1489 1217 1682 1261 processioni
1700 1228 1717 1250 a
1736 1217 1849 1250 dilecto
1866 1217 1931 1250 filio

1191 1274 1298 1302 nostro
1323 1269 1354 1302 in
1378 1270 1461 1304 Urbe
1491 1270 1650 1314 praedicta
1680 1270 1796 1304 vicario
1821 1271 1851 1303 in
1874 1271 1933 1315 spi-

1192 1322 1356 1356 ritualibus
1387 1325 1526 1366 generali
1563 1324 1594 1356 in
1632 1323 1740 1357 eadem
1779 1325 1863 1358 Urbe
1899 1324 1930 1356 in

1192 1376 1323 1408 ecclesia
1355 1386 1410 1409 seu
1435 1376 1574 1410 ecclesiis
1601 1376 1820 1419 designandis,
1845 1382 1932 1409 extra

1192 1429 1277 1461 illam
1298 1440 1372 1462 vero
1396 1430 1436 1462 ab
1457 1429 1629 1463 Ordinariis
1653 1431 1796 1463 locorum
1813 1431 1860 1463 vel
1885 1441 1934 1463 eo-

1193 1493 1263 1514 rum
1290 1482 1413 1515 vicariis
1438 1493 1493 1515 seu
1517 1483 1712 1523 officialibus,
1739 1487 1790 1515 aut
1817 1483 1855 1516 de
1880 1493 1932 1516 eo-

1194 1546 1263 1567 rum
1290 1536 1446 1578 mandato,
1464 1541 1503 1576 et,
1525 1536 1602 1580 ipsis
1626 1536 1852 1577 deficientibus
1877 1547 1934 1580 per

1194 1598 1246 1621 eos
1278 1589 1331 1632 qui
1367 1589 1409 1621 ibi
1435 1600 1542 1622 curam
1567 1589 1743 1622 animarum
1768 1595 1933 1631 exercent,

1195 1643 1224 1674 in
1250 1645 1437 1687 unaquaque
1463 1643 1632 1676 cathedrali
1658 1654 1712 1676 seu
1749 1644 1934 1686 collegiata,

1195 1701 1257 1737 aut,
1270 1696 1319 1729 his
1336 1707 1399 1729 non
1415 1697 1600 1739 extantibus,
1619 1698 1792 1741 parochiali
1809 1698 1857 1730 vel
1875 1708 1936 1730 ma-

1197 1750 1274 1783 trice
1291 1750 1422 1783 ecelesia
1444 1751 1594 1784 viciniore
1613 1752 1762 1794 agendae,
1782 1752 1813 1784 in
1830 1762 1890 1795 qua
1903 1752 1936 1784 li-

1196 1803 1297 1835 taniae
1315 1814 1385 1836 cum
1404 1803 1503 1836 solitis
1516 1804 1665 1847 precibus
1682 1809 1712 1837 et
1730 1804 1934 1846 orationibus,

1196 1856 1300 1889 addita
1317 1862 1418 1889 tamen
1433 1857 1573 1890 oratione
1588 1858 1672 1891 Deus
1686 1859 1863 1902 resumam,
1877 1864 1935 1891 etc.

1196 1909 1406 1942 decantandae
1419 1909 1520 1952 er'unt,
1532 1911 1740 1951 interfuerint,
1754 1912 1822 1944 seu'
1839 1922 1934 1944 unam

1197 1973 1232 1995 ex
1258 1963 1348 1996 dictis
1373 1964 1512 1996 ecclesiis
1537 1964 1745 2006 visitaverint,
1775 1969 1804 1997 et
1828 1964 1871 1996 ibi
1904 1970 1937 1997 ut

1197 2017 1374 2060 praefertur
1399 2016 1566 2057 oraverint,
1597 2016 1769 2060 plenariam
1795 2016 1937 2050 omnium

1196 2074 1397 2113 peccatorum
1428 2080 1557 2102 suorum
1588 2069 1812 2112 indulgentiam
1840 2074 1868 2104 et
1892 2081 1938 2104 re-

1198 2123 1377 2156 missionem
1401 2122 1646 2155 misericorditer
1664 2122 1695 2155 in
1718 2123 1860 2163 Domino,
1878 2135 1937 2168 pro

1197 2177 1254 2209 hac
1270 2176 1337 2209 vice
1353 2176 1521 2217 dumtaxat,
1540 2176 1752 2209 concedimus.

1241 2230 1255 2272 ξ
1279 2230 1308 2262 ⁶2.
1334 2229 1470 2262 infirmis
1495 2240 1590 2269 vcro,
1618 2229 1854 2271 navigantibus,
1878 2230 1937 2263 iter

1197 2282 1372 2324 agentibus,
1387 2282 1418 2314 in
1436 2293 1562 2315 carcere
1576 2293 1628 2315 scu
1647 2283 1794 2315 servitute
1808 2288 1861 2315 aut
1877 2283 1938 2316 alio
1954 2291 2042 2336 cientes,
2055 2296 2138 2338 ¹carcess

1197 2345 1396 2378 quocumque
1421 2335 1561 2378 legitimo
1587 2336 1814 2379 impedimento
1831 2336 1938 2369 deten-
1953 2322 2139 2391 ffirrssssgtionssi

1197 2388 1245 2430 tis,
1271 2388 1323 2431 qui
1349 2389 1543 2432 processioni
1568 2389 1747 2422 huiusmodi
1772 2390 1937 2433 interesse,
1978 2393 1980 2396 “
2022 2386 2027 2390 ’

1196 2446 1249 2474 aut
1265 2441 1379 2475 dictam
1405 2442 1566 2475 ecclesiam
1584 2443 1709 2476 visitare
1728 2443 1937 2487 nequiverint,

1197 2495 1221 2527 si
1239 2495 1297 2527 alia
1316 2495 1438 2539 pietatis
1458 2506 1563 2539 opera,
1578 2496 1636 2529 sibi
1656 2507 1674 2529 a
1690 2496 1881 2530 confessario
1900 2507 1938 2530 ex

1995 2237 2096 2258 Extensio
2110 2238 2139 2258 ad

1953 2264 2053 2289 infirmos,
2062 2264 2102 2284 iter
2109 2264 2140 2284 l'a—

1233 2611 1243 2637 t
1267 2611 1411 2648 Perperam
1431 2611 1496 2641 edit.
1517 2611 1599 2640 Main.
1619 2612 1685 2648 legit
1698 2620 1727 2639 se
1741 2611 1780 2648 (R.
1798 2612 1846 2647 τ.).
