2248 3229
117 222 172 252 Au.
192 222 222 251 C.
239 222 303 251 1631

139 1300 280 1324 Prooemium.

125 1728 239 1755 Praecipit,
249 1733 296 1755 pro-

111 1757 135 1777 ut
149 1756 170 1777 in
184 1755 278 1778 rubrica.

928 220 1070 247 URBANUS
1094 221 1151 246 VIII
1174 221 1223 247 PF,

318 269 406 305 cuius
428 269 542 303 notarii
560 268 678 313 publici
696 268 893 314 subscriptis,
911 275 941 304 et
957 271 1061 314 sigillo

317 323 449 358 alicuius
472 333 627 368 personae
641 323 673 357 in
686 323 836 367 dignitate
850 324 1061 359 ecclesiastica

318 377 503 411 constitutae
520 377 649 410 munitis
669 378 777 411 eadem
795 388 927 422 prorsus
943 378 1060 422 ubique

316 430 395 464 fides
419 429 616 472 adhibeatur,
633 440 713 475 quae
734 431 852 464 eisdem
873 432 948 476 ipsis
972 441 1061 476 prae-

316 483 456 518 sentibus
480 484 704 527 adhiberetur,
729 485 753 518 si
778 486 880 520 forent
903 485 1060 524 exhibitae

316 538 363 571 vel
374 542 377 546 '
389 543 542 571 ostensae.
732 561 737 564 >

352 591 464 625 Datum
478 592 606 632 Romae,
619 592 702 636 apud
716 591 744 626 S.
758 592 886 626 Mariam
899 593 1059 634 Maiorem,

316 644 374 678 sub
407 645 524 678 annulo
550 645 729 686 piscatoris,
750 646 799 679 die
827 657 846 679 v
871 646 1059 690 septembris

314 708 466 741 MDCXXXI,
490 699 692 744 pontificatus
716 700 816 734 nostri
842 710 923 734 anno
948 711 987 734 lx.

350 761 409 791 Dat.
425 761 469 791 die
483 763 500 792 5
515 763 677 800 septembris
693 763 771 798 1631,
787 763 881 801 pontis.
899 771 968 791 anno
984 770 1020 791 ix.

625 879 750 929 cortu.

316 952 408 994 Quod
420 953 538 996 fratres
554 952 754 997 Cappucoini
771 952 913 996 (excepta
929 952 1058 996 proeiu-

358 1006 409 1039 cz'ci
421 1006 584 1050 Romami)
600 1016 666 1039 uon
679 1005 823 1039 audeant
840 1005 986 1039 accedere
999 1006 1058 1040 Ro-

357 1069 458 1100 mam,
477 1059 597 1103 absque
620 1058 754 1092 licencia
776 1058 958 1092 cardinalis
982 1069 1058 1103 pro-

358 1113 494 1154 tectoris,
516 1116 575 1145 aut
592 1112 799 1156 superiorum
817 1112 1025 1156 gyeueralz'um
1038 1111 1056 1146 ¹.

517 1183 653 1211 Urbanus
673 1183 753 1218 Papa
772 1183 852 1218 vm,

454 1229 491 1256 ad
513 1229 647 1257 futuram
667 1229 713 1257 rei
734 1228 914 1257 memoriam.

357 1290 391 1325 In
415 1290 545 1335 specula
577 1290 740 1324 militantis
763 1290 939 1333 Ecclesiae,
963 1279 1058 1324 nulliS

312 1345 386 1379 licet
401 1345 517 1379 nostris
536 1344 785 1388 suffragantibus
802 1345 934 1385 meritis,
951 1344 1056 1377 divina

312 1398 510 1444 providentia
536 1398 716 1440 constituti,
736 1399 774 1432 ad
799 1409 835 1432 ea
857 1398 1057 1442 potissimum

312 1451 493 1496 vigilantiae
523 1456 649 1486 nostrae
681 1452 819 1485 studium
845 1451 1056 1492 intendimus,

312 1517 371 1551 per
395 1516 476 1550 quae
496 1506 724 1550 religiosi-viri,
745 1506 809 1550 qui,
830 1506 946 1550 spretis
963 1506 1057 1539 huius

312 1559 410 1593 seculi
434 1559 642 1602 vanitatibus,
668 1559 766 1592 divini
796 1559 934 1593 nominis
959 1559 1053 1592 obse-

312 1612 394 1656 quiis
421 1622 492 1646 sese
525 1612 768 1657 manciparunt,
792 1613 824 1645 in
857 1612 907 1645 via
931 1613 1055 1646 Domini

310 1675 465 1710 prospere
489 1666 667 1708 dirigantur
689 1671 719 1699 et
738 1665 966 1708 gubernentur.

356 1719 412 1763 §1-
427 1719 507 1752 Hine
521 1724 567 1752 est
583 1718 666 1762 quod
686 1729 754 1760 nos,
771 1720 852 1752 felici
867 1720 1054 1754 dilectorum

310 1773 451 1810 filiorum
470 1773 605 1806 fratrum
633 1772 757 1806 Ordinis
780 1772 935 1806 Minorum
957 1775 1055 1807 sancti

311 1826 471 1860 Francisei
501 1826 773 1870 Cappuccinorum
782 1870 785 1872 ‚
795 1832 1054 1872 nuncupatorum

311 1881 405 1915 statui
429 1885 459 1913 et
491 1880 665 1924 gubernio,
699 1886 851 1924 quantum
886 1891 957 1914 cum
987 1881 1050 1914 Do-

311 1934 397 1968 mino
413 1943 593 1978 possumus,
611 1934 776 1968 consulere
794 1935 949 1975 volentes,
967 1940 1053 1968 motu

310 1987 452 2032 proprio,
476 1992 507 2021 et
531 1997 567 2020 ex
593 1989 679 2021 certa
710 1987 839 2020 scientia
865 1998 900 2021 ac
928 1989 1052 2022 matura

309 2041 535 2075 deliberatione
557 2041 684 2082 nostriS,
702 2041 850 2074 omnibus
875 2046 902 2074 ct
921 2041 1052 2085 singulis

309 2094 451 2128 eiusdem
475 2093 599 2127 Ordinis
624 2095 795 2139 provinciis
820 2096 966 2140 (excepta
990 2096 1051 2129 Ito-

310 2149 424 2193 mana)
449 2148 638 2192 illarumque
662 2149 880 2194 superioribus
903 2160 1052 2193 quocum·

309 2213 371 2247 que
395 2201 523 2235 nomine
547 2202 743 2246 nuncupatis,
760 2213 799 2236 ne
823 2203 970 2248 deinceps
996 2203 1052 2236 ali-

310 2266 404 2300 quem
421 2256 470 2289 vel
486 2256 608 2300 aliquos
632 2256 706 2290 dicti
726 2256 850 2291 Ordinis
875 2257 1052 2301 religiosos,

310 2314 373 2342 tam
405 2309 555 2354 propriae
586 2320 718 2352 eorum,
743 2321 837 2355 quam
867 2311 1052 2354 quorumvis

310 2363 443 2397 aliarum
468 2364 704 2408 provinciarum
729 2365 921 2408 huiusmodi,
943 2367 1052 2410 quovis

346 2462 483 2490 1Fratres
507 2462 551 2489 isti
575 2462 608 2489 ad
633 2462 762 2490 laxiorem
786 2463 913 2491 Ordinem
938 2465 1053 2492 transire

310 2514 364 2534 uon
383 2507 484 2540 valent,
508 2510 591 2542 prout
613 2507 640 2534 in
660 2508 751 2535 Const.
774 2515 890 2536 ccxevur
910 2509 1052 2545 (al.273),

310 2552 440 2580 Iniuncti
455 2552 547 2587 uobis,
563 2559 645 2588 supra
658 2560 719 2588 pag.
737 2553 762 2586 1;
779 2561 809 2580 ac
825 2553 988 2589 provinciam
999 2555 1052 2582 Ro-

311 2603 418 2623 manam
433 2596 591 2624 eorumdem
607 2596 722 2624 subiecit
736 2598 855 2631 generali
870 2598 991 2627 ministro
1003 2599 1053 2627 Ur-

311 2641 398 2669 banus
409 2640 465 2668 VIII
477 2641 504 2667 in
516 2649 565 2668 sua
576 2641 678 2676 Const.,
691 2642 821 2670 Iuiuneti
831 2643 921 2677 nobis,
934 2647 962 2671 ut
974 2645 1052 2672 infra.

395 2694 474 2723 Bull.
494 2695 578 2723 Rom.
599 2711 632 2716 -
651 2696 709 2724 Vol.
726 2696 802 2724 XIV.
948 2698 977 2725 31

1096 275 1270 315 praetextu,
1284 271 1450 305 occasione
1462 269 1509 303 vel
1525 269 1628 311 causa,
1639 270 1732 303 etiam
1747 281 1841 315 quan-

1097 325 1211 357 tumvis
1236 325 1387 368 legitima,
1402 329 1431 358 et
1444 335 1461 357 a
1485 334 1684 368 quocumque
1702 324 1841 368 capitulo

1095 378 1291 421 provinciali,
1302 379 1349 411 vel
1360 379 1470 422 quovis
1480 377 1541 411 alio
1551 378 1715 422 superiore
1728 389 1842 422 appro—

1095 431 1177 471 bata,
1191 431 1228 463 ad
1240 432 1355 463 almam
1372 431 1487 465 Urbem
1501 436 1651 471 nostram,
1663 431 1721 463 nisi
1736 431 1842 465 obten-

1096 486 1125 517 ta
1139 484 1228 528 prius
1245 484 1274 517 iu
1288 485 1414 528 seriptis
1428 496 1443 517 a
1458 495 1516 528 pro
1532 489 1673 528 tempore
1686 484 1841 517 existenti-

1094 537 1153 571 bus
1169 538 1311 571 eiusdem
1329 538 1453 572 Ordinis
1471 537 1628 570 ‹·:u·‹tiu:1t‹=
1646 542 1840 581 protectore,

1094 600 1149 624 seu
1170 590 1326 631 ministro,
1341 595 1394 623 aut
1414 590 1541 632 vit-ario,
1557 601 1611 623 seu
1634 596 1841 634 procuratore

1093 644 1294 688 generalibus
1319 643 1357 676 ad
1391 644 1420 675 iil
1449 644 1670 677 auctoritatem
1701 645 1841 678 habenti-

1093 699 1151 731 bus
1165 697 1302 740 lieentia,
1317 697 1441 731 mittere
1456 697 1682 741 quoquomodo
1695 698 1840 740 audeant,

1093 762 1149 785 seu
1172 757 1391 796 praesumant,
1416 751 1474 784 sub
1506 752 1840 785 excommunicationis

1093 805 1223 838 maioris
1240 806 1319 838 latae
1341 805 1523 845 sententiae,
1542 810 1603 837 tam
1629 806 1731 849 quoad
1757 806 1840 850 ipsas

1092 858 1291 902 provincias,
1316 869 1489 902 earumque
1515 859 1694 902 superiores
1719 859 1841 893 mitten-

1093 917 1149 955 tes,
1170 923 1265 957 quam
1282 913 1384 957 quoad
1416 913 1581 956 religiosos
1599 914 1716 957 absque
1733 914 1841 948 huius-

1093 965 1179 1000 modi
1202 966 1328 999 licentia
1345 966 1539 1007 aecedentes,
1559 977 1595 999 ae
1615 967 1718 1010 etiam,
1737 968 1840 1011 quoad

1092 1020 1177 1064 ipsos
1201 1019 1379 1063 religiosos,
1400 1020 1586 1065 privationis
1611 1021 1695 1054 vocis
1721 1021 1840 1054 activae

1093 1078 1123 1107 et
1147 1073 1289 1118 passivae
1309 1084 1366 1118 per
1385 1074 1568 1115 triennium,
1586 1078 1616 1107 et
1635 1074 1840 1118 mancipatio-

1092 1129 1141 1162 nis
1166 1128 1346 1162 carceribus
1370 1139 1428 1173 per
1453 1138 1580 1170 annum,
1602 1139 1659 1173 per
1684 1128 1839 1161 contrafa-

1094 1183 1211 1217 cientes
1236 1183 1435 1217 incurrendis
1459 1183 1578 1227 poenis,
1596 1183 1769 1227 apostoliea
1789 1193 1840 1216 au-

1093 1237 1248 1277 ctoritate,
1262 1240 1371 1271 tenore
1384 1237 1610 1281 praesentium,
1621 1236 1838 1270 interdicimus

1093 1296 1123 1324 et
1146 1289 1364 1334 prohibemus.

1137 1344 1152 1387 ἓ
1176 1343 1206 1377 ⁹2.
1224 1344 1293 1377 Non
1313 1343 1509 1377 obstantibus
1527 1343 1689 1387 quibusvis
1703 1344 1837 1377 decretis

1091 1408 1150 1442 per
1178 1397 1277 1431 felicis
1301 1397 1529 1431 reeordationis
1553 1397 1743 1431 Clementem
1771 1398 1837 1431 VIII

1091 1451 1190 1492 sactis,
1208 1456 1239 1484 et.
1263 1461 1322 1495 per
1346 1451 1477 1483 Paulum
1492 1451 1515 1483 V
1532 1455 1562 1483 et
1580 1450 1768 1494 Gregorium
1786 1452 1838 1484 XV

1091 1506 1249 1539 Romanos
1282 1504 1449 1537 Pontifices
1483 1505 1743 1548 praedecessores
1774 1515 1835 1538 no-

1091 1564 1184 1601 stros,
1204 1570 1240 1592 ac
1258 1559 1351 1592 etiam
1368 1569 1426 1603 per
1442 1568 1509 1602 nos⁷
1524 1559 1708 1603 approbatis
1723 1565 1752 1592 et
1769 1570 1839 1593 eon-

1090 1613 1234 1654 firmatis,
1252 1612 1328 1645 nee¹
1351 1613 1419 1645 aliis
1444 1613 1719 1646 constitutionibus
1744 1619 1774 1647 et
1791 1625 1839 1647 or-

1090 1667 1306 1700 dinationibus
1331 1666 1522 1711 apostolicis,
1543 1677 1577 1699 ae
1603 1667 1677 1699 dieti
1702 1667 1837 1710 Ordinis,

1091 1721 1185 1754 etiam
1201 1721 1390 1762 iuramento,
1401 1720 1640 1754 confirmatione
1654 1721 1837 1765 apostoliea,

1089 1775 1137 1808 vel
1157 1775 1266 1819 quavis
1284 1774 1431 1807 firmitate
1450 1774 1510 1807 alia
1529 1774 1696 1815 roboratis,
1715 1775 1838 1808 statutis

1089 1832 1119 1862 ct
1132 1827 1425 1870 consuetudinibus,
1444 1828 1619 1871 privilegiis
1639 1839 1777 1872 quoque,
1794 1829 1838 1861 in-

1088 1882 1183 1915 ‹lultis
1208 1887 1239 1915 et
1263 1881 1375 1915 litteris
1400 1882 1598 1925 apostolicis,
1623 1882 1741 1915 eisdem
1767 1893 1838 1927 pro-

1087 1935 1207 1976 vinciis,
1224 1935 1416 1979 illarumque
1440 1935 1669 1980 superioribus,
1688 1936 1745 1969 sub
1766 1937 1835 1980 qui-

1085 1990 1286 2033 buscumque
1313 1989 1475 2023 tenoribus
1502 1995 1531 2023 et
1556 1990 1675 2031 formis,
1703 2001 1739 2023 ae
1764 2001 1835 2024 eum

1087 2043 1252 2088 quibusvis
1277 2043 1425 2077 clausulis
1443 2048 1472 2076 et
1497 2043 1641 2084 decretis,
1664 2044 1694 2077 in
1711 2049 1838 2085 eontra,

1086 2098 1167 2130 rium
1185 2097 1434 2141 praemissorum
1452 2097 1687 2142 quomodolibet
1704 2108 1828 2132 conces-

1086 2151 1138 2192 sis,
1163 2150 1358 2184 confirmatis
1383 2155 1412 2183 et
1438 2151 1608 2191 innovafisf,
1630 2151 1745 2195 quibus
1771 2163 1835 2185 om.

1085 2205 1177 2238 nibus
1198 2210 1227 2238 et
1241 2205 1383 2248 singulis,
1402 2205 1524 2238 etiamsi
1542 2205 1580 2238 de
1599 2206 1659 2238 illis
1677 2208 1832 2251 specialis,

1087 2259 1255 2304 specifica,
1280 2269 1428 2303 expressa
1465 2265 1494 2293 et
1519 2259 1698 2302 individua,
1727 2271 1762 2294 ac
1795 2262 1832 2294 de

1087 2313 1182 2346 verbo
1208 2313 1245 2345 ad
1270 2312 1424 2355 verbum,
1449 2323 1510 2345 non
1544 2318 1647 2346 autem
1673 2324 1730 2357 per
1750 2315 1834 2347 elau*

1087 2367 1170 2400 sulas
1188 2366 1352 2409 generales
1369 2365 1451 2399 idem
1471 2367 1688 2410 importantes,
1716 2369 1832 2400 mentio

1088 2431 1142 2453 seu
1167 2419 1295 2464 quaevis
1329 2419 1389 2452 alia
1413 2419 1576 2463 expressio
1608 2420 1751 2453 habenda
1781 2427 1834 2454 aut

1088 2474 1192 2518 aliqua
1230 2473 1289 2505 alia
1314 2473 1467 2517 exquisita
1494 2474 1593 2505 sorim
1617 2474 1654 2505 ad
1680 2474 1739 2507 boc
1767 2484 1834 2508 ser-

1088 2528 1186 2561 vanda
1205 2527 1293 2569 foret,
1308 2527 1435 2560 illorum
1450 2527 1590 2560 omnium
1606 2532 1730 2561 tenores
1747 2539 1833 2573 prae-

1088 2582 1228 2617 sentibus
1245 2592 1303 2626 pro
1317 2581 1408 2625 plene
1422 2586 1448 2614 et
1469 2581 1659 2616 stistieIenter
1677 2583 1832 2627 expressis

1125 2646 1134 2671 1
1159 2645 1253 2673 Potius
1272 2645 1332 2680 lege
1352 2652 1461 2672 ucenon
1482 2645 1519 2680 (u.
1536 2645 1583 2679 T.).

1747 212 1807 247 241
1858 223 1907 251 An.
1928 222 2037 252 &1631

1865 1385 1868 1388 Δ
1884 1358 1996 1381 Decretum
2012 1359 2038 1381 ir-

1853 1388 1928 1408 l'llassS·
