2248 3229
131 232 182 261 An.
202 231 230 262 C.
248 231 313 261 163¹

160 1253 281 1275 Exordium.

165 2161 252 2181 Praeter
267 2159 319 2181 alias

137 2186 248 2207 facultates
273 2192 319 2207 car-

136 2213 203 2234 dinali
222 2213 320 2234 Barbeti-

136 2245 164 2260 no
192 2245 320 2263 concessas,

136 2266 211 2296 aliam.
233 2267 259 2288 de
279 2273 321 2294 qna

136 2298 157 2313 m
173 2293 257 2315 rubrica
272 2299 321 2315 cen-

136 2319 201 2341 cedit.

939 232 1080 258 URBANL'S
1104 232 1160 257 vm
1184 233 1232 257 PP.

648 281 745 316 CDIII.

330 351 485 386 Facutias
503 352 668 386 cardinali
678 353 857 388 Barberino
871 354 1069 387 immutandi

368 405 506 450 modum
534 411 562 440 et
587 411 709 440 statum
733 407 935 450 officiorum,
964 407 1068 450 Μαρί-

372 464 575 504 stratumque
605 461 747 494 civitatis
774 461 909 501 Urbini,
938 461 1069 504 eiusque

297 559 302 563 Δ
373 512 552 547 districtus.

330 580 443 609 Dilecto
462 581 534 609 'filio
563 584 666 609 nostro
692 582 820 610 Antonio
850 582 877 609 S.
900 581 1011 609 Mariae
1038 581 1069 607 in

364 623 472 657 aquiro
497 624 619 651 diacono
644 624 790 652 cardinali
812 624 971 652 Barherino
994 629 1069 650 nun-

366 669 486 699 cupato,
506 669 610 693 nostro
633 667 796 694 secundum
816 673 935 694 carnem
954 673 990 693 ex
1009 665 1069 692 fra-

366 709 413 735 tre
434 715 573 742 germano
588 709 700 743 nepoti.
722 709 753 736 in
772 712 836 736 toto
857 709 946 736 Statu
965 711 1069 735 nostro

365 748 598 782 Ecclesiastico,
621 757 655 776 ac
675 750 705 776 in
737 748 880 776 universa
908 748 1018 782 ltalia,
1040 752 1070 776 et

364 791 456 818 etiam
471 794 557 818 extra
573 799 636 819 eam
648 791 684 819 ad
697 798 897 825 quoscumque
908 791 1068 824 principes,

364 836 468 860 nostro
489 837 519 861 et
538 834 728 872 apostolicae
750 834 835 861 Sedis
856 836 891 860 de
911 834 1006 860 latere
1027 834 1069 860 le-

364 876 433 906 gato
449 894 456 905 ,
476 880 592 901 necnon
621 876 652 901 in
679 875 768 902 Statu
794 877 897 900 nostro
917 873 1070 906 praedicto

363 918 416 946 pro
435 914 521 940 nohis
542 917 572 941 et
593 917 717 942 sanetae
747 914 894 940 Romanae
917 913 1070 940 Ecclesiae

365 954 396 982 in
416 955 626 989 spiritualibus
654 959 685 983 et
713 956 929 990 temporalibus
959 955 1070 982 vicario

365 996 510 1031 generali,
788 992 796 1003 ''

536 1041 673 1069 Urbanus
694 1040 773 1075 Papa
792 1041 868 1069 VIII.

613 1090 727 1118 Dilecto
744 1089 802 1123 fili,

377 1132 507 1159 salutem
521 1132 553 1159 et
568 1131 765 1165 apostolicam
780 1129 1027 1158 benedictionem.

375 1192 529 1233 Quoniam
548 1193 581 1226 in
600 1192 754 1235 regimine
772 1192 997 1233 Urbinatensis‚
1015 1192 1072 1226 Eu-

332 1245 525 1289 gubinensis,
539 1246 733 1279 pisaurensis
747 1251 777 1278 et
790 1246 983 1290 reliquarum
1001 1246 1073 1279 ciri-

333 1305 430 1333 tatum
448 1305 478 1333 et
494 1300 696 1344 oppidorum,
713 1300 912 1344 aliorumque
928 1300 1072 1333 locorum

332 1364 608 1398 quorumcumque
637 1364 694 1397 per
726 1354 846 1386 obitum
877 1353 978 1386 bonae
1012 1364 1073 1386 me-

333 1408 454 1442 moriae
470 1407 628 1441 Francisci
653 1407 767 1440 Mariae
791 1407 900 1441 Urbini
917 1407 1016 1448 ducis,
1034 1407 1072 1439 ad

333 1461 444 1495 Sedem
468 1461 679 1505 Apostolicam
705 1461 935 1502 devolutorum,
955 1466 986 1494 et
1009 1461 1074 1493 uni-

334 1525 443 1548 versae
467 1514 578 1548 ditioni
603 1514 767 1558 temporali
792 1514 880 1547 Sedis
896 1514 1073 1558 praedictae

333 1571 441 1602 nostro
466 1568 592 1602 decreto
616 1567 906 1611 incorporatorum‚
931 1578 989 1611 per
1016 1578 1073 1600 nos

333 1621 486 1664 singulari
503 1627 574 1654 tuae
586 1621 658 1654 fidei
671 1626 764 1664 atque
780 1621 967 1664 prudentiae
980 1620 1073 1654 hodie

333 1675 512 1715 commisso,
536 1678 667 1719 propter
691 1674 902 1707 diversitatem
928 1674 1073 1717 gubernii

332 1728 462 1769 ducalis,
479 1728 537 1762 sub
557 1739 619 1772 quo
643 1728 794 1769 civitates,
811 1728 927 1772 oppida
951 1733 981 1761 et
1005 1728 1073 1761 loca

331 1782 513 1815 huiusmodi
536 1782 688 1815 hactenus
712 1787 798 1816 reeta
821 1782 958 1823 suerunt,
976 1787 1005 1815 et
1026 1792 1074 1815 ec-

333 1835 508 1876 clesiastici,
525 1835 582 1868 sub
597 1846 660 1879 quo
673 1835 821 1879 deinceps
838 1834 958 1875 erunt¹,
975 1835 1074 1868 multa

333 1888 516 1932 contingere
540 1894 682 1932 possunt,
709 1899 789 1932 quae
820 1889 851 1921 in
875 1888 1073 1921 facultatibus

332 1939 497 1982 legationis
522 1939 697 1982 civitatum,
722 1939 914 1983 oppidorum
939 1944 969 1972 et
993 1940 1074 1973 loco-

334 2004 404 2027 rum
429 1993 615 2027 eorumdem
647 2003 710 2027 non
743 1998 814 2026 suut
838 2004 1006 2036 expressa,
1038 2004 1073 2026 ac

334 2047 461 2091 speciali
484 2048 558 2080 nota
582 2046 677 2090 digna
701 2052 821 2080 essent:

378 2101 394 2145 g
418 2101 447 2133 1.
464 2101 537 2141 Nos,
554 2111 594 2133 ne
609 2105 779 2144 propterea
792 2100 941 2141 civitates,
959 2100 1074 2144 oppida
1090 2139 1093 2149 1

1091 2151 1164 2196 ἱ(μιί
1189 2156 1218 2183 et
1243 2152 1346 2184 faeere
1370 2150 1502 2195 perinde
1527 2150 1558 2182 in
1583 2150 1730 2183 omnibus
1745 2155 1775 2182 et
1792 2159 1849 2194 per

335 2153 365 2187 ei
387 2154 457 2187 loca
479 2154 662 2187 huiusmodi
691 2153 818 2197 aliquod
842 2154 1000 2197 patiantur
1025 2154 1075 2186 de-

335 2208 529 2249 trimentum,
547 2209 600 2242 sed
624 2214 658 2242 ut
674 2213 706 2243 tu
722 2209 836 2251 onmia,
856 2220 935 2254 quae
951 2210 988 2242 ad
1006 2220 1076 2253 pro-

336 2273 464 2306 sperum
499 2272 535 2295 ae
558 2262 631 2295 felix
655 2262 798 2306 regimen
829 2262 956 2296 illorum
984 2263 1076 2306 perti-

336 2318 420 2354 nent,
438 2313 585 2356 dirigere,
603 2318 748 2355 statuere,
767 2318 797 2346 et
817 2313 855 2346 de
871 2324 952 2347 novo
970 2314 1074 2355 etiam,

336 2367 368 2400 in
393 2366 517 2400 casibus
541 2366 573 2399 in
596 2367 710 2411 quibus
729 2367 888 2410 oportebit
914 2372 944 2399 ct
971 2372 1003 2400 tu
1028 2374 1093 2400 ex-t

335 2420 444 2465 pedire
461 2419 657 2461 indicaveris,
675 2420 821 2453 ordinare
837 2421 947 2464 possis,
961 2431 1076 2465 oppor-

336 2479 410 2507 tune
432 2473 601 2517 providere
624 2473 772 2514 volentes,
792 2474 874 2506 ultra
900 2484 1072 2517 quascum-

335 2537 397 2571 que
420 2527 496 2559 alias
520 2526 681 2560 facultates
707 2526 901 2571 supradictas
926 2527 1074 2570 (quarum

336 2585 461 2614 tenores
477 2589 570 2625 praes
613 2579 697 2613 tibus
712 2590 771 2623 pro
783 2580 938 2623 expressis
955 2580 1075 2622 haberi,

373 2645 385 2672 t
402 2642 469 2672 Male
483 2589 645 2672 ediffigin.
661 2642 726 2679 legit
740 2643 797 2672 erit
815 2643 854 2678 (a.
865 2642 913 2676 tx).

1103 291 1242 325 quasque
1259 289 1385 324 semper
1402 279 1501 312 salvas
1518 282 1548 312 et
1565 278 1686 311 illaesas
1702 288 1770 311 esse
1788 288 1841 311 vo-

1104 335 1232 378 lumus),
1247 333 1519 378 circumspectioni
1537 339 1606 366 tuae
1620 332 1722 375 (cuius
1739 332 1843 375 singu-

1104 388 1160 419 lari
1184 386 1487 430 p1·11dentiae¹,ssdci
1513 392 1542 419 et
1562 386 1752 429 diligentiae,
1777 394 1845 427 ςγδι

1104 441 1239 473 vissimis
1258 441 1287 473 in
1300 441 1442 484 ,negotiis
1461 441 1552 474 totics
1572 440 1732 484 probatae,
1753 439 1844 483 plane

1105 493 1283 533 confidere,
1313 505 1348 527 ac
1373 494 1477 527 omnia
1502 499 1568 526 tuto
1593 493 1791 527 committere
1814 495 1845 525 ct

1105 547 1234 580 credere
1254 555 1447 591 possumus),
1465 548 1515 581 ut²
1534 547 1659 580 modum
1682 552 1712 579 et
1728 551 1844 579 statum

1105 600 1293 640 officiorum,
1312 601 1562 644 magistratuum,
1578 605 1638 634 tam
1657 591 1844 644 optimatum

1105 664 1198 696 quam
1223 654 1343 698 populi,
1369 659 1398 686 et
1422 654 1566 697 gubernii
1591 652 1783 697 temporalis,
1808 662 1846 685 ac

1104 707 1197 739 ctiam
1223 707 1391 749 custodiae,
1412 708 1658 750 militiarumque
1678 712 1707 740 et
1731 706 1845 751 praesi-

1104 760 1228 793 diorum
1248 761 1418 801 civitatum,
1439 760 1629 804 oppidorum
1652 764 1681 794 et
1701 760 1845 794 locorum

1105 813 1348 857 praedictorum,
1374 820 1468 857 prout
1489 814 1544 847 tibi
1564 813 1721 846 ridebitur
1736 813 1845 846 immu-

1104 872 1170 899 tare
1195 873 1222 899 et
1249 877 1419 907 renovare,
1444 878 1479 899 ae
1504 867 1541 899 ad
1567 867 1698 900 sormam
1725 871 1756 900 et
1780 876 1844 900 mee

1106 919 1237 952 thodum
1261 920 1425 963 regiminis
1438 925 1466 952 et
1480 920 1637 962 'gabei-nii,
1650 921 1847 964 aliarumque

1106 974 1356 1017 provinciarum,
1372 978 1527 1007 terrarum
1544 979 1572 1006 et
1586 973 1728 1006 locorum
1742 972 1847 1007 Status

1105 1027 1205 1060 nostri
1215 1027 1426 1060 Ecclesiastici
1436 1027 1592 1070 redigere,
1603 1037 1656 1060 seu
1667 1027 1752 1066 alias,
1764 1027 1847 1060 iuxta

1106 1087 1191 1114 tuam
1215 1081 1415 1125 prudentiam
1442 1086 1471 1114 et
1496 1081 1617 1113 arbitrii
1640 1080 1684 1113 tui
1711 1079 1847 1113 volunta-

1106 1140 1179 1176 tem,
1198 1141 1261 1168 tarn
1280 1136 1462 1180 praemissa,
1478 1146 1570 1179 quam
1588 1135 1681 1168 etiam
1706 1134 1848 1167 redditus

1106 1193 1135 1223 et
1149 1195 1323 1233 proventus
1341 1200 1483 1223 camerae
1503 1193 1629 1223 nostrae
1646 1188 1848 1232 apostolicae,

1107 1253 1281 1286 corumque
1306 1243 1492 1284 exactiones,
1518 1242 1685 1285 disponere
1709 1246 1739 1274 et
1763 1240 1848 1274 ordi-

1107 1305 1192 1336 nare,
1207 1306 1242 1328 ac
1257 1306 1475 1339 quaecumque
1493 1301 1616 1334 statuta,
1635 1294 1849 1328 ordinationes

1107 1353 1137 1382 et
1161 1349 1399 1382 constitutiones
1424 1349 1508 1381 cirea
1532 1348 1706 1392 praemissa
1735 1353 1766 1380 et
1789 1347 1849 1380 alia

1107 1413 1334 1446 quaecumque,
1359 1408 1452 1446 prout
1470 1408 1502 1434 tu
1520 1402 1620 1444 magis
1641 1401 1790 1445 expedire
1807 1401 1850 1434 iu2

1107 1455 1277 1497 dicax-eris,
1295 1455 1443 1494 condere,
1457 1456 1620 1498 publicare
1634 1461 1663 1488 et
1680 1455 1850 1488 observare

1107 1510 1220 1550 facere,
1237 1520 1360 1543 necnon
1373 1509 1478 1542 onmia
1489 1514 1518 1541 et
1528 1509 1652 1551 singula
1666 1508 1703 1541 ad
1717 1508 1848 1549 Statum,

1108 1563 1308 1606 gubernium,
1334 1563 1476 1605 regimen
1493 1573 1528 1595 ae
1546 1562 1850 1595 administrationem

1108 1617 1280 1657 civitatum,
1305 1616 1495 1660 oppidorum
1517 1620 1547 1647 et
1571 1615 1712 1648 locorum
1729 1613 1850 1659 pi·aedi-=

1109 1676 1243 1711 ciorum,
1268 1676 1362 1714 atque
1387 1669 1561 1703 custodiam
1587 1669 1707 1702 arcium
1732 1674 1763 1702 et
1786 1668 1849 1702 sor-

1108 1724 1295 1763 talstiorum,
1320 1733 1443 1756 necnon
1467 1723 1659 1767 populorum
1685 1731 1793 1766 pacem
1819 1726 1851 1755 et

1108 1777 1256 1821 quietem,
1271 1782 1301 1809 et
1313 1786 1456 1810 annonae
1471 1776 1692 1809 abundantiam
1711 1781 1849 1819 speetan=

1109 1831 1149 1863 tia
1173 1841 1209 1864 ac
1233 1836 1295 1863 tam
1322 1831 1455 1873 gratiam
1481 1840 1575 1873 quam
1604 1829 1752 1863 iustitiam
1777 1838 1850 1862 con⁴=

1109 1884 1269 1917 cernentia
1294 1883 1429 1927 (etiamsi
1455 1883 1527 1915 talia
1552 1883 1664 1922 forent,
1688 1893 1767 1926 quae
1792 1881 1850 1915 sub

1108 1937 1247 1979 generati
1272 1937 1442 1970 verborum
1468 1935 1698 1978 significatione
1720 1945 1782 1968 non
1804 1945 1850 1968 ve=

1108 1991 1232 2031 nirent,
1258 1990 1312 2023 sed
1337 1989 1523 2033 specialibus
1552 1989 1728 2031 indigerent
1759 1998 1850 2022 voca<

1090 2049 1091 2056 ¹
1108 2045 1200 2085 bulis,
1214 2055 1249 2078 ac
1266 2044 1393 2088 speciali
1406 2046 1480 2076 nota
1497 2043 1590 2086 digna
1608 2044 1724 2086 essent)
1736 2042 1849 2084 ficere,

1109 2108 1230 2140 gerere,
1255 2098 1412 2137 ordinare,
1438 2101 1584 2137 statuere,
1603 2096 1761 2137 mandare,
1783 2105 1850 2129 exc=

1109 2205 1214 2237 onmia
1237 2205 1357 2248 possis,
1382 2205 1484 2237 valeas
1510 2208 1539 2237 et
1563 2204 1697 2246 debeas,
1728 2214 1763 2237 ac
1792 2212 1850 2236 nos

1110 2258 1170 2302 ipsi
1194 2258 1318 2298 faeere,
1343 2268 1471 2301 gerere,
1497 2257 1666 2297 ordinare,
1690 2261 1848 2296 statuere,

1110 2312 1269 2353 mandare,
1286 2312 1398 2355 exequi
1418 2318 1446 2344 et
1472 2312 1575 2345 facere
1594 2321 1770 2355 possemus,
1786 2309 1849 2354 plc‘

1109 2365 1280 2407 nissimam,
1305 2365 1531 2409 amplissimam
1556 2369 1584 2398 ct
1609 2364 1783 2397 absolutam
1808 2362 1848 2396 sa-

1110 2419 1277 2459 cultatem‚
1316 2423 1502 2462 potestatem
1542 2424 1573 2451 et,
1608 2417 1848 2458 auctoritatem,

1108 2473 1283 2517 apostolica
1296 2473 1491 2512 auctoritate,
1502 2476 1610 2505 tenore
1623 2470 1846 2515 praesentium,

1110 2526 1310 2560 concedimus
1335 2531 1365 2558 et
1389 2526 1600 2570 impartimur.
1630 2525 1667 2558 Et
1693 2523 1849 2558 nihilomi-

1146 2600 1157 2625 1
1176 2597 1246 2625 Edit.
1262 2597 1342 2624 Maia.
1359 2597 1423 2632 legit
1434 2597 1592 2631 prudentia
1608 2598 1644 2628 (R.
1661 2595 1709 2632 τ.).

1144 2642 1160 2670 2
1176 2643 1276 2671 Vocem
1292 2645 1323 2672 ut
1337 2651 1386 2671 nos
1401 2642 1525 2671 addimus
1543 2643 1578 2678 [n.
1597 2641 1645 2677 11).

1743 220 1807 255 227
1853 229 1904 259 in.
1924 229 1954 258 c.
1971 203 2036 260 icat
