2248 3229
83 232 133 260 An.
153 231 182 260 C.
199 230 270 260 ¹633

83 294 268 348 ii³0³5⁵0¹iu⁰ss¹iii¹ffl³⁵
283 278 475 323 apostolatus
499 277 642 323 apicem,
669 278 774 312 divina
808 278 929 312 favente
953 279 1019 312 cle<

130 669 173 691 Sed
188 674 234 689 cnm
251 669 270 689 iu

86 698 201 718 secretaria
221 696 270 716 lire-

87 731 142 745 vinm
155 724 181 744 ad
192 723 270 749 princi-

85 757 124 776 pes
156 750 270 775 computati

87 779 163 798 luerint
182 782 194 796 a
210 781 270 796 coro·

87 807 179 825 nationis
199 803 244 825 dit-¹,

168 1098 274 1123 Praecipit

90 1125 116 1146 ab
126 1127 275 1152 asumma-»nis

91 1154 125 1173 dit·
139 1156 274 1178 :inposterum

90 1182 215 1205 computari.

899 230 1041 255 URBANUS

283 333 409 373 mentia,
426 333 577 376 assumpti
602 333 718 366 t‘uimus
742 333 772 365 in
797 332 957 376 quibusvis
973 332 1022 365 lit-

284 387 358 421 teris
382 386 564 431 apostolicis
595 387 688 420 etiam
721 387 751 419 in
783 387 884 420 forma
917 375 1041 418 Brevis*

283 439 321 472 de
345 439 492 474 mandato
511 445 621 474 nostro
645 439 822 483 computari
847 438 1042 475 debuerint,l

283 493 529 537 mandatumque
554 499 584 526 et
608 493 751 527 voluntas
782 498 890 526 nostra
920 491 1025 524 liuius-

284 548 370 581 modi
394 553 458 581 tam
482 548 514 580 in
538 548 708 580 secretaria
724 549 847 580 >nostra
880 546 1043 587 Brevium,

285 606 496 643 secretorum,
520 610 615 644 quam
640 600 760 634 dataria
785 605 815 633 et
839 591 1043 633 cancellaria³

286 655 487 698 exequutioni
511 654 697 687 demandata
721 654 846 696 suerint,
873 653 955 686 idem
979 652 1027 684 ni-

286 708 456 741 hilominus
480 708 512 740 in
537 708 706 741 secretaria
723 710 831 742 nostra
851 708 1026 741 litterarum

286 762 316 794 in
330 761 431 795 forma
442 761 559 801 Brevis,
573 772 652 806 quac
673 761 869 805 principibus
888 760 1029 794 scribun-

287 821 359 856 tur,
391 815 456 848 sive
485 816 526 849 ob
554 826 617 849 non
644 815 781 848 habitam
807 814 974 848 voluntatis
999 819 1029 846 et

288 874 318 901 ct
342 868 479 901 mandati
504 875 684 902 nostrorum
717 868 849 907 notitia,
876 878 929 899 seu
954 867 1029 899 alias

289 921 531 963 inadvertenter,
550 927 706 955 servatum
723 932 785 955 non
805 921 906 961 suerit,
928 920 981 952 sed
999 920 1028 952 in

289 978 325 1009 ea
349 977 422 1009 anni
447 976 647 1020 pontificatus
663 976 761 1008 nostri
787 986 804 1008 a
829 975 878 1008 dic.
903 984 1031 1007 corona-

291 1029 383 1063 tionis
406 1036 531 1063 nostrae
556 1029 711 1062 numerati
737 1028 869 1061 suerint:

335 1084 350 1126 ξ
374 1084 404 1116 ἐξ.
431 1085 503 1123 Nos,
519 1093 558 1116 ne
576 1094 610 1115 cx
629 1081 810 1126 praemissis
828 1081 958 1114 dubium
980 1081 1031 1113 ali-

290 1137 376 1180 quod
400 1138 483 1170 cirea
508 1137 693 1170 corumdem
719 1147 874 1170 annorum
900 1147 1031 1179 compu-

291 1192 451 1233 tationem,
465 1202 519 1225 seu
533 1192 617 1233 alias,
636 1196 688 1224 aut.
705 1190 935 1234 aequivocatio*
955 1190 1031 1222 oriri
1048 1197 1050 1213 ¹

291 1245 467 1288 contingat,
489 1245 674 1278 mandamus
699 1244 813 1277 dilecto
844 1244 909 1276 lilio
938 1243 1033 1275 Fran-

292 1299 376 1332 cisco
389 1299 526 1331 llerrera
543 1298 726 1331 earumdem
744 1298 932 1335 litterarum,
954 1306 1033 1340 quac

292 1352 490 1396 principibus
515 1352 706 1391 scribuntur,
732 1350 911 1387 secretario,
940 1355 973 1381 ut
997 1350 1052 1381 de<

293 1412 398 1440 cetero
423 1417 521 1439 annos
540 1406 739 1450 pontificatus
756 1405 856 1438 nostri
874 1414 935 1437 non
952 1414 969 1436 a
986 1404 1035 1436 die.
1052 1414 1053 1443 i

294 1460 517 1500 coronationis,
534 1459 589 1492 sed
615 1470 632 1492 a
657 1459 707 1492 die
731 1458 954 1502 assumptionis
978 1445 1053 1494 no-'l

294 1520 377 1547 strae
402 1513 440 1546 ad
465 1513 610 1546 eumdem
636 1513 855 1556 pontificatum
880 1515 1035 1551 numeret,

294 1572 391 1610 utque
422 1566 591 1600 voluntatis
616 1572 742 1599 nostrae
767 1564 948 1598 huiusmodi
972 1574 1036 1596 me-

295 1620 397 1653 moria
413 1620 576 1664 perduret,
594 1620 748 1660 volumus,
768 1624 802 1652 ut
822 1618 1035 1662 praesentium

294 1677 544 1718 transumptum,
572 1684 668 1707 manu
695 1673 798 1706 dilecti
831 1673 949 1716 pariter
980 1671 1035 1704 filii

295 1727 437 1770 magistri
454 1728 549 1761 Marci
567 1727 687 1760 Aurelii
706 1726 835 1759 Maraldi
852 1725 983 1769 praelati
1001 1735 1035 1757 ac

296 1781 457 1815 secretarii
471 1781 634 1815 domestici
650 1781 750 1814 nostri
768 1779 953 1813 eorumdem
968 1779 1038 1811 Bre-

296 1834 382 1867 vium
402 1839 596 1868 secretorum
617 1834 840 1878 subscriptum,
859 1834 889 1866 in
905 1839 1036 1866 secreta-

296 1888 345 1921 ria
361 1888 516 1921 dictarum
534 1888 721 1928 litterarum,
742 1897 821 1931 quae
842 1886 1037 1930 principibus

297 1941 488 1983 scribuntur,
509 1941 682 1974 retineatur
706 1945 736 1973 et
759 1945 912 1983 perpetuo
937 1950 1038 1972 asscr-

297 2000 397 2028 vetur.
412 1995 447 2028 In
471 1994 665 2028 contrarium
691 1993 876 2027 facientibus
900 2003 962 2026 non
988 1992 1039 2025 ol)-

298 2048 452 2081 stantibus
472 2048 733 2093 quibuscumque.

342 2093 453 2135 Datum
466 2102 596 2141 Romae,
613 2101 695 2145 apud
713 2101 742 2133 S.
762 2101 897 2142 Petrum,
917 2099 974 2133 sub
991 2109 1040 2132 an-

298 2154 374 2188 nulo
384 2155 561 2195 Piscatoris‚
569 2155 618 2188 die
628 2165 667 2188 xv
678 2154 854 2188 decembris
864 2163 1039 2192 iiocxxxm,

299 2209 500 2253 pontificatus
516 2209 616 2242 nostri
638 2219 719 2242 anno
737 2218 776 2241 xi.

336 2272 394 2299 Dat.
412 2271 455 2300 die
472 2273 504 2299 15
519 2272 671 2300 decembris
687 2272 766 2305 1633,
784 2271 878 2307 pontit.
896 2279 965 2298 anno
981 2278 1017 2297 xi.

585 2407 760 2441 CDLXXIII.

302 2479 483 2521 Decretum,
504 2483 539 2513 ut
556 2490 661 2512 omnes
677 2478 884 2522 rcyulariitm
904 2478 1044 2522 superio-

346 2545 396 2568 res
413 2545 485 2567 suos
502 2533 646 2566 subditos
666 2537 694 2566 et
714 2533 882 2576 relt'qiosos
892 2542 1044 2576 persaepe

348 2592 570 2622 commoneant
590 2586 627 2620 (le
651 2586 802 2619 iniuncta.
828 2585 976 2619 onznibzts
993 2585 1044 2618 ob-

342 2653 353 2679 1
370 2650 526 2687 Legendum
542 2650 610 2679 soret
626 2650 893 2685 aequivocationem
908 2648 948 2683 (a.
960 2648 1008 2683 r).

1065 229 1123 254 vm
1146 229 1195 254 PP.

1101 277 1264 311 servantia
1279 280 1306 310 et
1321 275 1535 320 eroqutttione
1545 274 1800 319 apostoticarum

1102 331 1370 363 constitutionum
1395 334 1423 363 et
1447 329 1644 362 decretorum
1669 327 1712 360 ad
1729 327 1800 370 offi—

1103 384 1189 416 cium
1219 384 1441 416 sanctissimae
1475 382 1704 426 ‘inquisitionis
1736 380 1800 413 ad-

1102 447 1212 469 versus
1243 437 1439 470 haereticam
1471 436 1668 480 pravitatem
1702 435 1802 479 perti-

1103 491 1263 522 nentium.

1059 560 1142 588 feria
1164 560 1269 594 quinta
1293 568 1328 588 xx
1356 561 1522 590 decembris
1547 567 1680 588 MDCxxth
1700 560 1731 589 in
1751 569 1802 596 qe-

1095 605 1192 633 nerali
1216 605 1448 640 congregratione
1473 609 1595 634 sanctae
1611 607 1758 633 Romanae
1772 608 1804 633 et

1096 650 1280 678 universalis
1298 650 1504 684 inquisitionis
1520 649 1625 677 habita
1639 650 1670 677 in
1689 650 1804 684 palatio

1097 695 1263 729 apostolico
1284 703 1381 723 coram
1397 695 1591 723 Sanctissimo
1611 695 1734 722 Domino
1753 702 1805 722 no-

1098 742 1161 766 stro
1173 739 1291 766 Urbano
1312 738 1414 766 divina
1430 739 1619 773 providentia
1635 738 1713 772 Papa
1724 739 1804 771 VIII,

1098 791 1132 810 ac
1153 783 1397 811 eminentissimis
1418 787 1449 811 et.
1468 783 1728 811 reverendissimis
1753 783 1804 810 do-

1099 827 1188 855 minis
1218 831 1342 856 sanctae
1363 829 1512 855 Romanae
1532 827 1688 855 Ecclesiae
1708 827 1805 855 cardi-

1099 873 1218 900 nalibus
1240 875 1384 900 adversus
1414 873 1598 901 haereticam
1626 872 1806 907 pravitatem

1099 918 1330 951 inquisitoribus
1350 918 1539 952 generalibus
1567 925 1583 945 a
1604 917 1709 945 sancta
1732 917 1807 944 Sede

1099 962 1272 996 apostolica
1292 963 1465 996 specialiter
1485 963 1651 997 deputatis.

1109 1026 1329 1059 Sanctissimus
1346 1025 1497 1059 Dominus
1514 1029 1628 1067 noster,
1644 1025 1752 1058 sedulo
1766 1025 1808 1058 in-

1066 1079 1227 1119 cumbens,
1252 1085 1282 1111 ut
1311 1090 1359 1120 ea,
1385 1090 1465 1122 quae
1490 1079 1659 1112 salubriter
1683 1084 1807 1123 aposto-

1068 1133 1134 1165 licis
1163 1133 1298 1165 decretis
1330 1138 1360 1165 ct
1392 1133 1667 1165 constitutionibus
1696 1137 1808 1165 statuta

1068 1192 1097 1219 et
1116 1187 1261 1219 ordinata
1278 1192 1358 1227 sunt,
1376 1186 1573 1229 praesertim,
1590 1196 1670 1229 quae
1687 1185 1725 1217 ad
1742 1195 1810 1218 sau-

1068 1246 1151 1273 rtum
1177 1240 1313 1273 ostitjrium
1340 1240 1550 1283 inquisitionis
1567 1244 1676 1273 contra
1701 1240 1810 1271 baere-

1069 1294 1161 1326 ticam
1186 1294 1371 1337 pravitatem
1398 1293 1566 1337 pertinent,
1588 1292 1810 1325 inviolabiliter

1069 1348 1299 1387 observentur,
1324 1353 1354 1379 et
1389 1347 1603 1380 omnimodam
1640 1345 1811 1380 sortiantur

1069 1401 1323 1445 exequutionem,
1348 1401 1489 1433 districte
1513 1400 1641 1432 mandat
1665 1405 1695 1432 ct
1718 1410 1810 1443 prae.-

1069 1455 1163 1499 cipit:
1188 1460 1223 1488 ut
1246 1465 1355 1488 omncs
1379 1455 1575 1498 superiores,
1600 1453 1737 1487 cuiusvis
1752 1453 1811 1486 Or-

1070 1508 1160 1550 dinis,
1179 1508 1442 1551 congregationis,
1462 1507 1634 1549 societatis,
1656 1507 1749 1540 etiam
1773 1506 1812 1538 de

1072 1561 1257 1594 necessitate
1273 1561 1504 1605 exprimendae,
1522 1560 1677 1603 regularis
1692 1565 1745 1592 aut
1763 1570 1813 1592 cu-

1072 1614 1167 1647 iusvis
1191 1614 1320 1647 alterius
1336 1613 1479 1654 instituti,
1497 1613 1590 1646 etiam
1612 1612 1813 1656 quantumvis

1072 1667 1209 1711 exempti
1234 1674 1264 1701 et
1283 1668 1483 1712 privilegiati,
1502 1668 1594 1700 etiam
1613 1678 1671 1711 per
1688 1666 1813 1710 amplis-

1072 1724 1150 1756 sima
1174 1723 1350 1767 privilegia,
1376 1734 1447 1757 cum
1473 1723 1630 1763 clausulis,
1663 1733 1701 1755 ne
1727 1733 1813 1755 com-

1071 1778 1307 1821 prehendantur
1332 1778 1363 1810 in
1388 1778 1510 1817 litteris,
1528 1777 1672 1817 decretis,
1693 1777 1815 1810 ordina-

1073 1831 1210 1864 tionibus
1224 1836 1253 1864 et
1271 1831 1546 1865 constitutionibus
1559 1830 1739 1875 apostolicis
1752 1839 1813 1863 non

1073 1885 1259 1917 facientibus
1291 1885 1415 1928 plenam
1449 1891 1479 1917 et
1511 1895 1689 1928 expressam
1713 1894 1749 1916 ac
1777 1883 1814 1915 de

1073 1938 1170 1971 verbo
1191 1938 1229 1971 ad
1254 1938 1396 1981 verbum,
1414 1938 1529 1971 nedum
1547 1939 1584 1971 de
1602 1938 1677 1982 ipsis
1694 1937 1816 1970 Ordini-

1073 1991 1141 2034 bus,
1167 1992 1476 2035 congregationibus,
1495 1991 1696 2025 societatibus
1720 1996 1750 2023 et
1772 1990 1817 2023 in-

1075 2045 1210 2087 stitutis,
1237 2045 1290 2078 sed
1316 2045 1408 2078 etiam
1434 2045 1472 2078 de
1497 2044 1677 2077 huiusmodi
1703 2054 1816 2077 exem*

1074 2098 1191 2141 ptione‚
1211 2098 1379 2142 privilegio
1404 2099 1451 2131 xel
1477 2099 1597 2131 indulto
1621 2097 1814 2130 mentionem

1076 2151 1203 2195 (quibus
1220 2152 1277 2185 hac
1290 2152 1368 2193 viee,
1382 2157 1412 2184 et
1428 2152 1466 2184 ad
1482 2151 1626 2184 effectum
1642 2150 1816 2195 praesentis

1057 2211 1059 2223 ¹
1076 2205 1192 2238 decreti
1209 2205 1369 2239 dumtaxat
1387 2205 1653 2249 consequendum,
1668 2205 1728 2237 illis
1742 2205 1816 2236 alias

1078 2260 1108 2292 in
1133 2270 1189 2293 suo
1214 2260 1329 2293 robore
1348 2260 1574 2303 permansuris,
1593 2258 1771 2302 specialiter
1788 2263 1816 2289 et

1077 2324 1241 2357 expresse,
1267 2319 1297 2346 et
1320 2313 1359 2346 ad
1384 2314 1516 2346 sormam
1543 2313 1634 2345 etiam
1661 2311 1816 2354 generalis

1078 2367 1309 2400 constitutionis
1333 2368 1413 2400 Suae
1437 2366 1615 2400 Sanctitatis
1642 2364 1817 2408 incipientis

1080 2422 1159 2455 Cum
1176 2421 1258 2453 sicat
1276 2421 1467 2464 accepimus,
1489 2419 1546 2452 sub
1566 2419 1672 2451 datum
1690 2419 1816 2458 Romae,

1078 2475 1127 2508 dic
1153 2486 1170 2508 v
1196 2475 1377 2508 novembris
1402 2483 1558 2513 uncxxxi,
1582 2472 1734 2506 Sanctitas
1756 2472 1816 2505 Sua

1078 2529 1241 2572 derogavit
1257 2532 1286 2562 et
1302 2528 1443 2571 derogat,
1457 2527 1633 2571 ceterisque
1650 2526 1817 2560 contrariis

1078 2583 1353 2627 quibuscumque),
1371 2587 1544 2622 teneantur,
1559 2581 1616 2614 sub
1633 2581 1736 2625 poena
1752 2580 1817 2625 pri-s

1080 2637 1211 2671 rationis
1242 2637 1335 2670 officii
1360 2647 1396 2670 ac
1421 2636 1506 2670 vocis
1537 2635 1654 2670 activae
1684 2639 1714 2669 et
1745 2645 1817 2679 pas⁹

1700 214 1766 251 357
1811 224 1860 253 An.
1882 224 1913 252 C.
1931 222 1999 252 1633
