2248 3229
215 195 264 222 An.
281 196 311 238 c.
334 197 401 225 1634
446 188 510 224 404

239 948 269 969 De
289 948 396 978 quetidia-

212 976 245 996 nis
260 977 372 996 exercitus.

414 257 480 280 rem
506 239 690 291 religionem
725 248 858 280 transire
887 247 952 279 sine
983 248 1151 281 definitorii

414 299 550 341 licentia,
575 311 668 343 quam
694 300 785 332 etiam
812 310 875 332 non
893 301 1054 341 concedat,
1075 301 1098 333 si
1116 312 1150 333 ex

414 352 547 395 levitate,
573 353 759 392 temeritate,
785 353 867 393 odio,
894 359 1075 396 contemptu
1100 347 1171 386 ῑιυῑῗ

414 406 473 438 alia
491 405 585 438 animi
610 405 846 448 perturbatione
872 406 1060 439 moveatur¹.
1076 407 1151 440 Cum

413 458 563 492 ordinarii
581 459 754 501 superioris
775 459 890 493 iudicio
912 466 993 493 stare
1006 460 1152 500 noluerit,

413 512 450 545 ad
475 513 653 554 generalem
676 518 705 545 et
721 513 903 546 definitores
916 525 967 547 res
984 514 1152 555 deferatur,

412 576 548 609 quorum
573 576 761 610 responsum
779 571 945 611 expectare
963 567 987 600 si
1005 574 1153 612 proterve

412 624 545 660 recuset,
570 621 721 653 carcerali
738 621 881 655 custodia
902 622 1110 666 mancipetur,
1128 623 1152 655 si

411 673 578 716 aufugerit,
596 675 885 710 excommunicatus
908 676 1095 720 publicetur,
1114 681 1153 717 et,

412 726 437 760 si
450 727 613 771 poenitens
624 739 770 762 reversus
780 729 883 771 fuerit,
893 729 990 773 petita
1002 730 1102 771 venia,
1112 730 1154 763 di-

411 780 543 824 sciplina
553 781 719 825 plectatur,
726 782 764 815 ab
772 783 1094 816 excommunicatione
1103 783 1154 816 ab·

412 834 560 876 solvatur,
574 835 730 869 etiterum
745 836 968 878 incarceretur,
986 837 1086 871 donec
1097 848 1154 882 per

411 888 608 932 superiorem
629 890 810 933 generalem
830 891 923 924 fuerit
947 891 1151 935 dispensatus.

456 942 544 976 Mane
576 949 708 987 surgant
738 945 852 978 fratres
881 945 1049 989 diligenter
1073 946 1153 980 hora

412 998 526 1040 quarta
551 998 715 1041 matutina,
741 1002 771 1032 et
794 998 869 1032 dum
895 1009 927 1032 se
952 999 1093 1033 modeste
1111 1000 1153 1032 in-

412 1049 513 1085 duunt
543 1051 659 1095 aliquid
692 1051 803 1086 devote
828 1052 859 1085 in
890 1052 1024 1086 Domino
1048 1053 1149 1086 medi-

412 1109 527 1145 tentur,
551 1114 597 1145 ac,
622 1105 770 1138 decenter
789 1106 927 1139 vestibus
952 1107 1073 1150 operti,
1098 1107 1154 1140 hu-

412 1157 529 1191 militer
541 1169 644 1201 genua
657 1159 794 1200 flectant,
811 1170 846 1192 ac
863 1160 990 1192 demum
1012 1160 1153 1201 adorent,

412 1210 525 1243 deinde
549 1211 665 1244 lectum
691 1217 893 1256 componant,
920 1218 996 1253 tum,
1014 1213 1082 1245 aliis
1102 1223 1154 1246 ne-

413 1264 557 1297 cessariis
586 1265 734 1309 expletis,
759 1266 882 1309 pulsato
912 1266 1009 1299 horae
1033 1267 1153 1310 sesqui-

412 1323 540 1362 quartae
566 1319 666 1362 signo,
691 1320 875 1353 convenient
894 1330 1003 1353 omnes
1021 1320 1059 1353 ad
1083 1331 1154 1353 ora-

411 1372 529 1405 torium
554 1378 735 1406 consuetam
761 1374 936 1407 orationem
957 1374 1097 1407 vocalem
1116 1374 1154 1406 si-

412 1425 477 1458 mul
501 1425 623 1466 facturi,
641 1437 703 1469 qua
720 1427 855 1470 expleta,
873 1427 1007 1460 orationi
1026 1427 1153 1460 mentali

412 1484 521 1512 vacent
535 1489 592 1523 per
605 1479 766 1512 dimidiam
784 1480 895 1513 horam
910 1491 1005 1525 super
1022 1482 1154 1514 materia

412 1543 506 1577 quam
531 1534 746 1578 unusquisque
771 1534 829 1567 sibi
854 1535 992 1569 serotino
1010 1540 1154 1579 tempore

412 1587 572 1620 utiliorem
588 1589 838 1632 praeparaverit,
852 1589 932 1622 liora
946 1599 1021 1622 vero
1035 1590 1153 1633 quinta,

412 1641 556 1684 pulsante
581 1641 693 1674 ultimo
718 1642 943 1675 matutinarum
970 1642 1070 1686 signo,
1089 1653 1154 1676 om-

411 1704 467 1727 nes
492 1695 584 1727 simul
610 1695 648 1727 ad
672 1695 806 1728 chorum
830 1707 977 1740 propere,
1003 1696 1152 1738 modeste,

413 1747 601 1792 silenterque
626 1749 817 1792 procedant,
846 1750 884 1782 ab
910 1760 1009 1793 eoque
1038 1761 1153 1793 regre-

413 1800 538 1834 diantur
555 1802 709 1845 similiter,
728 1803 823 1847 idque
848 1806 990 1836 servetur
1015 1803 1153 1847 quoties-

413 1865 549 1898 cumque
566 1855 629 1888 itur
644 1856 683 1889 ad
699 1857 831 1890 chorum
851 1857 900 1889 vel
914 1857 953 1889 ab
969 1867 1005 1890 eo
1022 1857 1152 1890 reditur.

457 1908 542 1941 Hora
555 1909 785 1953 sesquidecima
799 1910 953 1942 matutina
967 1910 1076 1943 diebus
1089 1911 1155 1954 qui-

413 1961 488 1994 hus²
498 1972 560 1995 non
571 1963 736 2004 ieiunatur,
747 1964 826 1997 hora
837 1974 912 1997 vero
922 1964 1155 2007 sesquiundeci-

413 2017 466 2049 ma
479 2026 550 2048 curn
564 2016 731 2057 ieiunatur,
748 2018 890 2060 pulsetur
900 2018 938 2050 ad
950 2018 1152 2050 refectionem

414 2070 628 2113 corporalem,
653 2076 684 2103 et
708 2071 810 2105 statim
830 2071 1017 2104 conveniant
1041 2072 1153 2104 fratres

413 2123 554 2156 modeste
578 2124 768 2168 silenterque
793 2125 831 2157 ad
856 2126 1081 2167 refectorium,
1107 2126 1153 2157 fa-

414 2179 526 2220 ctaque
550 2177 589 2210 de
613 2189 701 2211 more
725 2178 763 2210 ab
788 2178 1035 2213 hebdomadario
1060 2180 1154 2213 bene-

413 2230 558 2273 dictione,
573 2231 700 2264 sedeant
714 2232 818 2275 primo
835 2233 1025 2275 superiores,
1044 2234 1153 2266 ordine

413 2285 444 2316 in
465 2285 670 2318 electionibus
694 2286 775 2318 infra
798 2287 1010 2330 piaescripto,
1043 2287 1154 2319 deinde

415 2338 592 2371 sacerdotes
616 2339 678 2379 alii,
704 2339 835 2371 subinde
860 2340 992 2382 diaconi,
1011 2341 1154 2373 similiter

414 2392 614 2433 subdiaconi,
639 2398 749 2437 postea
774 2394 825 2425 alii
851 2395 968 2435 clerici,
994 2400 1154 2438 postremo

414 2445 446 2477 in
470 2448 578 2479 mensa
603 2449 745 2490 separata
762 2447 905 2480 conversi
926 2452 955 2481 et
972 2447 1088 2490 donati,
1107 2458 1155 2481 or-

414 2498 486 2532 dine
505 2501 709 2543 professionis
734 2512 817 2534 suae.

451 2572 461 2598 1
480 2571 551 2598 Edit.
568 2572 646 2599 ltlain.
663 2572 728 2607 legit
743 2576 896 2602 moneatur
910 2574 948 2609 (R.
961 2575 1008 2609 T.).

449 2614 467 2641 2
480 2616 581 2643 Vocem
594 2618 698 2653 quibus
710 2626 760 2646 nos
773 2619 897 2646 addimus
910 2619 948 2654 (a.
963 2619 1010 2654 T.).

1004 202 1182 225 BULLARIUM
1205 202 1361 225 ROMANUM

1230 249 1328 282 Nemo
1361 250 1559 291 superveniat
1590 255 1660 294 post
1693 251 1861 284 sessionem
1888 250 1925 283 ad

1187 302 1321 345 primam
1349 312 1487 334 mensam
1513 313 1685 345 pransurus
1710 305 1758 337 vel
1784 309 1926 338 coenatu-

1187 365 1250 393 rus,
1270 355 1387 398 absque
1414 357 1558 398 expressa
1588 356 1758 399 superioris
1782 358 1925 398 licentia;

1187 419 1225 441 ne
1251 409 1395 442 turbetur
1417 409 1634 449 communitas,
1656 410 1777 452 primae
1800 421 1926 444 mensae

1187 473 1297 496 omnes
1321 463 1474 503 intersint,
1500 468 1639 495 cessante
1664 463 1803 505 legitimo
1828 464 1926 508 impe-

1188 516 1326 549 dimento
1352 527 1369 548 a
1394 516 1556 559 superiore
1581 517 1724 560 probato,
1750 517 1855 560 ibique
1879 517 1928 550 de-

1188 576 1257 604 vote
1276 571 1341 603 sine
1367 571 1499 614 strepitu
1525 571 1608 603 iuxta
1632 571 1862 615 praescriptum
1882 581 1929 605 re-

1188 625 1279 668 gulae
1305 635 1424 658 sacram
1451 625 1617 658 lectionem
1643 625 1777 658 audiant.

1232 678 1305 711 Post
1328 678 1507 722 prandium,
1528 679 1636 722 gratiis
1657 679 1767 712 devote
1783 679 1928 723 peractis,

1189 731 1256 764 fieri
1281 732 1397 775 poterit
1421 732 1575 765 recreatio
1591 743 1647 776 per
1667 732 1777 766 horam
1803 732 1834 765 in
1858 732 1928 766 loco

1188 784 1359 828 deputato,
1393 791 1455 818 tam
1483 785 1522 818 ab
1553 785 1613 818 illis
1646 785 1699 829 qui
1731 785 1763 818 in
1794 785 1928 818 secunda

1188 840 1296 870 mensa
1315 848 1409 882 quam
1428 838 1480 882 qui
1498 838 1529 871 in
1545 838 1647 882 prima
1664 838 1770 882 pransi
1788 837 1927 871 fuerunt¹

1188 891 1235 925 vel
1261 892 1472 933 coenaverint,
1497 892 1604 935 ibique
1627 892 1796 935 loquantur
1816 891 1855 924 de
1878 902 1928 925 re-

1187 945 1246 979 bus
1270 946 1301 978 in
1325 946 1458 979 Domino
1479 946 1626 978 utilibus:
1652 946 1775 990 expleta
1799 955 1931 978 recrea—

1188 998 1281 1040 tione,
1300 999 1337 1032 ac]
1363 1010 1474 1033 sonum
1501 1000 1716 1044 campanulae,
1733 999 1765 1032 in
1783 999 1877 1032 cellas
1897 1009 1929 1032 se

1187 1053 1340 1098 recipiant
1364 1054 1487 1095 fratres,
1505 1054 1564 1087 nisi
1586 1054 1715 1098 proprio
1733 1057 1930 1097 occupentur

1188 1107 1312 1149 officio,
1337 1108 1459 1152 ibique,
1484 1113 1554 1151 post
1579 1108 1674 1141 breve
1700 1117 1829 1140 examen
1855 1117 1930 1140 con-

1188 1161 1345 1201 scientiae,
1360 1166 1390 1194 et
1403 1161 1546 1194 invocato
1559 1161 1670 1194 devote
1684 1161 1789 1194 divino
1803 1160 1929 1199 auxilio,

1187 1213 1304 1257 aliquid
1321 1215 1436 1257 legant,
1455 1215 1591 1256 scribant
1616 1220 1670 1254 aut
1694 1214 1847 1255 studeant,
1865 1213 1929 1246 sive

1188 1267 1271 1300 aliud
1298 1278 1333 1300 ex
1358 1269 1554 1312 praescripto
1579 1268 1752 1312 superioris
1778 1270 1930 1312 peragant

1188 1331 1288 1364 usque
1313 1320 1351 1353 ad
1375 1332 1536 1365 vesperas,
1558 1322 1673 1365 quibus
1698 1331 1769 1354 cum
1795 1320 1930 1363 comple-

1187 1374 1270 1407 torio
1294 1374 1439 1418 peractis,
1464 1375 1533 1418 pari
1557 1375 1678 1408 ratione
1703 1385 1735 1407 se
1760 1373 1902 1407 habeant.

1232 1428 1376 1461 Pulsetur
1400 1428 1479 1461 liora
1505 1428 1614 1472 quinta
1640 1428 1777 1462 serotina
1802 1427 1841 1460 ad
1865 1438 1931 1460 ora-

1187 1482 1304 1515 tionem
1321 1483 1491 1515 mentalem
1512 1493 1569 1526 per
1587 1481 1765 1515 dimidium²
1781 1482 1878 1515 horae
1899 1481 1930 1514 in

1188 1535 1327 1569 oratorio
1353 1536 1513 1569 communi
1538 1535 1723 1576 faciendam,
1748 1546 1764 1568 a
1789 1545 1850 1578 qua
1873 1545 1927 1568 re-

1188 1589 1334 1622 cedentes
1358 1590 1390 1622 in
1414 1589 1617 1622 refectorium
1643 1600 1675 1622 se
1694 1589 1856 1622 conferant
1871 1599 1930 1632 pro

1187 1643 1367 1683 refectione,
1381 1653 1441 1686 qua
1456 1643 1554 1683 finita,
1579 1649 1608 1675 et
1632 1642 1837 1675 recreationis
1855 1647 1931 1674 tem-

1188 1707 1266 1740 pore
1279 1697 1414 1740 expleto,
1435 1696 1589 1740 recipiant
1602 1707 1635 1729 se
1648 1696 1678 1728 in
1693 1696 1787 1729 cellas
1803 1695 1929 1728 lectioni

1188 1750 1341 1793 spirituali
1361 1750 1508 1789 vacaturi,
1523 1755 1553 1782 et
1566 1750 1645 1782 hora
1667 1752 1775 1782 octava
1790 1749 1930 1782 serotina

1188 1803 1297 1836 diebus
1318 1803 1488 1846 designatis
1512 1803 1688 1847 pulsabitur
1713 1814 1771 1847 pro
1792 1803 1930 1846 capitulo

1188 1858 1364 1901 culparum,
1391 1858 1605 1901 sesquioctava
1629 1867 1703 1890 vcro
1721 1857 1852 1899 singulis
1866 1856 1930 1889 die-

1187 1912 1245 1944 bus
1269 1912 1412 1955 pulsetur
1437 1912 1475 1944 ad
1499 1904 1674 1944 orationem
1696 1912 1835 1944 vocalem
1861 1916 1932 1954 post

1188 1965 1284 1997 breve
1302 1975 1433 1997 examen
1458 1965 1642 2006 faciendam,
1668 1975 1729 2008 qua
1742 1965 1875 2008 expleta,
1901 1969 1931 1997 et

1187 2018 1406 2052 benedictione
1419 2018 1511 2051 simul
1526 2030 1543 2051 a
1558 2019 1721 2062 superiore
1736 2019 1874 2062 accepta,
1892 2017 1930 2050 ad

1187 2072 1303 2105 lectum
1330 2078 1411 2112 eant;
1429 2078 1517 2105 extra
1533 2083 1626 2115 quem
1644 2082 1737 2105 nemo
1752 2072 1931 2115 reperiatur

1188 2131 1258 2169 post
1285 2126 1397 2158 horam
1422 2136 1548 2167 nouam,
1575 2115 1640 2158 sine
1660 2127 1795 2159 licentia.
1814 2126 1930 2158 Diebus

1188 2179 1302 2222 quibus
1325 2180 1496 2221 ieiunatur,
1528 2180 1699 2212 meditatio
1715 2180 1852 2212 serotina
1877 2179 1931 2212 fiat

1188 2234 1225 2265 ab
1246 2234 1323 2265 hora
1345 2234 1558 2276 sesquiquinta
1587 2234 1624 2265 ad
1647 2238 1772 2273 sextam,
1797 2239 1836 2273 et,
1862 2237 1931 2276 post

1188 2287 1343 2319 modicam
1370 2288 1649 2330 refocillationem,
1683 2288 1837 2320 recreatio
1873 2297 1931 2331 per

1188 2341 1377 2373 dimidiuin³
1401 2341 1499 2373 lutrae
1524 2347 1655 2374 tantum.

1232 2394 1369 2437 Singulis
1394 2395 1643 2428 hebdomadibus
1668 2395 1746 2428 feria
1764 2396 1850 2428 sexta
1875 2396 1930 2427 ha-

1187 2448 1299 2481 beatur
1331 2459 1434 2482 scrmo
1468 2449 1505 2481 de
1534 2449 1684 2491 religiosa
1708 2449 1874 2492 disciplina
1900 2453 1929 2481 et

1224 2531 1234 2556 1
1254 2529 1348 2564 Aptius
1363 2530 1508 2566 legendum
1523 2531 1635 2565 suerint
1650 2531 1740 2566 (nm).

1221 2574 1237 2600 ‘2
1248 2574 1317 2601 Edit.
1329 2575 1406 2602 Main.
1418 2576 1563 2610 lialietper
1575 2576 1733 2603 dimidiam
1743 2576 1832 2602 horae
1842 2574 1877 2610 (R.
1889 2575 1927 2611 T).

1219 2617 1235 2644 3
1248 2618 1320 2646 Edit.
1332 2620 1414 2648 Main.
1429 2620 1495 2656 legit.
1508 2621 1665 2648 dimidiam
1679 2622 1717 2655 (a.
1728 2620 1779 2655 Τ.).

1941 203 1988 229 An.
2005 202 2035 229 C.
2057 201 2124 230 1634
