2248 3229
184 227 237 253 An.
257 226 285 255 C,
302 225 373 254 1634
417 216 482 251 386

186 291 205 308 et
220 289 268 308 aliis
282 288 369 314 impedi-

185 315 219 337 tis,
229 314 313 335 modum
329 316 370 335 sta·
387 328 392 333 .

186 343 232 361 11111,

226 1514 321 1540 Eltgvndt
333 1518 384 1533 ron—

201 1543 323 1562 fessas-um.
348 1546 383 1565 qut

201 1575 238 1588 eos
253 1567 348 1588 absolvat
363 1572 385 1586 e-

201 1598 251 1614 ttam
266 1600 277 1613 a
292 1598 384 1613 resena-

200 1622 330 1645 1istexcepta
338 1620 386 1639 hae·

202 1647 386 1671 rest),ta‹·uttnte1n

202 1673 306 1694 concedit.

385 274 571 318 receperint,
589 272 808 316 suprascriptis
828 270 973 314 peractis,
995 274 1036 309 ct,
1053 269 1122 302 loco

386 331 577 362 interventus
596 326 627 358 in
647 324 858 369 processione,
884 322 1005 355 visitata
1029 323 1124 355 eccle-

386 381 431 413 sia
458 378 639 418 cathedrali,
659 377 706 410 vel
733 377 862 417 maiore,
880 382 931 409 aut
949 375 1124 420 parochiali

387 433 445 467 loci
470 432 609 465 eiusdem
627 431 788 472 domicilii,
803 430 945 463 eamdem
964 429 1125 472 indulgen-

386 487 460 519 tiam
485 485 635 528 consequi
658 484 779 529 possint
803 487 832 518 et
862 484 993 516 valeant.
1022 484 1124 526 Regu-

387 539 504 572 larihus
526 544 630 572 autem
660 538 803 583 personis
834 537 999 580 utriusque
1023 547 1144 579 sexus,³

387 593 480 626 etiam
506 593 536 626 in
561 592 716 626 clausuris
748 597 900 636 perpetuo
930 591 1125 634 degentibus,

386 656 509 680 necnon
543 646 610 679 aliis
635 646 912 690 quibuscumque,
946 649 1008 676 tam
1039 644 1127 677 laicis

391 710 485 743 quam
502 699 669 742 religiosis,
690 698 885 732 secularibus
909 697 956 730 vel
976 696 1128 740 regulari-

388 753 456 793 bus,
470 752 562 785 etiam
581 752 611 784 in
629 761 755 785 carcere
772 750 868 784 autin
886 749 1064 794 captivitate
1081 759 1128 782 ex-

388 806 564 847 istentibus,
578 806 625 839 vel
648 805 753 849 aliqua
774 803 917 848 corporis
935 802 1128 843 infirmitate,

390 870 446 893 seu
469 859 530 892 alio
554 868 755 903 quocumque
779 857 1004 901 impedimento
1028 856 1130 889 deten-

392 913 439 954 tis,
465 912 517 955 qui
542 922 636 955 supra
657 921 816 955 expressa,
833 909 951 943 scilicet
967 908 1129 948 ieiunium,

392 967 632 1010 eleemosynam,
657 964 871 1008 ecclesiaeque
895 973 950 996 seu
977 961 1131 996 ecclesia-

393 1030 463 1053 rum
488 1019 708 1059 visitationem,
725 1028 761 1050 ac
779 1017 988 1050 interventum
1007 1016 1038 1048 in
1057 1025 1132 1059 pro-

394 1072 534 1106 cessione
550 1077 581 1105 et
597 1071 783 1111 orationem,
800 1070 849 1103 vel
870 1079 980 1103 eorum
998 1068 1132 1102 aliorum

394 1126 498 1170 aliqua
519 1130 678 1170 praestare
702 1123 912 1168 nequiverint,
931 1127 964 1156 ut
988 1123 1040 1155 illa
1064 1132 1134 1155 con-

394 1180 552 1221 fessarius,
578 1189 672 1222 quem
698 1183 731 1211 ut
749 1178 831 1210 infra
855 1176 1016 1219 elegerint,
1042 1175 1133 1209 eisin

395 1233 455 1266 alia
478 1232 601 1276 pietatis
626 1241 722 1275 opera
740 1234 948 1270 commutare,
969 1230 1016 1262 vel
1041 1230 1073 1261 in
1101 1240 1134 1261 a-

396 1285 460 1318 liud
485 1285 665 1329 proximum
688 1289 814 1328 tempus
831 1293 1008 1327 prorogare
1026 1282 1134 1326 possit,

398 1349 495 1383 eaque
520 1338 694 1381 iniungere,
714 1347 794 1381 quac
811 1337 868 1380 ipsi
886 1332 1081 1380 poenitentes
1098 1335 1137 1368 es-

397 1393 492 1426 ficere
523 1397 693 1436 poterunt,
726 1392 844 1435 pariter
876 1390 1077 1424 concedimus
1107 1394 1137 1422 et.

399 1446 608 1490 indulgemus.

444 1502 459 1545 g
481 1500 510 1533 3.
535 1500 700 1544 Cupientes
724 1504 829 1532 autem
855 1507 964 1531 omnes
990 1497 1137 1531 christifi-

400 1555 484 1588 deles
508 1553 676 1598 participes
700 1552 768 1585 ficri
797 1551 890 1584 huius
921 1551 1138 1595 pretiosissimi

401 1608 558 1648 thesauri,
583 1607 737 1640 universis
763 1611 793 1639 et
817 1605 949 1648 singulis
975 1599 1157 1649 utriusque*

402 1673 504 1703 sexus,
522 1667 584 1695 tam
603 1660 691 1694 laicis
717 1670 811 1704 quam
837 1658 1066 1700 ecclesiasticis,
1091 1669 1139 1691 se-

403 1715 562 1748 cularibus
579 1718 608 1748 et
632 1713 841 1757 regularibus,
855 1711 992 1745 cuiusvis
1006 1711 1140 1751 Ordinis,

403 1767 655 1812 congregationis
673 1771 703 1800 et
722 1766 865 1805 instituti,
890 1765 1049 1798 licentiam
1071 1774 1141 1798 con-

402 1822 542 1856 cedimus
566 1826 597 1854 et
616 1820 795 1854 facultatem
820 1819 940 1860 damus,
965 1824 999 1851 ut
1022 1818 1080 1851 sibi
1103 1817 1140 1850 ad

402 1877 487 1908 hunc
510 1874 655 1908 effectum
674 1873 790 1916 eligere
808 1881 1041 1916 quemcumque
1058 1881 1142 1914 pres-

403 1930 549 1973 byterum
584 1926 809 1961 confessarium
823 1953 831 1967 ,
868 1930 932 1958 tam
967 1925 1141 1958 secularem

404 1992 510 2026 quam.
523 1980 660 2014 cuiusvis
685 1979 810 2013 Ordinis
833 1979 1022 2022 regularem,
1041 1988 1076 2011 ex
1094 1988 1143 2022 ap-

405 2035 547 2080 probatis
564 2045 581 2067 a
600 2035 744 2068 locorum
762 2033 946 2073 Ordinariis,
964 2031 1017 2076 qui
1034 2042 1087 2065 eos
1105 2032 1143 2064 ab
1161 2058 1162 2061 ,

406 2089 552 2123 omnibus
569 2086 902 2122 excommunicationis
918 2090 948 2119 et
965 2086 1033 2118 aliis
1050 2086 1145 2118 eccle-

407 2142 539 2176 siasticis
562 2141 723 2175 sententiis
747 2144 777 2175 et
801 2140 941 2174 censuris
969 2150 987 2172 a
1011 2140 1080 2173 iure
1099 2139 1144 2172 vel

409 2197 446 2230 ab
466 2196 596 2231 homine
612 2195 720 2240 quavis
739 2197 831 2228 causa
847 2195 917 2228 latis
934 2205 988 2228 seu
1009 2194 1146 2235 inflictis,

408 2261 531 2285 necnon
556 2250 594 2283 ab
619 2249 765 2283 omnibus
788 2248 934 2294 peccatis,
959 2248 1146 2288 excessibus

410 2305 596 2339 criminibus
621 2309 651 2337 et
674 2303 795 2336 delictis
823 2302 1023 2347 quantumvis
1048 2301 1148 2345 gravi-

408 2360 468 2392 bus
492 2363 522 2392 et
547 2357 740 2397 enormibus,
765 2356 858 2389 etiam
883 2356 1026 2389 locorum
1051 2354 1144 2388 Ordi-

408 2413 526 2454 nariis,
559 2412 624 2445 sive
654 2410 747 2444 nobis
783 2415 813 2443 et
849 2409 919 2443 Sedi
951 2409 1148 2453 Apostolicae

410 2466 517 2509 (etiam
542 2465 573 2498 in
597 2464 709 2497 litteris
734 2463 783 2496 die
807 2463 927 2497 Coenae
946 2462 1070 2496 Domini
1086 2457 1167 2504 legi⁵

411 2519 509 2552 solitis
534 2517 699 2560 contentis)
717 2522 747 2550 et
761 2517 835 2549 alias
858 2527 915 2560 per
935 2525 1149 2560 quascumque
1166 2523 1167 2526 ’

412 2577 546 2613 nostras,
563 2577 615 2605 aut
630 2573 845 2605 Rornanorum
861 2570 1047 2604 Pontificum
1063 2578 1150 2613 prae·
1166 2563 1168 2571 '

962 216 1149 247 BULLARIUM‘

1147 937 1148 943 ,
1166 908 1278 941 virtute
1295 912 1420 941 sanctae
1439 906 1635 941 obedientiae
1657 906 1798 939 districte
1816 916 1904 950 prae-

1165 2406 1220 2456 iab
1243 2406 1348 2449 aliquo
1373 2403 1531 2448 praelato,
1557 2413 1611 2436 seu
1643 2402 1745 2436 iudice
1772 2401 1920 2435 ecclesia-

414 2625 615 2659 decessorum
628 2630 812 2659 nostrorum
823 2623 1070 2663 constitutiones,
1080 2632 1150 2666 qua—

1165 221 1321 246 Romnum

1156 278 1227 302 rum
1244 273 1370 301 tenores
1390 269 1606 312 praesentibus
1622 268 1730 303 haberi
1747 268 1893 303 volumus

1156 333 1215 367 pro
1227 321 1392 366 expressis,
1407 321 1703 366 quomodocumque
1715 322 1894 363 reservatis,

1158 376 1190 408 in
1212 376 1282 409 soro
1306 374 1515 409 conscientiae
1539 380 1569 407 et
1591 375 1650 408 hac
1675 375 1742 408 vice
1761 380 1894 415 tantum,

1157 439 1221 462 non
1240 433 1344 462 tamen
1369 439 1386 460 a
1410 427 1541 461 crimine
1565 427 1715 468 haeresis,
1735 427 1896 462 absolvere

1158 486 1188 514 et
1206 481 1342 514 liberare
1367 481 1498 514 valeant.

1204 535 1218 578 ἓ
1240 534 1269 567 4.
1291 535 1325 568 Et
1349 535 1478 578 insuper
1495 539 1564 567 vota
1582 544 1800 578 quaecumque
1817 533 1899 577 (reli-
1939 549 1967 569 Ac
1983 550 2097 568 macom-

1160 588 1261 631 gionis
1279 592 1308 621 et
1332 587 1480 622 castitatis
1498 587 1647 632 exceptis)
1665 587 1696 619 in
1721 587 1780 620 alia
1804 586 1854 631 pia
1870 592 1899 620 et
1913 577 2098 631 ἓᾛῗῖᾴιῑξῗέἷῖἷ

1161 641 1307 674 salutaria
1321 651 1418 685 opera
1428 645 1633 683 commutare,
1644 640 1784 673 iniuncta
1797 644 1901 673 tamen
1914 628 2004 653 ''3¹⁰''¹⁵'

1161 695 1204 728 eis
1222 699 1252 727 et
1269 704 1380 727 eorum
1398 694 1525 727 cuilibet
1542 694 1573 726 in
1597 693 1785 738 supradictis
1804 693 1903 728 omni-

1161 749 1220 782 bus
1243 747 1367 781 casibus
1392 747 1584 791 poenitentia
1609 747 1747 788 salutari,
1771 747 1903 791 aliisque

1163 801 1302 835 eiusdem
1327 800 1508 834 confessarii
1532 799 1665 834 arbitrio
1693 800 1901 843 iniungendis.

1208 856 1222 899 g
1236 855 1264 889 5.
1279 855 1488 898 Quapropter,
1506 858 1614 887 tenore
1630 852 1854 897 praesentium,
1870 853 1901 886 in
1917 864 2101 918 depfflumorem

1904 221 1956 248 An.
1976 219 2006 248 G.
2024 219 2092 249 163⁵

1165 961 1297 1005 cipimus
1321 966 1414 1005 atque
1430 960 1615 994 mandamus
1628 959 1775 993 omnibus
1791 964 1822 993 et
1837 959 1904 1004 qui-

1165 1015 1361 1059 buscumque
1372 1014 1603 1048 venerabilibus
1613 1013 1763 1047 fratribus
1776 1014 1905 1058 patriar-

1166 1067 1233 1101 chis
1246 1096 1254 1109 ,
1287 1067 1536 1112 archiepiscopis
1549 1094 1556 1108 ,
1589 1066 1745 1112 episcopis
1776 1071 1806 1100 et
1837 1066 1906 1100 aliis

1168 1122 1372 1156 ecclesiarum
1395 1120 1564 1166 praelatis,
1588 1131 1624 1153 ac
1656 1119 1906 1164 quibuscumque

1167 1175 1340 1209 ordinariis
1364 1175 1518 1215 locorum,
1542 1184 1716 1217 eorumque
1736 1173 1861 1207 vicariis
1877 1179 1905 1206 et

1169 1227 1364 1268 officialibus,
1379 1227 1488 1267 vel,iis
1512 1226 1740 1267 deficientibus,
1763 1225 1835 1267 illis,
1853 1225 1907 1270 qui

1170 1291 1279 1315 curam
1296 1281 1473 1314 animarum
1493 1285 1650 1321 exercent,
1666 1284 1710 1320 ut,
1730 1290 1802 1312 cum
1819 1290 1907 1324 prae-

1169 1335 1302 1369 sentium
1320 1335 1495 1368 litterarum
1525 1338 1718 1378 transumpta
1735 1337 1788 1366 aut
1805 1343 1909 1367 exem-

1171 1390 1222 1434 pla
1235 1389 1328 1422 etiam
1346 1389 1498 1432 impressa
1514 1387 1705 1431 acceperint,
1722 1386 1775 1419 illa
1794 1386 1909 1426 statim,

1170 1443 1287 1487 absque
1312 1442 1376 1475 ulla
1401 1443 1501 1483 mora,
1522 1440 1732 1474 retardatione
1750 1440 1797 1473 vel
1815 1440 1911 1484 impe-

1172 1497 1310 1531 dimento
1325 1524 1332 1537 ,
1357 1506 1413 1540 per
1438 1505 1509 1528 suas
1533 1494 1700 1536 ecclesias,
1734 1493 1911 1536 dioeceses,

1172 1550 1359 1594 provincias,
1373 1549 1523 1590 civitates,
1537 1548 1661 1592 oppida,
1679 1552 1780 1580 terras
1797 1552 1827 1580 et
1843 1547 1913 1581 loca

1173 1603 1332 1647 publicent
1356 1608 1386 1635 ct
1409 1601 1562 1646 publicari
1581 1601 1704 1642 saciant,
1721 1611 1756 1634 ac
1773 1600 1866 1634 cleris
1883 1605 1911 1633 et

1156 1694 1158 1704 Ι
1174 1657 1299 1701 populis
1323 1656 1381 1689 sibi
1399 1655 1545 1689 subiectis
1565 1655 1721 1687 solemnes
1737 1653 1913 1698 processio-

1171 1721 1228 1744 nes
1243 1713 1273 1744 et
1290 1709 1534 1754 supplicationes
1551 1707 1688 1741 indicant
1701 1712 1731 1740 et
1743 1707 1913 1747 celebrent,

1175 1763 1401 1806 ecclesiamque
1426 1772 1480 1795 seu
1501 1761 1648 1794 eeclesias
1669 1760 1838 1793 visitandas
1865 1760 1915 1792 de-

1175 1818 1308 1861 signent.
1877 1814 1879 1816 ’

1220 1872 1235 1915 ἓ
1259 1870 1288 1904 6.
1314 1871 1381 1904 Non
1406 1869 1598 1902 intendimus
1622 1871 1725 1902 autem
1750 1878 1807 1912 per
1827 1877 1916 1912 prae-

1177 1929 1279 1958 sentes
1305 1934 1400 1967 super
1417 1923 1522 1966 aliqua
1539 1921 1771 1964 irregularitate
1790 1920 1916 1964 publica

1178 1978 1225 2011 vel
1249 1978 1390 2017 occulta,
1414 1977 1506 2018 nota,
1537 1975 1658 2008 defectu
1673 2001 1681 2015 ,
1712 1974 1916 2018 incapacitate

1179 2042 1232 2064 seu
1256 2030 1451 2063 inhabilitate
1475 2038 1602 2073 quoquo
1633 2027 1727 2060 modo
1756 2029 1917 2060 eontracta

1179 2085 1372 2129 dispensare,
1380 2084 1427 2117 vel
1439 2083 1574 2126 aliquam
1588 2081 1766 2115 facultatem
1778 2080 1918 2114 tribuere

1180 2137 1381 2182 dispensandi
1406 2147 1460 2170 seu
1483 2134 1678 2175 habilitandi,
1699 2138 1729 2167 et
1752 2134 1784 2166 in
1804 2133 1918 2178 pristi—

1180 2203 1255 2225 num
1272 2196 1385 2224 statum
1400 2188 1595 2230 restituendi,
1608 2188 1700 2223 etiam
1719 2188 1750 2221 in
1767 2187 1836 2222 soro
1849 2197 1919 2221 con-

1181 2245 1343 2284 scientiae;

1226 2299 1241 2342 g
1266 2297 1293 2331 7.
1319 2298 1425 2341 Neque
1456 2296 1549 2329 etiam
1581 2294 1705 2329 easdem
1739 2299 1920 2339 praesentes

1182 2353 1228 2393 iis,
1253 2352 1306 2396 qui
1331 2361 1347 2384 a
1371 2350 1461 2384 nobis
1486 2354 1516 2383 et
1539 2347 1716 2393 Apostolica
1747 2347 1847 2389 Sede,
1871 2349 1920 2381 vel

1985 1874 2114 1896 flabititandt

1930 1904 2057 1929 potestatem
2073 1906 2114 1922 non

1931 1929 2012 1950 tribuit.

1974 2302 2061 2323 Publice
2078 2302 2119 2323 de-

1934 2329 2029 2350 nunciati
2066 2334 2119 2356 quo-

1935 2355 1996 2377 modo
2038 2355 2119 2382 possint

1935 2381 2036 2408 consequi
2082 2381 2119 2402 de-

1935 2410 2008 2430 clarat.

1183 2459 1260 2492 stico
1284 2456 1558 2497 excommunicati,
1576 2455 1728 2500 suspensi,
1753 2454 1920 2494 interdicti,

1183 2523 1236 2546 seu
1261 2512 1336 2544 alias
1359 2511 1392 2544 in
1415 2510 1584 2545 sententias
1607 2513 1637 2543 et
1669 2517 1818 2542 censuras
1841 2507 1920 2540 inci-

1183 2566 1266 2599 disse
1282 2565 1440 2606 declarati,
1458 2565 1506 2598 vel
1525 2563 1649 2608 publice
1666 2561 1842 2596 denunciati
1859 2561 1924 2594 fue-

1184 2621 1256 2662 rint,
1280 2620 1339 2654 nisi
1364 2620 1447 2653 infra
1472 2625 1595 2663 tempus
1619 2615 1839 2652 celebrationis
1864 2615 1923 2649 hu-
