2248 3229
188 217 237 246 An.
259 217 287 246 c.
306 217 374 247 1033
420 209 486 244 314

773 248 775 250 v
966 218 1143 242 nrimxnlrn

386 268 536 302 cardinali
568 267 689 301 solvere
721 271 748 299 et
782 266 855 299 dare
889 266 1125 310 promiserunt,

386 325 416 356 et
439 322 534 362 alias,
559 325 653 365 prout
676 319 707 352 in
731 318 912 363 praemissis
926 345 933 359 ,
958 323 1127 361 transege-

386 380 468 416 runt,
487 377 699 408 convenerunt
713 378 742 405 et
756 372 987 406 concordarunt
998 383 1006 412 3
1024 383 1059 405 ac
1076 372 1126 406 de-

385 440 473 462 mum
497 429 597 461 dictus
620 427 717 460 lulius
735 426 970 471 praedecessor,
988 426 1026 460 ad
1046 426 1127 471 ipso-

386 491 456 514 rum
481 480 647 513 Alexandri
665 480 833 513 cardinalis
858 485 888 513 et
912 480 988 513 cleri
1004 490 1124 524 preces,

356 539 358 542 '
385 534 608 574 concordiam,
634 533 878 567 transactionem
910 543 964 567 seu
989 544 1125 567 conven-

386 588 501 621 tionem
525 587 722 631 praedictas,
755 597 898 629 necnon,
931 591 1026 631 prout
1058 586 1127 619 illas

384 641 636 683 concernebant‚
662 640 769 674 omnia
800 645 830 674 ct
862 640 985 684 singula
1010 640 1127 673 alia'in

383 694 602 728 instrumentis
626 704 682 727 seu
706 694 774 727 aliis
799 693 966 738 scripturis
991 693 1127 738 desuper

385 747 534 782 consectis
554 752 718 788 contenta,
743 750 773 781 et
803 746 863 779 alia
894 746 965 780 inde
993 752 1126 792 sequuta

383 811 622 845 quaecumque,
645 801 730 833 licita
755 805 785 833 et
808 801 939 834 honesta
969 811 1004 833 ae
1029 800 1126 833 sacris

384 854 557 888 canonibus
582 854 711 887 minime
737 854 915 895 contraria,
941 854 1125 888 auctoritate

384 909 565 952 apostolica,
591 919 627 941 ex
652 910 737 942 certa
762 908 892 942 scientia
917 910 983 948 sua,
1009 908 1125 942 confir-

384 962 481 995 mavit
505 967 535 995 et
559 961 765 1005 approbavit,
795 972 831 995 ac
860 961 920 994 illis
952 967 1126 1005 perpetuae

383 1014 542 1048 firmitatis
565 1015 665 1047 robur
685 1014 807 1055 adiecit,
825 1024 998 1061 omnesque
1019 1019 1049 1046 et
1069 1014 1127 1046 sin-

383 1069 474 1112 gulos
491 1068 569 1101 iuris
594 1074 624 1101 ct
647 1068 719 1101 sacti
740 1068 889 1109 defectus,
907 1067 931 1100 si
951 1067 1004 1111 qui
1021 1068 1125 1101 forsan

383 1122 623 1155 intervenissent
647 1121 678 1154 in
703 1122 833 1162 eisdem,
858 1121 1014 1165 supplevit
1023 1132 1031 1161 ;
1056 1131 1127 1154 nec-

385 1187 448 1210 non
465 1181 570 1220 partes
590 1175 766 1219 praedictas
783 1175 820 1207 ab
838 1175 892 1216 cis,
911 1175 1022 1218 quovis
1039 1185 1128 1219 prae-

383 1235 469 1264 textu
487 1240 541 1263 seu
558 1239 757 1273 quacumque
775 1228 939 1261 occasione
957 1228 1003 1260 vel
1022 1230 1126 1268 causa,

383 1283 508 1316 resilire
532 1292 596 1315 non
621 1292 730 1326 posse,
758 1281 811 1314 sed
837 1281 874 1314 ad
901 1281 1026 1314 illorum
1053 1285 1128 1315 tota-

383 1337 445 1370 lem
470 1335 721 1369 observationem
747 1334 857 1375 teneri,
886 1339 915 1367 et
939 1334 977 1366 ad
1001 1334 1032 1366 id
1058 1344 1125 1367 sen-

385 1390 500 1431 tentiis,
518 1389 659 1423 censuris
684 1394 713 1421 et
729 1388 838 1433 poenis
860 1388 1077 1421 ecclesiasticis
1099 1393 1128 1421 et

384 1444 452 1477 aliis
472 1442 672 1488 pecuniariis,
687 1442 831 1475 invocato
849 1441 941 1474 etiam
962 1441 1000 1474 ad
1017 1441 1087 1481 hoc,
1102 1440 1126 1473 si

384 1508 463 1542 opus
483 1496 591 1540 suerit,
608 1497 724 1530 auxilio
740 1496 861 1529 brachii
877 1495 1036 1536 secularis,
1057 1495 1126 1538 cogi

384 1556 415 1585 et
439 1550 607 1595 compelli;
628 1560 684 1583 nec
702 1549 739 1583 de
757 1555 862 1582 cetero
881 1550 1000 1582 clerum
1019 1553 1047 1583 et
1060 1559 1128 1593 per-

385 1615 477 1638 sonas
488 1603 669 1637 huiusmodi
687 1603 844 1635 ullatenus
860 1613 917 1647 per
934 1604 1038 1647 ipsum
1061 1603 1129 1636 Ale-

385 1658 540 1691 xandrum
570 1656 761 1691 cardinalem
787 1661 816 1689 et
840 1657 990 1699 legatum,
1016 1666 1127 1689 suosve

385 1712 416 1745 in
440 1712 522 1745 dicta
546 1711 702 1754 legatione
726 1720 935 1751 successores,
960 1715 1012 1743 aut
1033 1720 1124 1743 eum-

385 1766 456 1799 dem
471 1766 584 1798 lulium
598 1765 885 1809 praedecessorem,
899 1764 946 1797 vel
962 1759 1128 1809 quoscum-

386 1829 446 1863 que
467 1819 543 1852 alios
568 1819 725 1852 Romanos
739 1818 904 1862 pontifices
929 1828 1127 1851 successores

386 1882 460 1906 suos
484 1882 542 1916 pro
569 1876 711 1915 tempore
728 1871 906 1913 existentes,
925 1871 971 1904 vel
986 1870 1063 1914 per’
1085 1870 1128 1903 di-

386 1930 469 1959 ctam
487 1925 610 1965 Sedem,
638 1925 703 1958 ullo
732 1934 880 1969 umquam
908 1930 1049 1968 tempore
1077 1935 1127 1957 su-

386 1989 443 2024 per
460 1979 622 2012 exactione
639 1978 794 2012 dictorum
814 1978 998 2022 spoliorum,
1017 1978 1128 2021 quovis

387 2033 528 2078 quaesito
553 2033 669 2074 colore,
695 2032 855 2071 molestari
880 2036 932 2064 aut
948 2031 1127 2076 perturbari

386 2077 638 2131 posse3'sicqiie
673 2096 729 2130 per
761 2096 977 2130 quoscumque
1009 2085 1146 2131 iudices

388 2139 643 2180 commissarios,
668 2138 785 2172 ctiam²
815 2145 938 2172 sanctae
970 2139 1129 2172 Romanae

388 2194 545 2227 Ecclesiae
559 2193 743 2234 cardinales,
757 2193 881 2226 sublata
900 2193 943 2226 eis
968 2198 996 2226 et
1017 2203 1128 2226 eorum

390 2247 518 2282 cuilibet
548 2247 657 2291 quavis
681 2246 771 2279 aliter
796 2246 953 2279 iudicandi
978 2251 1008 2279 ct
1032 2247 1128 2279 inter-

388 2301 533 2347 pretandi
557 2301 703 2338 facultate
727 2305 758 2333 ct
780 2301 976 2341 auctoritate,
998 2300 1129 2334 iudicari

390 2360 420 2389 et
444 2354 568 2389 definiri
604 2354 735 2395 debere;
761 2355 819 2387 ac3
851 2353 1003 2398 quidquid
1040 2364 1147 2387 secus¹

391 2420 486 2454 super
509 2409 557 2443 his
576 2419 594 2442 a
618 2419 787 2454 quoquam,
805 2408 914 2452 quavis
934 2408 1129 2448 auctoritate,
1146 2434 1147 2459 ἶ

427 2502 438 2525 1
456 2499 498 2526 Sic
514 2503 577 2534 puto
593 2498 738 2534 legendum
758 2506 807 2533 pro
822 2498 859 2525 ad
875 2497 946 2533 quod
966 2498 1031 2533 legit
1049 2498 1128 2525 Main.

392 2547 448 2571 tum
469 2544 512 2571 hic
532 2547 586 2571 tum
607 2544 633 2570 in
653 2544 712 2571 loco
732 2543 861 2579 parallelo
881 2544 962 2570 citato
982 2543 1019 2578 (a.
1036 2543 1082 2577 r).

426 2589 444 2614 2
454 2588 551 2615 Vocem
561 2589 650 2616 etiam
662 2588 786 2615 addimus
796 2596 827 2615 ex
839 2588 895 2615 loco
908 2587 1036 2623 parallelo
1048 2588 1129 2621 (aff).
1146 2604 1149 2632 1

427 2632 444 2660 3
458 2633 583 2660 Voculam
599 2641 632 2661 ac
648 2633 771 2661 addimus
781 2641 812 2660 ex
827 2631 884 2660 loco
900 2632 1030 2668 parallelo
1042 2631 1129 2666 (nr).
1146 2652 1148 2665 ,

1169 217 1322 242 nonxxrn

1161 265 1296 298 scienter
1320 266 1367 298 vel
1392 264 1585 308 ignoranter,
1610 267 1777 312 eontigerit
1800 273 1901 303 atten-

1160 318 1229 360 tari,
1255 318 1381 352 irritum
1406 323 1438 351 et
1462 318 1555 352 inane
1574 319 1728 362 decrevit3
1750 327 1846 366 prout
1870 322 1901 356 in

1160 372 1371 406 instrumento
1396 383 1451 406 scu
1476 372 1703 415 instrumentis,
1723 380 1753 408 et
1774 376 1902 420 quibus-

1160 426 1231 459 dam
1264 426 1362 470 ipsius
1393 426 1463 460 Iulii
1494 427 1745 471 praedecessoris
1767 429 1900 471 litteris3

1160 479 1362 523 postmodum
1394 490 1470 514 vero
1500 480 1601 514 bonae
1634 481 1806 515 memoriae
1830 483 1902 517 Pius

1160 534 1242 578 Papa
1260 534 1282 566 V
1305 534 1423 578 pariter
1448 534 1674 578 praedecessor
1697 539 1805 568 noster
1829 535 1902 579 (sibi

1160 587 1313 631 exposito,
1328 587 1423 631 quod,
1436 587 1537 621 bonae
1554 587 1646 620 etiam
1665 588 1837 622 memoriae
1852 588 1904 622 Ca-

1161 641 1229 674 rolo
1255 640 1334 675 tituli
1359 640 1388 674 S.
1413 641 1599 685 Chrisogoni
1625 641 1810 687 presbytero
1834 652 1903 676 car-

1160 693 1256 726 dinali
1281 693 1319 726 a¹
1346 694 1507 728 Boi-honio
1530 700 1712 739 nuncupato
1735 695 1767 729 in
1798 696 1903 730 locum

1160 746 1329 779 Alexandri
1343 746 1510 780 cardinalis
1527 747 1631 791 quoad
1643 748 1832 792 legationem
1847 749 1901 783 hu-

1161 800 1296 833 iusmodi
1322 799 1464 841 suffecto,
1481 800 1564 834 illius
1583 805 1771 845 procurator
1788 802 1903 836 fiscalis

1160 854 1252 886 simul
1274 858 1367 897 atque
1402 853 1559 898 quisque²
1585 865 1621 887 ex
1645 854 1728 889 dicto
1753 855 1838 889 clero
1862 856 1902 889 ab

1160 907 1307 940 humanis
1329 907 1517 948 decesserat,
1541 907 1701 941 defuncti³
1718 909 1817 952 spolia
1841 914 1903 943 sta-

1160 960 1215 993 tim
1237 961 1487 1004 apprehendere,
1512 961 1652 1006 fiscoque
1676 961 1771 1005 legati
1799 963 1901 997 vindi-

1160 1025 1232 1047 care
1250 1019 1280 1046 ct
1296 1014 1513 1058 appropriare,
1531 1025 1567 1048 ac
1584 1015 1659 1048 alias
1671 1016 1791 1048 clerum
1808 1027 1903 1061 super

1160 1068 1259 1100 libera
1284 1068 1428 1101 facultate
1459 1067 1497 1100 de
1522 1068 1613 1102 bonis
1644 1068 1708 1102 suis
1736 1068 1768 1101 in
1792 1070 1903 1104 ultima

1160 1122 1317 1155 voluntate
1343 1121 1529 1166 disponendi
1557 1122 1745 1166 perturbare
1769 1123 1903 1157 conaba-

1162 1179 1221 1214 tur,
1242 1174 1273 1207 in
1295 1185 1445 1218 magnum
1466 1175 1542 1208 cleri
1559 1176 1786 1219 praeiudicium
1803 1182 1834 1210 et
1851 1188 1903 1222 po-

1160 1228 1226 1271 puli
1256 1229 1481 1262 avenionensis
1513 1230 1713 1271 scandalum,
1738 1231 1903 1275 eidemque

1162 1281 1215 1314 Pio
1231 1281 1467 1324 praedecessori
1493 1293 1552 1326 pro
1576 1288 1665 1327 parte
1689 1283 1766 1316 cleri
1782 1290 1813 1316 et
1833 1295 1904 1328 per-

1161 1345 1310 1367 sonarum
1335 1335 1569 1379 praedictarum
1593 1336 1785 1380 supplicato,
1814 1342 1848 1370 ut
1872 1337 1904 1370 in

1160 1388 1342 1432 praemissis
1370 1388 1537 1432 providere
1572 1389 1770 1433 dignaretur)
1802 1389 1903 1423 dictus

1162 1441 1234 1473 Pius
1248 1440 1474 1484 praedecessor
1490 1442 1703 1484 concordiam,
1717 1443 1904 1476 instrumen-

1162 1500 1227 1527 tum
1245 1500 1275 1527 et
1290 1494 1452 1528 decretum
1470 1494 1544 1529 dicti
1565 1495 1633 1528 Iulii
1654 1496 1693 1529 III
1718 1497 1821 1540 quoad
1834 1507 1904 1541 spo-

1162 1547 1201 1580 lia
1219 1548 1295 1580 cleri
1307 1547 1318 1565 ⁴
1334 1558 1397 1581 non
1411 1548 1573 1591 exigenda,
1587 1549 1771 1593 litterasque
1785 1555 1815 1583 et
1831 1550 1902 1584 inde

1161 1607 1293 1646 sequuta
1323 1602 1505 1635 huiusmodi
1536 1613 1752 1647 quaecumque
1779 1609 1904 1648 aposto·

1161 1655 1221 1689 lica
1241 1655 1426 1689 auctoritate
1444 1655 1642 1689 confirmavit
1660 1662 1689 1690 et
1706 1657 1902 1701 approbavit,

1161 1719 1195 1743 ac
1214 1709 1298 1753 ipsos
1315 1709 1435 1742 clerum
1457 1714 1486 1742 ct
1502 1719 1652 1753 personas
1677 1710 1903 1745 ecclesiasticas

1160 1763 1237 1807 per5
1260 1763 1405 1797 Carolum
1423 1762 1613 1796 cardinalem
1631 1768 1660 1796 et
1684 1774 1744 1807 pro
1760 1768 1904 1808 tempore

1161 1816 1331 1849 existentes
1348 1816 1467 1860 legatos
1485 1826 1580 1860 super
1597 1816 1706 1861 spoliis
1723 1817 1904 1851 huiusmodi

1161 1870 1199 1903 de
1219 1875 1325 1903 cetero
1349 1869 1510 1903 molestari
1534 1879 1597 1903 non
1622 1869 1738 1904 debere
1755 1870 1903 1914 decrevit,

1162 1924 1284 1968 aliaque
1300 1924 1333 1957 in
1356 1924 1418 1957 illis
1441 1924 1618 1958 necessaria
1635 1925 1707 1958 fecit
1730 1929 1760 1959 et
1783 1926 1905 1959 ordina-

1162 1978 1214 2018 vit,
1231 1983 1325 2022 prout
1345 1977 1376 2011 in
1393 1978 1458 2012 suis
1474 1978 1611 2022 desuper
1626 1979 1775 2013 confectis
1792 1979 1904 2014 litteris

1162 2032 1334 2076 respective
1351 2031 1473 2075 plenius
1489 2031 1676 2065 continetur.
1693 2032 1769 2066 Cum
1788 2038 1902 2077 autern,

1162 2085 1261 2118 sicut⁶
1278 2085 1416 2118 exhibita
1429 2085 1520 2119 nobis
1536 2095 1596 2130 pro
1612 2090 1701 2130 parte
1718 2086 1902 2120 eorumdem

1163 2139 1238 2173 cleri
1247 2144 1277 2172 et
1286 2150 1492 2184 personarum
1501 2139 1782 2173 ecclesiasticarum
1793 2140 1904 2184 petitio

1163 2193 1350 2235 continebat,
1362 2193 1421 2237 ipsi
1431 2193 1556 2237 cupiant
1566 2193 1904 2234 concordiamstiueras

1164 2252 1193 2280 et
1210 2247 1268 2279 alia
1285 2246 1457 2290 praemissa
1482 2257 1538 2290 per
1561 2246 1673 2280 Sedem
1691 2247 1902 2291 Apostolicam

1164 2300 1344 2334 confirmari
1362 2304 1391 2333 et
1405 2300 1587 2344 approbari,
1604 2300 1758 2345 nobisque
1770 2301 1802 2334 in
1818 2311 1904 2346 prae-

1203 2410 1209 2433 Ι
1229 2407 1327 2443 Praep.
1345 2416 1362 2434 a
1378 2415 1408 2434 ex
1423 2407 1482 2435 loco
1498 2407 1591 2444 parall.
1609 2407 1724 2436 delenda
1737 2409 1774 2444 (a.
1786 2409 1835 2444 τ,).

1198 2453 1214 2479 ⁶2
1230 2454 1259 2480 In
1275 2454 1334 2480 loco
1351 2453 1479 2487 parallelo
1496 2453 1594 2489 legitur
1609 2454 1755 2489 quispiam
1773 2458 1810 2486 (R.
1822 2455 1870 2488 ¹12).

1199 2497 1215 2524 3
1229 2496 1296 2524 Male
1311 2497 1355 2524 hic
1371 2498 1436 2524 edit.
1455 2497 1532 2524 Mam.
1550 2498 1615 2533 legit
1628 2499 1761 2533 defuncto
1775 2499 1813 2534 (n.
1825 2499 1875 2533 τ.).

1200 2541 1217 2567 4
1233 2541 1329 2568 Vocem
1344 2542 1415 2569 clerc
1431 2541 1558 2568 addimus
1574 2550 1606 2569 ex
1621 2542 1672 2569 loc.
1689 2542 1783 2578 parall.
1799 2543 1838 2577 (R.
1853 2545 1902 2576 T.).

1200 2586 1216 2612 5
1232 2586 1300 2612 Male
1315 2586 1379 2612 edit.
1395 2585 1475 2613 Maia.
1493 2586 1556 2622 legit
1571 2590 1598 2614 ει
1617 2595 1664 2622 pro
1678 2594 1730 2621 per
1747 2587 1782 2621 (n.
1799 2586 1849 2622 12).

1199 2630 1214 2658 6
1232 2630 1327 2658 Vocem
1341 2631 1413 2659 sicul
1428 2630 1552 2659 addimus
1572 2639 1603 2659 ex
1619 2631 1669 2659 loc.
1687 2630 1781 2666 parall.
1797 2631 1835 2666 (n.
1852 2631 1901 2666 τ.).

1913 221 1960 249 An.
1982 222 2012 250 C.
2031 222 2098 251 1633
