2248 3229
129 197 179 226 An.
196 196 225 225 C.
243 196 314 226 1637

941 196 1084 224 URBANUS
1108 197 1165 222 vm
1189 194 1236 222 I‘I'.

327 245 416 279 Statu
435 244 665 290 Ecclesiastico,
690 256 754 281 non
777 251 883 280 tamen
909 247 941 280 in
966 246 1069 287 Urbe,
1086 246 1165 279 'mel
1198 251 1229 279 et
1256 244 1375 289 pluries
1406 254 1464 289 per
1491 243 1648 278 Romanos
1680 243 1846 277 Pontifices

326 309 386 333 nec
411 299 443 333 in
466 299 533 334 eius
557 300 691 334 circuitu
710 300 881 346 praedicto,
899 311 957 334 nec
975 300 1068 334 etiam

327 353 361 386 in
383 353 451 386 eius
479 353 624 388 districtu
655 354 908 395 consistentium,
941 364 958 387 a
990 353 1070 387 mari

329 410 433 440 tamen
447 406 530 440 ultra
549 406 614 441 duo
630 407 776 441 milliaria
796 407 989 448 distantium,
1013 417 1070 440 nec

327 459 487 494 Romanae
511 461 616 494 curiae
641 460 836 502 officiorum,
866 471 924 494 nec
951 461 1071 505 portio-

328 523 415 555 num,
440 524 495 547 seu
526 514 670 548 locorum
695 515 864 558 montium)
890 515 1070 555 incurrant,

327 566 387 600 nisi
411 567 523 601 ultimo
546 567 621 601 dicti
646 568 785 601 forenses
803 568 884 601 infra
908 578 1035 608 annum,
1053 577 1070 599 a

327 620 379 654 die
403 621 589 655 constitutae
610 621 692 655 dotis
720 623 767 655 vel
792 632 809 655 a
833 622 883 655 die
906 622 974 655 initi
998 631 1071 655 con-

329 679 446 708 tractus
470 675 517 708 vel
542 675 639 709 saetae
671 675 887 720 dispositionis
919 675 1069 719 incipien-

327 727 413 769 dum,
439 728 563 762 veniant
586 740 658 763 cum
684 740 795 763 corum
820 729 947 762 familiis
971 732 1001 762 et
1025 729 1069 761 la-

326 781 414 815 ribus
438 793 512 816 vere
536 787 565 817 et
589 783 796 827 personaliter
813 783 851 816 ad
865 782 1068 816 habitandum

327 834 358 867 in
381 834 469 869 Statu
483 836 711 876 Ecclesiastico,
729 836 800 869 inde
823 846 885 869 non
902 835 1068 876 recessuri,

326 889 375 922 vel
399 889 480 923 infra
497 890 644 923 eumdem
664 900 782 923 annum
800 889 910 922 eadem
935 889 1068 929 stabilia,

326 947 357 976 ct
381 953 462 987 quae
486 954 545 988 pro
570 943 732 978 stabilibus
756 943 924 983 habentur,
942 942 1069 975 realiter

326 1002 356 1029 et
379 1007 451 1041 qum
476 997 589 1030 ess'ectu
620 997 651 1030 in
681 996 776 1030 alium
808 996 857 1029 vel
889 995 967 1028 alios
996 994 1067 1029 Sedi

325 1050 525 1094 Apostolicae
554 1051 585 1083 in
619 1049 846 1094 temporalibus
872 1049 1014 1082 subditos
1039 1054 1069 1081 et

326 1102 357 1135 in
388 1103 498 1137 eodem
527 1104 615 1138 Statu
644 1103 822 1137 habitantes
858 1103 1067 1136 transferant:

325 1162 356 1189 et
379 1156 461 1190 idem
478 1156 598 1200 pariter
622 1156 784 1190 observari
802 1156 947 1190 volumus
963 1155 1068 1200 quoad

324 1208 414 1243 dotes
437 1209 589 1243 hactenus
607 1210 790 1254 promissas,
819 1210 1002 1253 assignatas,
1019 1209 1068 1242 da-

325 1268 382 1305 tas,
406 1273 462 1297 seu
487 1256 628 1305 traditas,
647 1264 700 1297 ubi
726 1274 788 1298 non
804 1263 900 1297 suerit
916 1264 1068 1297 hactenus

325 1316 518 1352 celebratum
550 1322 580 1351 et
612 1323 865 1351 consummatum
896 1317 1064 1352 matrimo-

325 1370 412 1404 nium
427 1397 435 1411 ,
459 1370 530 1411 nisi,
558 1375 704 1415 respectu
727 1371 907 1415 principum
937 1370 1067 1404 maioris

325 1423 482 1467 potentiae
505 1429 535 1458 et
562 1424 729 1458 cuiuslibet
755 1435 885 1458 suorum
910 1424 1067 1468 praefato-

326 1488 408 1520 rum,
427 1488 561 1522 sponsus
577 1489 634 1523 per
648 1488 765 1511 annum
782 1477 962 1511 immediate
981 1488 1068 1522 prae-

325 1530 488 1564 cedentem
513 1536 584 1565 antc
609 1531 801 1565 celebratum
829 1532 1066 1566 matrimonium

324 1584 460 1618 venisset
490 1584 530 1618 ad
561 1585 766 1618 habitandum
798 1586 1007 1630 personaliter
1036 1586 1067 1618 in

323 1636 411 1671 Statu
434 1637 666 1677 Ecclesiastico,
690 1648 734 1679 se,
759 1638 889 1682 eiusque
914 1639 1066 1671 familiam

323 1695 353 1722 et
376 1690 458 1724 lares
482 1690 711 1732 transferendo,
736 1690 807 1724 inde
831 1701 894 1724 non
924 1702 1066 1724 recessu-

323 1753 388 1776 rus.
411 1743 530 1783 Quibus
553 1744 749 1777 nullitatibus
774 1749 803 1777 et
826 1744 936 1789 poenis
959 1745 1065 1778 locum

324 1807 392 1830 esse
415 1798 560 1831 volumus
589 1808 653 1831 non
676 1798 821 1832 obstante
841 1798 927 1842 quod
951 1809 1067 1842 sponsa

325 1849 372 1882 rel
407 1861 488 1884 uxor
522 1856 576 1883 aut
607 1850 800 1895 quicumque
828 1852 1064 1895 promittentes,

323 1903 442 1945 dantes,
460 1904 508 1936 vel
525 1903 738 1947 relinquentes
754 1904 872 1945 dotem,
891 1915 1065 1948 eorumque

324 1956 476 1990 haeredes
500 1956 532 1989 in
556 1967 666 1990 eorum
687 1958 883 2001 possessione
905 1958 1066 1991 continua-

324 2011 435 2051 verint,
452 2021 487 2044 ac
509 2021 570 2045 non
588 2010 731 2045 obstante
755 2022 956 2055 quocumque
980 2011 1067 2044 fidei-

323 2064 511 2106 commisso,
543 2065 819 2108 primogenitura,
850 2065 1034 2098 maioricatu
1046 2064 1065 2105 ¹,

322 2118 478 2151 alienandi
494 2118 708 2162 prohibitione
724 2124 753 2152 et
771 2118 910 2162 quolibet
924 2118 986 2151 alio
1003 2118 1067 2151 vin-

323 2171 404 2214 culo,
429 2172 623 2214 investitura,
646 2172 878 2213 nominatione,
903 2172 1065 2205 vocatione

323 2230 351 2257 et
367 2225 475 2269 quavis
497 2226 556 2258 alia
572 2226 784 2265 concessione,
798 2236 834 2258 ac
850 2225 1064 2269 dispositione,

323 2278 415 2312 etiam
441 2278 576 2319 feudali,
601 2289 636 2312 ac
667 2279 920 2323 emphyteutica,
945 2289 962 2311 a
986 2279 1064 2312 Sede

323 2332 500 2376 Apostoliea
520 2338 551 2366 et
570 2343 586 2365 a
611 2343 812 2377 quocumque
829 2333 901 2372 alio,
921 2332 1014 2365 etiam
1034 2332 1064 2365 in

323 2385 462 2419 stivorem
487 2390 516 2420 et
541 2397 600 2430 pro
625 2386 864 2419 conservatione
887 2385 1064 2419 cuiuscum-

322 2449 383 2482 que
407 2439 544 2472 l'amiliae
560 2439 794 2483 quantumlibet
810 2439 925 2473 nobilis
941 2444 972 2472 et
987 2439 1063 2471 alias

321 2492 559 2535 quomodolibet
584 2493 817 2537 privilegiatae,
841 2493 938 2534 sactis,
960 2503 996 2526 ac
1016 2503 1064 2525 se-

358 2566 367 2590 1
388 2563 428 2591 lta
442 2563 522 2592 etiam
539 2564 603 2600 tegit
618 2563 682 2591 edit.
699 2563 816 2591 Cherub.
834 2563 957 2599 Lugdun.
975 2563 1004 2591 ln
1017 2563 1065 2591 Le-

1103 300 1364 344 praedecessores
1387 304 1513 333 nostros
1539 309 1576 332 ac
1594 297 1687 332 etiam
1713 308 1771 342 per
1787 307 1844 330 nos

1103 353 1307 398 approbatis,
1337 364 1373 387 ac
1396 352 1542 387 effectum
1575 351 1702 386 sortitis.
1727 350 1845 390 Quibus

1103 407 1252 441 omnibus
1266 411 1295 441 et
1308 407 1440 450 singulis
1457 405 1637 450 plenissime
1654 405 1845 447 derogamus

1103 461 1207 505 quoad
1229 461 1314 505 ipsos
1333 461 1555 494 contrahentes
1572 460 1621 493 vel
1643 459 1845 503 disponentes

1103 514 1253 547 adversus
1277 515 1450 558 praemissa
1474 520 1503 547 et
1528 524 1638 547 eorum
1660 512 1793 556 singula,
1811 521 1846 544 ac

1103 567 1220 601 eisdem
1235 568 1449 601 contractibus
1462 573 1491 601 et
1505 566 1762 611 dispositionibus
1775 575 1848 598 con-

1102 622 1282 662 sentientes,
1303 633 1414 656 eorum
1433 627 1537 655 tamen
1555 622 1617 654 vita
1634 621 1767 654 durante
1784 625 1847 652 tan-

1103 681 1178 709 tum.

1147 730 1162 773 ἓ
1187 730 1215 763 7.
1239 729 1431 774 insuperque
1456 731 1562 763 onmia
1590 735 1619 763 ct
1645 728 1767 772 singula
1792 728 1842 760 in-

1102 782 1190 824 dulta
1214 789 1243 816 et
1269 783 1410 816 licentias
1435 783 1559 816 emendi
1585 789 1615 816 et
1639 781 1844 826 acquirendi,

1102 846 1136 868 ae
1162 846 1225 869 non
1250 836 1394 869 veniendi
1415 836 1453 869 ad
1474 836 1676 869 habitandum
1703 836 1733 868 in
1758 835 1844 869 Statu

1103 889 1332 929 Ecclesiastico,
1347 895 1376 922 et
1393 890 1474 923 bona
1491 900 1708 933 quaecumque
1726 889 1756 922 in
1773 889 1844 922 sub-

1102 943 1183 977 ditos
1203 954 1265 977 non
1292 944 1509 986 transferendi,
1530 950 1559 977 et
1580 945 1654 977 alias
1672 943 1844 987 quomodo-

1102 997 1177 1030 libet
1190 1002 1299 1030 contra
1307 997 1484 1041 praedictas
1493 998 1741 1039 constitutiones,
1751 997 1843 1030 etiam

1101 1050 1319 1094 praesentibus
1337 1062 1393 1094 per
1410 1061 1466 1084 nos
1489 1056 1631 1084 extensas
1652 1062 1687 1084 ac
1704 1051 1844 1084 declara-

1102 1108 1156 1146 tas,
1174 1114 1192 1136 a
1208 1103 1356 1137 Romanis
1373 1103 1575 1137 Pontificibus
1591 1104 1843 1147 praedecessori-

1100 1157 1160 1190 bus
1185 1157 1312 1198 nostris,
1337 1167 1372 1190 ae
1397 1157 1490 1190 etiam
1515 1167 1533 1189 a
1552 1156 1652 1197 nobis,
1670 1156 1762 1189 etiam
1781 1167 1844 1189 mo-

1102 1216 1155 1251 tu,
1179 1211 1330 1252 scicntia,
1355 1210 1601 1251 deliberatione,
1627 1221 1662 1243 ac
1690 1214 1842 1254 potestate

1100 1264 1240 1309 paribus,
1258 1269 1289 1298 ct
1305 1275 1341 1297 ex
1359 1264 1612 1308 quibuscumque
1632 1264 1735 1297 causis
1749 1274 1844 1308 quan-

1100 1318 1245 1353 tumlibet
1277 1317 1500 1351 favorabilibus
1525 1323 1555 1350 et
1579 1318 1742 1359 onerosis,
1766 1318 1839 1361 qui-

1100 1372 1298 1417 buscumque
1332 1371 1497 1416 personis,
1522 1371 1615 1404 etiam
1646 1371 1843 1415 principibus

1100 1426 1229 1459 maioris
1252 1425 1423 1469 potentiae,
1448 1425 1577 1468 suisque
1608 1424 1787 1469 praedictis,
1813 1429 1843 1457 et

1100 1490 1211 1513 eorum
1239 1479 1378 1520 cuilibet,
1402 1489 1437 1511 ac
1462 1477 1587 1511 familiis
1611 1477 1843 1522 quantumlibet

1100 1539 1134 1566 ut
1155 1533 1368 1577 praemittitur
1391 1532 1590 1576 qualilicatis‚
1609 1542 1645 1565 ac
1669 1531 1745 1564 alias
1764 1541 1843 1575 quo-

1100 1586 1273 1620 modolibet
1306 1596 1455 1619 concessa
1484 1591 1514 1619 et
1537 1595 1722 1626 concessas,
1748 1585 1842 1618 etiam

1100 1640 1246 1674 effectum
1271 1639 1383 1673 sortita
1416 1644 1446 1672 et
1473 1639 1618 1679 sortitas,
1643 1649 1705 1671 non
1738 1642 1842 1672 tamen

1101 1693 1132 1726 in
1152 1704 1189 1726 eo
1210 1693 1242 1726 in
1266 1703 1328 1737 quo
1345 1702 1446 1737 usque
1463 1692 1524 1725 hue
1543 1692 1671 1725 realiter
1688 1696 1843 1734 exequuta

1100 1752 1188 1787 sunt,
1213 1756 1400 1779 revocamus
1431 1751 1578 1789 respectu
1610 1744 1841 1777 iurisdictiona-

1099 1799 1175 1832 lium
1193 1810 1468 1843 quorumcumque
1485 1798 1719 1842 praedictorum
1738 1804 1768 1830 et
1782 1798 1842 1830 illis

1099 1864 1294 1887 annexorum
1329 1853 1513 1895 dumtaxat,
1539 1863 1574 1885 ac
1604 1863 1662 1896 pro
1687 1852 1843 1885 revocatis

1098 1907 1208 1941 haberi
1226 1908 1371 1941 volumus
1391 1912 1421 1940 et
1439 1917 1506 1940 esse
1531 1911 1677 1939 revocata
1701 1905 1842 1938 declara-

1099 1969 1178 1999 mus,
1204 1959 1281 1992 itaut
1306 1959 1515 2002 imposterum
1535 1957 1652 1990 nemini
1671 1957 1843 1999 suffragen-

1099 2017 1159 2053 tur,
1178 2012 1237 2045 nisi
1263 2023 1334 2045 cum
1361 2011 1560 2054 infrascripto
1581 2020 1677 2043 onere
1697 2010 1842 2043 veniendi

1098 2065 1137 2098 ad
1152 2065 1354 2098 habitandum
1370 2065 1400 2096 in
1414 2064 1497 2097 dicto
1511 2064 1597 2097 Statu
1612 2063 1840 2104 Ecclesiastico,

1099 2118 1235 2162 exceptis
1251 2124 1352 2151 tamen
1371 2117 1441 2158 illis,
1459 2117 1512 2161 qui
1526 2117 1661 2161 desuper
1673 2128 1744 2150 cum
1762 2117 1841 2151 Sede

1099 2172 1277 2215 Apostolica
1298 2171 1523 2206 transactiones
1543 2175 1572 2205 et
1588 2171 1751 2215 pactiones
1768 2171 1841 2204 hinc

1098 2225 1168 2258 inde
1187 2225 1392 2268 obligatorias
1409 2225 1534 2267 liabent,
1563 2225 1665 2269 quoad
1684 2235 1718 2258 ea
1736 2230 1840 2258 tamen

1097 2289 1178 2323 quae
1188 2278 1446 2322 suntspecialiter
1456 2288 1603 2322 expressa
1620 2278 1651 2310 in
1668 2278 1743 2322 ipsis
1760 2282 1840 2312 tran-

1097 2332 1288 2365 sactionibus
1305 2337 1335 2365 et
1352 2332 1550 2375 pactionibus
1571 2331 1754 2375 respective,
1770 2331 1840 2375 qui-

1097 2385 1155 2418 bus
1170 2385 1388 2430 praeiudicare
1402 2395 1463 2418 non
1478 2384 1679 2426 intendimus,
1694 2395 1729 2418 ac
1746 2385 1838 2418 etiam

1097 2438 1245 2482 exceptiS,
1266 2438 1368 2482 quoad
1386 2438 1582 2482 praedictum
1605 2448 1684 2471 onus
1700 2437 1840 2471 habitan-

1097 2491 1128 2524 di
1150 2492 1180 2524 in
1197 2491 1285 2526 Statu
1303 2491 1531 2532 Ecclesiastico,
1552 2491 1668 2525 eisdem
1687 2490 1838 2535 principi-

1096 2543 1156 2577 bus
1174 2544 1302 2577 maioris
1319 2544 1488 2588 potentiae,
1505 2544 1632 2588 suisque
1656 2543 1838 2588 praedictis,

320 2608 378 2637 sico
395 2607 524 2643 nucange
539 2609 644 2636 nonnisi
660 2609 823 2637 maioratus
838 2611 946 2636 notatur
961 2609 1000 2642 (a.
1014 2608 1063 2643 τ.).
1097 2608 1132 2632 ac
1157 2598 1226 2631 aliis
1250 2598 1456 2642 principibus,
1481 2598 1534 2641 qui
1560 2598 1663 2631 forsan
1687 2603 1835 2641 praeten-

1746 186 1810 221 619
1856 196 1906 224 An.
1922 195 1950 224 C.
1974 194 2043 224 1637

1901 736 2008 758 Licentia:
2024 743 2045 758 e-

1860 764 1930 784 men-ti
1969 765 2046 791 aequi-

1861 791 1927 815 rendi.
1942 793 1990 815 ete„
2008 797 2045 812 ro-

1861 820 1929 838 meat.
