2221 3224
215 210 266 237 An.
284 211 312 237 C.
332 211 398 238 1628

253 2397 358 2417 Offiruales
374 2398 401 2417 ad

219 2423 258 2443 hor
268 2430 318 2449 (τρυε
331 2430 401 2443 virces-

219 2456 286 2470 sartos
301 2451 400 2476 ebgendh

443 203 486 236 30

414 266 511 303 utque
534 260 651 293 utilitas
669 266 698 293 et
722 261 921 300 beneficium,
939 261 1023 303 quod
1041 261 1151 293 exinde

415 313 560 355 cuiquam
593 313 744 345 interesse
772 313 951 345 habentium
983 318 1151 356 proventu-

415 376 487 398 rum
511 370 566 406 est,
590 366 710 399 facilius
727 365 869 408 dignosci
888 365 998 407 valeat,
1019 365 1058 398 ad
1082 365 1152 398 effe-

415 423 499 450 ctum
516 423 550 450 ut
569 429 628 461 pro
648 421 703 451 sua
728 420 794 452 rata
818 423 937 451 tantum
956 419 1088 462 quisque
1106 429 1153 451 su-

414 472 628 514 pradictorum
654 472 685 503 in
709 472 889 505 huiusmodi
911 482 1060 515 expensas
1081 482 1169 505 con-t

416 526 529 563 currat,
551 522 746 554 altitudinem
772 532 926 565 aquarum
943 526 973 556 et
999 523 1169 555 terminos*

414 585 492 617 quos
517 575 681 617 attingunt,
702 586 774 608 cum
799 576 977 609 interventu
1000 577 1151 609 interesse

415 628 605 670 habentium,
624 630 671 661 vel
689 629 781 662 etiam
798 629 858 662 illis
887 635 917 663 et
937 630 1004 663 aliis
1028 630 1152 674 quibus-

415 692 549 724 cumque
574 682 673 715 citatis
699 683 745 715 vel
769 693 831 716 non
857 683 957 716 citatis
982 689 1044 716 tam
1065 683 1151 716 laicis

414 744 506 777 quam
531 735 625 767 etiam
646 736 864 769 ecclesiasticis
889 742 919 770 et
942 737 1150 780 regularibus

415 789 590 821 mensurari
623 790 775 829 faciendi3
804 801 840 823 ac
871 794 970 824 terras
995 796 1025 824 et
1047 791 1169 831 bonas

415 841 507 873 ctiam
529 842 822 884 ecclesiasticorum,
847 848 880 877 ut
904 854 1006 887 supra,
1025 849 1055 876 et
1080 845 1152 877 alio-

415 906 484 927 rum
497 895 723 940 cuiuscumque
741 902 846 939 status,
864 897 1153 940 conditionis,·qua-

415 948 508 981 litatis
532 954 562 982 et
586 949 859 993 praeeminentiae,
888 951 980 983 etiam
1005 961 1152 993 quacum-

415 1012 475 1045 que
500 1002 649 1045 dignitate
674 1008 704 1036 et
727 1004 912 1036 auctoritate
942 1004 1129 1046 fulgentium
1144 1029 1169 1043 ,t

415 1066 449 1088 ac
467 1057 593 1099 speciali
611 1057 769 1090 mentione
787 1063 817 1090 et
832 1060 905 1091 nota
922 1057 1101 1100 dignorum,
1120 1058 1150 1090 in
1168 1093 1169 1096 Ἴ

416 1109 575 1142 territorio
601 1110 803 1150 Ferrariensi,
824 1111 1011 1143 Bononiensi
1037 1116 1067 1144 et
1092 1103 1169 1144 Ro-⁵

416 1163 589 1195 inandiolae
612 1174 694 1196 nunc
727 1164 888 1207 palustria,
913 1169 966 1196 aut
990 1165 1151 1204 tumentia,

415 1215 479 1248 sive
503 1215 759 1248 inundationibus
791 1216 971 1249 huiusmodi
997 1217 1169 1257 obnoxias

417 1272 514 1301 terras
539 1273 568 1300 et
592 1269 674 1301 bona
694 1269 885 1308 habentium,
906 1268 1102 1301 describendi
1123 1275 1152 1302 ct

415 1321 608 1363 designandi,
623 1325 652 1354 et
663 1321 701 1354 ab
715 1321 782 1354 aliis
799 1322 888 1354 bonis
906 1322 1085 1355 huiusmodi
1103 1322 1153 1355 dc-
1168 1333 1169 1337 ¹

416 1374 570 1407 trimentis
595 1374 724 1407 minime
749 1375 891 1408 obnoxiis
916 1375 1099 1418 separandi,
1117 1386 1152 1408 ac

415 1438 473 1470 pro
497 1427 590 1460 modo
609 1433 639 1460 et
655 1429 774 1461 ratione
797 1428 948 1469 utilitatis,
966 1439 1045 1471 quac
1063 1429 1151 1461 dictis
1168 1434 1170 1464 t

415 1480 505 1513 bonis
529 1481 572 1513 sic
597 1481 762 1525 descriptis
787 1487 814 1514 et
841 1481 1009 1524 designatis
1039 1493 1169 1525 prove-¹

414 1533 487 1573 niet,
509 1534 572 1566 sive
593 1545 628 1566 ex
646 1545 683 1567 eo
701 1534 784 1577 quod
808 1545 844 1567 ex
862 1545 957 1578 opere
973 1535 1150 1568 hqusmodi

415 1587 535 1620 facilius
560 1587 596 1619 ad
622 1588 776 1620 culturam
795 1588 912 1627 reduci,
930 1588 987 1628 vel,
1005 1589 1080 1620 alias
1103 1599 1151 1621 re·
1168 1627 1169 1633 ἵ

415 1640 514 1680 dacia,
532 1651 614 1673 nunc
633 1641 783 1681 faciliora,
801 1641 948 1674 uberiora
973 1646 1002 1673 et
1026 1641 1151 1674 utiliora
1168 1636 1169 1655 1

415 1693 513 1733 reddi,
530 1694 577 1726 vel
595 1704 631 1726 ex
655 1704 692 1726 co
709 1685 792 1737 quod
817 1694 855 1726 ab
880 1705 1032 1738 aquarum
1050 1695 1152 1728 incur-

415 1746 554 1779 sionibus
578 1753 607 1779 et
632 1747 886 1781 inundationibus
910 1748 1026 1780 tutiora
1050 1753 1080 1780 et
1104 1759 1151 1781 se-

415 1800 539 1833 curiora
564 1811 736 1840 remanere,
751 1806 804 1833 aut
820 1801 905 1833 aliud
918 1801 1048 1844 quodvis
1071 1812 1152 1834 com-

416 1854 543 1887 modum
572 1859 602 1887 et
620 1854 786 1887 utilitatem
805 1865 841 1887 ex
857 1865 952 1897 opere
970 1855 1150 1888 huiusmodi

416 1908 563 1950 consequi
588 1913 731 1951 possent,
755 1919 813 1951 pro
843 1908 936 1940 modo
969 1914 999 1940 et
1031 1910 1098 1942 rata
1123 1914 1169 1955 et,

415 1961 563 2004 qualitate
593 1961 750 1994 commodi
775 1966 805 1994 et
835 1961 975 1994 utilitatis
1000 1961 1169 2005 expensas*

415 2014 596 2047 huiusmodi
621 2015 701 2047 inter
725 2025 778 2047 eos
803 2020 833 2047 et
857 2015 997 2057 singulos
1022 2026 1149 2058 posses-

416 2077 502 2100 sores
526 2067 683 2100 dictorum
707 2068 879 2108 bonorum,
904 2067 1043 2100 adhibito
1069 2069 1152 2111 peri-

417 2126 520 2153 torum
537 2121 575 2153 ad
593 2121 652 2154 hoc
669 2122 840 2153 electorum
862 2131 917 2153 seu
934 2121 1151 2163 eligendorum
1168 2163 1169 2166 Ἴ

417 2174 531 2207 iudicio
558 2179 588 2207 et
618 2179 672 2207 tuo
705 2175 854 2215 arbitrio,
879 2175 1050 2215 statuendi,
1074 2175 1152 2207 divi-

416 2227 509 2260 dendi
534 2231 563 2261 et
579 2228 741 2271 partiendi,
760 2227 948 2270 cosdemque
973 2228 1010 2260 ad
1035 2229 1169 2262 realemt

416 2286 447 2313 ct
470 2281 664 2314 effectualem
694 2281 935 2314 satisfactionem
967 2281 1098 2323 cogendi
1124 2286 1170 2314 et,¹⁴

417 2335 623 2378 compellendi
633 2347 639 2375 3
1168 2331 1170 2348 ¹

461 2390 475 2432 ἐ
499 2388 528 2421 8.
550 2390 687 2429 Necnon,
704 2389 786 2423 ultra
802 2388 901 2423 dictos
918 2389 1045 2432 peritos,
1063 2399 1154 2432 quos-

418 2453 550 2486 cumque
576 2443 722 2475 officiales
746 2443 778 2475 in
801 2443 861 2476 hoc
892 2453 987 2486 opere
1011 2443 1152 2476 faciendo

418 2496 609 2529 necessarios
641 2496 771 2528 arbitrio
803 2502 857 2529 tuo
888 2495 1067 2528 huiusmodi
1097 2496 1153 2528 eli-

419 2548 521 2589 gendi=
547 2554 575 2579 et
600 2549 679 2587 illos,
697 2549 956 2592 quandocumque
975 2554 1004 2581 ct
1020 2548 1155 2592 quoties-

420 2612 553 2646 cumque
573 2614 651 2646 opus
668 2603 770 2643 suerit,
788 2603 942 2638 mutandi:
960 2602 1154 2646 provisiones

990 213 1172 237 BULLARIUM
1195 213 1349 237 ROMANUM

1185 265 1216 293 et
1232 260 1393 293 mercedes
1414 261 1663 304 quibuscumque
1686 261 1828 304 personis
1845 262 1920 304 (non

1186 318 1289 345 tamen
1309 313 1490 354 architecto,
1514 323 1573 347 nec
1597 313 1852 356 congregationis
1868 324 1921 346 ve-

1185 365 1372 398 nerabilium
1403 366 1535 400 fratrum
1566 371 1748 399 nostrorum
1772 366 1801 399 S.
1827 367 1861 399 R.
1888 366 1920 398 E,

1186 419 1398 452 cardinalium·
1416 429 1510 462 super
1533 430 1685 464 aquarum
1710 420 1843 463 negocio
1867 419 1922 451 hn-

1186 472 1320 505 iusmodi
1352 473 1521 505 secretario
1556 473 1705 506 hactenus
1737 473 1921 515 assignatas)

1185 525 1365 558 annullandi
1390 530 1420 558 et
1444 526 1599 565 cassandi;
1619 531 1650 559 et
1670 526 1729 558 alia
1753 535 1922 569 quaecum-

1186 589 1245 622 que
1259 579 1341 612 circa
1355 579 1524 622 praemissa
1541 579 1645 611 omnia
1662 583 1692 613 et
1709 579 1832 622 singula
1848 589 1922 622 quo-

1187 632 1358 666 modolibet
1381 632 1557 665 necessaria
1590 643 1646 666 seu
1677 638 1852 677 opportuna
1878 633 1922 664 sa-

1186 686 1296 727 ciendi,
1314 685 1490 726 ordinandi,
1515 685 1655 718 mutandi
1679 691 1710 719 et
1733 685 1920 730 exequendi;

1185 750 1221 771 ac
1245 749 1459 783 quascumque
1484 749 1603 779 causas,
1627 739 1719 771 etiam
1743 739 1827 772 circa
1850 749 1921 782 per-

1186 803 1277 826 sonas
1302 793 1536 833 ecclesiasticas,
1554 797 1588 825 ut
1605 803 1711 836 supra,
1729 797 1792 825 tarn
1817 792 1930 825 civiles·

1186 857 1280 890 quam
1301 847 1489 887 criminales,
1505 846 1544 878 ad
1561 845 1741 878 huiusmodi
1759 856 1839 889 opus
1855 856 1923 889 spe-

1186 904 1304 932 ctantes
1327 904 1381 932 aut
1404 899 1442 931 ab
1473 909 1509 932 eo
1534 898 1744 942 dependentes
1774 902 1804 930 et
1824 908 1923 930 emer-

1186 958 1303 995 gentes,
1318 953 1498 992 summarie,
1516 952 1701 995 simpliciter
1717 956 1747 983 et
1762 951 1800 983 de
1819 951 1922 994 plano,

1186 1006 1251 1038 sine
1268 1006 1399 1049 strepitu
1412 1011 1442 1038 et
1458 1006 1560 1049 figura
1578 1004 1695 1045 iudicii,
1714 1014 1808 1037 manu
1824 1003 1922 1047 regia,

1185 1060 1336 1103 nulloque
1361 1059 1438 1092 iuris
1463 1059 1572 1092 ordine
1605 1063 1749 1098 servato,
1778 1068 1813 1090 ac
1837 1057 1922 1090 omni

1185 1117 1215 1144 et
1231 1122 1429 1155 quacumque
1446 1112 1663 1155 appellatione,
1677 1121 1809 1144 recursu
1833 1103 1863 1143 et
1878 1120 1924 1142 re-

1186 1165 1369 1199 clamatione
1385 1165 1569 1208 postpositis
1588 1165 1643 1207 (ita
1666 1169 1700 1197 ut
1724 1164 1748 1196 si
1773 1164 1922 1208 appellari

1185 1223 1237 1251 aut
1250 1219 1372 1251 recurri
1389 1218 1559 1260 contingat,
1573 1228 1636 1251 non
1650 1218 1688 1250 ad
1705 1218 1810 1258 alium,
1828 1227 1922 1261 quam

1186 1271 1223 1303 ad
1247 1282 1322 1312 nos,
1352 1277 1404 1303 aut
1427 1272 1585 1304 Romanos
1610 1270 1775 1303 Pontifices
1799 1280 1922 1302 succes-

1186 1334 1272 1356 sores
1296 1327 1420 1357 nostros
1437 1324 1611 1367 appelletur
1628 1329 1658 1356 et
1677 1328 1875 1363 recurratur3
1894 1328 1924 1356 et

1185 1377 1390 1410 nihilominus
1421 1387 1478 1409 nec
1511 1387 1678 1420 processus
1710 1387 1842 1419 causae,
1866 1386 1923 1409 nec

1186 1430 1291 1473 operis
1316 1430 1466 1474 praedicti
1492 1430 1707 1473 prosequutio,
1727 1434 1779 1463 aut
1802 1430 1924 1472 integra

1186 1484 1251 1516 cius
1268 1484 1434 1527 exequutio
1459 1483 1565 1527 aliquo
1589 1483 1683 1516 modo
1705 1483 1862 1526 impediri,
1878 1493 1926 1515 re-

1187 1537 1301 1569 tardari
1335 1542 1387 1569 aut
1417 1536 1537 1569 differri
1572 1537 1621 1569 vel
1654 1536 1802 1580 suspendi
1825 1537 1924 1580 possit

1187 1590 1293 1632 vigore
1318 1590 1454 1623 cuiusvis
1484 1590 1702 1633 appellationis
1733 1594 1786 1622 aut
1814 1599 1923 1622 recur-

1186 1654 1237 1676 sus
1254 1644 1347 1676 etiam
1372 1644 1410 1676 ad
1433 1654 1490 1676 nos
1510 1649 1540 1676 et
1561 1644 1672 1677 Sedem
1701 1643 1923 1687 Apostolicam,

1185 1701 1238 1729 aut
1262 1697 1397 1730 cuiusvis
1422 1697 1635 1736 inhibitionis,
1659 1697 1719 1729 nisi
1743 1696 1923 1729 commissio

1186 1760 1277 1782 manu
1305 1752 1413 1783 nostra
1441 1755 1494 1782 aut
1517 1750 1649 1783 Romani
1673 1750 1832 1783 Pontificis
1859 1760 1929 1787 suc:

1186 1803 1318 1836 cessoris
1343 1803 1442 1836 nostri
1463 1814 1522 1847 pro
1548 1807 1688 1846 tempore
1713 1804 1871 1836 existentis
1888 1803 1924 1835 si-

1186 1862 1278 1899 gnata
1291 1857 1384 1889 suerit
1394 1868 1465 1889 cum
1480 1857 1538 1889 hac
1549 1857 1750 1900 expressione
1758 1856 1844 1900 quod
1857 1866 1925 1889 ese-

1185 1910 1298 1952 qautt'o
1322 1909 1553 1953 suspendatur)
1579 1919 1701 1942 necnon
1725 1910 1818 1942 etiam
1842 1909 1924 1941 intra

1187 1962 1299 1995 limites
1316 1962 1509 2005 legationum
1529 1962 1691 1995 Ferrariae
1712 1967 1742 1995 et
1756 1962 1923 2002 Bononiae,

1186 2021 1236 2048 aut
1255 2016 1338 2058 alibi,
1351 2016 1544 2059 ubicumque
1557 2026 1636 2059 opus
1650 2015 1753 2055 suerit,
1767 2015 1923 2054 audiendi,

1187 2068 1404 2110 cognoscendi,
1418 2068 1607 2101 terminandi
1621 2073 1651 2100 et
1663 2067 1836 2107 decidendi,
1851 2078 1922 2100 curn

1187 2127 1339 2164 potestate
1375 2131 1452 2165 quos
1485 2125 1514 2154 et
1545 2121 1660 2164 quibus
1696 2131 1774 2164 opus
1808 2121 1923 2159 fuerit,

1187 2175 1279 2207 etiam
1304 2175 1361 2207 sub
1386 2173 1526 2207 censuris
1551 2179 1580 2206 et
1603 2174 1713 2217 poenis
1737 2173 1924 2206 ecclesiasti-

1187 2228 1244 2269 cis,
1271 2227 1384 2260 citandi
1409 2231 1439 2260 et
1462 2227 1622 2260 inhibendi
1646 2227 1798 2271 privative
1821 2227 1928 2274 quoad

1187 2281 1262 2313 alios
1295 2291 1511 2324 quoscumque
1542 2281 1660 2313 iudices
1693 2281 1870 2314 ordinarios
1894 2286 1924 2313 et

1187 2334 1354 2377 delegatos
1372 2334 1465 2367 etiam
1479 2334 1507 2367 S.
1527 2335 1560 2367 P..
1579 2334 1611 2366 E.
1629 2334 1812 2375 cardinales,
1830 2334 1923 2367 etiam

1187 2387 1224 2420 de
1254 2388 1351 2420 latere
1386 2388 1526 2430 legatos,
1550 2397 1673 2420 necnon
1708 2397 1924 2431 quoscumque

1187 2440 1420 2473 commissarios
1438 2444 1467 2474 et
1486 2440 1604 2473 iudices
1624 2440 1656 2472 in
1673 2441 1924 2484 quibuscumque

1187 2494 1263 2527 locis
1288 2494 1343 2527 tibi
1367 2494 1520 2527 benevisis
1545 2494 1635 2527 toties
1658 2494 1780 2538 quoties
1804 2493 1860 2526 tibi
1884 2493 1925 2525 vi-

1187 2548 1322 2587 debitur,
1340 2548 1392 2590 qui
1418 2558 1507 2580 casus
1532 2547 1713 2581 huiusmodi
1737 2549 1926 2590 cognoscant

1187 2606 1217 2633 et
1241 2600 1409 2633 terminent
1433 2606 1463 2633 et
1486 2601 1545 2634 alia
1568 2600 1743 2635 necessaria
1766 2600 1879 2634 saciant
1896 2604 1926 2636 et

1938 213 1987 240 Ατι.
2004 213 2032 240 G.

2053 213 2064 240 1
2069 213 2122 241 628

2182 2830 2186 2832 ’
2191 2733 2202 2787 ³⁴20·
2199 2699 2201 2701 .
2192 2676 2197 2681 ⁴
2204 2655 2205 2658 „
2192 2608 2194 2610 -
2196 2564 2199 2565 ,
