2226 3235
97 230 146 258 An.
163 228 192 258 C.
211 227 280 257 1629

125 665 261 704 Exordium..

100 1150 225 1172 Franetscus
234 1148 283 1170 Phi·

100 1177 188 1199 libertue
278 1202 282 1205 Δ

100 1210 151 1231 ceps
167 1203 283 1224 Masseram

99 1231 206 1252 ministros
235 1235 284 1250 suos

100 1258 180 1279 iutocis
188 1256 228 1277 sibi
237 1256 284 1276 sub·

101 1284 162 1305 iactis
177 1286 221 1305 tuto
237 1284 284 1304 mit-

100 1313 146 1331 tere
177 1316 218 1331 non
247 1315 284 1336 po·

101 1339 150 1358 test.

228 1177 283 1202 prin-

114 1736 232 1762 Episcopus
239 1735 286 1757 Ma-

101 1764 219 1785 eci-atensis
250 1763 285 1784 de-

101 1792 187 1817 putatur
210 1790 285 1816 guber-

101 1819 169 1839 nator.

908 227 1051 252 URBANUS
1075 227 1132 251 vm
1155 227 1202 251 ΡΡ.

338 275 495 321 facultate
512 286 752 320 quamcumque
776 276 810 309 in
827 275 934 309 eodem
949 277 1040 320 prin-

339 331 481 374 cipatum
507 330 768 363 iurisdictionem
793 330 962 362 exercendi
970 328 988 362 ¹.

327 420 441 448 Dilecto
461 420 524 447 filio
544 421 652 448 Iacobo
673 420 774 454 Crispo
795 419 1006 452 maceratensi,

508 475 644 502 Urbanus
666 475 745 511 Papa
764 475 840 501 vm.

561 537 680 565 Dilecta
700 537 762 571 fili,

344 583 473 610 salutem
487 584 517 609 et
533 582 728 616 apostolicam
742 581 991 609 benedictionem.

340 652 413 685 Tuis
438 652 470 684 in
494 662 551 686 nos
584 656 613 686 et
642 652 721 685 hanc
754 652 897 685 Sanctam
926 651 1037 684 Sedem

296 705 358 738 side
390 710 420 738 et
453 704 659 745 devotione‘2,
689 715 810 738 necnon
843 704 1037 746 integritate,

296 758 440 791 doctrina
458 763 488 791 et
513 769 619 791 rerum
639 758 849 801 gerendarum
870 768 938 798 usu,
959 757 1039 790 aliis-

296 822 357 856 que
373 811 583 845 laudabilibus
608 812 759 845 virtutum
777 816 901 844 tuarum
918 811 1038 844 meritis

297 865 488 907 inducimur,
506 870 540 898 ut
565 872 594 898 te
619 865 674 905 rei,
692 875 771 908 quae
795 865 885 897 nobis
903 865 1039 898 maxime

297 919 385 953 cordi
410 923 465 960 est,
491 918 755 952 administrandae
788 918 924 950 libenter
946 928 1039 961 prae-

296 972 457 1012 ficiamus,
481 972 573 1005 firma
603 981 658 1015 spe
682 971 714 1003 in
738 970 870 1004 Domino
894 971 985 1011 freti,
1011 977 1039 1004 te

298 1026 383 1059 iuxta
413 1026 516 1058 datam
548 1025 603 1057 tibi
637 1035 654 1057 a
683 1025 816 1058 Domino
841 1024 1038 1068 prudentiam

298 1079 455 1113 desiderio
478 1085 587 1112 nostro
612 1079 770 1112 cumulate
795 1078 1038 1112 satisfacturum.

343 1134 357 1177 ξ
382 1133 411 1166 1.
430 1133 506 1167 Cum
527 1133 643 1176 itaque,
661 1132 741 1164 sicut
765 1132 952 1176 accepimus,
967 1133 1041 1165 dile-

299 1192 367 1221 ctus
383 1186 465 1219 filius
482 1186 595 1219 nobilis
613 1186 661 1218 vir
677 1186 863 1218 Franciscus
888 1186 1040 1219 philiber-

299 1247 348 1274 tus
372 1240 537 1273 Ferrerius
554 1240 676 1272 Fliscus
692 1241 841 1283 princeps
861 1240 1039 1282 Masserani,

299 1293 505 1328 Vercellensis
523 1293 685 1334 dioecesis,
699 1284 968 1326 ob‘dissensiones
986 1304 1040 1325 seu

300 1348 492 1381 differentias
512 1347 593 1380 inter
617 1357 688 1380 eum
714 1352 744 1380 et
768 1347 988 1379 universitates
1012 1353 1041 1380 et

300 1402 444 1435 homines
476 1402 620 1435 locorum
654 1401 728 1434 dicti
760 1401 973 1445 principatus,
1003 1401 1041 1434 ab

302 1454 412 1488 eodem
430 1455 609 1498 principatu
626 1455 679 1498 qui
693 1454 820 1487 feudum
845 1460 969 1487 sanctae
985 1455 1043 1488 Ro-

301 1518 411 1541 manae
428 1508 585 1541 Ecclesiae
600 1509 704 1541 existit
721 1508 840 1541 dudum
860 1508 973 1541 absens
993 1509 1041 1549 sit,

300 1571 359 1595 nec
383 1562 541 1601 officiales,
567 1572 621 1594 seu
642 1562 802 1595 ministros
827 1572 909 1603 suos,
928 1562 981 1606 qui
1000 1562 1042 1605 ip-

301 1615 364 1648 sius
380 1615 573 1659 principatus
588 1615 743 1658 regimine
767 1621 797 1648 et
821 1615 975 1658 gubernio
995 1615 1042 1648 in-

301 1668 438 1709 tendant,
455 1674 521 1702 tuto
535 1669 658 1701 mittere
676 1669 790 1701 valeat:

345 1723 360 1767 §
384 1722 414 1756 Ξ.
439 1723 512 1763 Nos,
536 1733 575 1756 ne
598 1728 768 1767 propterea
789 1722 890 1756 dictus
913 1723 1041 1756 Franci-

301 1788 372 1811 scus
397 1777 586 1810 philibertus
611 1776 768 1821 princeps,
793 1777 922 1820 eiusque
947 1777 1040 1810 iuris-

301 1830 407 1871 dictio,
432 1841 468 1864 ac
491 1830 710 1864 universitates
735 1836 765 1864 et
788 1831 931 1864 homines
955 1831 1042 1874 oppi-

300 1884 413 1918 dorum
431 1895 486 1917 seu
505 1885 647 1917 locorum
673 1885 731 1917 sub
755 1884 838 1917 dicto
863 1884 1039 1928 principatu

300 1938 603 1982 comprehensorum
627 1938 731 1981 aliqua
755 1943 924 1982 propterea
948 1938 1041 1971 detri-

299 1996 404 2026 menta
426 1992 596 2036 patiantur,
621 1992 776 2036 simulque
801 2002 957 2036 prospero
975 1992 1041 2025 illo-

299 2057 370 2079 rum
395 2046 543 2089 regimini
567 2050 597 2078 et
621 2045 785 2088 gubernio,
801 2052 950 2089 quantum
969 2056 1040 2078 cum

300 2099 432 2132 Domino
463 2100 650 2143 possumus,
682 2100 846 2132 consulere
880 2099 1040 2139 volentes,

300 2158 389 2186 motu
401 2153 542 2197 proprio,
559 2158 589 2186 et
614 2163 650 2186 ex
676 2155 763 2186 ceita
778 2153 905 2186 scientia
924 2163 958 2186 ac
980 2163 1042 2185 ma-

300 2209 372 2240 tura
389 2207 614 2240 deliberatione
632 2207 758 2247 nostris,
778 2212 807 2239 te
825 2207 899 2239 dicti
923 2207 1040 2250 princi-

299 2266 401 2305 patus,
414 2271 450 2293 ac
461 2265 629 2301 terrarum,
643 2260 843 2304 oppidorum,
855 2266 1041 2301 castrorum,

299 2315 420 2347 arcium
441 2319 472 2347 et
495 2315 726 2356 fortalitiorum,
745 2326 781 2348 ac
805 2315 948 2348 locorum
969 2326 1043 2358 quo-

299 2379 519 2412 rumcumque,
537 2369 628 2402 etiam
643 2369 768 2412 speciali
785 2371 859 2402 nota
877 2374 906 2401 et
919 2379 1043 2413 expres-

300 2422 388 2456 sione
405 2422 585 2464 dignorum,
599 2422 629 2454 in
648 2427 678 2455 et
695 2422 751 2454 sub
765 2422 847 2456 dicto
864 2423 1042 2466 principatu

299 2476 538 2520 quomodolibet
562 2476 886 2520 comprehensorum,
919 2477 1039 2520 guber-

337 2556 350 2583 1
368 2556 406 2583 Ex
422 2556 530 2590 Regest.
546 2555 573 2582 iu
589 2556 689 2583 Secret.
707 2556 783 2583 Brev.

337 2601 348 2627 1
365 2600 485 2628 Erronee
501 2604 531 2627 ut
545 2605 609 2636 puto
621 2601 686 2628 edit.
703 2600 784 2629 Main.
800 2602 865 2637 legit
878 2603 948 2637 fidei
958 2606 984 2632 et
997 2604 1042 2632 cle-

300 2645 421 2674 notionis
433 2648 472 2680 (R.
488 2647 537 2679 T.).

383 2700 463 2728 Bull.
483 2700 567 2728 Rom.
609 2699 669 2729 Vol.
689 2699 764 2729 XIV.
958 2702 974 2729 8

1734 217 1774 249 57

1073 281 1215 308 natorum
1241 284 1311 308 cum
1338 273 1483 308 omnibus
1508 279 1536 306 et
1564 274 1693 316 siugulis
1718 275 1813 306 fat-ul-

1073 329 1203 368 tatibus‚
1228 328 1430 367 auctoritate,
1456 327 1688 363 iurisdictione,
1716 329 1813 360 liono-

1072 382 1176 421 ribus,
1202 382 1369 421 oneribus,
1404 381 1599 424 provisione,
1634 381 1754 412 salariis
1784 387 1811 413 et

1072 434 1294 486 emolumentis
1319 434 1416 467 solitis
1442 440 1469 466 et
1495 435 1660 475 consuetis7
1687 440 1712 465 et
1742 445 1812 466 cuni

1072 488 1217 520 facultate
1232 488 1262 519 in
1278 488 1496 520 marchionatu
1510 488 1687 531 tlrepacorii
1703 494 1728 519 et
1745 488 1813 519 aliis

1073 541 1183 574 castris
1213 551 1267 573 seu
1294 541 1370 573 locis
1402 542 1459 573 sul.)
1494 542 1546 573 itta
1576 542 1813 585 coti‘ipiclwnsis

1072 600 1263 638 praetorem,
1279 594 1308 626 iu
1326 594 1451 637 illisque
1475 605 1509 626 ac
1527 595 1609 627 dit-to
1637 595 1813 637 principatu

1073 649 1205 692 aliisque
1221 649 1298 681 locis
1324 649 1405 680 infra
1423 649 1578 691 expressis
1596 660 1814 691 quon-unique

1073 702 1150 734 alios
1167 702 1316 734 officiales
1334 707 1363 733 et
1381 702 1552 740 ministros,
1571 703 1664 733 etiam
1688 702 1814 744 speciali

1072 757 1146 787 nota
1167 761 1196 787 et
1221 755 1423 798 expressione
1441 755 1562 797 dignos,
1584 755 1621 785 ad
1641 755 1683 787 tui
1705 762 1813 787 nutum

1072 808 1256 841 amovibiles
1274 818 1331 851 pro
1350 808 1466 840 iustitia
1485 808 1729 840 aduninistranda
1746 819 1816 840 con-

1073 861 1219 894 stituendi
1234 865 1263 894 et
1276 861 1455 904 deputandi,
1469 862 1505 893 ad
1521 868 1662 894 nostrum
1682 868 1708 893 et
1728 862 1815 893 Sedis

1072 915 1270 959 Apostolicae
1295 915 1542 958 beneplacitum,
1565 916 1734 958 apostolia}
1761 927 1814 947 au-

1073 970 1242 1009 ctoritate,
1275 975 1383 1002 tenore
1418 970 1628 1012 praesentium
1666 970 1814 1009 tiu-iuius,

1073 1024 1293 1058 constituimus
1323 1029 1353 1055 et
1377 1023 1582 1067 deputamus:
1611 1024 1726 1065 tibiqut¹
1760 1035 1816 1066 per

1074 1084 1255 1122 praesentes
1274 1078 1500 1111 committiu'ius
1521 1084 1548 1110 et
1569 1079 1765 1116 mandamine,
1784 1083 1813 1109 ut

1074 1142 1166 1176 quam
1191 1131 1330 1175 primum
1355 1132 1424 1164 fieri
1453 1132 1565 1175 poterit
1596 1132 1632 1163 atl
1659 1132 1815 1174 principa-

1075 1193 1139 1219 tum
1165 1186 1348 1219 huiusmodi
1377 1186 1584 1229 personaliter
1610 1191 1638 1217 te
1663 1186 1815 1223 conteras,

1074 1250 1195 1272 necnon
1220 1240 1250 1271 in
1274 1239 1462 1282 principatu,
1485 1239 1586 1277 terris,
1612 1239 1744 1281 oppidis„
1770 1250 1817 1270 ca-

1075 1293 1158 1334 stris,
1177 1293 1313 1332 arcibus,
1331 1293 1487 1325 fortalitiis
1504 1298 1533 1324 et
1554 1292 1629 1324 loeis
1649 1293 1816 1335 praedictis

1075 1357 1307 1390 quamcumque
1332 1346 1579 1378 iurisdictionem
1606 1346 1739 1385 civilem,
1759 1347 1817 1379 cri-

1076 1401 1222 1433 minalem
1241 1406 1271 1432 et
1287 1400 1414 1432 mixtam
1433 1405 1541 1432 nostro
1567 1405 1594 1431 et
1621 1400 1816 1442 apostolicae

1075 1455 1162 1488 Sedis
1185 1453 1313 1487 nomine
1337 1464 1493 1493 exerceas,
1519 1453 1639 1496 aliaque
1665 1454 1768 1485 onmia
1788 1459 1814 1485 et

1075 1507 1208 1550 singula,
1234 1517 1313 1550 quae
1338 1517 1397 1550 pro
1423 1506 1503 1539 felici
1529 1499 1738 1550 principatus,
1761 1518 1816 1550 op-

1076 1561 1246 1605 pidorum,
1273 1565 1447 1600 terrarum,
1473 1565 1660 1595 castrorum,
1685 1561 1816 1601 arcium,

1075 1615 1300 1648 fortalitiorum
1330 1619 1360 1647 et
1391 1615 1534 1647 locorum
1560 1614 1816 1658 praedictorum,

1076 1680 1249 1712 earumque
1266 1669 1505 1702 universitatum
1527 1674 1554 1701 et
1581 1669 1743 1701 hominium
1765 1680 1818 1711 gu-

1077 1723 1186 1755 bernio
1215 1733 1433 1766 prosperoque
1459 1722 1612 1764 regimine
1641 1723 1817 1755 necessaria

1076 1777 1203 1816 fuerint,
1229 1787 1284 1809 seu
1308 1776 1543 1820 quomodolibet
1569 1782 1758 1819 opportuna,
1778 1777 1819 1809 fa-

1076 1830 1148 1871 cias,
1166 1829 1261 1869 dicas,
1282 1840 1373 1872 geras
1390 1836 1419 1862 et
1440 1830 1620 1873 exequaris:
1639 1841 1735 1873 super
1753 1830 1818 1873 qui-

1076 1884 1134 1917 bus
1159 1883 1306 1917 omnibus
1324 1889 1354 1916 et
1374 1883 1506 1926 singulis
1531 1885 1666 1927 plenam,
1687 1884 1816 1916 liberam

1076 1942 1105 1972 et
1135 1939 1274 1982 amplam
1307 1938 1484 1971 facultatem
1518 1943 1547 1970 et
1580 1938 1815 1979 auctoritatem,

1075 1993 1259 2025 auctoritate
1280 1997 1309 2024 et
1334 1997 1442 2024 tenore
1469 1992 1648 2035 praedictis,
1673 1992 1817 2025 concedi-

1076 2057 1145 2079 mus
1171 2051 1201 2078 et
1224 2046 1433 2089 impertimur.

1120 2100 1135 2143 g
1166 2099 1195 2132 3.
1228 2099 1408 2132 Mandautes
1438 2105 1606 2143 propterea
1643 2099 1673 2131 in
1706 2099 1816 2133 virtute

1076 2159 1200 2186 sanctae
1225 2153 1434 2187 obedientiae,
1450 2164 1484 2185 ac
1511 2153 1568 2184 sub
1594 2153 1836 2195 indignationis:
1858 2172 1888 2185 ω,

1075 2212 1211 2249 nostrae,
1236 2217 1359 2239 necnon
1383 2206 1575 2243 rebellionis,
1596 2218 1631 2239 ac
1652 2208 1743 2238 etiam
1771 2219 1819 2239 ex-

1076 2260 1369 2294 communicationis
1395 2260 1473 2292 latae
1503 2260 1672 2292 sententiae
1699 2261 1817 2303 samnis,

1076 2315 1223 2348 omnibus
1237 2320 1267 2347 et.
1284 2315 1414 2357 singulis
1432 2315 1636 2358 principatus.
1651 2319 1816 2356 terrarum,

1077 2369 1277 2413 oppidorum,
1295 2374 1482 2407 castrorum,
1507 2369 1637 2409 art-ium,
1660 2369 1819 2401 fortalitio-

1077 2434 1148 2456 rum
1173 2428 1203 2456 et
1229 2423 1373 2456 locorum
1403 2423 1634 2466 praedictorum
1666 2423 1819 2454 universi-

1077 2476 1201 2517 tatibus,
1226 2476 1407 2508 hominibus
1433 2480 1460 2509 et
1485 2476 1638 2519 personis,
1665 2476 1818 2519 praetori-

1077 2531 1144 2571 bus,
1164 2530 1345 2573 capitaneis,
1371 2530 1556 2568 castellanis,
1583 2529 1818 2571 riiagistratibus

1076 2590 1106 2617 et
1121 2584 1189 2616 aliis
1209 2583 1403 2623 officialibus,
1421 2588 1455 2615 ut
1475 2588 1503 2615 te
1524 2584 1555 2614 iu
1573 2583 1817 2624 gubernatorem

1075 2637 1267 2678 huiusmodi,
1282 2637 1366 2671 iuxta
1380 2642 1520 2670 tenorem
1534 2638 1756 2681 praesentiunt⁷
1772 2648 1818 2670 re-

1823 227 1870 252 An.
1888 227 1915 253 C.
1938 227 2008 254 1029

1868 2112 1935 2137 Atque
1951 2112 2015 2131 omni-

1842 2145 1852 2157 »t
1864 2149 1870 2155 x
1891 2141 2017 2158 universita-

1913 2168 1933 2184 et
1958 2167 2016 2187 locis.

1834 2196 1852 2211 u*
1871 2192 1897 2211 vll1
1916 2195 2016 2215 iai-eant,

1834 2218 1951 2239 mandatur.
