2248 3229
193 219 240 244 Αη.
258 218 286 244 G.
312 217 373 245 1631

227 599 285 618 Aliae
312 597 375 617 [icul-

193 627 245 645 latus
273 625 375 648 generalis

193 653 317 671 vulturium&

262 1717 377 1742 Dei-agatho

194 1745 355 1765 contrariszwum.

429 208 488 242 196

390 266 570 306 invocandi,
596 265 633 298 ad
670 233 831 298 sanitatgn
865 274 938 297 vero
963 273 1127 305 reversos,

389 320 442 363 qui
467 319 571 352 debite
595 318 811 359 satisfecerint,
831 317 870 350 ab
891 317 1037 350 omnibus
1061 327 1129 350 cen-

390 373 470 405 suris
495 377 524 405 et
548 373 656 416 poenis
681 371 869 416 supradictis
894 371 924 403 in
949 370 1051 404 forma
1075 370 1130 403 Ec-

390 426 502 459 clesiae
520 428 666 459 consueta
684 424 881 465 absolvendi;
900 434 994 468 super
1010 424 1129 467 irregu-

390 478 511 511 laritate
536 479 640 511 forsan
664 478 791 511 incursa
815 477 1027 522 dispensandi,
1045 482 1075 510 et
1091 477 1129 510 ad

390 530 558 573 pristinum
584 536 697 563 statum
722 530 850 564 omnino
876 530 1076 570 restituendi;

436 586 450 628 ξ
475 585 503 618 9.
530 585 695 617 Praeterea
716 585 899 618 collectores
924 589 954 616 et
979 584 1131 617 subcolle-

391 642 492 672 ctores
509 638 569 670 side
594 643 623 670 et
648 638 846 671 facultatibus
866 637 995 671 idoneos
1016 637 1045 669 in
1067 647 1131 670 om-

390 692 482 725 nibus
507 691 694 732 civitatibus,
718 691 809 725 terris
834 697 864 724 et
887 690 1057 734 provinciis
1077 691 1131 723 Ita-

391 745 449 778 liae
462 745 649 789 praedictae,
667 750 821 788 quotquot
844 744 955 778 viderit
972 744 1130 788 expedire,

391 810 462 832 cum
483 800 576 832 simili
598 800 644 832 vel
670 799 802 832 limitata
819 800 894 843 (non
913 804 1015 832 tamen
1033 798 1132 831 absol-

392 853 496 897 vendi>
514 858 678 897 potestate,
696 853 915 895 constituendi,
933 862 1067 896 eumque
1084 852 1130 885 vel

391 917 444 940 eos
465 906 597 941 arbitrio
619 917 675 940 suo
693 906 870 949 revocandi,
888 906 1082 949 negligentes
1103 909 1133 939 et

391 971 535 994 morosos
559 960 764 1000 removendi,
789 970 823 992 ac
849 960 944 992 alium
975 970 1030 992 seu
1055 959 1132 992 alios

391 1013 596 1056 subrogandi,
622 1013 880 1057 quotiescumque
905 1013 932 1045 ei
959 1012 1130 1053 videbitur3

390 1068 422 1099 in
447 1067 663 1111 delinquentes
688 1071 718 1099 et
742 1070 915 1110 suspectos,
939 1076 996 1110 per
1021 1076 1062 1109 se,
1084 1066 1131 1099 vel

391 1121 497 1161 alium,
520 1131 575 1154 seu
599 1120 691 1161 alios,
711 1120 804 1153 etiam
833 1120 1016 1163 simpliciter
1041 1124 1070 1152 et
1094 1119 1131 1152 de

391 1175 494 1218 plano,
519 1185 554 1207 ac
578 1174 644 1207 sine
676 1174 808 1218 strepitu
833 1177 863 1208 ot
886 1174 988 1217 figura
1014 1173 1131 1215 iudicii,

393 1227 592 1272 inquirendi,
618 1233 648 1260 et
673 1227 793 1260 meritis
825 1227 935 1271 poenis
961 1227 1131 1271 puniendi,

394 1282 502 1315 modos
528 1286 557 1315 et
582 1283 697 1314 l'ormas
715 1281 746 1313 in
769 1280 939 1325 praedictis
964 1280 1133 1313 servandos

391 1335 642 1378 1;›raesc1·ibendi;
656 1334 751 1368 dubia
764 1345 982 1378 quaecumque
999 1335 1030 1367 in
1045 1345 1132 1378 prae-

392 1389 495 1421 missis
512 1389 590 1422 sorte
608 1389 729 1422 oritura
745 1388 934 1428 declarandi3
952 1398 987 1421 ac
1001 1397 1133 1431 prorsus

392 1443 498 1475 omnia
522 1453 739 1486 quaecumque
768 1442 852 1475 circa
888 1452 923 1474 ea
956 1441 1133 1474 necessaria

392 1501 422 1528 ct
447 1499 627 1539 opportuna
650 1495 798 1536 faciendi,
823 1495 977 1528 statuendi
1003 1500 1033 1527 et
1061 1505 1132 1527 exe-

393 1549 519 1593 quendi,
537 1549 658 1583 etiamsi
685 1550 755 1583 talia
780 1550 892 1589 forent,
913 1559 993 1593 quae
1009 1548 1136 1581 manda-

394 1608 458 1635 tum
479 1603 640 1645 exigerent
657 1602 756 1645 magis
773 1602 917 1646 speciale,
934 1612 1027 1646 quam
1048 1611 1135 1645 prae-

393 1657 532 1690 sentibus
557 1662 603 1690 est
628 1667 822 1701 expressum.

438 1712 453 1755 ξ
477 1711 527 1744 10.
554 1712 621 1745 Non
645 1711 842 1745 obstantibus
866 1711 936 1755 piae
961 1711 1133 1753 memoriae

394 1765 544 1798 Bonisacii
569 1765 670 1808 Papae
688 1764 752 1797 VIII
771 1764 865 1797 etiam
882 1764 1135 1808 praedecessoris

394 1818 494 1852 nostri
506 1818 544 1850 de
561 1819 632 1858 una,
650 1822 679 1851 et
699 1817 728 1849 in
745 1817 879 1850 concilio
897 1817 1035 1860 generali
1052 1816 1135 1849 edita

394 1872 432 1904 de
449 1871 570 1905 duabus
586 1871 692 1912 dietis,
710 1882 745 1904 ac
761 1871 830 1904 aliis
854 1870 1034 1914 apostolicis
1060 1881 1134 1903 con-

394 1925 617 1968 stitutionibus,
641 1935 764 1958 necnon
787 1924 1004 1965 ecclesiarum,
1029 1935 1136 1957 mona-

394 1979 584 2019 steriorum,
620 1979 768 2012 ordinum
785 2006 793 2020 ,
830 1978 1135 2022 congregationum,

394 2033 609 2077 hospitalium,
630 2033 815 2066 militiarum
833 2038 863 2065 et
886 2032 1029 2066 locorum
1049 2042 1137 2076 prae—

395 2087 562 2129 dictorum,
584 2087 771 2127 iuramento,
789 2086 1028 2120 confirmatione
1050 2096 1137 2130 apos-

396 2141 498 2181 tolica,
517 2141 563 2173 vel
588 2141 697 2184 quavis
721 2140 869 2173 firmitate
893 2140 954 2173 alia
970 2140 1137 2181 roboratis,

396 2195 518 2227 statutis
542 2199 572 2227 et
596 2194 884 2234 consuetudinilms‚
906 2193 1136 2235 stabilimenlis,

397 2248 508 2281 usibus
533 2253 563 2280 et
588 2247 726 2287 naturis,
751 2247 899 2291 quodque
928 2247 1078 2290 praelatis
1109 2251 1139 2280 et

399 2301 543 2344 personis
567 2300 746 2344 praedietis,
761 2310 935 2343 eorumque
952 2300 1092 2334 ecelesiis
1109 2305 1139 2333 et

399 2355 487 2396 locis,
505 2355 552 2386 vel
577 2353 739 2397 quibusvis
760 2353 828 2386 aliis
848 2354 1059 2386 communiter
1087 2358 1139 2386 aut

400 2407 521 2440 divisim
541 2418 558 2439 a
575 2406 734 2451 praedicta
745 2406 1139 2451 sitSedcindultum,quod

402 2461 566 2503 interdici,
595 2460 764 2504 suspendi,
793 2461 841 2494 vel
871 2460 1139 2494 cxcommimicari

400 2524 464 2546 non
478 2513 599 2558 possint
616 2524 672 2557 per
684 2514 804 2547 litteras
817 2514 1004 2557 apostolicas
1024 2524 1086 2547 non
1099 2514 1141 2545 sa-

402 2568 519 2601 cientes
539 2568 662 2611 plenam
680 2573 710 2600 et
727 2577 916 2611 expressam,
934 2578 970 2600 ac
989 2567 1027 2600 de
1045 2566 1140 2599 verbo

403 2621 442 2655 ad
462 2621 591 2656 verbum
609 2622 647 2655 de
671 2621 792 2655 indulto
808 2621 999 2664 huiusmodi,
1019 2630 1141 2655 necnon

1772 180 1797 194 D*

978 214 1157 239 BULLARIUM
1181 213 1334 238 ROMANUM

1162 263 1316 306 personis,
1341 271 1512 304 earumque
1537 261 1719 295 nominibus
1739 267 1769 294 et
1785 270 1900 304 cogno-

1163 315 1310 356 minibus,
1335 314 1484 356 ecclesiis,
1505 314 1713 355 monasteriis,
1738 313 1900 347 ordinibus

1163 373 1192 402 et
1208 368 1285 401 locis
1303 367 1483 401 huiusmodi
1504 366 1713 407 mentionem;
1731 371 1760 400 et
1776 367 1901 411 quibus-

1163 421 1238 453 libet
1262 420 1330 454 aliis
1350 420 1533 464 privilegiis,
1559 420 1822 464 exemptionibus,
1848 420 1902 453 im-

1163 474 1368 508 munitatibus
1396 475 1426 507 in
1448 485 1563 517 genere
1588 479 1618 507 et
1642 474 1673 507 in
1698 473 1801 518 specie
1824 484 1901 517 quo-

1164 528 1397 573 modocumque
1433 529 1609 570 concessis,
1645 527 1838 561 confirmatis
1874 532 1903 560 et

1164 582 1337 624 innovatis,
1363 582 1457 615 etiam
1489 581 1676 615 solutionem
1709 581 1902 614 decimarum

1164 635 1253 668 aliter
1286 645 1380 679 quam
1412 634 1584 667 secundum
1616 635 1776 678 antiquam
1801 639 1902 667 taxam

1164 695 1194 723 et
1217 689 1277 722 nisi
1302 689 1332 722 in
1363 689 1531 722 universali
1556 689 1749 722 decimarum
1772 698 1829 732 per
1853 698 1903 721 or·

1165 743 1237 776 bem
1263 742 1465 787 impositione
1479 742 1547 776 fieri
1566 742 1818 794 prohibentibus,
1836 751 1904 775 nec-

1164 806 1226 829 non
1260 795 1544 840 promissionibus,
1577 794 1904 835 denominationibus,

1165 850 1422 893 obligationibus,
1446 850 1631 884 iuramentis
1651 853 1680 882 et
1698 847 1906 882 renunciatio-

1164 903 1267 944 nibus,
1282 903 1414 937 vinculis
1435 909 1464 937 et
1486 903 1625 944 cautelis,
1646 903 1678 935 in
1695 901 1905 945 assignatione

1166 958 1400 1001 praedictarum
1414 958 1600 1002 pensionum
1615 957 1713 998 factis,
1723 956 1837 1000 quibus
1849 966 1905 1000 per

1166 1011 1400 1055 impositionem
1425 1011 1619 1045 decimarum
1648 1009 1828 1043 huiusmodi
1852 1020 1906 1043 ne-

1166 1065 1281 1098 minem
1296 1065 1406 1107 teneri,
1417 1076 1518 1109 neque
1532 1075 1594 1106 eas,
1604 1063 1708 1108 quoad
1721 1063 1906 1108 praemissa,

1166 1124 1274 1152 contra
1288 1129 1520 1163 quemcumque
1536 1119 1641 1152 locum
1658 1117 1775 1152 habere
1796 1117 1906 1150 simili-

1167 1177 1212 1205 ler
1237 1173 1450 1214 declaramus,
1474 1173 1606 1217 aliisque
1630 1171 1759 1205 indultis
1779 1176 1808 1204 et
1828 1171 1907 1204 litte-

1166 1225 1208 1258 ris
1226 1226 1417 1270 apostolicis,
1436 1226 1637 1269 generalibus
1657 1230 1687 1258 et
1707 1224 1905 1270 specialibus,

1166 1279 1393 1324 cuiuscumque
1426 1280 1543 1314 tenoris
1568 1280 1721 1322 existant,
1746 1289 1803 1323 per
1827 1288 1906 1322 quae

1166 1333 1385 1376 praesentibus
1398 1344 1461 1367 non
1475 1344 1621 1377 expressa
1635 1336 1688 1367 aut
1703 1332 1833 1366 omnino
1844 1341 1906 1364 non

1167 1386 1285 1419 inserta
1308 1379 1438 1420 effectus
1461 1397 1570 1420 earum
1596 1386 1742 1430 impediri
1767 1384 1906 1418 valeant¹

1167 1441 1407 1484 quomodolibet
1431 1442 1476 1474 rel
1507 1440 1638 1481 differri,
1666 1445 1696 1473 et
1716 1439 1753 1472 de
1781 1440 1907 1484 quibus,

1167 1505 1366 1539 quorumque
1392 1495 1463 1528 lotis
1489 1494 1671 1535 tenoribus,
1696 1493 1842 1526 habenda
1870 1493 1918 1527 sit·

1168 1548 1198 1580 in
1222 1548 1339 1582 nostris
1363 1548 1476 1581 litteris
1501 1548 1618 1581 mentio
1643 1547 1802 1591 specialis,
1827 1557 1907 1590 quae

1167 1602 1271 1635 omnia
1286 1607 1395 1636 contra
1407 1602 1580 1645 praemissa
1596 1602 1744 1634 nolumus
1761 1600 1907 1645 cuiquam

1169 1656 1199 1688 in
1215 1654 1339 1699 aliquo²
1354 1654 1537 1698 suffragari;
1560 1664 1683 1688 necnon
1706 1653 1774 1686 aliis
1798 1653 1908 1686 huius-

1169 1709 1255 1742 modi
1272 1709 1526 1753 impositionibus
1547 1712 1576 1743 et
1595 1708 1851 1742 concessionibus
1871 1707 1908 1740 ad

1169 1767 1293 1807 tempus
1310 1763 1451 1796 nondum
1468 1763 1619 1807 elapsum,
1637 1762 1661 1795 si
1681 1772 1761 1806 quae
1778 1762 1850 1802 sint,
1867 1762 1910 1795 fa-

1169 1817 1237 1857 ciis,
1254 1817 1429 1860 ceterisque
1447 1816 1612 1850 contrariis
1629 1816 1890 1860 quibuscumque.

1213 1870 1228 1913 ἓ
1252 1870 1303 1902 tl.
1324 1870 1468 1903 Ceterum
1495 1870 1527 1902 in
1550 1869 1761 1914 percipiendis
1778 1868 1910 1903 decimis

1169 1923 1337 1966 praedictis
1361 1924 1616 1958 constitutionem
1634 1923 1819 1957 recolendae
1844 1933 1909 1955 me-

1170 1976 1289 2010 moriae
1313 1977 1480 2011 Clementis
1505 1977 1604 2022 Papae
1621 1977 1644 2010 V
1662 1976 1806 2009 similiter
1823 1987 1911 2021 prae-

1170 2030 1344 2064 decessoris
1375 2032 1474 2064 nostri
1511 2031 1543 2064 in
1578 2030 1711 2064 concilio
1744 2030 1909 2063 Viennensi

1171 2085 1284 2119 editam
1305 2085 1403 2128 (quod
1427 2084 1568 2118 decimae
1592 2084 1631 2117 ad
1655 2089 1812 2117 monetam
1838 2095 1909 2117 cur-

1171 2144 1292 2171 rentem
1318 2138 1530 2171 communiter
1560 2138 1670 2178 levari,
1699 2148 1756 2171 nec
1788 2138 1910 2179 calices,

1170 2192 1264 2233 libri,
1289 2198 1457 2236 ceteraque
1489 2192 1694 2225 ecclesiarum
1727 2195 1911 2226 ornamenta

1171 2245 1276 2279 divino
1291 2246 1387 2279 cultui
1400 2246 1502 2278 dicata
1515 2256 1550 2278 ex
1561 2247 1654 2278 causa
1671 2245 1814 2289 pignoris
1831 2246 1911 2290 capi,

1171 2299 1300 2343 percipi,
1322 2299 1369 2331 vel
1388 2299 1529 2339 distrahi,
1546 2304 1599 2332 aut
1616 2299 1691 2332 alias
1712 2298 1909 2345 quomodoli-

1172 2353 1223 2386 bet
1255 2353 1404 2397 occupari
1438 2353 1583 2396 debeant)
1616 2353 1734 2397 ubique
1766 2354 1910 2386 volumus

1172 2406 1350 2450 observari:
1383 2407 1458 2450 quin
1491 2407 1583 2439 ctiam
1612 2406 1844 2450 praecipimus,
1872 2416 1911 2439 ne

1173 2459 1350 2503 quisquam,
1372 2460 1466 2492 etiam
1487 2461 1578 2503 plura
1595 2460 1840 2504 quanticumque
1865 2469 1911 2492 va-

1174 2514 1249 2546 loris
1282 2513 1434 2546 beneficia
1465 2514 1697 2554 ecclesiastica,
1722 2523 1776 2546 seu
1806 2513 1912 2556 plures

1212 2587 1219 2610 1
1239 2584 1329 2612 Potius
1344 2586 1447 2620 valeat,
1463 2593 1561 2620 nempe
1577 2585 1689 2620 effectus
1701 2585 1742 2618 (fl.
1758 2586 1807 2618 Τ.),

1209 2629 1225 2656 ⁶2
1241 2629 1310 2658 Edit.
1328 2630 1407 2660 Main,
1423 2630 1505 2659 habet
1521 2630 1550 2658 in
1565 2630 1624 2658 alio
1638 2631 1678 2665 (n,
1693 2630 1740 2665 T.).

1915 211 1964 238 An,
1984 211 2012 238 C.
2030 211 2095 239 1631

1978 1878 2019 1898 Res
2035 1883 2108 1898 sacras

1925 1910 1963 1930 pro
2004 1905 2108 1925 solutione

1925 1932 2024 1979 {ppipere
2037 1932 2108 1957 prohi-
