2248 3229
223 198 272 224 An.
290 198 318 225 c.
342 198 405 226 1631
454 189 518 222 19⁶2

246 529 341 549 tubanus
351 534 405 548 nian-

223 555 257 575 dat
279 556 403 575 documenta

222 588 290 601 aurinia
307 583 332 601 ad
349 582 404 601 illum

221 610 339 633 spectantia
351 608 404 627 tradi

222 640 322 659 episcopo
338 635 405 655 Seno-

222 661 325 683 ruthensi.

421 246 607 280 concordiae
633 247 790 280 celebrato
816 246 872 278 sub
897 244 947 277 die
966 253 1033 278 xxx
1054 243 1162 287 aprilis

422 301 587 344 Mncxxlv),
605 305 722 344 aperta,
739 310 774 332 ac
798 299 836 331 ad
856 308 913 331 nos
938 302 968 330 et
988 298 1162 331 Romanam

422 354 615 394 Ecclesiam,
641 352 819 396 Sedemque
844 357 874 384 et
895 361 1052 384 cameram
1081 362 1158 394 apo-

421 407 562 440 stolicam
587 416 712 439 reversa
738 409 767 439 et
791 404 936 437 devoluta
968 404 1005 436 iri
1031 408 1057 437 et
1084 415 1158 447 per-

422 460 537 498 tinere,

465 513 479 555 g
504 512 533 544 2.
560 511 679 544 Idcirco
712 510 807 551 nibil,
833 509 916 553 quod
949 509 986 542 ad
1020 510 1161 542 muneris

421 565 519 598 nostri
533 569 637 608 partes
650 574 708 607 pro
721 566 903 597 nostrorum
922 568 950 595 et
969 562 1056 595 Sedis
1070 573 1160 606 prae-

421 618 520 651 dictae
542 617 658 650 iurium
673 616 909 650 conservatione
922 615 1066 660 spectat¹,
1076 626 1162 659 prae-

422 671 595 704 termittere
625 670 777 711 volentes,
797 669 952 702 universis
976 674 1006 702 et
1030 670 1161 713 singulis

421 723 677 769 archiepiscopis,
698 724 854 768 episcopis
872 729 902 756 et
926 723 994 756 aliis
1017 724 1160 757 locorum

421 778 598 818 ordinariis,
619 778 677 810 sub
698 777 854 810 interdicti
876 777 1037 820 ingressus
1061 777 1161 810 eccle-

421 832 485 864 siae
508 835 537 863 et
562 829 778 874 suspensionis
803 840 820 862 a
845 829 968 870 divinis,
987 835 1015 861 et
1036 835 1099 862 tam
1125 830 1161 863 iis

421 894 515 928 quam
532 883 696 928 quibusvis
709 883 778 916 aliis
791 882 933 921 ducibus
952 882 1161 927 principibu&

422 937 668 978 marchionibus,
683 937 861 977 comitibus,
875 937 1048 970 baronibus
1062 942 1091 969 et
1105 937 1161 970 do-

422 992 562 1034 micellis,
588 1002 711 1025 necnon
736 991 990 1035 quibuscumque
1007 991 1075 1024 aliis
1091 1002 1162 1035 per-

421 1046 515 1087 sonis,
541 1046 634 1079 etiam
659 1045 888 1087 ecclesiasticis,
914 1045 1109 1078 secularibus
1133 1050 1163 1078 et

422 1099 631 1142 regularibus,
653 1098 879 1142 cuiuscumque
897 1102 1004 1140 status,
1030 1099 1160 1141 gradus,

421 1152 552 1193 ordinis,
574 1152 773 1192 conditionis,
792 1151 1058 1195 praeeminentiae
1075 1156 1105 1184 et
1121 1151 1164 1184 di-

421 1206 548 1249 gnitatis
580 1205 808 1245 existentibus,
834 1205 865 1237 in
897 1204 1012 1237 virtute
1039 1210 1163 1238 sanctae

422 1259 637 1300 obedientiae,
672 1269 708 1291 ac
740 1259 798 1291 sub
830 1258 1164 1292 excommunicationis

423 1312 550 1346 maioris
574 1313 654 1345 latae
674 1312 845 1345 sententiae
864 1312 977 1355 poena,
998 1322 1056 1355 per
1073 1322 1163 1355 prae-

422 1373 524 1401 sentes
548 1367 689 1401 districte
713 1366 935 1411 praecipiendo
960 1366 1162 1409 mandamus,

422 1427 575 1466 quatenus
588 1421 759 1464 scripturas
773 1430 999 1464 quascumque,
1015 1419 1162 1453 ducatum

423 1475 629 1519 praedictum,
651 1474 798 1517 illiusque
823 1473 966 1507 membra
990 1483 1111 1506 annexa
1135 1478 1165 1508 et

423 1528 638 1572 pertinentias,
658 1527 782 1570 aliaque
806 1527 875 1560 iura
896 1532 925 1560 et
945 1527 1096 1560 interesse
1113 1527 1164 1560 Se-

422 1582 469 1616 dis
493 1581 693 1626 praedictae,
719 1581 839 1614 ratione
864 1581 938 1614 dieti
967 1581 1098 1614 ducatus
1128 1581 1182 1614 ac'

423 1635 641 1668 membrorum
654 1644 847 1668 annexorum
861 1640 890 1667 et
899 1634 1163 1678 pertinentiarum

423 1689 626 1729 huiusmodi,
651 1688 890 1732 quomodolibet
915 1693 1163 1730 concernentes,

423 1743 487 1775 sive
511 1742 550 1774 ad
575 1753 610 1775 ea
635 1742 934 1786 quomodocumque
965 1746 1182 1786 spectantes„

423 1796 447 1829 si
472 1806 550 1840 quas
573 1795 655 1839 apud
680 1805 712 1828 se
737 1795 974 1839 quomodolibet
995 1794 1182 1837 habuerint,

423 1850 471 1882 vel
495 1849 683 1882 retiiiuerint
706 1853 758 1883 aut
782 1848 1027 1891 occultaverint,
1058 1848 1162 1881 statim

423 1908 516 1946 atque
548 1902 760 1946 praesentium
797 1902 940 1935 notitiam
972 1895 1182 1942 habuerint,³

1004 195 1183 220 BULLARIUM
1208 194 1363 219 ROMANUM

1196 242 1265 276 aliis
1284 243 1438 286 personis,
1458 242 1516 275 sub
1541 244 1793 287 quibuscumque
1818 243 1936 276 tenori-

1197 296 1254 328 bus
1271 300 1301 328 et
1325 295 1444 338 formis,
1462 305 1497 328 ac
1514 304 1584 328 cum
1610 296 1771 339 quibusvis
1788 295 1936 329 clausulis

1196 354 1226 382 et
1246 349 1391 389 decretis,
1416 348 1447 381 in
1474 348 1668 381 contrarium
1687 350 1934 392 praemissorum

1196 402 1433 446 quomodolibet
1457 401 1630 443 concessis,
1655 402 1859 442 confirmatis,
1880 412 1935 447 ap-

1196 455 1337 499 probatis
1361 460 1391 487 et
1411 454 1583 494 innovatis;
1608 454 1724 498 quibus
1741 455 1889 488 omnibus
1907 461 1932 488 et

1197 508 1338 552 singulis,
1363 508 1456 541 etiam
1474 508 1498 540 si
1515 508 1553 540 de
1578 508 1648 549 illis,
1674 518 1847 551 eorumque
1864 509 1935 541 totis

1197 561 1369 602 tenoribus,
1387 561 1542 605 specialis,
1568 561 1722 605 specifica,
1744 570 1891 604 expressa
1908 565 1937 594 ct,

1198 615 1373 655 individua,
1398 625 1433 648 ac
1458 615 1496 647 de
1521 614 1616 648 verbo
1640 615 1679 647 ad
1704 614 1849 654 verbum,
1874 624 1936 646 nou

1196 673 1299 701 autem
1324 678 1380 712 per
1401 668 1556 701 clausulas
1580 668 1742 711 generales
1768 667 1850 700 idem
1877 666 1935 699 im-

1196 726 1377 766 portantes,
1407 721 1524 755 mentio
1553 731 1607 754 seu
1634 721 1763 765 quaevis
1793 721 1854 754 alia
1885 731 1935 754 ex<

1197 775 1320 819 pressio
1337 774 1479 807 habenda
1504 779 1557 807 aut
1580 774 1684 817 aliqua
1706 773 1765 806 alia
1783 774 1936 817 exquisita

1197 829 1297 862 forma
1328 828 1366 860 ad
1399 828 1460 861 hoc
1488 827 1641 861 servanda
1673 827 1774 868 soret,
1808 827 1936 860 illorum

1197 887 1322 915 tenores
1346 881 1565 925 praesentibus
1589 891 1647 925 pro
1680 881 1771 924 plene
1797 885 1826 913 et
1850 880 1935 913 suffi-

1196 936 1315 969 cienter
1339 935 1497 980 expressis
1520 945 1556 968 ac
1581 934 1618 966 ad
1643 934 1775 967 verbum
1810 933 1934 966 insertis

1197 990 1357 1030 habentes,
1375 989 1412 1021 ad
1436 988 1685 1033 praemissorum
1703 987 1860 1029 effectum,
1877 987 1937 1021 hac

1198 1043 1263 1075 vice
1288 1043 1449 1075 dumtaxat
1473 1041 1651 1086 specialiter
1675 1046 1705 1074 et
1722 1051 1869 1085 expresse
1887 1040 1938 1073 de-

1198 1106 1368 1139 rogamus3
1401 1095 1576 1139 ceterisque
1610 1094 1778 1128 contrariis
1809 1094 1938 1138 quibus-

1198 1160 1342 1193 cumque.

1242 1203 1353 1236 Datum
1378 1203 1506 1243 Romae,
1530 1201 1611 1246 apud
1629 1201 1657 1234 S.
1673 1200 1879 1241 Petrum,sub
1889 1210 1939 1233 an-

1198 1255 1273 1288 nulo
1296 1255 1474 1296 piscatoris,
1496 1254 1546 1287 die
1570 1265 1601 1287 1v
1626 1253 1757 1287 ianuarii
1778 1263 1937 1293 iincxxxt,

1198 1309 1400 1353 pontificatus
1423 1308 1522 1342 nostri
1547 1318 1629 1341 anno
1650 1317 1716 1340 v111.

1234 1372 1294 1398 Dat.
1312 1371 1353 1398 die
1369 1372 1384 1398 4
1400 1370 1512 1398 ianuarii
1531 1370 1608 1405 1631,
1625 1370 1718 1406 pontif.
1737 1378 1806 1397 anno
1821 1376 1876 1397 vm:

1465 1522 1671 1557 CCCLxxxv

1199 1605 1341 1639 Indictio
1366 1614 1421 1638 sese
1444 1603 1648 1637 decimarum
1673 1613 1771 1646 super
1790 1602 1940 1636 omnibus

1240 1658 1402 1701 fructibus
1427 1656 1648 1690 ecclesiasticis
1672 1656 1800 1689 Italiae.

1398 1737 1534 1765 Urbanus
1553 1736 1729 1771 Episcopus,

1384 1787 1488 1809 servus
1509 1787 1664 1808 servorum
1684 1779 1746 1812 Dei,

1329 1827 1365 1854 ad
1387 1826 1520 1853 futuram
1535 1825 1581 1852 rei
1600 1824 1780 1852 memoriam.

1242 1903 1396 1946 Suprema
1420 1901 1623 1945 dispositione
1648 1900 1748 1943 illius,
1774 1900 1863 1934 cuius
1892 1900 1939 1933 in-

1956 195 2003 221 An.
2021 193 2050 221 C.
2067 192 2130 221 ¹631

1981 1909 2121 1931 Prooemium.

424 1956 571 1998 revelent,
586 1965 621 1989 ac
639 1955 811 1998 respective
829 1955 1002 1996 restituant,
1020 1958 1111 1997 atque
1133 1954 1165 1986 iu
1181 1968 1183 2007 ξ
1199 1955 1360 1989 scrutabili
1380 1954 1579 1999 providentia
1596 1953 1827 1987 ordinationem
1846 1953 1941 1986 susci-

425 2009 570 2042 manibus
594 2009 781 2042 venerabilis
798 2009 903 2041 fratris
925 2007 1082 2041 Laurentii
1103 2007 1290 2055 epi-{piunt
1314 2009 1480 2050 universa,
1511 2008 1542 2040 in
1578 2006 1728 2040 eminenti
1752 2006 1942 2050 apostolicae

424 2063 509 2107 scopi
524 2062 775 2106 Senogalliensis,
791 2061 934 2095 moderni
946 2061 1020 2094 dicti
1034 2061 1165 2094 ducatus
1181 2058 1183 2111 ζ
1199 2063 1359 2106 dignitatis
1380 2062 1518 2106 specula,
1535 2061 1655 2094 meritis
1667 2060 1740 2093 licet
1756 2060 1941 2103 imparibus,

425 2116 657 2159 gubernatoris,
685 2116 807 2149 tradant
831 2121 858 2148 et
885 2115 1084 2158 consignent,
1111 2125 1165 2148 seu
1182 2124 1184 2160 t,
1200 2116 1371 2156 constituti,
1389 2119 1427 2157 et,
1446 2115 1526 2149 inter
1547 2113 1736 2157 multiplices
1761 2112 1942 2146 sollicitudi-

426 2170 548 2204 restitui
572 2175 602 2202 et
627 2170 706 2202 tradi
724 2174 753 2202 et
772 2169 949 2212 consignari
967 2168 1096 2202 omnino
1117 2164 1167 2201 cu-
1182 2163 1184 2204 1
1200 2180 1265 2210 nes,
1282 2179 1359 2212 quas
1375 2178 1434 2212 pro
1451 2166 1611 2201 communi
1627 2166 1760 2199 utilitate
1776 2166 1941 2199 universae

427 2229 496 2257 rent
516 2229 545 2257 et
562 2223 674 2257 saciant
693 2223 819 2256 realiter
837 2227 864 2256 et
883 2233 954 2255 cum
972 2222 1094 2255 effectu.
1183 2205 1184 2236 ¹
1202 2223 1390 2257 christianae
1404 2220 1597 2265 reipublicae
1613 2225 1738 2254 nostrae
1753 2229 1846 2253 curae
1860 2229 1942 2253 com-

471 2278 486 2321 ἓ
509 2277 539 2311 3.
564 2278 633 2311 Non
659 2276 856 2310 obstantibus
876 2275 1039 2320 quibusvis
1063 2275 1167 2319 privi-
1201 2276 1313 2309 missae
1337 2275 1403 2308 dies
1431 2279 1602 2318 noctesque
1619 2273 1820 2317 suscipimus,
1840 2277 1886 2307 tot
1905 2283 1941 2306 ac

426 2331 527 2375 legiis,
552 2330 681 2364 indultis
706 2335 736 2364 ct
759 2330 870 2363 litteris
895 2329 1085 2374 apostolicis,
1112 2328 1168 2361 eis·
1183 2324 1185 2349 '¹
1202 2333 1302 2364 tantos
1326 2339 1423 2362 novos
1441 2327 1635 2361 orthodoxae
1656 2327 1729 2360 fidei
1746 2326 1883 2360 hostium
1908 2326 1939 2359 in

427 2385 497 2418 dem
515 2384 771 2428 archiepiscopis,
790 2383 945 2426 episcopis
963 2393 998 2416 ac
1022 2382 1166 2415 locorum
1183 2351 1186 2425 i
1202 2383 1347 2427 inclytam
1369 2381 1567 2416 Germaniam
1582 2385 1612 2413 et
1629 2379 1673 2413 illi
1693 2379 1854 2423 proximas
1870 2389 1941 2423 pro-

427 2438 612 2480 ordinariis,
637 2447 759 2471 necnon
784 2437 933 2477 ducibus,
958 2436 1166 2481 principibuS,
1202 2436 1317 2469 vincias
1347 2433 1628 2480 percurrentium¹
1654 2437 1783 2467 conatus
1811 2433 1942 2476 paterna

429 2492 604 2535 ceterisque
629 2502 725 2535 supra
750 2491 924 2535 expressis,
951 2496 979 2523 et
1006 2489 1167 2535 quibusvis
1201 2489 1402 2524 meditatione
1422 2488 1667 2529 considerantes,
1690 2497 1752 2522 non
1775 2496 1941 2531 possumus

298 2289 411 2314 {vestigatio

227 2316 387 2336 muntiariurunt.

466 2610 474 2636 t
493 2607 562 2636 Edit.
579 2607 658 2636 Main.
676 2608 741 2644 legit
754 2610 880 2644 spectant
895 2609 932 2643 (a.
945 2608 992 2642 11).
1239 2607 1248 2633 t
1267 2605 1337 2633 Edit.
1355 2604 1433 2634 Main.
1449 2604 1728 2641 legitpercurrences
1741 2602 1779 2638 (n.
1796 2602 1845 2637 r.).
