2248 3229
61 215 109 243 An.
127 215 156 243 G.
178 215 246 244 1634

97 1026 159 1047 Modo
177 1025 245 1045 decla-

61 1056 101 1077 rat,
126 1052 246 1073 moderatur

62 1082 81 1100 et
91 1080 132 1100 alia
141 1079 200 1100 addit
209 1078 245 1100 tr-

61 1108 134 1130 banus.

868 214 1010 239 URBANUS
1035 215 1090 239 vul
1114 215 1161 239 1³1³.

259 264 325 298 suri
348 263 467 296 litteras
490 263 715 297 testimoniales
733 263 826 297 tidem
851 264 998 297 facientes

259 317 296 350 de
321 317 462 360 legitima
479 327 589 350 eorum
614 318 765 351 electione
790 318 827 350 ab
853 318 998 350 omnibus

259 371 483 414 sacerdotibus,
499 382 554 405 seu
571 372 679 405 saltem
701 382 718 404 a
735 377 870 415 quatuor
887 382 997 404 eorum

259 425 311 468 qui
345 425 571 459 intervenerint
602 426 770 465 electioni,
803 425 998 468 subscriptas

259 478 409 519 deferant,
427 479 518 512 aliter
542 479 608 512 sine
629 479 741 511 litteris
758 478 939 512 huiusmodi
959 478 997 511 ad

259 532 430 576 capitulum
454 543 517 566 non
538 532 738 574 admittendi:
764 533 898 566 alterum
923 542 998 565 vero

259 592 314 627 est,
332 586 494 619 videlieet:
513 586 560 618 llli
580 590 701 618 tantum
725 586 763 618 ad
787 587 998 630 praelaturam

260 644 289 672 ct
313 639 352 672 ad
376 638 544 672 visitatoris
569 639 698 672 maioris
723 639 860 672 officinm
885 649 1000 682 appro-

260 693 384 734 bentur,
410 693 464 736 qui
489 692 592 726 officia
617 692 750 734 minora,
768 687 927 736 prioratus
945 691 1000 724 sci-

260 746 332 780 licet
365 751 394 780 et
424 746 659 787 cellerariatus‚
684 747 799 790 digne,
824 746 999 790 gradatim,

261 801 369 833 saltem
382 799 509 833 biennio
526 801 558 833 in
578 801 718 844 quolibet
735 800 848 840 officio,
866 799 1000 832 fideliter

260 853 472 897 exercuerint)
486 864 542 898 per
554 864 622 894 nos,
637 859 669 887 nt
685 854 776 895 infra,
791 853 1000 893 declarentur,

260 906 476 947 moderentur,
496 906 681 948 limitentur,
699 912 729 939 et
749 906 807 939 alia
834 907 927 939 etiam
952 906 1001 939 ad-

261 960 374 993 dantur
391 960 580 1004 respective:

305 1014 320 1056 §
344 1012 373 1046 3.
398 1013 500 1053 Quare
523 1023 598 1053 nos,
623 1012 675 1056 qui
698 1012 862 1056 negotium
886 1012 997 1045 huius-

262 1067 346 1101 modi
371 1067 492 1100 dilectis
516 1067 589 1099 tiliis
613 1066 729 1099 nostris
759 1066 895 1100 Antonio
920 1067 1000 1099 tituli

261 1122 290 1155 S.
304 1121 480 1165 Honupln·ii
496 1121 692 1165 presbytero,
710 1125 818 1154 nostro
829 1120 1001 1153 secundnm

262 1185 388 1208 carnem
414 1174 502 1207 fratri
527 1185 689 1218 germano,
715 1184 750 1207 ac
774 1175 884 1208 Martio
900 1175 929 1208 S.
945 1175 1003 1207 Ma-

260 1228 326 1261 riae
343 1228 447 1262 Novae
471 1228 613 1269 diacono,
634 1228 854 1270 cardinalibus,
880 1228 1002 1262 Ginetio

260 1288 452 1327 nuncupato,
477 1286 608 1324 mature,
635 1282 865 1325 diligenterque
890 1282 1003 1314 exami-

260 1336 418 1377 nandum,
443 1336 597 1379 nobisque
622 1335 822 1369 referendum
847 1335 1004 1370 commisi-

262 1400 353 1430 mus,
378 1399 438 1433 pro
469 1389 682 1422 incumbentis
712 1388 805 1422 nobis
835 1389 1002 1432 pastoralis

262 1443 356 1478 officii
381 1443 485 1476 debito
510 1453 700 1487 prosperum
726 1443 910 1476 earumdem
935 1454 1005 1476 con-

262 1497 483 1540 gregationum
508 1502 621 1529 statum
646 1497 832 1540 felicemque
857 1497 1003 1530 directio-

261 1561 334 1584 nem
347 1550 477 1584 sinceris
488 1550 702 1583 desiderantes
715 1550 890 1591 affectibus,
902 1561 936 1583 ac
947 1551 1005 1583 sin-

262 1604 387 1647 gulares
404 1603 590 1636 eorumdem
607 1603 835 1636 monachorum
853 1613 1004 1647 personas

262 1669 279 1691 a
303 1657 465 1702 quibusvis
496 1657 851 1698 excommunicationiS,
876 1668 1005 1701 suspen-

263 1712 359 1745 sionis
383 1716 412 1744 et
432 1711 599 1753 interdicti,
630 1711 761 1755 aliisque
783 1711 1004 1744 ecclesiasticis

263 1765 434 1806 sententiis,
459 1765 600 1799 censuris
625 1770 655 1798 et
678 1765 797 1809 poenis,
822 1776 839 1798 a
863 1765 932 1798 inre
956 1765 1003 1798 vel

263 1819 302 1852 ab
322 1819 461 1860 homine,
479 1819 587 1862 quavis
604 1819 768 1852 occasione
784 1819 832 1851 vel
853 1820 946 1852 causa
962 1819 1005 1851 la-

263 1873 311 1913 tis,
329 1873 354 1905 si
375 1873 490 1916 quibus
511 1872 748 1917 quomodolibet
761 1872 926 1906 innodatae
943 1873 1005 1905 exi-

264 1930 358 1966 stunt,
379 1925 417 1958 ad
442 1925 587 1958 effectum
606 1925 819 1969 praesentium
843 1925 1005 1958 dumtaxat

264 1978 530 2023 consequendum,
544 1978 657 2011 harum
671 1978 751 2011 serie
764 1978 959 2011 absolventes
976 1984 1006 2012 et

264 2033 422 2066 absolutas
456 2032 524 2066 sore
548 2036 732 2071 censentes,
758 2032 796 2065 de
821 2032 1005 2065 eorumdem

264 2085 390 2120 Antonii
422 2090 452 2119 et
481 2085 583 2119 Martii
615 2085 821 2119 cardinalium
853 2086 1006 2126 consilio,

265 2145 362 2181 motu,
380 2139 510 2173 scientia
532 2144 561 2173 et
581 2139 807 2173 deliberatione
832 2139 1005 2172 similibus:

309 2192 417 2232 Quoad
443 2202 485 2232 v1‚
509 2198 543 2226 ut
563 2203 620 2236 per
640 2203 765 2237 capsam
783 2193 946 2226 triclavem
964 2193 1007 2225 in-

266 2247 425 2290 telligatur
440 2246 579 2279 triclavis
596 2246 868 2289 congregationis:

310 2301 357 2334 Ad
381 2311 434 2342 vn,
460 2301 591 2344 singulis
616 2301 777 2334 trienniis¹
802 2312 863 2334 una
888 2306 1006 2334 tantum

266 2355 401 2389 visitatio
426 2355 489 2396 fiat,
510 2365 572 2388 uno
597 2355 723 2399 quidem
748 2366 829 2389 anno
854 2355 885 2388 in
905 2366 1009 2389 mona-

267 2409 370 2442 steriis
394 2408 542 2442 omnibus
566 2408 643 2441 citra
672 2414 793 2442 montes
817 2409 1006 2453 apenninos,

267 2463 365 2495 altero
383 2472 457 2495 vero
483 2462 515 2494 in
539 2461 576 2494 iis
591 2461 665 2505 qui2
682 2467 753 2494 sunt
778 2463 859 2495 ultra
875 2468 1007 2503 montes,

267 2515 309 2548 ita
333 2520 368 2548 ut
391 2514 493 2558 prima
524 2515 659 2548 visitatio
684 2515 723 2548 sit
754 2516 820 2549 eius
844 2515 941 2559 partis
978 2516 1009 2548 in

305 2587 315 2613 1
335 2586 406 2613 Edit.
421 2586 506 2613 Main,
523 2586 588 2621 legit
603 2587 725 2614 triennis
741 2594 777 2622 tn.
794 2587 839 2622 T).

304 2631 320 2658 2
335 2631 426 2658 Potius
441 2631 500 2667 lege
517 2639 591 2666 quae
607 2632 645 2667 (n.
658 2632 706 2665 r.).

1034 275 1096 308 qua
1120 262 1213 297 suerit
1237 272 1372 307 praeses,
1394 271 1492 306 eaque
1507 261 1562 295 fiat
1577 260 1773 305 temporibus

1034 317 1065 349 in
1091 317 1157 360 ipsa
1191 316 1412 350 constitutione
1442 315 1627 358 assignatis,
1653 314 1773 348 scilicet

1035 370 1193 403 mensibus
1211 370 1327 414 aprilis,
1343 370 1416 402 maii
1432 375 1462 402 et
1475 369 1553 402 iunii
1576 368 1773 412 singulorum

1034 434 1188 456 annornm
1211 434 1246 456 ex
1265 423 1397 463 duobus,
1415 423 1446 455 in
1471 423 1586 467 quibus
1610 432 1673 455 non
1697 422 1774 455 ccle-

1034 477 1143 510 bratur
1161 476 1351 520 capitulum:
1369 476 1454 520 quod
1477 476 1502 508 si
1528 486 1654 519 praeses
1679 480 1710 508 et
1734 474 1774 507 vi-

1034 530 1179 563 sitatores
1204 529 1328 572 singula
1352 529 1542 562 monasteria
1567 528 1775 572 personaliter

1034 594 1097 617 non
1113 583 1317 621 visitaverint,
1330 583 1538 626 privationem
1555 583 1640 615 vocis
1657 582 1775 615 activae

1035 642 1065 669 et
1078 636 1220 681 passivae
1234 641 1263 669 et
1273 636 1499 669 inhabilitatem
1514 635 1553 668 ad
1570 635 1672 668 officia
1688 646 1775 679 prae-

1035 690 1205 723 sident-atus
1223 694 1253 723 et
1270 690 1482 723 visitatoratus
1500 689 1670 722 incurrant.

1080 744 1126 777 Ad
1151 754 1215 786 xnl,
1233 743 1389 785 monachi,
1407 743 1459 787 qui
1481 747 1569 776 extra
1586 743 1720 776 claustra
1737 742 1775 775 ad

1036 808 1146 830 curam
1174 797 1352 830 animarum
1379 797 1425 830 vel
1453 796 1513 829 alia
1540 795 1692 829 beneficia
1719 806 1773 828 ee·-

1036 851 1209 894 clesiastica
1233 851 1361 893 degunt,
1379 861 1429 883 res
1448 849 1628 883 huiusmodi
1645 849 1684 882 ad
1701 859 1777 882 usus

1036 904 1182 949 proprios
1196 905 1314 937 habere
1331 909 1488 948 poterunt,
1507 904 1561 937 sed
1577 903 1709 947 singulis
1725 914 1778 936 an-

1036 959 1084 992 nis
1115 969 1223 991 rerum
1249 958 1429 991 huiusmodi
1460 963 1549 991 notas
1583 957 1688 990 abbati
1719 968 1777 990 suo

1038 1012 1161 1046 tradere
1181 1012 1372 1045 tenebuntur
1397 1011 1455 1044 sub
1480 1011 1590 1056 poenis
1607 1013 1779 1057 proprIeta-

1037 1067 1159 1099 riorum
1180 1065 1388 1098 incurrendis.

1081 1120 1127 1153 Ad
1153 1130 1241 1161 xxm,
1258 1130 1388 1153 examen
1408 1124 1438 1153 et
1461 1118 1632 1164 appobatio
1649 1118 1702 1153 fiat
1722 1128 1780 1162 per

1038 1174 1268 1207 examinatores
1288 1174 1485 1218 deputa‘ndos
1509 1173 1540 1206 in
1557 1173 1693 1218 capitulo
1710 1183 1780 1209 con-

1038 1228 1240 1271 gregationis.

1083 1281 1128 1314 Ad
1152 1291 1260 1320 xxvni,
1282 1281 1312 1313 in
1329 1281 1467 1324 capitulo
1483 1290 1634 1314 numerus
1658 1285 1780 1313 tantum

1038 1335 1230 1369 novitiorum
1248 1334 1453 1379 praefigatur,
1470 1345 1533 1367 non
1549 1339 1652 1367 autem
1677 1343 1781 1366 neces-

1040 1399 1072 1421 se
1089 1389 1137 1429 sit,
1155 1394 1189 1421 ut
1207 1398 1318 1421 eorum
1341 1388 1469 1421 nomina
1487 1387 1719 1431 exprimantur,
1737 1390 1779 1428 et,

1038 1441 1141 1485 quoad
1167 1446 1290 1485 tempus
1315 1440 1475 1473 deserendi
1499 1440 1642 1473 habitum
1667 1441 1782 1473 secula-

1038 1505 1105 1528 rem
1117 1494 1136 1536 ¹,
1158 1494 1291 1527 snssiciat
1308 1495 1440 1527 mensis:

1082 1550 1148 1589 Quo
1166 1560 1240 1582 vero
1258 1549 1294 1581 ad
1312 1549 1552 1583 constitutiones
1569 1559 1586 1582 a
1603 1549 1686 1582 dicto
1704 1549 1781 1583 Gre-

1038 1604 1129 1647 gorio
1154 1604 1407 1647 praedecessore,
1432 1608 1466 1636 ut
1489 1603 1682 1647 praefertur,
1708 1613 1782 1636 con-

1038 1657 1193 1690 firmatas:

1083 1712 1116 1743 In
1142 1711 1178 1744 iis
1203 1711 1413 1753 monasteriis,
1441 1710 1472 1743 in
1498 1710 1613 1754 quibus
1629 1720 1691 1744 non
1712 1715 1784 1743 sunt

1039 1765 1177 1809 quinque
1191 1765 1370 1799 sacerdotes
1386 1765 1468 1798 ultra
1481 1765 1636 1805 abbatem,
1651 1765 1784 1798 sufficiat

1038 1819 1232 1852 interventus
1250 1824 1280 1851 et
1297 1818 1488 1861 subscriptio
1509 1828 1620 1851 eornm
1638 1817 1783 1852 sacerdo-

1039 1878 1104 1905 tnm
1122 1873 1175 1916 qui
1195 1873 1240 1906 ibi
1257 1877 1509 1906 commorantur:

1083 1927 1213 1970 Insuper
1234 1937 1308 1960 vero
1334 1925 1507 1967 monachis,
1533 1935 1642 1959 curam
1667 1926 1785 1958 anima-

1039 1991 1109 2012 sum
1134 1980 1368 2019 exercentibus,
1394 1984 1518 2023 tempus
1542 1979 1612 2011 talis
1644 1979 1784 2012 exercitii

1040 2034 1231 2076 suffragetur
1244 2033 1282 2066 ad
1300 2033 1445 2067 effectum
1458 2032 1628 2067 habilitatis
1641 2032 1678 2066 ad
1692 2043 1783 2077 prae-

1041 2087 1176 2119 laturam
1206 2090 1236 2120 et
1266 2086 1435 2120 visitatoris
1468 2086 1597 2120 maioris
1623 2087 1761 2119 officium
1775 2113 1783 2127 ,

1041 2152 1104 2174 non
1129 2151 1218 2173 secus
1235 2151 1271 2173 ac
1291 2145 1414 2184 tempus
1439 2140 1582 2173 exercitii
1604 2140 1782 2173 officiorum

1042 2194 1157 2238 prioris
1182 2198 1211 2227 et
1236 2194 1406 2227 cellerarii:
1424 2193 1597 2237 apostolica
1616 2194 1783 2228 auctorita<

1042 2253 1081 2288 te,
1100 2253 1208 2280 tenore
1225 2247 1449 2291 praesentium,
1467 2250 1619 2291 perpetuo
1637 2247 1779 2280 declara-

1042 2312 1121 2340 mus,
1146 2300 1360 2341 moderamur,
1385 2300 1577 2341 limitamus,
1602 2301 1710 2344 cisque
1733 2300 1783 2333 ad-

1041 2355 1144 2387 dimus
1162 2354 1344 2397 respective.

1087 2409 1101 2451 §
1122 2408 1150 2440 4.
1177 2408 1385 2441 Decernentes
1410 2407 1649 2441 constitutiones
1673 2412 1703 2441 et
1727 2412 1783 2440 sta·
1824 2415 1866 2436 Nec
1881 2414 1943 2435 aliter
1954 2413 1984 2434 iu-

1799 2442 1865 2462 Δις-«τί
1875 2447 1936 2468 posse
1948 2441 1983 2462 de·

1043 2465 1106 2495 tuta
1132 2461 1175 2494 sic
1200 2472 1256 2505 per
1281 2466 1463 2505 praesentes
1488 2460 1654 2502 declarata,
1680 2461 1874 2495 mode-cerum

1042 2521 1119 2554 rata,
1134 2515 1266 2548 limitata
1283 2520 1313 2547 et
1329 2515 1434 2547 addita
1450 2515 1626 2558 respective
1643 2515 1675 2547 in
1694 2525 1784 2559 prae-

1043 2571 1132 2603 dietis
1145 2568 1444 2612 congregationibus
1457 2569 1495 2602 ab
1513 2568 1660 2602 omnibus
1677 2575 1707 2603 et
1719 2569 1782 2603 sin-

1080 2636 1090 2660 1
1109 2632 1180 2660 Edit.
1197 2631 1276 2660 Main.
1294 2631 1359 2668 legit
1372 2633 1547 2661 secularium
1562 2632 1600 2667 (n.
1617 2632 1667 2667 T.).

1676 202 1740 236 367
1786 211 1835 239 An.
1852 211 1880 239 C.
1902 211 1973 240 1634
