2248 3229
105 225 154 254 An.
177 225 206 254 C.
227 225 293 254 1038

129 871 249 893 clausulae.

150 1562 282 1584 obstantium

98 1588 216 1615 derogatio.

917 228 1058 252 rnnaxt's
1083 228 1137 252 vm
1163 229 1209 252 rr.
1722 219 1780 253 671
1831 230 1883 256 An.
1905 231 2019 259 &1638

301 285 373 309 rum
398 274 478 308 serie
503 275 700 310 absolventes
728 281 757 309 et
778 275 957 309 absolutum
976 275 1042 309 sore
1059 291 1060 294 ¹
1284 277 1420 304 Urbanus
1441 277 1519 327 Pena
1538 277 1616 327 V1113

302 333 481 369 censentes,
502 329 784 373 supplicationibus
809 329 892 362 illius
916 318 1061 378 nomine:
1218 322 1253 348 ¹¹⁶¹
1274 321 1406 349 futuram
1425 329 1471 349 ¹⁶¹
1491 328 1670 349 mmmm·

301 381 392 414 nobis
409 392 505 426 super
525 382 585 416 hoc
598 382 761 415 humiliter
779 382 935 426 porrectis
955 382 1043 414 incli—
1121 383 1136 427 ξ
1160 383 1189 416 l.
1214 382 1301 423 Cum,
1326 383 1405 416 sicut
1431 383 1563 418 dilectus
1588 384 1671 417 tilius
1696 395 1815 428 procu·
1862 399 2002 425 Suppuratio.

301 434 381 477 nati,
402 434 562 468 decretum
589 435 820 480 praeinsertum
845 445 916 467 cum
943 435 1043 468 omni·
1078 441 1164 469 rator
1188 436 1343 479 generalis
1360 436 1486 470 Ordinis
1506 437 1638 470 fratrum
1663 437 1818 471 Minorum

300 487 358 520 bus
384 493 414 521 et
430 487 561 531 singulis
582 488 612 521 in
630 498 667 521 eo
685 487 849 528 contentis,
867 487 1042 531 apostolica
1078 489 1232 532 regularis
1246 489 1463 523 observantiae
1479 490 1577 523 sancti
1589 490 1747 524 Francisci
1768 501 1820 526 no-

301 541 496 583 aucloritate,
515 546 622 574 tenore
642 540 864 585 praesentium,
879 540 1043 573 confirma·
1058 529 1060 541 Ι
1077 541 1124 573 bis
1137 552 1238 585 nuper
1251 541 1363 585 exponi
1376 542 1681 587 secit‚quamplures,
1694 544 1820 578 abuten-

302 604 372 626 mus
398 599 427 627 et
451 593 688 637 approbamus,
716 593 823 637 illique
855 592 1043 625 inviolabilis
1059 585 1061 593 ’
1079 597 1122 627 les
1146 594 1254 626 babitu
1287 595 1418 627 fratrum
1449 596 1663 629 tertiariorum
1695 596 1820 631 Ordinis

301 646 492 691 apostolicae
516 646 675 679 firmitatis
699 646 798 679 robur
826 645 1042 686 adiicicimus‚
1057 631 1061 693 ¹,
1077 647 1217 680 eiusdem
1233 647 1513 689 sanctiFrancisci,
1526 649 1573 682 vel
1587 649 1761 694 simplicem
1776 655 1821 684 tu-

301 710 338 732 ac
351 709 460 732 omnes
473 704 503 732 et
527 699 668 742 singulos
681 704 744 732 tam
762 698 839 732 iuris
860 709 953 743 quam
971 698 1041 731 sacti
1059 703 1061 742 J
1077 700 1179 732 nicam
1199 700 1368 744 oblongam
1385 711 1456 734 cum
1471 703 1620 736 mantello
1634 704 1679 736 vel
1699 704 1766 737 sine
1783 715 1820 738 eo

301 753 468 793 desectus,
505 752 528 785 si
554 753 607 797 qui
640 752 776 797 desuper
806 751 1043 796 quomodolibet
1078 753 1199 797 absque
1223 754 1423 798 superiorum
1452 755 1632 799 praedictae
1656 757 1820 800 religionis

301 806 535 847 intervenerint,
560 806 753 850 supplemus.
1058 798 1061 842 l
1079 805 1205 838 licentia
1230 806 1381 847 deserant,
1398 807 1446 840 vel
1463 808 1557 841 etiam
1583 808 1628 842 eis
1649 810 1818 853 caputium,

345 859 361 904 ἓ
384 858 414 893 3.
440 859 649 893 Decernentes
678 859 755 892 illud
786 869 907 893 necnon
944 869 1039 903 prae·
1058 849 1061 925 ἰ
1078 863 1131 892 aut
1161 859 1283 892 tunicae
1308 859 1489 893 adiunctum
1516 868 1569 894 aut
1589 862 1648 906 ipsi
1671 863 1819 896 mantello

301 919 404 946 sentes
429 913 549 947 litteras
581 913 703 954 valida,
728 913 820 946 firma
850 919 880 946 et
905 913 1043 946 efficacia
1059 941 1061 959 ἱ
1078 917 1263 953 consutum,
1289 913 1522 957 superaddant,
1545 925 1717 960 eorumque
1741 927 1819 951 non-

300 966 434 1000 existere
463 973 492 999 et
527 967 614 1007 sore,
648 976 784 1010 suosque
820 966 978 1010 plenarios
1013 970 1043 998 et
1059 969 1061 978 ⁴
1077 966 1154 998 nulli
1173 971 1260 998 extra
1273 967 1408 1000 claustra
1424 968 1584 1011 degentes,
1602 975 1668 1002 tum
1690 970 1819 1004 scanda-

300 1020 441 1063 integros
465 1020 594 1054 effectus
619 1020 724 1054 sortiri
754 1025 783 1052 et
819 1019 982 1059 obtinere,
1007 1030 1043 1053 ac
1077 1019 1143 1052 lose
1160 1023 1190 1051 et
1211 1018 1422 1063 inopportune
1443 1021 1500 1053 sub
1514 1022 1618 1065 specie
1637 1024 1819 1067 peregrina-

299 1073 338 1106 ab
363 1074 509 1107 omnibus
533 1079 562 1107 et
586 1073 733 1117 singulis,
758 1073 796 1106 ad
821 1083 901 1117 quos
926 1079 1043 1116 spectat
1078 1071 1169 1105 tionis
1179 1077 1231 1105 aut
1244 1072 1374 1106 alterius
1384 1074 1570 1107 emendicati
1584 1081 1766 1119 praetextus
1778 1077 1820 1110 di-

299 1132 330 1160 et
358 1137 416 1171 pro
447 1132 589 1171 tempore
618 1126 794 1171 spectabit,
821 1119 1240 1170 inviolabiliter*vagentur,
1267 1132 1331 1160 tum
1351 1128 1444 1161 etiam
1457 1129 1578 1174 aliquas
1593 1131 1819 1172 ecclesias‚seu

299 1180 471 1220 observari,
491 1180 598 1224 sicque
615 1190 673 1223 per
689 1189 906 1223 quoscumque
925 1178 1043 1212 iudices
1058 1225 1060 1230 y
1077 1181 1247 1224 cappeHas,
1263 1181 1382 1214 adscito
1398 1182 1456 1215 sibi
1475 1183 1679 1218 eremitarum
1693 1185 1820 1219 nomine

299 1233 478 1267 ordinarios
499 1239 528 1266 et
553 1233 724 1276 delegatos,
750 1233 843 1266 etiam
876 1243 1041 1265 causarum
1058 1241 1061 1283 ζ
1078 1233 1224 1274 incolant,
1242 1234 1417 1278 exindeque
1436 1236 1571 1268 maxima
1596 1237 1679 1281 apud
1704 1239 1820 1272 secula-

299 1287 407 1331 palatii
421 1287 586 1331 apostolici
605 1287 776 1327 auditores,
795 1287 925 1319 iudicari
944 1292 974 1320 et
993 1286 1044 1319 de·
1059 1286 1061 1291 '
1077 1296 1127 1318 res
1152 1286 1289 1319 scandali
1316 1288 1444 1320 materia
1469 1294 1499 1321 et
1522 1299 1637 1332 pravae
1661 1291 1819 1334 opinionis

299 1340 383 1373 finiri
399 1340 526 1380 debere,
543 1350 578 1374 ac
597 1340 723 1373 irritum
741 1345 770 1373 et
787 1340 892 1380 inane,
909 1340 934 1373 si
952 1350 1042 1373 secus
1059 1335 1060 1341 ¹
1077 1350 1152 1383 erga
1184 1340 1376 1384 praedictam
1416 1343 1600 1385 religionem
1638 1344 1818 1387 ingeratur:
1848 1341 1860 1349 ⁵

300 1393 461 1437 superbis
485 1404 502 1426 a
526 1403 698 1438 quoquam,
719 1393 827 1437 quavis
847 1393 1042 1434 auctoritate,
1058 1393 1060 1450 l
1076 1394 1166 1427 nobis
1190 1400 1361 1438 propterea
1387 1395 1487 1429 dictus
1511 1403 1700 1446 procurator
1724 1409 1819 1441 gene-

299 1447 434 1480 scienter
458 1447 506 1480 vet
531 1446 731 1490 ignoranter,
756 1446 923 1490 contigerit
947 1447 1151 1480 atten-*ralis
1183 1448 1344 1481 humiliter
1376 1450 1547 1494 supplicari
1579 1451 1672 1492 fecit,
1704 1458 1738 1485 ut
1774 1458 1817 1486 tot

300 1499 367 1533 tari.
1058 1484 1060 1532 i
1077 1500 1286 1534 incommodis
1304 1507 1333 1534 et
1353 1503 1507 1535 scandalis
1533 1510 1746 1548 opportunum
1763 1506 1817 1538 ali-

342 1553 357 1595 ἓ
380 1552 410 1585 3.
436 1553 504 1586 Non
535 1553 732 1586 obstantibus
765 1552 1042 1586 constitutionibus
1058 1533 1060 1615 y
1076 1554 1160 1598 quod
1186 1555 1360 1588 remedium
1387 1555 1538 1590 adhihere
1564 1557 1602 1590 de
1626 1557 1818 1602 benignitate

298 1611 328 1638 et
358 1605 609 1639 ordinationibus
644 1606 846 1649 apostoticis,
876 1617 911 1639 ac
941 1606 1250 1651 dictae2ap0stolicz'1
1274 1607 1489 1651 dignaremur.

297 1659 569 1702 Congrcgationis,
595 1659 687 1692 etiam
713 1660 902 1699 iuramento,
928 1646 1060 1702 confir-f
1120 1661 1135 1704 ξ
1157 1661 1185 1693 ι1.
1203 1662 1266 1694 Nos
1285 1662 1392 1705 igitur,
1409 1663 1555 1696 cumdem
1577 1670 1817 1708 procuratorem

298 1712 434 1745 matione
457 1711 650 1756 apostolica,
676 1713 723 1745 vel
754 1713 865 1756 quavis
894 1712 1041 1746 firmitate
1056 1753 1057 1757 Ἰ
1075 1714 1255 1756 generalem
1277 1715 1467 1759 specialibus
1485 1717 1643 1750 favoribus
1663 1723 1693 1751 et
1710 1719 1818 1762 gratiis

297 1765 358 1798 alia
376 1765 543 1804 roboratis,
561 1766 683 1798 statutis
703 1771 733 1798 et
750 1766 1040 1808 consuetudinibus,
1056 1787 1057 1794 κ
1075 1768 1225 1811 prosequi
1242 1769 1391 1809 volentes,
1409 1774 1439 1802 et
1463 1780 1479 1802 a
1502 1770 1664 1814 quibusvis
1689 1782 1817 1806 excom-

299 1818 474 1862 ceterisque
498 1819 666 1852 contrariis
690 1819 950 1863 quibuscumque.
1055 1803 1314 1862 immutationis,
1339 1823 1554 1866 suspensionis
1587 1830 1617 1857 et
1641 1825 1817 1867 interdicti,

341 1871 453 1905 Datum
479 1872 607 1912 Romae,
631 1872 713 1916 apud
739 1872 768 1906 S.
790 1873 917 1906 Mariam
943 1874 1038 1907 Maio·
1055 1858 1057 1884 ³
1074 1874 1205 1918 aliisque
1230 1876 1450 1909 ecclesiasticis
1475 1877 1650 1919 sententiis,
1677 1881 1818 1913 censuris

298 1935 376 1965 rem,
401 1924 459 1957 sub
475 1925 591 1958 annulo
607 1924 784 1966 Piscatoris,
796 1925 846 1959 die
862 1890 1057 1970 viseptem-i
1074 1933 1103 1959 et
1126 1928 1252 1971 poenis,
1279 1939 1295 1961 a
1319 1929 1387 1962 iure
1413 1930 1459 1963 vel
1484 1930 1522 1963 ab
1547 1931 1685 1972 homine,
1709 1933 1817 1976 quavis

297 1977 364 2011 bris
384 1987 588 2018 uncxxxvm,
613 1988 695 2012 anno
712 1988 772 2011 xv1.
1073 1981 1238 2014 occasione
1263 1982 1310 2015 vel
1336 1984 1428 2015 causa
1450 1983 1528 2024 latis,
1558 1984 1582 2017 si
1603 1985 1718 2028 quibus
1741 1997 1817 2030 quo-

333 2040 394 2067 Dat.
411 2040 455 2068 die
471 2040 487 2067 6
501 2039 665 2075 septembris
683 2040 759 2074 1638,
774 2041 867 2077 pontis.
880 2049 952 2069 auno
967 2049 1020 2069 xvi.
1074 2033 1247 2066 modolibel
1271 2035 1437 2068 innodatus
1462 2037 1582 2077 existit,
1607 2038 1644 2070 ad
1669 2038 1814 2072 effectum

1073 2086 1285 2129 praesentium
1300 2087 1462 2121 dumtaxat
1476 2091 1743 2134 consequendum,
1761 2093 1814 2125 ha-

603 2165 715 2200 ΗΕΚΝ
1053 2149 1142 2184 ‚rum
1170 2139 1250 2172 serie
1275 2140 1471 2174 absolventes
1491 2147 1521 2175 et
1545 2143 1723 2177 absolutum
1748 2145 1814 2178 sore

653 2193 659 2199 ⁸
693 2191 700 2199 ⁴
721 2192 726 2198 ’
1054 2189 1056 2247 ᾗ
1073 2198 1245 2235 censentes,
1263 2193 1444 2228 huiusmodi
1470 2196 1754 2240 supplicationibus
1771 2198 1813 2231 in-

300 2245 421 2279 Contra
445 2244 618 2288 deserentes
639 2245 791 2279 habitum
818 2247 1036 2279 tertiariorum
1073 2246 1194 2286 clinati,

342 2298 431 2331 tertii
454 2298 588 2331 Ordinis
604 2299 710 2332 sancti
726 2298 898 2332 Francisci
922 2292 1055 2343 absque}
1117 2299 1132 2343 ἓ
1156 2299 1184 2332 2.
1212 2299 1363 2333 Omnibus
1387 2306 1415 2332 rt
1441 2301 1572 2344 singulis
1592 2303 1733 2337 locorum
1759 2305 1812 2339 Or-
1828 2344 1838 2355 Η
1853 2311 1936 2357 {¹‚·‚*¹¹¹¹³‚'
1952 2312 2011 2333 om·-

343 2351 477 2384 licentia
500 2353 706 2395 superiorum
733 2352 886 2393 Ordinis,
914 2353 962 2385 vel
986 2353 1038 2386 cle·
1072 2351 1218 2392 dinariis,
1243 2363 1277 2385 ac
1302 2354 1417 2386 nostris
1446 2359 1476 2387 et
1501 2355 1589 2388 Sedis
1614 2358 1811 2400 Apostolicae
1827 2346 1956 2388 hivvffv'riiss.
1984 2355 2010 2385 ἀὲ

341 2405 475 2447 serentes
501 2406 646 2438 lum'cam
670 2406 861 2449 oblonqam,
889 2416 960 2438 cum
991 2406 1038 2439 ecl
1073 2406 1204 2447 nunciis,
1222 2405 1322 2439 ubivis
1340 2412 1494 2440 terrarum
1521 2409 1696 2443 constitutis
1716 2417 1743 2444 et
1761 2397 1853 2444 de-iii'
1882 2444 1892 2455 ,,
1929 2399 2010 2465 *fyson

340 2458 410 2491 sine
433 2458 573 2501 caputio,
598 2468 671 2491 cum
696 2457 880 2491 mantello¹.
1053 2445 1239 2522 {gentili-as,
1275 2466 1382 2493 tenore
1418 2462 1629 2505 praesentium
1671 2450 1934 2499 d53t1.5010;·3.†¹‘5.·3³·¹
1953 2453 2011 2467 ⁰⁶⁰⁹

333 2538 344 2564 1
378 2536 428 2564 Pro
457 2537 628 2564 observantia
656 2538 739 2565 huius
765 2539 963 2566 constitutionis
995 2514 1294 2568 dieipfflefflpwndo
1327 2515 1532 2557 mandamus'
1565 2527 1603 2550 ne
1637 2517 1675 2551 de
1706 2525 1810 2553 emero

297 2587 368 2609 xxvu
393 2582 546 2609 novembris
571 2588 728 2609 mcxxxviii
755 2583 921 2618 provicarius
947 2584 1038 2619 Papae
1053 2572 1055 2622 Ξ
1071 2585 1199 2620 edictum,
1215 2585 1266 2612 sub
1283 2588 1368 2622 poena
1383 2588 1499 2616 carceris
1514 2592 1541 2616 et
1556 2589 1743 2626 expoliationis
1763 2590 1811 2619 ba-

296 2626 379 2654 trater
402 2626 533 2654 ⁸&ntonius
551 2627 698 2655 cardinalis
719 2626 883 2656 Barberinus
902 2629 1038 2664 expedivit
1053 2629 1055 2647 ¹¹
1072 2630 1142 2657 bitus
1158 2631 1184 2657 in
1200 2631 1433 2660 contrafacientes.
