2248 3229
196 171 244 200 An.
262 171 290 201 c.
310 171 376 202 1631
424 163 490 200 2Ξὸ

393 224 533 269 politano
549 233 611 258 non
625 233 693 258 esse
710 225 900 268 permissum
914 223 1040 257 visitare
1052 224 1134 257 dioe-

395 278 490 311 cesim
517 279 655 322 episcopi
681 278 882 320 suffraganei,
907 278 966 310 nisi
990 278 1028 310 ad
1046 288 1134 321 prae-

385 331 546 374 scriptum
580 342 645 373 cap.
672 340 704 362 111
718 329 738 369 ¹,
763 340 836 362 sess.
869 340 943 363 xxlv
968 330 1015 363 De
1038 332 1134 374 refor-

394 385 546 423 matione,
576 393 655 415 vers.
680 383 952 426 Metropolitanus
964 382 984 424 ²,
1013 388 1070 417 etc.

502 453 540 486 M.
560 452 749 493 Unannnws,

504 504 699 538 FRANfflscns
724 506 911 549 Pitumnus,
937 510 1132 543 secretarius.

438 576 521 609 Loco
544 578 567 616 -t-
592 575 700 619 Sigilli.

255 658 381 689 Hu⁷u³moat
439 647 453 689 ξ
474 646 502 679 ⁶2.
519 630 595 680 Cum
621 652 735 688 autem,
756 648 835 681 sicut
855 649 965 683 eadem
982 651 1134 695 expositio

195 685 380 743 fgo‘fss'fffi'jaoiissiil
396 700 622 744 subiungebat,
646 701 824 745 praedictus
849 703 1016 747 episcopus
1039 705 1135 748 pluri-

195 746 225 761 '¹’
241 743 292 764 ''⁸²'‘
307 739 380 761 ⁰⁰¹¹fis'
396 765 481 788 mum
508 755 619 798 cupiat,
646 755 877 799 praeinsertum
903 756 1065 791 decretum
1081 759 1135 792 hu-

195 771 255 788 ΜΠ.

395 806 541 848 iusmodi,
567 819 630 851 quo
657 809 780 842 firmius
809 809 955 843 subsistat
986 812 1135 845 exactius-

396 870 456 904 que
480 861 673 904 observetur,
700 862 888 906 apostolicae
912 869 1036 898 nostrae
1061 876 1152 899 con-¹

395 913 582 948 firmationis
606 915 720 949 robore
739 917 945 950 communiri:

440 967 494 1012 §3
504 969 575 1009 Nos,
590 969 734 1002 eumdem
749 970 932 1015 episcopum
949 973 1134 1016 specialibus

394 1020 554 1055 favoribus
586 1027 615 1055 et
640 1023 748 1065 gratiis
769 1025 918 1067 prosequi
939 1026 1087 1067 volentes,
1105 1032 1135 1060 et

395 1083 412 1106 a
425 1074 587 1118 quibusvis
600 1076 942 1119 excommunicationis,
961 1079 1135 1122 suspensio-

394 1128 442 1162 nis
460 1134 490 1161 et
503 1128 669 1170 interdicti,
682 1130 812 1174 aliisque
833 1131 1050 1165 ecclesiasticis
1069 1143 1135 1166 sen-

394 1181 508 1222 tentiis,
534 1182 675 1215 censuris
700 1187 729 1215 et
752 1183 872 1226 poenis,
895 1195 912 1216 a
932 1184 1000 1217 iure
1024 1186 1073 1217 vel
1096 1186 1134 1218 ab

395 1231 532 1275 homine,
549 1235 657 1278 quavis
676 1235 841 1269 occasione
868 1238 914 1269 vel
940 1239 1034 1270 causa
1054 1239 1133 1280 latis,

395 1286 421 1320 si
446 1287 559 1330 quibus
584 1289 821 1331 quomodolibet
838 1290 1004 1323 innodatus
1021 1291 1133 1335 existit,

396 1339 434 1373 ad
459 1340 603 1373 effectum
634 1343 845 1386 praesentium
877 1343 1037 1377 dumtaxat
1061 1355 1135 1378 con-

396 1394 612 1438 sequendum,
638 1396 751 1429 harum
776 1397 856 1430 serie
887 1398 1081 1432 absolventes
1106 1404 1135 1432 et

395 1446 573 1481 absolutum
588 1449 654 1482 sore
667 1455 837 1491 censentes,
855 1451 1135 1494 supplicationibus

396 1501 463 1536 eius
487 1503 614 1536 nomine
642 1504 732 1537 nobis
763 1514 859 1548 super
887 1505 947 1538 hoc
974 1506 1135 1539 humiliter

394 1557 548 1601 porrectis
566 1557 714 1599 inclinati,
728 1558 958 1601 praeinsertum
973 1559 1134 1593 decretum

395 1607 575 1643 huiusmodi
603 1612 774 1654 apostolica
799 1612 1001 1656 auctoritate,
1027 1618 1135 1646 tenore

394 1664 617 1708 praesentium,
632 1665 845 1708 approbamus
859 1669 888 1700 et
901 1666 1134 1708 confirmamus,

395 1717 503 1761 illique
538 1718 724 1751 inviolabilis
756 1719 945 1762 apostolicae
977 1720 1135 1752 firmitatis

395 1771 495 1804 robur
508 1771 682 1811 adnuimus,
696 1782 731 1804 ac
745 1782 853 1812 omnes
870 1777 900 1805 et
917 1772 1056 1815 singulos
1072 1778 1135 1806 tam

396 1822 475 1857 iuris
500 1834 593 1868 quam
618 1824 689 1857 sacti
714 1824 866 1866 desectus,
883 1825 908 1857 si
929 1826 981 1869 qui
1002 1826 1137 1870 desuper

397 1878 634 1922 quomodolibet
657 1878 895 1919 intervenerint,
921 1880 1113 1923 supplemus.

266 976 381 1001 cunni-mat

226 1002 302 1027 banus.

443 1931 459 1975 g
481 1931 511 1964 4.
536 1931 765 1975 Decretumque
789 1932 969 1966 huiusmodi
989 1944 1025 1967 ac
1046 1944 1155 1977 praev

226 1991 385 2016 Mandainmae
400 1990 502 2019 sentes
534 1986 653 2019 litteras
684 1986 804 2027 valida,
833 1986 924 2019 firma
949 1991 977 2021 et
1001 1988 1138 2021 efficacia

200 2021 301 2047 ’παύω
399 2039 533 2073 existere
557 2045 587 2072 et
611 2040 698 2080 sore,
732 2045 823 2083 atque
847 2040 885 2072 ab
910 2041 1076 2082 omnibus,
1100 2042 1139 2074 ad

399 2104 477 2138 quos
502 2099 619 2137 spectat
643 2099 672 2126 et
696 2093 726 2126 in
750 2094 890 2127 futurum
915 2095 1075 2139 spectabit,
1093 2095 1139 2128 in-

399 2148 586 2181 violabiliter
600 2148 771 2187 observari,
785 2148 891 2192 sicque
904 2159 960 2193 per
974 2160 1138 2192 quoscum-

399 2212 460 2247 que
483 2201 601 2234 iudices
619 2201 794 2235 ordinarios
812 2208 841 2235 et
857 2203 1027 2245 delegatos,
1045 2203 1137 2237 etiam

399 2265 563 2290 causarum
589 2256 694 2300 palatii
719 2256 883 2299 apostolici
907 2257 1075 2299 auditores,
1095 2258 1139 2291 iu-

399 2308 497 2343 dicari
522 2319 557 2342 ac
582 2309 704 2342 definiri
737 2309 870 2351 debere,
896 2309 1084 2354 irritumque
1109 2316 1138 2344 et

398 2363 501 2405 inane,
518 2364 542 2396 si
563 2374 652 2397 secus
669 2374 764 2407 snper
780 2363 828 2396 his
845 2374 861 2396 a
878 2375 1047 2408 quoquam,
1067 2375 1138 2408 qua-

399 2418 446 2451 vis
470 2418 674 2458 auctoritate,
700 2417 834 2451 scienter
859 2419 905 2450 vet
937 2418 1136 2462 ignoranter,

401 2471 567 2514 contigerit
590 2471 743 2513 attentari,
769 2471 977 2504 decernimus.

439 2543 448 2568 1
471 2541 597 2572 Eri-once.
614 2546 642 2568 ut
657 2546 730 2577 puto,
747 2541 789 2568 ed.
806 2542 890 2568 Μαίη.
907 2542 971 2578 legit
983 2542 1021 2570 52
1039 2543 1075 2578 (R.
1089 2543 1136 2577 Τ.).

437 2585 455 2613 2
470 2587 560 2615 Potius
574 2587 633 2622 tege
648 2588 670 2614 A
688 2587 919 2623 metropolitanis
935 2588 971 2623 (n.
984 2587 1032 2622 T.).

977 175 1156 201 BULLARIUM
1180 175 1334 201 ROMANUM

1920 179 1969 208 An.
1985 179 2013 208 C.
2033 180 2099 210 163¹

1210 223 1277 267 §5
1303 224 1455 263 Quocirca
1490 225 1722 261 venerabilibus
1755 227 1904 262 fratribus
1940 242 2104 270 Episcopisfflt-

1166 276 1341 310 Hildarensi
1358 282 1389 311 et
1404 278 1554 311 Fernensi
1568 279 1724 324 episcopis
1740 291 1798 325 per
1815 291 1905 325 prae·
1918 269 2104 320 ἓὲἱὲἲῗιῗοέἓὲἶ

1166 335 1268 363 sentes
1290 330 1516 364 committimus
1540 336 1570 364 et
1586 333 1781 376 mandamus,
1802 340 1905 379 quate·
1919 322 2104 374 ssf⁰s¹50¹¹1¹22t1⁸3333

1166 393 1224 416 nus
1247 383 1327 427 ipsi,
1357 384 1405 417 vel
1429 385 1507 418 alter
1531 395 1659 426 eorum,
1683 396 1740 430 per
1774 397 1827 428 se,
1856 388 1905 421 vel
1919 376 1963 397 ‘¹³¹'

1167 436 1285 477 alium,
1310 446 1365 469 seu
1389 437 1488 479 alios,
1518 443 1700 481 praesentes
1723 439 1842 473 litteras
1876 444 1906 474 et

1168 489 1199 522 in
1212 489 1256 522 eis
1277 493 1422 524 contenta
1433 501 1660 535 quaecumque,
1672 491 1727 524 ubi
1740 497 1770 525 et
1781 493 1905 536 quando

1168 553 1246 587 opus
1270 543 1364 576 suerit
1388 548 1419 576 et
1442 544 1563 588 quoties
1580 555 1639 589 pro
1655 548 1744 589 parte
1767 546 1906 590 episcopi

1168 596 1336 629 Laonensis
1360 596 1512 640 praedicti
1535 597 1651 630 suerint
1674 598 1837 642 requisiti,
1861 609 1907 632 so-

1168 649 1313 682 lemniter
1338 649 1543 693 publicantes,
1568 650 1674 694 illique
1698 651 1731 684 in
1754 652 1907 695 praemis-

1169 703 1211 736 sis
1229 703 1362 736 efficacis
1382 703 1570 737 defensionis
1589 704 1746 748 praesidio
1765 705 1907 739 assisten-

1169 761 1223 798 tes,
1238 756 1353 790 saeiant
1371 757 1556 790 auctoritate
1572 760 1679 790 nostra
1695 757 1802 792 eadem
1820 769 1906 802 prae-

1169 810 1263 843 niissa
1288 810 1509 844 inviolabiliter
1533 811 1703 845 observari.

1212 863 1269 907 §st
1283 864 1534 899 Contradictores
1550 864 1705 908 quoslibet
1717 870 1747 898 et
1762 865 1907 907 rebelles,
1932 877 2105 907 ,contrafacien-

1169 922 1198 950 et
1214 918 1394 961 praemissis
1411 928 1474 952 non
1490 924 1647 962 parentes,
1660 928 1717 962 per
1730 919 1907 961 sententias,
1922 904 1989 952 3335.
2025 910 2105 932 ΜΨ

1168 981 1315 1004 censuras
1340 976 1369 1004 et
1393 982 1509 1015 poenas
1531 972 1767 1013 ecclesiasticas,
1786 971 1908 1016 aliaque

1168 1029 1346 1068 opportuna
1371 1024 1448 1058 iuris
1469 1029 1498 1060 et
1517 1025 1589 1058 facti
1613 1025 1763 1066 remedia,
1777 1026 1908 1069 appella-

1167 1077 1251 1110 tione
1275 1078 1468 1122 postposita,
1494 1079 1739 1122 compescendo,
1764 1079 1908 1113 invocato

1168 1132 1261 1167 etiam
1282 1132 1320 1164 ad
1345 1133 1415 1173 hoc,
1433 1133 1459 1166 si
1483 1143 1564 1177 opus
1584 1133 1687 1174 suerit,
1708 1133 1822 1167 auxilio
1838 1133 1908 1166 bra-

1168 1178 1229 1217 chii
1253 1185 1412 1218 secularis.

1212 1238 1227 1280 g
1252 1238 1279 1270 7.
1306 1239 1374 1271 Non
1398 1238 1595 1272 obstantibus
1627 1239 1725 1273 felicis
1757 1239 1905 1273 recorda-

1169 1290 1262 1323 tionis
1287 1291 1435 1324 Bonisacii
1459 1292 1560 1336 Papae
1575 1292 1640 1325 VIII
1657 1292 1909 1336 praedecessoris

1168 1344 1267 1377 nostri
1285 1344 1323 1377 de
1342 1346 1416 1386 ana,
1430 1346 1504 1378 etin
1518 1346 1651 1379 concilio
1668 1347 1807 1389 generali
1825 1347 1907 1380 edita

1969 1250 2106 1272 obstantibus

1923 1277 2019 1304 derogat.

1151 1429 1153 1438 ,
1169 1397 1206 1430 de
1223 1398 1344 1431 duabus
1364 1398 1466 1440 dietis,
1483 1399 1654 1433 dummodo
1671 1400 1754 1432 ultra
1770 1405 1834 1433 tres
1847 1400 1908 1434 die-

1170 1456 1215 1484 tas
1232 1451 1344 1495 aliquis
1369 1453 1553 1486 auctoritate
1575 1453 1788 1497 praesentium
1804 1453 1847 1486 'ad
1863 1453 1909 1487 iu-

1169 1505 1285 1538 dicium
1308 1515 1373 1539 non
1390 1505 1541 1547 trahatur,
1559 1505 1691 1550 aliisque
1712 1507 1908 1541 constitutio-

1169 1559 1260 1592 nibus
1289 1564 1318 1592 et
1347 1559 1598 1593 ordinationibus
1633 1560 1829 1604 apostolicis,
1849 1554 1907 1602 ac,

1169 1616 1323 1656 quatenus
1342 1623 1422 1656 opus
1447 1613 1496 1655 sit,
1515 1612 1693 1656 praedictae
1708 1613 1908 1648 Cassellensis

1169 1669 1199 1699 et
1214 1665 1347 1698 aliarum
1371 1666 1586 1708 ecclesiarum,
1607 1666 1699 1699 etiarn
1720 1667 1907 1709 iuramento,

1170 1719 1408 1752 confirmatione
1433 1719 1620 1763 apostolica,
1649 1720 1696 1754 vel
1720 1721 1829 1764 quavis
1853 1721 1908 1754 fir-

1170 1772 1276 1806 mitate
1300 1772 1360 1805 alia
1384 1772 1560 1815 roboratis,
1579 1773 1701 1807 statutis
1725 1778 1755 1806 et
1779 1784 1909 1807 consue-

1170 1825 1338 1867 tudinibus,
1363 1825 1537 1869 privilegiis
1562 1836 1696 1869 quoque,
1726 1825 1854 1860 indultis
1880 1832 1910 1860 et

1153 1910 1155 1923 ἱ
1170 1878 1281 1912 litteris
1299 1878 1479 1922 apostolicis
1498 1878 1530 1911 in
1547 1879 1740 1912 contrarium
1760 1879 1910 1923 praemis-

1171 1942 1279 1965 sorum
1303 1932 1541 1976 quomodolibet
1565 1933 1731 1973 concessis,
1751 1934 1908 1977 approba-

1171 1985 1219 2026 tis,
1237 1986 1430 2019 confirmatis
1451 1992 1481 2019 et
1505 1986 1679 2030 innovatis;
1703 1987 1817 2030 quibus
1842 1997 1910 2020 om-

1171 2039 1313 2072 nibuset
1333 2039 1474 2082 singulis,
1493 2049 1603 2073 eorum
1623 2044 1756 2081 tenores,
1773 2050 1809 2073 ac
1826 2040 1851 2073 si
1871 2040 1910 2074 de

1172 2093 1267 2126 verbo
1291 2093 1331 2127 ad
1355 2093 1487 2126 verbum
1512 2092 1746 2134 insererentur,
1766 2103 1910 2137 praesen-

1172 2147 1255 2180 tibus
1279 2157 1337 2191 pro
1361 2147 1452 2190 plene
1481 2149 1510 2180 et
1536 2146 1726 2180 sufficienter
1753 2147 1909 2191 expressis

1171 2211 1206 2234 ac
1226 2200 1264 2233 ad
1282 2199 1412 2234 verbum
1430 2200 1555 2233 insertis
1579 2200 1739 2242 habentes,
1756 2201 1817 2235 illis
1834 2202 1909 2235 alias

1172 2255 1202 2287 in
1219 2265 1275 2288 suo
1295 2254 1409 2287 robore
1425 2254 1648 2298 permansuris,
1665 2255 1724 2288 hac
1741 2255 1807 2288 vice
1822 2255 1910 2289 dum-

1171 2313 1255 2342 taxat
1279 2307 1455 2352 specialiter
1479 2313 1509 2341 et
1532 2319 1678 2352 expresse
1702 2308 1908 2353 derogamus;

1172 2362 1346 2406 ceterisque
1370 2362 1536 2395 contrariis
1560 2362 1820 2407 quibuscumque.

1215 2416 1326 2448 Datum
1351 2416 1477 2456 Romae,
1502 2415 1584 2459 apud
1601 2416 1630 2449 S.
1655 2416 1784 2449 Mariam
1807 2415 1904 2450 Maio-

1172 2480 1248 2511 rem,
1267 2469 1324 2502 sub
1342 2470 1458 2502 annulo
1483 2469 1660 2509 Piscatoris,
1678 2468 1729 2502 die
1757 2478 1802 2502 vn
1830 2469 1907 2502 iunii

1172 2534 1324 2566 innexam,
1342 2523 1542 2567 pontificatus
1559 2523 1659 2557 nostri
1675 2533 1756 2556 anno
1773 2532 1839 2556 vm.

1207 2585 1265 2614 Dat.
1287 2586 1331 2615 die
1351 2587 1365 2614 7
1385 2586 1452 2614 iunii
1473 2586 1551 2622 163¹,
1572 2585 1667 2622 pontif.
1689 2593 1760 2614 anno
1780 2591 1836 2614 vin.
