2248 3229
212 205 262 231 An.
279 205 308 233 c.
332 206 394 234 teat
444 198 507 232 228

410 266 468 289 nus
485 257 509 289 si
527 257 630 300 aliqua
647 267 703 300 per
717 260 744 290 te
758 256 838 297 fieri,
856 257 949 289 statui
962 263 991 290 et
1008 258 1147 291 ordinari

411 309 595 353 contigerit,
620 320 699 353 quae
724 309 779 343 tibi
796 309 854 342 sub
878 311 1018 352 generali
1043 311 1148 345 huius-

410 363 494 396 modi
518 364 662 395 facultate
686 363 815 396 minime
845 364 1071 408 comprehendi
1102 365 1148 398 vi-

410 415 584 456 debuntur,
605 426 641 448 ea
660 426 726 458 nos,
743 422 838 460 prout
862 422 895 451 tu
920 418 958 453 ad
981 429 1038 452 nos
1063 423 1146 452 retu-

410 469 493 509 leris,
512 469 698 502 nominatim
719 471 824 504 omnia
844 471 1102 506 confirmabimus
1118 477 1148 506 et

234 562 238 565 ¹
262 533 393 555 Cardtnatem
410 522 663 565 approbabimus.

212 561 294 608 i‘u'iffssff
313 561 395 617 ἘΤῗὲἴῖἓ
454 575 469 617 ἓ
493 572 521 607 ⁵2.
548 575 713 609 Praeterea
738 577 784 619 (ut
808 577 838 609 in
863 577 956 611 huius
984 579 1029 612 tui
1058 579 1144 622 regi-

210 618 394 668 ῗῗῗῗμηῖοῗᾞῗ
410 627 502 660 minis
527 623 615 661 initio
640 639 716 672 erga
740 630 820 671 illos,
845 632 899 675 qui
923 642 956 664 se
981 632 1013 664 in
1037 642 1094 666 nos
1119 637 1149 665 et

211 667 284 689 ‘mm‘
409 681 613 723 apostolicam
627 682 738 716 Sedem
755 683 884 717 devotos
897 689 927 717 et
943 684 1051 718 fideles
1065 685 1149 718 exhi-

407 732 560 775 buerunt,
585 740 724 769 nostram
751 742 780 769 et
799 737 892 770 huius
912 738 999 771 Sedis
1020 739 1147 772 munifi-

408 787 541 820 centiam
566 790 666 832 magis
691 791 874 832 ostendere,
907 795 998 835 teque
1022 797 1146 836 gratum

408 845 437 873 et
459 841 661 885 benevolum,
688 848 722 876 ut
745 844 852 885 decet,
877 845 1009 879 reddere
1032 847 1147 890 possis)

406 893 584 928 facultatem
610 897 735 929 creandi
759 898 882 942 aliquos
904 899 999 932 laicos
1015 899 1146 941 nobiles,

406 956 506 992 usque
531 949 569 981 ad
594 959 762 983 numerum
782 951 972 994 quindecim,
990 952 1021 985 in
1040 953 1147 997 palatii

406 1005 436 1034 et
459 1001 548 1035 aulae
572 1003 788 1037 Laterauensis
813 1005 943 1038 comites
967 1011 997 1039 et
1020 1011 1147 1040 auratae

406 1054 535 1088 militiae
560 1057 679 1100 equites
703 1068 760 1101 per
784 1058 859 1092 alias
884 1062 1006 1093 nostras
1026 1059 1146 1093 litteras

407 1107 462 1141 tibi
477 1119 668 1151 concessam,
683 1121 781 1155 usque
795 1112 834 1144 ad
848 1123 1081 1158 quemcumque
1094 1124 1148 1146 nu-

408 1171 531 1195 merum
550 1163 606 1195 tibi
626 1163 823 1207 benevisum,
845 1166 1031 1199 auctoritate
1056 1173 1086 1200 et
1105 1172 1148 1201 te-

407 1224 484 1249 nore
500 1216 678 1259 praedictis⁷
694 1219 892 1252 extendimus
905 1224 936 1252 et
948 1219 1146 1264 ampliamus.

452 1269 467 1312 ξ
491 1268 520 1302 3.
546 1270 613 1303 Non
638 1270 833 1304 obstantibus
857 1272 1019 1315 quibusvis
1037 1275 1148 1307 consti-

407 1323 579 1356 tutionibus
611 1328 640 1358 et
669 1325 921 1359 ordinationibus
945 1327 1146 1371 apostolicis,

408 1376 583 1420 ceterisque
607 1379 772 1412 contrariis
797 1379 1058 1424 quibuscumque.

449 1429 562 1463 Datum
586 1431 722 1474 Romae,
748 1432 831 1475 apud
856 1432 884 1465 S.
911 1434 1040 1466 Mariam
1057 1433 1148 1467 Maio-

406 1492 490 1525 rem7
518 1483 576 1517 sub
605 1485 720 1518 annulo
746 1486 924 1528 Piscatoris,
947 1487 998 1520 die
1023 1497 1055 1521 xl
1071 1488 1148 1521 iunii

405 1545 557 1579 Mncxxxt,
573 1538 773 1582 pontificatus
796 1541 896 1574 nostri
913 1551 995 1575 anno
1016 1551 1081 1575 vni.

441 1599 499 1628 Dat.
522 1600 564 1628 die
586 1602 615 1628 tt
638 1602 703 1629 iunii
721 1603 799 1637 1631,
821 1604 917 1640 pontis.
936 1613 1006 1633 anno
1022 1611 1077 1632 vni.

209 1277 320 1301 Obstantia
330 1278 389 1300 tollit.

729 1719 824 1753 CDIV.

408 1788 618 1831 Confirmatio
630 1790 868 1824 nonnullorum
881 1791 1079 1826 decretorum
1091 1802 1150 1837 per

450 1851 574 1874 sacram
590 1844 870 1887 conqreyationem
884 1845 1106 1889 episcoporum
1120 1850 1149 1879 et

449 1895 657 1938 reqularium
669 1907 766 1940 super
777 1897 912 1931 diversis
925 1901 1148 1932 controversiis

450 1947 535 1981 inter
544 1950 808 1993 metropolitanos
819 1955 846 1984 et
854 1951 1077 1996 suffrayaneos
1086 1952 1148 1986 edi-

454 2004 552 2034 torum
563 2002 582 2035 ¹.
1121 2009 1124 2011 ’

612 2074 748 2102 Urbanus
768 2075 847 2109 Papa
867 2076 944 2110 VIII,

551 2118 587 2145 ad
607 2118 740 2146 futuram
759 2121 803 2148 rei
823 2121 1003 2149 memoriam.

255 2184 346 2209 Decreta
361 2191 393 2207 sa·
454 2179 468 2222 g
486 2179 515 2212 ¹1.
533 2180 639 2223 Nuper
658 2192 715 2225 pro
732 2188 820 2226 parte
839 2184 1025 2217 venerabilis
1042 2184 1147 2217 fratris

209 2214 394 2277 ἷῇῗιῗῑεῦέἱῖἶξῖἕῖἷῖἶ
410 2232 549 2277 episcopi
571 2234 761 2277 Urg'ellensis
777 2236 869 2270 nobis
887 2238 1062 2281 expositum
1079 2238 1147 2279 suit,

209 2270 300 2316 1:225*
312 2269 394 2294 ΜΨ
410 2287 494 2331 quod
527 2298 543 2320 a
579 2289 809 2323 venerabilibus
847 2291 996 2325 fratribus
1032 2292 1147 2326 nostris

410 2346 534 2374 sanctae
559 2342 718 2376 Romanae
742 2343 899 2377 Ecclesiae
924 2345 1146 2388 cardinalibus

409 2395 550 2437 negociis
574 2396 797 2440 episcoporum
814 2399 1012 2441 praepositis,
1027 2409 1149 2432 emana-

410 2452 482 2481 runt
518 2458 613 2491 super
648 2449 779 2483 diversis
810 2452 1034 2485 controversiis
1068 2452 1149 2485 inter

410 2502 668 2544 metropolitanos
684 2508 713 2535 et
731 2503 946 2546 suffraganeos
964 2505 1090 2538 decreta
1108 2505 1150 2538 in—

409 2552 583 2597 frascripta,
609 2556 770 2590 videlicet:

447 2618 459 2644 1
477 2616 515 2644 Ex
529 2616 637 2653 Regest.
653 2619 680 2646 in
700 2620 800 2649 Secret.
818 2620 952 2650 Brevium.

1000 211 1179 235 BULLARIUM
1201 211 1357 236 ROMANUM

1225 259 1475 303 Metropolitani,
1502 260 1746 307 archiepiscopi,
1770 262 1920 307 primates

1181 317 1234 345 aut
1257 312 1453 356 patriarchae
1478 314 1509 346 in
1534 313 1748 358 suffraganeos
1771 326 1919 350 eorumve

1182 366 1324 400 subditos
1348 377 1412 400 non
1435 367 1594 409 iudicent,
1617 368 1678 402 nisi
1702 369 1734 402 in
1756 369 1879 403 casibus
1903 380 1918 402 a

1181 419 1249 453 iure
1274 420 1446 464 expressis:

1226 473 1323 506 lidcm
1337 473 1356 514 ¹,
1376 484 1434 507 nec
1458 474 1510 507 alii
1527 475 1718 519 superiores,
1735 476 1829 509 etiam
1842 486 1920 511 nun-

1182 526 1221 559 cii
1242 527 1290 560 vel
1314 527 1408 570 legati
1425 527 1463 560 de
1484 528 1581 561 latere
1597 528 1776 573 specificam
1795 530 1920 564 faculta-

1182 584 1244 613 tem
1265 580 1419 613 maiorem
1436 591 1499 614 non
1518 577 1678 623 habentes,
1696 592 1805 616 causas
1822 583 1854 616 in
1871 594 1921 617 cu-

1182 633 1237 665 riis
1252 633 1492 667 Ordinariorum
1510 634 1558 667 vel
1576 635 1709 668 aliorum
1734 635 1918 670 inferiorum

1182 686 1321 720 iudicum
1344 688 1514 732 pendentes
1538 689 1577 722 ad
1606 700 1638 723 se
1666 700 1729 723 non
1748 689 1919 732 advocent,

1181 740 1239 773 nisi
1267 751 1324 784 per
1353 741 1433 774 viam
1456 741 1617 784 legitimae
1641 743 1857 787 appellationis
1881 743 1919 776 ad

1182 793 1322 838 ipsorum
1336 794 1505 827 tribunalia
1522 795 1713 837 deferantur,
1727 801 1857 840 tumque
1869 807 1921 840 ap-

1182 847 1365 890 pellationes
1385 848 1424 880 ab
1445 847 1629 882 inferiorum
1652 849 1920 883 iurisdictionibus

1182 900 1285 944 quoad
1309 901 1384 934 alias
1404 911 1515 935 causas
1534 901 1671 935 eximere
1696 912 1759 936 non
1783 902 1919 946 possint:

1225 953 1460 997 Appellationes
1469 965 1641 999 numquam
1650 955 1851 1000 recipiantur,
1861 955 1919 989 nisi

1181 1018 1239 1051 per
1251 1008 1377 1051 publica
1390 1009 1587 1049 documenta,
1604 1019 1684 1053 quae
1697 1009 1825 1043 realiter
1838 1010 1921 1043 exhi-

1180 1054 1324 1102 beantur,
1345 1061 1434 1105 prius
1454 1062 1630 1096 constiterit
1645 1063 1887 1106 appellationem
1904 1074 1920 1096 a

1181 1115 1334 1148 sententia
1359 1115 1529 1158 definitiva,
1555 1117 1603 1150 vel
1626 1116 1760 1150 habente
1784 1117 1846 1150 vim
1866 1118 1921 1151 de-

1180 1166 1329 1209 finitivae,
1355 1173 1408 1202 aut
1431 1179 1448 1202 a
1472 1169 1654 1212 gravamine
1678 1170 1762 1214 quod
1785 1181 1842 1214 per
1866 1170 1920 1204 de-

1181 1219 1333 1253 finitivam
1358 1222 1544 1256 sententiam
1568 1224 1710 1267 reparari
1731 1234 1795 1257 non
1810 1224 1920 1267 possit,

1182 1273 1213 1305 in
1239 1274 1362 1308 casibus
1387 1286 1405 1308 a
1429 1277 1497 1309 lure
1521 1286 1585 1310 non
1609 1276 1778 1321 prohibitis
1802 1288 1859 1321 per
1880 1277 1922 1310 le-

1182 1327 1323 1370 gitimam
1346 1339 1516 1373 personam
1547 1335 1577 1363 et
1605 1330 1688 1363 intra
1715 1330 1819 1364 debita
1842 1336 1921 1365 tem-

1181 1391 1259 1425 pora
1278 1382 1375 1415 fuisse
1391 1383 1610 1427 interpositam
1627 1394 1663 1417 ac
1680 1389 1921 1428 prosequutam;

1226 1435 1299 1477 Nec,
1315 1435 1391 1468 dum
1411 1427 1523 1469 causae
1540 1447 1647 1470 coram
1664 1436 1865 1470 inferioribus
1880 1438 1922 1471 iu-

1182 1487 1305 1522 dicibus
1328 1490 1475 1533 pendent,
1496 1495 1567 1524 ante
1587 1490 1778 1524 definitivam
1802 1492 1923 1525 senten-

1183 1542 1279 1583 tiam,
1304 1544 1352 1576 vel
1377 1543 1440 1576 vim
1464 1543 1642 1577 definitivae
1671 1544 1860 1586 habentem,
1885 1544 1922 1578 de

1183 1595 1365 1638 gravamine
1400 1596 1486 1630 illato
1517 1597 1697 1641 superiores
1729 1608 1922 1641 cognoscere

1184 1649 1326 1691 valeant,
1354 1649 1428 1683 licet
1451 1650 1529 1684 citra
1553 1650 1784 1694 praeiudicium
1809 1662 1919 1685 cursus

1184 1713 1350 1736 causarum
1375 1713 1408 1736 se
1431 1703 1463 1736 id
1486 1703 1589 1737 facere
1614 1708 1845 1746 contestentur;
1863 1715 1922 1739 nec

1183 1755 1221 1789 ad
1240 1756 1324 1790 hunc
1348 1756 1496 1790 effectum
1518 1757 1612 1791 liceat
1635 1758 1679 1791 eis
1702 1757 1845 1792 inhibere
1870 1764 1923 1792 aut

1183 1810 1370 1854 simpliciter
1394 1811 1555 1852 mandare,
1579 1816 1613 1845 ut
1637 1811 1714 1856 ipsis
1737 1812 1827 1856 copia
1853 1823 1923 1857 pro—

1183 1873 1288 1897 cessus
1313 1865 1561 1907 transmittatur,
1586 1865 1679 1898 etiam
1704 1866 1848 1910 expensis
1870 1876 1923 1910 ap-

1182 1917 1343 1961 pellantis:

1226 1971 1433 2006 Inhibitiones
1457 1973 1539 2017 'post
1569 1972 1812 2017 appellationem
1842 1973 1922 2006 sicut

1181 2025 1394 2068 praemittitur
1422 2032 1584 2070 receptam
1607 2036 1671 2059 non
1698 2026 1921 2067 concedantur,

1182 2078 1241 2111 nisi
1266 2089 1338 2112 cum
1368 2077 1573 2123 inscriptione
1604 2079 1722 2113 tenoris
1750 2079 1922 2113 sententiae

1181 2135 1235 2163 aut
1265 2131 1383 2165 decreti
1414 2131 1565 2165 definitivi
1593 2137 1645 2165 aut
1677 2133 1738 2165 vim
1771 2127 1921 2165 definitivi

1182 2183 1335 2225 habentis,
1352 2185 1401 2217 vel
1417 2184 1564 2218 damnum
1589 2196 1645 2229 per
1669 2184 1862 2219 definitivam
1877 2185 1922 2218 ir-

1181 2238 1357 2281 reparabile
1383 2238 1587 2279 continentis;
1613 2239 1688 2272 alias
1719 2238 1922 2272 inhibitiones

1181 2296 1211 2323 et
1230 2302 1398 2335 processus
1415 2296 1445 2324 et
1462 2292 1533 2325 inde
1552 2298 1682 2336 sequuta
1703 2302 1922 2337 quaecumque

1182 2343 1243 2377 sint
1267 2345 1335 2388 ipso
1360 2345 1429 2379 iure
1454 2346 1548 2388 nulla7
1574 2346 1683 2390 eisque
1708 2346 1836 2390 impune
1859 2355 1922 2380 non

1181 2407 1294 2442 parere
1317 2399 1418 2432 liceat.

1225 2450 1255 2483 Si
1281 2452 1442 2495 appellans
1467 2458 1585 2486 asserat
1610 2453 1780 2487 sententiae
1798 2457 1850 2486 aut
1870 2462 1921 2497 ap-

1181 2503 1357 2547 pellationis
1371 2506 1562 2550 exemplum,
1575 2506 1667 2550 culpa
1683 2505 1795 2539 iudicis
1811 2515 1828 2538 a
1846 2514 1920 2550 quo,

1183 2558 1230 2591 vel
1254 2560 1396 2600 actuarii,
1421 2560 1538 2593 habere
1562 2570 1626 2599 non
1672 2569 1750 2602 sse,
1767 2569 1828 2594 non
1850 2559 1920 2593 ideo

1164 2604 1168 2654 Ι
1219 2621 1318 2650 tMate
1333 2622 1396 2651 edit.
1418 2622 1496 2652 nain.
1514 2622 1579 2659 legit
1593 2610 1626 2651 [ἀ
1686 2619 1791 2659 (mm).

1935 213 1983 242 An.
1999 213 2029 243 C.
2051 213 2115 243 1631
