2248 3229
255 216 306 243 An.
328 215 443 244 &1634
489 206 553 241 39⁶2

295 1822 354 1846 Quod
371 1823 440 1843 exten-

256 1850 286 1869 dit
294 1849 322 1869 ad
328 1849 382 1870 alias
389 1849 441 1869 duas

255 1875 408 1897 hebdomadas.

453 264 529 298 stiae
540 268 775 297 sacramentum
787 267 968 295 reverenter
978 261 1194 305 sumpsissent,

451 322 481 350 et
506 317 718 359 eleemosynas
744 315 783 347 ad
796 314 930 354 libitum,
945 319 1040 357 prout
1058 314 1195 347 charitas

451 370 582 412 singulis
618 367 848 410 suggessisset,
885 367 1029 401 fecissent
1042 378 1050 407 ;
1082 367 1195 401 ceteris

451 433 525 455 vero
551 421 697 455 omnibus
722 426 752 454 et
777 421 910 464 singulis
937 420 1083 454 fidelibus
1108 425 1195 454 extra

452 476 568 509 Urbem
593 474 809 516 existentibus,
836 474 867 506 in
892 474 1054 517 quibusvis
1067 474 1196 507 civitati—

449 529 524 569 bus,
549 527 642 561 terris
672 533 702 561 et
726 528 821 568 locis,
851 527 905 571 qui
935 527 1132 571 processioni
1156 527 1194 560 ab

450 581 624 616 Ordinariis
640 582 784 615 locorum
799 581 845 614 vel
860 591 970 614 eorum
999 581 1122 614 vicariis
1140 591 1195 614 seu

450 634 635 669 officialibus
660 635 707 667 vel
740 634 778 667 de
813 644 924 667 eorum
956 634 1123 675 mandato,
1148 639 1194 675 et,

449 689 525 732 ipsis
550 688 778 728 deficientibus,
795 698 852 732 per
880 698 933 721 eos
955 688 1008 732 qui
1025 687 1068 720 ibi
1086 698 1193 721 curam

450 741 627 774 animarum
652 746 819 782 exercent,
850 741 953 785 prima
976 741 1025 773 vel
1057 740 1194 774 secunda

450 794 648 828 hebdomada
668 799 835 838 postquam
855 794 893 827 ad
911 804 1021 828 eorum
1050 793 1194 828 notitiam

450 848 608 892 praefatae
632 854 758 882 nostrae
779 848 902 882 litterae
926 847 1123 881 devenissent
1150 847 1195 880 in-

451 901 601 934 dicendae
626 907 655 934 et
679 901 819 944 agendae
843 900 1070 942 interfuissent,
1088 900 1135 933 vel
1150 910 1196 934 ec-

452 953 579 987 clesiam
605 964 660 986 seu
685 953 833 987 ecclesias
865 964 922 998 per
955 953 1082 987 eosdem
1107 953 1193 986 desi-

452 1007 591 1051 gnandas
616 1007 726 1040 saltem
750 1007 847 1040 semel
872 1007 1059 1049 visitassent,
1079 1007 1196 1051 ibique,

453 1066 486 1096 ut
504 1072 609 1106 supra,
623 1061 722 1095 Deum
736 1061 920 1103 oravissent,
934 1071 970 1095 ac
983 1061 1060 1094 seria
1073 1062 1196 1105 quarta,

452 1117 538 1149 sexta
555 1120 586 1148 et
602 1115 731 1148 sabbato
748 1113 894 1148 alterius¹
920 1125 956 1148 ex
978 1114 1101 1148 duabus
1123 1114 1197 1148 heb-

452 1168 594 1203 domadis
607 1168 645 1202 ab
659 1168 778 1202 eisdem
792 1168 979 1212 deputandis
996 1168 1196 1209 ieiunassent,

451 1222 633 1267 pariterque
657 1226 785 1265 peccata
817 1232 873 1255 sua
906 1221 1040 1255 confessi
1064 1232 1101 1255 ac
1125 1232 1195 1255 san-

453 1275 592 1309 ctissima
617 1275 840 1309 communione
864 1275 974 1308 refecti
998 1275 1139 1317 fuissent,
1167 1280 1197 1309 et

453 1331 670 1375 eleemosynas
694 1329 839 1362 similiter
869 1329 1000 1363 arbitrio
1025 1339 1082 1363 suo
1106 1329 1197 1363 fecis-

452 1388 544 1424 sent3
572 1383 787 1428 plenissimam
819 1383 961 1416 omnium
993 1388 1197 1426 peccatorum

454 1447 585 1471 suorum
610 1436 837 1480 indulgentiam
863 1441 892 1469 et
920 1435 1141 1469 remissionem
1166 1435 1198 1468 in

455 1492 558 1524 forma
595 1490 722 1524 iubilaei
758 1490 972 1524 concessimus
1007 1494 1037 1523 et
1075 1489 1198 1532 elargiti

456 1554 575 1586 sumus,
601 1554 673 1578 cum
697 1544 896 1578 facultatibus
921 1543 1056 1587 eligendi
1082 1543 1199 1576 conses-

456 1598 596 1639 sarium,
628 1597 760 1642 aliisque
792 1597 1011 1639 facultatibus,
1043 1601 1138 1641 prout
1167 1597 1199 1630 in

455 1652 546 1687 dictis
562 1651 694 1692 litteris,
720 1662 854 1695 quarum
880 1656 1005 1685 tenores
1028 1651 1200 1695 praesenti—

454 1707 514 1740 bus
538 1716 597 1750 pro
622 1706 780 1750 expressis
804 1705 921 1738 habere
946 1705 1101 1746 volumus,
1126 1704 1199 1748 ple-

457 1760 527 1793 nius
552 1758 739 1793 continetur.

502 1812 517 1856 g
541 1811 570 1845 2.
596 1812 635 1845 Ut
658 1816 764 1844 autem
789 1811 933 1851 illorum,
954 1810 1017 1854 qui,
1044 1810 1137 1845 certis
1162 1820 1198 1844 ex

458 1865 559 1899 causis
568 1865 755 1909 praepediti,
766 1875 820 1897 seu
833 1864 918 1905 alias,
932 1864 1103 1908 participes
1118 1864 1199 1897 infra

457 1923 580 1962 tempus
601 1917 632 1950 in
650 1917 740 1951 dictis
756 1917 868 1950 litteris
884 1917 1057 1961 praefixum
1082 1917 1200 1961 pretio-

458 1972 574 2006 sissimi
598 1971 692 2004 huius
710 1971 848 2005 thesauri
865 1971 934 2004 fieri
951 1981 1014 2004 non
1028 1971 1199 2014 potuerint,

457 2025 610 2070 spirituali
625 2024 831 2058 consolationi
850 2024 1091 2068 animarumque
1110 2025 1201 2058 saluti

457 2079 667 2119 consulamus,
686 2076 883 2122 plenissime⁹
900 2078 931 2110 in
950 2078 1052 2111 forma
1072 2078 1199 2111 iubilaei

457 2132 670 2176 indulgentiae
694 2131 876 2165 huiusmodi
901 2142 1026 2173 munus,
1047 2142 1119 2165 cum
1137 2142 1201 2165 om-

457 2186 550 2220 nibus
583 2191 612 2219 et
643 2185 774 2229 singulis
798 2185 1017 2226 facultatibus,
1050 2185 1201 2226 indultis,

458 2239 592 2274 decretis
616 2243 646 2273 et
670 2239 779 2283 gratiis
800 2239 831 2272 in
855 2239 1002 2283 praefatis
1019 2239 1131 2273 litteris
1148 2249 1201 2272 no-

459 2294 532 2327 stris
556 2293 728 2334 contentis,
753 2293 792 2326 ad
816 2293 893 2326 duas
916 2298 987 2337 post
1011 2292 1201 2327 dominicam

460 2349 492 2382 in
504 2347 590 2382 Albis
604 2347 784 2381 immediate
796 2352 962 2391 sequentes
976 2346 1201 2387 hebdomadas,

461 2401 563 2446 quoad
588 2400 807 2434 christifideles
833 2401 865 2433 in
888 2401 971 2433 alma
993 2401 1077 2435 Urbe
1093 2402 1202 2434 nostra

461 2455 640 2500 praedicta,
661 2465 724 2498 quo
744 2464 819 2488 vero
844 2454 882 2487 ad
906 2454 985 2488 alios
1010 2459 1096 2488 extra
1119 2464 1203 2487 eam-

462 2509 533 2542 dem
558 2508 677 2542 Urbem
701 2508 803 2542 ubivis
823 2508 966 2542 locorum
995 2513 1026 2542 et
1045 2513 1202 2542 terrarum

500 2581 510 2607 1
529 2580 629 2607 Forsan
644 2579 789 2615 legendum
805 2580 976 2608 alterutrius
995 2579 1033 2615 (R.
1051 2578 1101 2615 12).

497 2624 514 2651 2
529 2624 600 2653 Edit.
618 2625 738 2654 Cherub.
755 2625 838 2654 habet
849 2625 1020 2661 plenissime
1035 2625 1072 2661 (n.
1089 2625 1135 2660 1.).

1025 214 1206 238 BULLARIUM
1229 214 1385 240 ROMANUM

1227 266 1262 294 ut
1284 262 1460 305 praefertur
1484 262 1644 307 degentes,
1663 275 1681 297 a
1696 263 1758 298 fine
1782 264 1903 309 primae
1920 265 1967 298 vel

1228 314 1383 348 secundae
1406 314 1623 350 hebdomadae
1650 317 1682 350 in
1713 318 1831 352 eisdem
1855 318 1968 352 litteris

1228 377 1395 411 expressae
1419 368 1653 412 computandas,
1678 370 1716 403 de
1745 371 1967 415 omnipotentis

1227 420 1281 453 Dei
1315 420 1532 454 misericordia
1563 432 1600 456 ac
1630 422 1795 456 beatorum
1826 424 1910 466 Petri
1938 430 1968 458 et

1228 473 1316 507 Pauli
1331 475 1547 518 apostolorum
1561 475 1628 509 eius
1645 476 1832 510 auctoritate
1848 477 1954 511 contis
1948 490 1967 518 1,

1228 528 1400 571 apostoliea
1414 528 1608 570 auctoritate,
1622 534 1731 563 tenore
1745 531 1968 574 praesentium

1229 580 1424 614 extendimus
1441 586 1472 614 et
1487 592 1714 625 prorogamus3
1739 582 1781 615 ita
1796 587 1831 616 ut
1850 583 1969 616 christi-

1229 632 1338 666 fideles
1362 634 1511 678 praefati,
1543 635 1597 679 qui
1629 640 1772 680 tempore
1795 636 1827 668 in
1851 635 1968 669 eisdem

1229 685 1341 720 litteris
1354 686 1494 731 praefixo
1508 687 1672 721 caelestem
1688 688 1902 732 indulgentiae
1917 689 1970 722 hu

1229 739 1366 773 iusmodi
1400 740 1584 774 thesaurum
1616 751 1680 774 non
1712 741 1830 775 fuerint
1860 751 1969 775 conse-

1230 793 1330 837 quuti,
1343 793 1368 827 si
1382 793 1503 827 duabus
1522 794 1729 828 hebdomadis
1748 806 1805 839 per
1828 806 1971 839 praesen-

1230 853 1276 881 tes
1299 848 1480 892 prorogatis
1508 848 1694 883 durantibus
1708 876 1715 889 ,
1744 849 1792 882 vel
1816 849 1849 882 in
1872 850 1970 883 alteia

1230 911 1352 942 earum,
1377 901 1521 935 similiter
1545 912 1605 945 pro
1629 901 1701 935 fidei
1727 902 1899 936 catholicae
1919 903 1972 936 de-

1229 954 1381 995 fensione,
1394 950 1582 999 praesertim
1597 954 1628 987 in
1640 954 1808 988 Germania
1824 965 1860 989 ac
1876 955 1970 989 etiam

1230 1007 1262 1040 in
1286 1018 1385 1051 regno
1409 1007 1567 1049 Poloniae‚
1592 1008 1724 1052 aliisque
1747 1008 1918 1052 provinciis
1942 1014 1972 1043 et

1230 1061 1336 1105 regnis
1361 1061 1535 1094 infidelium
1565 1065 1596 1096 et
1623 1061 1857 1096 haereticorum
1881 1062 1972 1097 ditio-

1230 1114 1324 1148 nibus
1337 1114 1489 1156 finitimis,
1504 1115 1736 1160 haeresumque
1755 1116 1971 1161 extirpatione,

1231 1178 1266 1202 ac
1279 1168 1527 1202 christianorum
1539 1169 1721 1214 principum
1735 1170 1905 1204 concordia
1921 1170 1972 1204 de-

1230 1227 1302 1255 vote
1324 1227 1359 1255 ut
1383 1232 1479 1266 supra
1503 1223 1683 1264 oraverint,
1714 1223 1836 1267 aliaque
1865 1223 1971 1257 omnia

1231 1280 1262 1308 et
1285 1275 1410 1319 singula
1433 1275 1466 1308 in
1490 1275 1581 1309 dictis
1604 1276 1717 1310 litteris
1743 1277 1972 1321 comprehensa

1231 1327 1481 1372 adimpleverint,
1505 1328 1648 1361 eamdem
1661 1328 1890 1371 indulgentiam
1903 1339 1973 1363 con-

1232 1381 1321 1426 sequi
1345 1382 1477 1424 valeant,
1502 1382 1534 1415 in
1559 1382 1705 1415 omnibus
1729 1387 1759 1415 et
1782 1393 1841 1427 per
1857 1382 1973 1423 omnia,

1231 1435 1364 1480 perinde
1387 1445 1423 1469 ac
1448 1435 1473 1468 si
1497 1435 1621 1469 litterae
1639 1440 1767 1469 nostrae
1791 1436 1973 1470 huiusmodi

1232 1489 1326 1522 etiam
1351 1489 1428 1522 duas
1458 1488 1674 1522 hebdomadas
1705 1500 1762 1534 per
1793 1495 1974 1534 praesentes

1232 1547 1421 1587 prorogatas
1446 1541 1762 1586 comprehenderent.

1277 1595 1334 1640 53.
1344 1596 1388 1629 Ac
1400 1600 1574 1640 praeterea,
1587 1595 1756 1639 benignius
1769 1606 1842 1630 cum
1856 1595 1973 1630 eisdem

1233 1648 1475 1682 chistifidelibus
1499 1653 1638 1692 agentes,
1662 1649 1864 1683 concedimus
1880 1655 1910 1683 et
1931 1650 1976 1683 in-

1233 1702 1417 1746 dulgemus,
1435 1696 1486 1743 ut,
1503 1702 1694 1746 quicumque
1719 1702 1751 1735 in
1774 1708 1918 1747 tempore
1942 1703 1975 1736 in

1233 1756 1349 1790 nostris
1368 1756 1481 1790 litteris
1505 1756 1673 1800 praedictis
1689 1756 1846 1800 praefixo,
1871 1757 1976 1801 aliqua

1234 1810 1265 1843 in
1289 1810 1349 1843 illis
1365 1809 1559 1854 praescripta
1574 1810 1613 1843 ad
1628 1810 1855 1853 indulgentiam
1872 1811 1977 1844 huius-

1234 1862 1319 1897 modi
1340 1862 1592 1907 consequendam
1613 1863 1745 1906 egerint,
1763 1863 1885 1908 aliaque
1901 1875 1977 1898 vero

1234 1916 1414 1956 omiserint,
1439 1916 1464 1948 si
1488 1916 1566 1949 haec
1578 1915 1611 1948 in
1628 1916 1750 1950 duabus
1770 1917 1977 1951 hebdomadis

1234 1980 1291 2013 per
1314 1973 1495 2014 praesentes
1522 1969 1704 2013 prorogatis
1725 1969 1912 2004 durantibus
1928 1971 1996 2004 vel

1235 2023 1339 2067 aliqua
1356 2033 1465 2056 earum
1481 2023 1731 2067 adimpleverint,
1749 2024 1977 2067 indulgentiam

1235 2077 1428 2122 praedictam
1452 2076 1658 2111 nihilominus
1679 2083 1923 2122 consequantur,
1941 2090 1977 2112 ac

1235 2131 1344 2175 gratiis
1357 2131 1539 2165 huiusmodi
1552 2131 1708 2175 fruantur,
1719 2132 1800 2166 sicut
1809 2143 1979 2178 conseque-

1236 2190 1345 2219 rentur
1365 2190 1395 2218 et
1411 2185 1603 2227 fruerentur,
1619 2186 1644 2219 si
1663 2186 1768 2220 omnia
1792 2186 1883 2220 dictis
1906 2187 1978 2220 dua-

1235 2238 1293 2272 bus
1305 2238 1511 2272 hebdomadis
1528 2249 1585 2283 per
1598 2245 1780 2283 praesentes
1797 2240 1978 2283 prorogatis

1236 2291 1422 2325 durantibus
1439 2297 1492 2325 aut
1517 2302 1625 2326 earum
1652 2293 1750 2326 altera
1770 2298 1977 2338 praestarent.

1280 2346 1295 2389 §
1318 2345 1348 2378 4.
1374 2346 1442 2380 Non
1467 2345 1663 2381 obstantibus
1682 2346 1754 2388 illis,
1775 2357 1856 2391 quae
1875 2347 1907 2380 in
1926 2347 1975 2381 di-

1236 2399 1293 2434 ctis
1317 2400 1430 2434 litteris
1454 2400 1612 2434 voluimus
1635 2411 1700 2435 non
1724 2401 1866 2445 obstare,
1895 2406 1978 2436 cete·

1236 2454 1343 2499 risque
1367 2454 1533 2490 contrariis
1557 2454 1818 2501 quibuscumque.

1273 2536 1284 2562 1
1302 2535 1427 2572 Quinque
1443 2535 1529 2563 lineas
1543 2536 1569 2563 si
1584 2536 1685 2563 omnia
1698 2536 1780 2564 dictis
1799 2536 1908 2564 duabus
1928 2537 1963 2564 he

1238 2579 1388 2608 bdomadis
1399 2600 1452 2608 .....
1476 2588 1509 2607 ac
1532 2580 1626 2616 gyratis
1651 2580 1815 2608 huiusmodi
1838 2582 1979 2616 fruantur

1237 2624 1308 2653 male
1322 2624 1442 2654 intrusas
1457 2628 1484 2654 et
1497 2624 1627 2661 repetitas
1641 2624 1763 2654 delemus
1776 2624 1815 2659 (a.
1827 2626 1875 2660 r.).

1975 215 2028 244 An.
2049 215 2078 244 C.
2096 215 2165 245 163⁴

2026 1608 2109 1636 Conseq
2111 1607 2174 1630 uendi

1990 1613 2111 1656 facultatem
2125 1640 2173 1657 con-

1989 1662 2047 1682 cedit
2077 1661 2175 1689 supplen-

1989 1688 2017 1709 do
2033 1688 2090 1715 quod
2111 1691 2175 1710 autea

1990 1694 2106 1737 omiserint.

2227 330 2248 1126 i

2233 1131 2248 1908 1

1994 2354 2103 2377 Contraria
2118 2355 2177 2377 tollit,
