2248 3229
178 239 227 267 An.
248 239 276 267 C.
294 238 362 267 1636
408 229 470 264 540

200 1569 299 1590 facultas
314 1570 357 1590 col-

174 1597 227 1622 legio
247 1603 284 1617 sna
305 1603 356 1616 ron-

174 1624 236 1644 dcndi
253 1626 337 1644 statuta.

201 1783 215 1802 Α
236 1783 305 1807 lenate
321 1789 357 1809 ap-

175 1810 291 1834 probanda.

201 1994 285 2016 Necnon
295 1995 358 2015 etiam

174 2022 267 2042 tauream
282 2028 359 2043 conce-

176 2049 246 2069 detuli.

204 2523 322 2544 tltausiilae.

375 287 475 321 causis
488 285 715 323 ecclesiasticis,
730 294 787 327 pro
801 293 910 316 earum
920 283 1111 324 definitione,

375 342 411 374 ad
438 341 540 373 minus
566 345 626 371 ties
651 338 778 378 iudices,
799 343 828 369 et
845 337 875 369 in
892 337 978 369 laicis
995 336 1033 368 ad
1054 337 1112 368 mi-

375 404 431 425 nus
457 393 593 435 quinque
621 390 846 429 interveniant,
872 396 901 422 et
929 390 959 421 in
984 390 1111 423 illorum

374 446 504 485 delectu,
530 449 564 477 ut
587 445 771 487 praefertur,
795 443 984 487 supplebunt
1001 454 1110 486 supra-

375 498 564 538 nnmcrarii,
598 502 627 529 ct
659 497 753 529 etiam
786 497 817 528 in
848 497 962 529 liorum
989 497 1112 529 defectu

374 555 521 593 poterunt
557 549 723 592 subrogari
755 550 806 581 alii
839 549 958 582 indices
986 549 1024 582 ad
1049 550 1110 582 ele-

374 604 527 643 ctionem,
553 609 582 635 et
606 604 643 636 de
669 614 823 636 consensu
846 604 999 647 partium,
1026 604 1112 636 duin-

375 657 467 690 modo
494 657 525 688 in
550 657 652 690 causis
677 657 896 689 ecclesiasticis
919 667 978 700 pro
1003 667 1111 690 earnm

374 710 554 742 definitione
572 720 696 753 semper
711 710 771 742 sint
789 710 907 743 iudices
925 710 1112 743 ecclesiasti-

374 763 410 794 ci.
433 763 467 794 In
488 763 589 795 causis
609 763 863 806 appellationum,
887 763 1110 806 spectantibus,

373 820 406 850 ut
423 816 638 859 supradictum
657 820 711 855 est,
731 816 770 848 ad
788 817 968 859 collegium,
987 822 1049 849 tam
1066 827 1112 849 cc-

374 870 553 903 clesiasticis
569 880 663 913 quain
684 869 856 909 laicalibus,
877 870 1028 913 appellari
1049 880 1111 903 non

373 923 471 966 possit
488 923 604 956 omisso
622 923 740 962 medio,
766 929 805 963 et,
824 924 847 955 si
869 923 1022 966 appellari
1038 934 1113 956 con—

375 977 498 1019 tigerit,
531 977 562 1009 in
594 977 630 1009 iis
663 977 768 1009 nullus
794 976 885 1009 iudex
910 987 943 1009 se
968 977 1112 1019 ingerere

373 1029 494 1070 debeat,
518 1029 577 1062 nisi
603 1030 634 1061 in
659 1029 722 1061 viin
743 1029 974 1062 commissionis
990 1040 1113 1073 expres-

373 1092 424 1115 sae
454 1093 547 1115 manu
572 1084 680 1115 nostra
706 1083 862 1125 signatae,
893 1083 967 1115 alias
992 1083 1111 1115 licitum

373 1136 411 1167 sit
435 1136 536 1168 eidem
555 1136 688 1178 collegio
706 1136 742 1168 ad
762 1136 911 1168 ulteriora
930 1136 1111 1179 procedere,

373 1199 435 1221 iion
461 1189 602 1223 obstante
627 1200 826 1232 quacumque
852 1189 1058 1230 inhibitione,
1083 1196 1113 1222 et

373 1241 489 1284 absque
503 1241 635 1274 alicuius
652 1252 771 1285 poenae
789 1241 928 1282 incursu,
946 1242 1112 1286 ipsumque

373 1294 542 1336 collegium
567 1305 763 1327 reassumere
789 1295 925 1327 inhiberi
946 1301 973 1327 et
1000 1296 1113 1339 exequi

373 1347 480 1390 possit,
494 1353 587 1391 prout
602 1348 678 1380 iuris
693 1348 761 1380 erit.
778 1348 834 1380 [bi
857 1358 930 1380 vero
944 1349 1111 1391 collegium

373 1400 556 1434 iudicaverit
581 1401 609 1432 in
635 1412 719 1440 casu,
745 1412 807 1444 quo
832 1401 899 1433 dari
924 1402 1034 1434 debeat
1058 1412 1113 1446 ap-

372 1453 509 1496 pellatio,
535 1455 602 1486 cius
626 1455 763 1497 cognitio
788 1465 843 1487 scu
868 1456 1049 1489 commissio
1075 1456 1112 1488 ad

373 1506 578 1549 xic-elegatuni
604 1507 765 1549 spectabit.

417 1560 432 1603 ξ
457 1560 485 1592 (3.
512 1561 675 1593 Praeterea
707 1561 807 1593 cidem
842 1562 975 1604 collegio
1001 1565 1113 1595 statuta

373 1624 468 1657 super
492 1614 586 1647 inodo
612 1615 823 1656 cognoscendi
855 1625 964 1648 causas
998 1619 1027 1649 et
1055 1626 1112 1658 pro

375 1667 454 1699 l'elici
468 1667 565 1710 ipsius
579 1668 733 1709 gubernio
758 1669 936 1701 neccssaria
954 1674 984 1701 et
1001 1680 1113 1712 oppor-

374 1726 446 1752 tuna
471 1721 640 1761 condendi⁷
666 1721 795 1763 illaque,
820 1722 911 1754 toties
937 1727 966 1754 et
991 1722 1112 1764 quoties

373 1773 431 1805 sibi
457 1773 612 1806 videbitur
636 1779 665 1806 et
690 1774 852 1816 placuerit,
878 1775 1040 1814 alterandi,
1058 1776 1113 1807 im-

374 1827 512 1859 mutandi
527 1833 555 1859 ct
569 1827 747 1865 innovandi,
773 1828 855 1859 salsa
873 1832 973 1861 tamen
988 1839 1112 1871 semper

374 1880 597 1923 approbatione
623 1880 694 1913 dieti
716 1881 809 1922 legati
830 1881 893 1913 sire
913 1881 977 1913 eius
1003 1882 1112 1914 vicele-

374 1933 449 1975 gati,
476 1934 653 1966 facultatem
680 1933 881 1966 concedimus
907 1938 933 1967 cl
960 1935 1107 1977 imperti-

374 1997 454 2028 mur,
469 1996 590 2019 necnon
607 1987 801 2026 doctorandi,
822 1993 848 2019 ct
868 1988 927 2019 alia
946 1987 1109 2030 privilegia

374 2040 474 2072 cidem
509 2040 640 2081 collegio
675 2040 902 2083 competentia,
938 2040 1110 2074 dummodo

375 2094 434 2125 sint
454 2093 484 2125 in
510 2104 578 2133 usu,
596 2103 652 2125 nec
674 2093 733 2125 sint
758 2098 912 2134 rcwocata,
933 2104 1034 2136 neque
1053 2095 1110 2127 sub

373 2146 528 2189 aliquibus
546 2146 797 2179 revocationibus
813 2147 1049 2190 comprehensa,
1068 2159 1111 2180 sa-

373 2200 497 2243 crisque
522 2201 693 2233 canonibus
725 2207 753 2232 ct
783 2201 911 2233 Concilii
938 2201 1109 2234 Tridentini

372 2253 505 2285 decretis
538 2253 875 2296 constitutionibusque
907 2254 1109 2297 apostolicis¹

373 2316 433 2337 non
465 2306 690 2347 adversentur,
721 2307 905 2340 anctoritate
939 2313 968 2340 et
1002 2314 1110 2341 tenore.

374 2359 539 2401 praedictis
567 2360 779 2402 approbamus
804 2365 835 2392 ct
865 2361 1111 2401 confirmamus,

375 2411 496 2454 illisque
522 2411 710 2444 inviolabilis
735 2413 924 2455 apostolicae
954 2413 1111 2446 firmitatis

375 2465 472 2496 robur
496 2465 669 2498 adiiciinus.

417 2520 431 2559 ξ
450 2517 478 2549 7.
496 2518 702 2551 Decerncntcs
724 2525 904 2562 praesentes
928 2520 1045 2553 litteras
1065 2531 1113 2552 ra-

376 2570 460 2611 lidas,
480 2572 585 2604 lirinas
606 2578 631 2604 ct
656 2574 796 2605 enicat-ts
822 2574 955 2606 existere
981 2579 1010 2605 ct
1036 2575 1111 2615 l'ore,

410 2633 422 2658 1
442 2632 506 2660 Male
521 2634 584 2661 edit.
602 2634 681 2663 illain.
700 2635 762 2669 legit
778 2635 926 2670 apostolici
941 2638 978 2671 (R.
991 2636 1038 2669 T.).

953 235 1131 260 BULLARIUM
1156 235 1310 260 ROMANUM

1145 293 1281 326 suosque
1298 282 1456 326 plenarios
1469 287 1499 315 et
1515 283 1654 325 integros
1671 283 1798 317 effectus
1815 293 1883 316 sor-

1146 336 1196 368 tiri
1221 341 1251 368 et
1275 336 1426 376 obtinere,
1451 335 1596 378 dictoque
1620 336 1752 379 collegio
1772 337 1803 369 in
1820 347 1883 370 om-

1144 389 1236 421 nibus
1261 395 1290 421 et
1306 400 1362 432 per
1380 389 1484 422 omnia
1499 389 1681 432 plenissime
1699 389 1881 432 suffragari:

1145 442 1251 485 sicque
1265 452 1321 485 per
1335 452 1550 485 quoscumque
1570 441 1688 474 iudices
1707 441 1882 475 ordinarios

1145 500 1174 528 et
1198 495 1368 538 delegatos,
1386 495 1479 528 etiam
1497 505 1662 528 causarum
1684 494 1790 537 palatii
1810 505 1884 537 apo-

1145 549 1245 582 stolici
1271 549 1438 590 auditores,
1468 548 1599 581 iudicari
1628 553 1658 581 et
1682 547 1805 580 definiri
1830 547 1884 580 de-

1144 602 1229 642 bere,
1246 612 1281 634 ac
1306 602 1429 634 irritum
1456 607 1485 634 et
1507 601 1608 642 inane,
1629 601 1653 633 si
1678 610 1767 633 secus
1791 611 1885 644 super

1145 655 1193 688 liis
1215 665 1232 688 a
1253 666 1422 699 quoquam,
1446 655 1555 700 quavis
1572 654 1766 694 auctoritate,
1787 653 1885 686 scien-

1146 714 1192 741 ter
1213 709 1259 740 vel
1285 709 1488 751 ignoranter,
1514 707 1681 751 contigerit
1705 707 1860 739 attentari.

1189 762 1204 805 ξ
1228 761 1257 794 ὅ.
1283 763 1350 795 Non
1376 761 1573 796 obstantibus
1596 762 1757 807 quibusvis
1774 761 1885 794 consti-

1147 816 1319 848 tutionibus
1351 821 1380 848 et
1413 817 1662 850 ordinationibus
1686 815 1882 860 apostolicis,

1145 868 1318 911 privilegiis
1336 879 1471 912 quoque,
1487 870 1615 902 indultis
1633 873 1663 903 et
1678 869 1791 902 litteris
1813 879 1885 912 apo-

1146 921 1275 961 stolicis,
1291 921 1321 953 in
1336 922 1528 955 contrarium
1546 921 1793 966 praemissorum
1812 931 1887 964 quo-

1147 974 1319 1007 modolibet
1343 975 1510 1015 concessis,
1533 974 1726 1008 confirmatis
1743 979 1773 1007 et
1789 974 1883 1006 inno-

1146 1028 1237 1068 vatisj,
1262 1028 1376 1072 quibus
1393 1029 1539 1062 omnibus
1555 1034 1586 1062 et
1603 1029 1744 1072 singulis,
1758 1028 1884 1061 illorum

1147 1086 1271 1115 tenores
1296 1083 1515 1126 praesentibus
1539 1094 1598 1127 pro
1621 1084 1713 1127 plene
1745 1086 1775 1115 et
1801 1081 1886 1114 suffi-

1147 1135 1264 1168 cienter
1295 1137 1451 1179 expressis
1479 1147 1514 1169 ac
1542 1136 1580 1168 ad
1606 1136 1736 1169 verbum
1761 1134 1885 1167 insertis

1147 1189 1307 1231 habentes,
1333 1190 1393 1221 illis
1411 1189 1486 1222 alias
1499 1190 1531 1222 in
1545 1200 1601 1222 suo
1614 1189 1731 1222 robore
1743 1197 1886 1232 perman-

1146 1241 1237 1282 suris,
1251 1241 1288 1273 ad
1302 1241 1550 1284 praemissorum
1575 1241 1731 1281 effectum,
1749 1241 1806 1273 liae
1820 1240 1885 1273 vice

1146 1294 1314 1335 dumtaxat,
1340 1295 1518 1337 specialiter
1535 1300 1565 1327 et
1586 1304 1733 1338 expresse
1757 1294 1886 1335 deroga-

1147 1358 1229 1387 mus,
1251 1348 1425 1391 ceterisque
1441 1349 1606 1382 contrariis
1623 1348 1884 1392 quibuscumque.

1190 1401 1302 1433 Datum
1329 1402 1465 1441 Romae,
1488 1401 1570 1445 apud
1591 1401 1620 1434 S.
1643 1401 1771 1433 Mariam
1797 1400 1887 1433 Maio-

1147 1465 1224 1494 rem,
1244 1454 1301 1486 sub
1327 1455 1444 1487 annulo
1469 1455 1647 1497 piscatoris,
1669 1454 1719 1486 die
1740 1464 1794 1486 vni
1819 1454 1886 1487 iulii

1148 1519 1321 1550 iincxxxvt,
1339 1509 1539 1552 pontificatus
1559 1510 1658 1543 nostri
1675 1519 1757 1542 anno
1773 1519 1841 1543 xln.

1185 1569 1242 1596 Dat.
1262 1569 1305 1596 die
1326 1569 1342 1595 8
1361 1569 1417 1596 iulii
1439 1569 1517 1602 1636,
1538 1569 1632 1604 pontis.
1653 1577 1723 1597 anno
1743 1576 1797 1596 xm.

1444 1694 1583 1727 DXLVII.

1162 1763 1349 1796 Iubz'laeum
1362 1764 1546 1796 universale
1560 1763 1603 1797 acl
1620 1764 1767 1797 (timeam
1781 1775 1864 1808 opem

1378 1817 1621 1860 implorandcun
1633 1817 1652 1849 ¹.

1353 1888 1487 1915 Urbanus
1508 1889 1587 1922 Papa
1605 1888 1683 1921 vm,

1147 1941 1301 1969 Universis
1322 1941 1569 1969 christifidelibus
1599 1945 1774 1976 praesentes
1801 1943 1884 1970 litte-

1180 1993 1228 2013 ras
1248 1986 1451 2020 inspecturis,
1473 1987 1603 2014 salutem
1632 1989 1663 2014 et
1688 1987 1882 2020 apostolicam

1179 2030 1427 2057 benedictionem.

1188 2092 1387 2135 Apostolatus
1400 2093 1490 2126 nobis
1503 2093 1639 2136 desuper
1659 2093 1813 2126 creditum
1831 2093 1885 2125 ini-

1145 2146 1309 2178 nisterium
1327 2156 1383 2178 nos
1404 2145 1527 2188 impulit
1551 2146 1684 2188 assidue,
1705 2152 1749 2188 ut,
1770 2146 1884 2179 direm-

1145 2199 1206 2242 ptis
1230 2199 1310 2231 inter
1335 2200 1506 2232 catholicos
1532 2199 1692 2243 principes
1724 2199 1884 2239 dissidiis,

1145 2253 1266 2285 animos
1298 2252 1424 2284 illorum
1455 2253 1625 2285 conciliare
1658 2253 1884 2296 satagerimus,

1145 2316 1203 2349 pro
1229 2311 1392 2348 comperto
1418 2305 1577 2345 habentes,
1599 2305 1672 2338 hinc
1688 2306 1883 2350 populorum

1147 2359 1404 2402 tranquillitatem
1430 2359 1518 2399 oriri,
1542 2369 1604 2402 qua
1624 2360 1725 2402 magis
1746 2363 1828 2393 sarta
1849 2370 1885 2391 ac

1147 2418 1225 2445 tecta
1250 2413 1362 2455 religio
1388 2413 1541 2446 catholica
1566 2418 1780 2446 conservatur,
1864 2408 1866 2411 ’

1190 2466 1204 2508 ξ
1227 2465 1249 2497 l.
1276 2466 1396 2498 Nostris
1414 2465 1511 2508 igitur
1527 2465 1757 2499 hortationibus
1775 2470 1805 2497 et
1822 2475 1884 2497 ino-

1145 2518 1217 2551 nitis
1242 2529 1298 2562 per
1322 2519 1453 2551 nuncios
1474 2519 1651 2552 ordinarios
1669 2525 1698 2552 et
1715 2517 1883 2551 extraordi-

1146 2572 1250 2604 narios
1276 2573 1496 2605 cbarissinmm
1517 2573 1548 2605 in
1564 2573 1686 2606 Christo
1705 2571 1804 2605 silium
1829 2581 1883 2603 no-

1183 2635 1191 2660 1
1213 2634 1249 2660 Ex
1266 2633 1373 2669 Regest.
1391 2634 1417 2660 in
1432 2635 1533 2662 Secret.
1552 2634 1684 2662 Brevium.

1896 233 1946 263 An,
1967 234 1994 262 C.
2013 227 2080 262 1636

1951 773 2083 794 Obstanti'um

1900 799 2018 825 derogatio.
2247 790 2248 812 i

1926 2099 2067 2120 Prooemium.

1945 2469 1974 2489 Ea
2003 2470 2065 2490 refert
2076 2486 2080 2493 ,

1898 2501 1952 2521 qnae
1970 2502 2007 2521 pro
2029 2501 2081 2516 con-

1898 2522 1990 2542 cilianda
2028 2523 2082 2542 inter

1898 2550 2002 2574 principes
2027 2554 2080 2575 pace

1898 2578 2000 2601 gesserat.
