2248 3229
163 222 216 249 An.
234 221 262 250 C.
284 221 348 251 1631

187 923 327 945 Prooemium.

203 1613 252 1634 Cum
269 1613 343 1640 gravia

159 1645 223 1660 onera
237 1646 275 1666 pro
294 1640 342 1660 fidei

159 1666 281 1687 defensione
310 1672 342 1687 ar-

158 1692 298 1722 cbiepiscopi,
322 1699 342 1714 e·

158 1720 247 1745 plscopi,
257 1722 297 1741 etc.
308 1726 342 1741 sn-

157 1746 249 1771 bierint;

181 2037 271 2068 ⁴Nuncio
286 2043 341 2059 com-

158 2068 257 2086 mittitur.
279 2068 341 2092 prout

158 2091 179 2112 in
194 2092 284 2113 rubrica.

977 222 1119 247 run-xnus

407 269 663 304 clesiasticorum
680 280 738 315 per
761 271 947 304 'universam
974 271 1120 320 Germa-3

404 324 499 357 niam
522 335 537 357 c
562 325 712 358 mam'bus
737 325 973 358 haereticorum
987 329 1119 368 erqnlo-¹

405 388 491 418 rum,
506 378 676 411 dimidiam
698 383 826 423 partem
849 379 967 421 foederi
991 370 1119 419 callio-ff

407 431 468 464 lico
485 432 521 465 in
544 432 721 465 Germania
741 432 871 465 addicat
884 432 900 464 ¹.
1117 457 1119 507 l

362 512 531 540 Venerabili
556 513 643 540 fratri
664 512 776 544 ciriaco
798 512 1025 547 archiepiscopo
1045 512 1100 539 Pa-

396 557 540 590 tranensi,
552 557 628 591 apud
649 557 858 584 charissimum
883 558 913 584 in
934 557 1049 584 Christo
1069 556 1119 584 fl-3

397 601 470 628 lium
497 604 633 628 nostrum
662 601 881 628 ferdinandum
906 601 1101 628 Romanorum

396 652 496 680 regem
511 646 543 673 in
563 646 773 679 imperatorem
792 647 923 674 electum
946 648 1050 673 nostro
1070 647 1101 672 et

396 690 584 724 Apostolicae
605 691 690 718 Sedis
710 691 830 724 nuncio,

564 735 698 762 Urbanus
720 735 798 769 Papa
818 735 895 762 vm.

579 790 763 818 Venerabilis
778 791 879 824 frater,
1117 805 1118 821 i

396 835 525 863 salutem
548 837 578 863 et
598 835 794 869 apostolicam
813 832 1064 862 benedictionem.

405 906 562 940 Militantis
598 906 755 940 Ecclesiae
791 904 938 948 regimini
947 903 968 945 ²,
994 904 1099 947 dispo—

362 963 454 993 nente
467 959 610 1000 Domino,
624 959 850 1003 praesidentes,
864 958 895 990 in
913 957 1000 1000 gravi
1018 957 1101 990 mole
1117 963 1119 980 '³

361 1023 521 1054 curarum,
537 1013 651 1056 quibus
674 1022 733 1056 pro
750 1011 917 1056 pastoralis
936 1011 1031 1044 officii
1048 1010 1101 1043 dc-

360 1066 425 1100 bito
439 1066 584 1101 continue
605 1066 792 1110 premimur,
805 1076 841 1099 ea
853 1075 938 1098 nunc
950 1070 997 1098 est
1013 1075 1102 1109 prac-

359 1120 460 1164 cipua,
489 1130 583 1164 quam
608 1119 742 1164 inclytae
759 1119 945 1153 Germaniae
972 1128 1118 1162 presens*

359 1176 455 1207 status
473 1173 565 1206 nobis
590 1173 704 1206 merito
729 1173 872 1213 conficit3
892 1172 1100 1216 quamobrem

358 1227 549 1270 apostolicae
569 1226 789 1260 sollicitudinis
808 1231 913 1270 partes
937 1225 976 1258 ad
997 1236 1033 1258 ea
1057 1225 1101 1257 iu-

357 1280 439 1323 giter
463 1280 664 1323 intendimus,
684 1290 742 1324 per
767 1289 847 1324 quae
872 1279 1118 1322 catholicorunr

357 1333 440 1366 vires
453 1333 491 1366 ad
505 1333 714 1366 resistendum
731 1333 859 1366 nefariis
872 1332 1010 1366 hostium
1026 1331 1099 1364 fidei
1116 1351 1118 1356 x

357 1387 530 1421 catholicae
553 1386 718 1422 conatibus
741 1391 908 1429 augentur,
929 1390 1027 1429 prout
1049 1395 1099 1418 re-

357 1451 429 1473 rum
444 1446 474 1473 et
490 1445 671 1484 temporum
687 1439 890 1484 qualitatibus
906 1439 1011 1472 debito
1027 1448 1101 1482 pen-

358 1494 432 1527 satis
463 1494 677 1538 conspicimus
707 1493 739 1526 in
770 1493 905 1526 Domino
929 1491 1099 1526 salubriter
1115 1515 1117 1525 ,

358 1547 516 1591 expedire.

402 1601 417 1644 g
440 1600 471 1633 ⁴1.
499 1600 576 1634 Cum
600 1601 715 1644 itaque,
736 1600 816 1633 sicut
839 1599 1026 1643 accepimus,
1046 1609 1116 1634 rea

357 1654 515 1687 nerabiles
528 1654 641 1687 fratres
655 1654 886 1698 archiepiscopi
900 1659 930 1686 et
947 1653 1097 1697 episcopi,
1114 1662 1115 1671 ¹

357 1717 393 1740 ac
413 1707 517 1740 dilecti
539 1707 595 1739 filii
612 1707 733 1740 nobiles
750 1707 809 1740 viri
827 1707 986 1751 principes
1004 1712 1097 1750 atque

357 1761 484 1795 ordines
505 1761 689 1795 Germaniae
713 1761 859 1794 catholici
884 1760 1115 1803 confoederatij

356 1825 416 1859 pro
430 1815 619 1847 militaribus
632 1814 865 1858 provisionibus
878 1813 1097 1857 comparandis

355 1868 464 1911 gravia
487 1878 697 1911 expensarum
722 1878 818 1900 onera
837 1867 875 1900 ad
892 1867 969 1900 fidei
993 1856 1114 1910 orfito—ff

356 1922 454 1955 doxae
472 1927 581 1955 contra
605 1922 688 1954 illius
708 1922 815 1954 hostes
832 1921 1046 1954 defensionem
1067 1926 1096 1954 et
1112 1913 1114 1971 j

355 1975 615 2019 propagationem
637 1975 807 2008 subierint:

401 2029 416 2072 g
439 2027 468 2060 9..
483 2029 572 2071 Nos,
597 2029 751 2061 exercitus
783 2028 919 2061 foederis
950 2028 1114 2071 catholici,

356 2082 548 2122 huiusmodi,
573 2082 647 2125 quia
674 2087 738 2114 tam
763 2092 857 2114 causa
879 2082 1042 2124 religionis
1067 2075 1114 2114 ct³

356 2135 481 2179 publica
504 2146 599 2179 quam
622 2136 798 2168 necessaria
822 2135 1002 2176 concurrit,
1030 2126 1113 2167 ma-¹

355 2189 559 2230 nutentioni³,
574 2189 731 2222 mediante
751 2189 929 2222 reddituum
947 2199 982 2221 ex
1004 2188 1095 2221 bonis
1112 2223 1113 2228 ¹

357 2242 575 2275 ecclesiasticis
611 2242 817 2286 infrascriptis
852 2242 1063 2285 assignatione
1087 2234 1113 2282 ,¹

356 2302 507 2340 quantum
528 2308 599 2330 cuni
623 2297 756 2330 Domino
785 2307 953 2339 possumus
981 2306 1113 2341 consu-¹

355 2350 421 2382 lere
452 2350 612 2390 volentes,
640 2349 678 2382 de
708 2349 933 2382 venerabilium
961 2349 1093 2381 fratrum

354 2409 537 2437 nostrorum
548 2409 671 2437 sanetae
683 2404 842 2437 Romanae
855 2403 1011 2436 Ecclesiae
1030 2413 1095 2436 car·
1111 2437 1112 2442 ¹

392 2495 403 2521 l
421 2494 459 2521 Ex
474 2495 583 2529 Regest.
601 2494 627 2520 in
642 2493 742 2521 Secret.
759 2493 836 2521 Brev.
1111 2519 1112 2524 ,

390 2539 408 2565 2
422 2538 541 2565 Similem
559 2538 665 2565 constit.
681 2538 766 2565 habes
781 2547 840 2573 sup.
860 2546 920 2573 pag.
936 2537 984 2564 ⁹201
1003 2538 1093 2572 (R.T.).
1111 2529 1112 2549 ³

390 2583 408 2610 3
421 2583 488 2610 Male
511 2583 575 2610 edit,
593 2583 672 2609 Main.
699 2582 781 2610 babet
799 2583 1016 2611 manulentz'one
1037 2591 1094 2610 me-
1111 2583 1112 2627 i

356 2628 455 2656 diante
474 2634 510 2662 tn.
528 2628 578 2663 T.).

1143 222 1199 245 vm
1224 222 1272 245 Pr.

1136 270 1286 302 dimdium
1305 268 1440 311 negotiis
1464 267 1654 301 Palatinatus
1682 267 1875 310 praeposito-

1137 334 1206 355 rum
1232 321 1464 363 condumum
1496 332 1552 364 per
1581 325 1760 364 praesentes
1785 330 1874 353 com-

1136 375 1289 407 mittimus
1314 380 1344 407 et
1368 374 1562 417 mandamus,
1585 380 1617 406 ut
1637 384 1672 407 ex
1694 372 1877 414 redditibus,

1135 429 1290 461 fructibus
1315 434 1345 460 et
1366 428 1570 471 proventibus
1605 427 1745 461 omnium
1766 431 1796 459 et
1820 427 1879 459 sin-

1135 482 1282 524 gulorum
1307 481 1463 514 bonorum
1486 481 1778 521 ecclesiasticorum,
1799 489 1879 523 quae

1137 534 1167 565 in
1192 534 1271 566 lianc
1292 534 1413 577 busque
1431 534 1514 566 diem
1540 535 1665 567 fuerunt
1691 544 1706 566 e
1732 533 1877 565 manibus

1135 587 1368 620 haereticorum
1394 591 1512 630 crepta,
1530 598 1585 630 per
1607 587 1786 619 universam
1803 586 1878 619 Ger-

1136 640 1270 673 maniam
1308 640 1526 680 existcntium,
1557 640 1718 672 dimidiam
1755 644 1879 683 partem

1117 714 1119 726 i
1135 694 1295 728 dumtaxat
1314 693 1432 727 foederi
1451 693 1606 726 catholico
1631 693 1793 737 praedicto
1817 704 1876 736 pro

1135 748 1369 781 manutentione
1386 748 1460 781 dicti
1478 747 1633 781 exercitus
1647 748 1684 780 ad
1705 747 1878 780 triennium

1134 802 1315 845 proximum
1334 807 1463 841 tantum,
1482 801 1507 834 si
1524 801 1643 834 tamdiu
1660 800 1770 834 foedus
1788 800 1878 833 dura-

1135 856 1215 888 verit
1232 860 1262 888 et
1281 855 1435 888 exercitus
1456 854 1721 895 manutenebitur,
1739 853 1878 886 auctori-

1135 913 1197 941 tate
1220 910 1329 941 nostra
1349 908 1499 952 applices,
1519 908 1561 940 ita
1580 913 1614 940 ut
1637 907 1789 940 dissoluto
1814 908 1878 939 soe-

1135 961 1209 995 dere
1219 972 1275 995 seu
1287 962 1427 995 exercitu
1436 961 1628 1001 huiusmodi,
1639 961 1732 993 ctiam
1747 961 1879 993 durante

1135 1015 1293 1058 triennio,
1322 1015 1425 1058 gratia
1452 1014 1671 1058 applicationis
1696 1013 1879 1047 huiusmodi

1135 1068 1219 1102 illico
1243 1068 1402 1112 expirasse
1427 1073 1600 1110 censeatur,
1626 1067 1779 1110 reliquam
1804 1077 1878 1099 vero

1135 1121 1297 1154 dimidiam
1322 1127 1445 1166 partem
1470 1121 1578 1154 eadem
1603 1120 1789 1154 auctoritate
1808 1120 1879 1152 reti—

1134 1185 1209 1208 neas
1225 1175 1264 1207 ad
1291 1174 1530 1219 dispositionem
1554 1179 1695 1207 nostram
1723 1173 1755 1205 in
1780 1173 1878 1205 eccle-

1135 1229 1253 1261 siarum
1278 1228 1550 1270 restaurationem,
1568 1227 1664 1260 divini
1682 1227 1783 1260 cultus
1801 1238 1877 1270 aug-

1135 1287 1276 1315 mentum
1295 1309 1302 1322 ,
1334 1281 1512 1314 animarum
1551 1291 1659 1314 curam
1674 1308 1681 1321 ,
1713 1281 1876 1324 religionis

1134 1335 1306 1368 catholicae
1330 1334 1601 1368 conservationem
1626 1339 1655 1367 et
1679 1334 1878 1378 propagatio-

1132 1398 1205 1421 nem
1230 1381 1496 1430 convertendam,
1529 1392 1582 1420 aut
1613 1388 1688 1420 alias
1722 1387 1753 1419 in
1786 1387 1877 1420 dictis

1132 1441 1273 1485 partibus
1290 1440 1549 1482 distribuendam,
1566 1444 1663 1483 prout
1682 1450 1750 1480 nos,
1771 1451 1878 1483 perso-

1131 1504 1266 1535 narum,
1291 1504 1398 1526 rerum
1414 1520 1421 1534 ,
1446 1504 1482 1526 ac
1514 1498 1695 1537 temporum
1727 1494 1877 1536 qualitate

1131 1549 1270 1592 pensata,
1289 1548 1458 1580 salubriter
1475 1547 1507 1579 in
1523 1547 1657 1580 Domino
1671 1547 1818 1590 expedire
1831 1558 1876 1580 ar-

1131 1602 1331 1635 bitrabimur.

1176 1656 1190 1698 g
1214 1654 1243 1688 3.
1262 1655 1417 1695 Ceterum,
1442 1654 1558 1687 nedum
1576 1665 1686 1688 omnes
1704 1659 1734 1688 et
1761 1655 1875 1698 singuli

1114 1706 1262 1749 fructus,
1287 1708 1428 1741 redditus
1453 1713 1482 1740 et
1506 1714 1676 1751 proventus
1705 1708 1874 1749 bonorum,

1130 1766 1164 1794 ut
1188 1762 1377 1805 praefertur,
1396 1767 1658 1804 recuperatorum
1676 1773 1734 1805 per
1759 1772 1816 1794 nos
1833 1762 1874 1794 ei-

1130 1815 1200 1848 dem
1219 1815 1416 1847 Ferdinando
1437 1815 1504 1857 regi
1523 1816 1555 1847 in
1573 1816 1796 1859 imperatorem
1815 1817 1873 1848 cle—

1131 1874 1191 1909 cto,
1216 1869 1347 1912 aliisque
1373 1869 1526 1912 personis,
1552 1880 1607 1901 scu
1632 1870 1708 1902 locis
1733 1869 1792 1912 piis
1817 1870 1872 1901 lia-

1131 1928 1239 1955 ctenus
1256 1922 1293 1955 ad
1308 1928 1430 1965 tempus
1448 1923 1598 1964 concessi,
1614 1923 1668 1955 sed
1686 1923 1778 1955 etiam
1792 1923 1873 1955 bona

1112 1975 1206 2019 fipsa,
1232 1976 1324 2008 etiam
1351 1986 1407 2019 per
1432 1986 1498 2018 nos,
1525 1980 1588 2009 tam
1614 1976 1756 2008 locorum
1782 1976 1873 2009 timii-

1129 2030 1236 2070 nariis,
1257 2040 1351 2072 quam
1372 2029 1440 2062 aliis
1462 2029 1606 2073 personis
1632 2030 1870 2071 ecclesiasticis,

1130 2093 1303 2126 eorumque
1328 2083 1454 2123 mensis,
1480 2093 1515 2115 ac
1540 2083 1608 2115 aliis
1632 2083 1782 2123 ecclesiis,
1808 2083 1872 2115 eol-

1129 2136 1228 2178 legiis,
1254 2136 1511 2168 universitatibus
1532 2136 1719 2175 studiorum,
1740 2136 1872 2179 aliisque

1129 2189 1205 2222 locis
1229 2189 1289 2232 piis
1314 2200 1471 2229 concessa,
1497 2195 1589 2233 atque
1613 2190 1651 2222 ad
1676 2200 1822 2233 praesens
1841 2190 1872 2221 in

1128 2247 1317 2286 perpetuum
1342 2243 1388 2275 rel
1414 2243 1452 2275 ad
1481 2248 1604 2286 tempus
1636 2243 1872 2286 quomodolibet

1128 2295 1303 2338 applicata,
1336 2295 1392 2327 sub
1425 2296 1581 2338 praesenti
1611 2296 1811 2328 concessione
1836 2306 1871 2327 ac

1128 2349 1249 2381 indulto
1278 2348 1407 2381 minime
1432 2348 1646 2390 intelligantur
1667 2349 1871 2391 comprehen-

1128 2413 1170 2439 sa,
1189 2401 1241 2434 sed
1261 2401 1391 2434 eisdem¹
1415 2402 1612 2434 Ferdinando
1631 2401 1698 2444 regi
1723 2401 1754 2433 in
1775 2401 1871 2444 impe-

1129 2461 1265 2488 ratorem
1292 2455 1401 2495 electo,
1426 2455 1601 2498 ceterisque
1620 2456 1713 2487 etiam
1739 2454 1870 2488 Ordina-

1111 2508 1112 2513 ’
1128 2509 1192 2550 riis,
1210 2509 1360 2548 eeclesiis,
1381 2509 1552 2549 beneficiis,
1571 2509 1721 2551 collegiis,
1748 2509 1870 2541 univcr-

1128 2562 1268 2596 sitatibus
1293 2566 1321 2595 et
1345 2562 1413 2594 aliis
1438 2562 1550 2605 quibus
1575 2562 1731 2606 applicata
1751 2562 1868 2595 suerint

1167 2628 1175 2653 l
1198 2625 1293 2661 Aptius
1313 2625 1447 2661 legeretur
1467 2626 1561 2653 eidem
1581 2628 1620 2661 (n.
1635 2625 1681 2662 T.].

1780 209 1843 242 ⁶219
1891 217 1940 245 An.
1957 217 1985 246 c.
2008 217 2072 246 1631

1916 1773 1973 1793 Bona
1985 1779 2074 1800 reeupe-

1890 1803 1933 1819 rsiLi
1952 1817 1955 1820 .
1984 1807 2073 1826 resilui}

1890 1827 2073 1847 etaliisiamron·

1889 1858 1960 1874 ccssa,
1980 1860 1990 1872 a
2010 1859 2070 1878 prae-

1888 1883 1942 1899 svuti
1972 1882 2072 1899 celistitu-

1889 1909 1944 1926 imne
1963 1906 2072 1932 excipiun-

1889 1935 1928 1953 tur.
