2248 3229
107 202 159 231 An.
176 201 204 230 C.
222 201 290 231 1635

107 583 216 604 Clausulas
228 590 290 610 prae-

106 613 222 631 sei-valnas

131 1168 241 1190 Contraria
257 1175 289 1190 re-

105 1198 181 1216 morel.

915 201 1057 226 Uiuianus
1083 202 1137 227 vul
1161 204 1209 226 1³1³.

304 257 382 282 nore
406 249 628 292 praesentium,
653 249 867 293 approbamus
884 253 913 283 et
933 249 1045 283 confir—

305 313 427 335 mamus
443 331 450 343 ,
486 302 594 346 illique
630 303 818 337 inviolabilis
854 303 1044 347 apostolieae

304 355 462 389 firmitatis
487 356 585 389 robur
610 356 795 396 adnuimus,
821 367 856 390 ac
881 366 990 390 omnes
1015 361 1044 389 et

305 408 446 451 singulos
471 415 533 441 tam
559 409 636 442 iuris
661 420 755 453 quam
780 410 852 442 sacti
884 410 1042 451 delectus,

305 462 394 505 siqui
408 463 544 507 desuper
560 463 796 507 quomodolibet
809 463 1043 502 intervenerint,

305 516 497 559 supplemus,

350 569 364 611 ξ
388 569 417 601 3.
442 570 650 603 Decet-nentes
679 564 840 602 (lecretum
864 569 1043 602 huiusmodi

305 632 427 655 necnon
453 628 634 665 praesentes
662 623 782 656 litteras
811 623 928 663 valida,
954 622 1044 654 firma

305 680 335 706 et
359 674 497 707 efficacia
521 675 654 708 existere
675 680 704 709 et
728 676 812 716 sore,
837 686 872 708 ac
889 676 928 707 ab
946 674 1044 708 omni-

305 727 372 768 bus,
392 727 430 759 ad
451 738 529 770 quos
554 733 672 772 spectat
690 734 719 760 et
737 739 795 772 pro
814 734 955 772 tempore
979 737 1044 771 spe-

305 780 409 823 ctabit,
435 781 656 815 inviolabiliter
673 782 845 822 observari3
863 782 971 825 sicque
988 792 1044 824 per

305 845 520 879 quoscumque
546 836 665 869 iudices
690 836 867 869 ordinarios
899 841 928 868 et
953 835 1044 868 dele-

305 894 414 931 gatos,
440 890 532 922 etiam
559 900 724 923 causarum
750 890 855 934 palatii
881 889 1043 933 apostolici

305 942 472 988 auditores,
501 943 631 976 iudicari
656 954 692 976 ac
717 944 840 976 definiri
858 942 984 982 debere,
1008 953 1044 975 ac

304 996 429 1029 irritum
446 1001 475 1030 et
491 997 592 1039 inane,
611 997 634 1030 si
653 998 727 1040 quid
745 1007 835 1030 secus
852 1006 946 1039 super
962 995 1012 1028 liis
1027 1006 1044 1027 a

304 1060 472 1094 quoquam,
491 1051 600 1093 quavis
624 1050 818 1091 auctoritate,
838 1049 972 1082 scienter
998 1049 1045 1082 rel

305 1103 505 1145 ignoranter,
531 1103 698 1146 contigerit
722 1103 877 1137 attentari.

348 1159 363 1201 ἓ
394 1158 424 1190 4,
457 1159 525 1191 Non
557 1158 753 1192 obstantibus
783 1158 983 1201 praemissis,
1009 1169 1045 1192 ac

303 1211 578 1244 constitutionibus
602 1217 632 1245 et
652 1211 903 1245 ordinationibus
921 1217 1046 1255 aposto-

303 1265 381 1306 licis,
404 1275 440 1298 ac
459 1265 630 1309 quibusvis,
656 1265 749 1298 eliam
768 1265 955 1306 iuramento,
975 1276 1045 1298 con-

303 1318 481 1352 firmatione
497 1318 679 1362 apostoliea,
696 1319 741 1351 vel
755 1317 814 1351 alia
830 1319 938 1362 quavis
949 1319 1045 1352 tirmi-

305 1376 364 1405 tale
381 1373 548 1412 roboratis,
566 1373 687 1406 statutis
707 1378 737 1404 et
755 1373 1044 1413 consuetudinibus,

302 1425 476 1469 privilegiis
493 1436 629 1469 quoque,
651 1425 779 1458 indultis
797 1431 823 1458 cl
843 1426 953 1459 litteris
973 1437 1044 1470 apo-

303 1478 421 1512 stolicis
438 1479 469 1511 in
486 1480 680 1512 eontrarium
706 1480 954 1522 praemissorum
971 1491 1045 1523 quo-

302 1532 477 1566 modolibet
502 1533 668 1574 concessis,
687 1533 880 1567 confirmatis
904 1539 935 1566 et
954 1534 1043 1568 inno-

304 1587 397 1626 vatis,
423 1587 537 1630 quibus
555 1586 701 1619 omnibus
715 1592 745 1620 et
759 1587 901 1629 singulis,
916 1587 1042 1621 illorum

302 1645 430 1673 tenores
461 1640 680 1683 praesentibus
705 1650 764 1684 pro
788 1641 879 1684 plene
905 1646 935 1673 et
959 1642 1043 1674 sulli-

302 1694 419 1727 cienter
441 1693 596 1738 expressis
620 1694 787 1735 habentes,
822 1693 883 1727 illis
913 1694 988 1727 alias
1012 1694 1043 1727 in

302 1758 358 1780 suo
371 1747 487 1781 robore
500 1747 728 1791 permansuris,
740 1748 798 1780 hac
809 1747 875 1781 vice
885 1748 1045 1782 dumtaxat

303 1802 481 1845 specialiter
495 1807 525 1835 et
541 1812 688 1845 expresse
701 1802 905 1845 derogamus,
920 1803 1045 1837 ceteris-

303 1866 364 1898 que
382 1855 548 1889 contrariis
568 1856 829 1899 quibuscumque.

346 1909 459 1941 Datum
484 1909 612 1949 Romae,
633 1909 715 1952 apud
732 1910 761 1942 S.
776 1910 914 1950 Petrum,
927 1911 984 1943 sub
994 1921 1045 1943 an-

302 1962 377 1995 nulo
389 1961 567 2002 Piscatoris,
580 1962 631 1994 die
642 1973 659 1995 v
674 1962 781 2006 aprilis
794 1972 955 2000 mcxxxv,
968 1974 1045 2007 pon-

303 2015 438 2049 tificatus
462 2016 563 2049 nostri
587 2026 669 2049 anno
692 2026 745 2050 x11.

339 2074 398 2102 Dal.
414 2074 456 2103 die
471 2074 488 2102 5
503 2074 596 2111 aprilis
611 2074 690 2107 1635,
707 2075 800 2110 pontis.
819 2084 889 2103 anno
906 2083 952 2104 m.

644 2220 703 2252 DX⁴

305 2301 566 2339 Constitutione&
596 2301 715 2344 quibus
738 2306 932 2334 revocamur
954 2302 1045 2334 vivae

346 2350 431 2382 vocis
451 2349 595 2389 oracula,
621 2359 688 2382 mm
712 2350 989 2393 comprehendunt
1006 2351 1046 2384 it-

350 2398 394 2430 los
408 2397 573 2440 officiales,
591 2399 709 2441 quibus
725 2399 853 2432 ratione
870 2410 1044 2432 mmzernm

348 2457 481 2480 suornm
495 2451 592 2480 antea
601 2447 638 2480 de
648 2447 777 2481 Swnmi
791 2449 962 2491 Pontificz‘s
976 2459 1044 2483 ora-

349 2497 419 2530 culo
436 2496 513 2539 fides
534 2496 647 2530 haberi
659 2497 778 2530 solebat
792 2498 810 2530 ¹.

340 2571 350 2594 1
370 2567 562 2594 Concessiones
577 2568 653 2595 vivae
668 2568 740 2595 vocis
756 2569 865 2596 oraculo
884 2569 979 2604 factas,
995 2578 1042 2598 ex-

305 2612 389 2648 ceptis
405 2612 520 2640 oraculis
535 2612 611 2639 factis
626 2616 734 2640 sanctae
754 2613 891 2641 Romanae
906 2613 1043 2643 Ecclesiae

387 2666 466 2695 Ball.
485 2666 569 2697 Rom.
585 2682 619 2686 -
637 2667 697 2696 Vol.
711 2666 787 2697 XIV.
953 2668 988 2697 60

1281 249 1417 278 Urbanus
1439 250 1517 284 Papa
1537 249 1614 282 VIII,

1206 294 1242 321 ad
1262 297 1436 328 perpetuam
1455 294 1499 322 rei
1519 293 1698 322 memoriam.

1121 358 1136 399 ᾗ
1162 357 1190 388 l.
1216 356 1298 389 Alias
1323 356 1420 388 felicis
1445 355 1673 389 recordationis
1690 355 1815 398 Grego-

1077 461 1334 494 subnascentibus
1348 461 1463 504 iugiter
1477 462 1570 494 variis
1583 461 1818 494 difficultatibus

1077 517 1106 548 et
1130 514 1280 546 abusibus
1305 524 1340 547 ex
1366 514 1539 557 privilegiis
1556 525 1573 546 a
1591 514 1669 548 Sede
1690 515 1819 558 Aposto-

1077 567 1136 600 lica
1162 567 1248 599 vivae
1264 567 1347 600 vocis
1364 568 1492 600 oraculo
1507 577 1734 611 saepenumero
1749 578 1818 601 con-

1079 619 1173 652 cessis
1197 619 1321 652 obviam
1347 619 1415 659 iret,
1441 620 1696 653 constitutionem
1721 620 1816 654 edidit

1078 672 1196 705 tenoris
1210 672 1440 716 subsequentis,
1462 672 1619 705 videlicet:
1644 673 1818 715 Greqoritts

1077 726 1172 769 Papa
1195 726 1258 759 XV
1276 726 1318 758 cccl
1340 730 1531 770 perpetuam
1547 727 1596 758 rei
1613 726 1815 758 memoriam.

1077 778 1424 822 Romanus-Pontifex,
1445 779 1481 812 in
1494 779 1622 823 specula
1639 779 1818 811 vanitantis

1077 832 1247 872 Ecclesiae,
1264 837 1320 865 etc.
1336 832 1527 875 (Onzz'm'tur
1541 832 1618 865 haec
1631 831 1817 864 constitutio

1078 885 1158 928 quia
1178 895 1249 918 eam
1264 885 1359 918 habes
1374 885 1438 918 loco
1457 886 1492 917 in
1505 886 1580 918 notri
1593 885 1637 917 ad
1653 885 1818 917 rubricavit

1077 938 1197 981 citato).
1234 964 1241 971 ,

1122 994 1137 1036 ᾗ
1161 994 1189 1026 ⁶2.
1215 994 1252 1026 Et
1271 992 1413 1032 subinde,
1433 1002 1490 1036 per
1507 1002 1564 1025 nos
1581 997 1708 1035 accepto
1734 991 1818 1034 quod

1078 1047 1270 1092 experientia
1294 1057 1402 1080 rerum
1435 1046 1586 1089 magistra
1619 1050 1817 1089 compertum

1078 1106 1160 1143 erat,
1186 1101 1406 1135 concessiones
1431 1105 1461 1133 et
1488 1099 1605 1143 gratias
1622 1099 1708 1132 vivae
1732 1099 1817 1132 vocis

1078 1156 1207 1190 oraculo
1240 1155 1333 1188 etiam
1366 1165 1383 1187 a
1411 1154 1440 1188 S.
1473 1154 1507 1187 R.
1539 1153 1572 1186 E.
1605 1153 1818 1186 cardinalibus

1078 1209 1230 1249 obtentas,
1245 1214 1275 1242 et
1292 1209 1432 1252 ipsorum
1454 1218 1547 1240 manu
1560 1206 1709 1248 firmatas,
1727 1217 1818 1251 saepe

1078 1263 1116 1296 ab
1142 1263 1199 1304 his,
1225 1262 1256 1295 in
1288 1272 1424 1305 quorum
1449 1261 1589 1294 savorem
1614 1266 1817 1302 emanarunt,

1079 1316 1181 1349 minus
1206 1315 1356 1349 canonica
1380 1313 1637 1358 interpretatione
1671 1314 1817 1354 extendi,

1078 1375 1106 1403 et
1131 1379 1299 1414 perperam
1325 1368 1357 1401 in
1380 1367 1564 1411 disciplinae
1588 1367 1818 1401 ecclesiastieae

1078 1423 1301 1457 detrimentum
1327 1421 1528 1465 exequutioni
1553 1421 1752 1461 demandari3
1775 1422 1817 1455 id-

1078 1477 1180 1519 circo,
1209 1480 1361 1520 quantum
1387 1485 1457 1508 cum
1483 1475 1616 1509 Domino
1639 1475 1817 1519 potuimus,

1079 1530 1126 1563 his
1141 1535 1170 1563 et
1187 1529 1255 1562 aliis
1273 1529 1362 1562 malis
1378 1539 1547 1563 occurrere
1564 1528 1713 1569 volentes,
1730 1533 1819 1562 motu

1077 1584 1218 1629 proprio,
1243 1585 1390 1627 certaque
1406 1582 1537 1624 scientia
1561 1592 1596 1615 ac
1621 1584 1745 1615 matura
1764 1582 1817 1615 de-

1078 1637 1261 1671 liberatione
1286 1637 1412 1677 nostris,
1433 1636 1534 1679 deque
1556 1635 1746 1679 apostolicae
1766 1647 1819 1680 po—

1077 1692 1196 1725 testatis
1224 1690 1426 1735 plenitudine,
1459 1690 1497 1723 de
1527 1689 1658 1723 oonsilio
1683 1690 1818 1723 nonnul-

1078 1746 1181 1779 lorum
1207 1743 1436 1777 venerabilium
1468 1743 1600 1776 fratrum
1636 1747 1817 1776 nostrorum

1078 1799 1106 1833 S.
1133 1799 1167 1833 R.
1193 1798 1225 1832 Ε.
1251 1797 1480 1838 cardinalium,
1507 1797 1623 1841 quibus
1655 1798 1818 1840 negotium

1078 1852 1259 1886 huiusmodi
1284 1857 1407 1885 mature
1433 1850 1665 1884 discutiendum
1690 1852 1817 1885 commi-

1078 1907 1185 1949 simus,
1211 1907 1316 1939 omnia
1342 1910 1371 1938 et
1395 1906 1517 1948 singula
1532 1905 1707 1949 privilegia,
1724 1906 1818 1939 faculn

1078 1964 1165 2001 tates,
1190 1959 1330 1993 licentias
1350 1965 1379 1992 et
1396 1959 1512 2002 gratias
1531 1969 1745 2003 quascumque
1762 1970 1818 2003 per

1077 2015 1225 2048 Summos
1246 2013 1411 2047 Pontifices
1424 2013 1682 2057 praedecessores
1694 2018 1818 2047 nostros

1078 2078 1113 2100 ac
1137 2078 1195 2111 per
1224 2077 1282 2100 nos
1312 2067 1399 2099 vivae
1426 2067 1511 2100 vocis
1542 2067 1692 2108 oraculo,
1724 2067 1817 2100 etiam

1080 2121 1108 2154 S.
1135 2121 1168 2154 R.
1195 2121 1227 2154 E.
1249 2120 1427 2164 praedictae
1448 2119 1654 2153 cardinalium
1671 2131 1818 2164 quorum-

1079 2184 1213 2218 cumque
1230 2183 1326 2206 manu
1339 2173 1473 2215 firmata,
1498 2173 1750 2219 quibuscumque
1763 2185 1817 2219 ge-

1078 2228 1248 2270 neralibus,
1274 2227 1530 2271 provincialibus,
1555 2228 1732 2273 ceterisque
1760 2240 1813 2263 su-

1079 2281 1256 2325 perioribus
1281 2285 1311 2315 et
1334 2281 1478 2326 personis
1503 2281 1640 2316 cuiusvis
1672 2282 1816 2324 Ordinis,

1079 2336 1341 2380 congregationis,
1362 2337 1495 2370 instituti
1519 2342 1549 2371 et
1573 2338 1739 2378 societatis,
1754 2338 1817 2371 sive

1079 2390 1271 2424 secularibus
1301 2391 1364 2423 sive
1398 2391 1619 2434 regularibus,
1652 2392 1699 2425 vel
1724 2391 1817 2424 etiam

1078 2445 1153 2488 ipsis
1178 2444 1363 2486 Ordinibus,
1389 2445 1704 2488 congregationibus,
1729 2445 1817 2478 insti—

1078 2524 1258 2552 cardinalibus
1278 2528 1305 2552 et
1323 2533 1418 2552 eorum
1437 2533 1520 2552 manu
1539 2526 1662 2559 firmatis,
1683 2526 1819 2553 revocavit

1077 2571 1188 2606 Gregor.
1203 2569 1244 2596 XV
1258 2570 1286 2597 in
1302 2570 1444 2599 Constitut.
1457 2578 1509 2599 va
1523 2572 1574 2605 (al.
1584 2571 1639 2606 63),
1655 2571 1815 2605 Romanus,

1078 2619 1142 2644 tom.
1158 2623 1207 2651 xii,
1224 2623 1286 2651 pag.
1303 2615 1365 2644 706.

1724 190 1788 225 473
1834 200 1882 228 An.
1904 201 1932 228 c.
1951 200 2018 230 1635

1861 368 2019 390 Rosci-[Consti-

1077 409 1141 440 rius
1179 409 1259 452 Papa
1289 409 1339 442 XV
1376 409 1599 452 praedeeessor
1632 412 1760 448 noster,
1787 410 1819 441 ut
1834 396 1943 445 iffi.¹1-¹1⁰·⁰⁹.x''¹i·
1967 397 2018 441 ix’iieil

1834 449 1909 467 calam.

1860 1006 1927 1032 Ipsam
1939 1007 2018 1031 Grego-

1834 1039 1876 1052 rius
1885 1033 2019 1052 Collisllltlllu-

1833 1066 1878 1078 nem
1895 1060 1928 1079 liic
1944 1060 2018 1079 l’nuli-

1834 1086 1865 1105 sex
1874 1086 1980 1111 ampliavit
1991 1087 2018 1106 ad

1833 1112 1919 1132 oracula
1954 1113 2018 1133 eliasu

1834 1139 1888 1158 [dclii
1913 1139 1934 1159 S,
1951 1139 1975 1159 R.
1992 1139 2015 1159 E.

1834 1165 1978 1185 cardinalibus
1998 1168 2019 1185 et,

1834 1199 1905 1212 corum
1915 1198 1977 1213 manu
1986 1192 2018 1212 ΓΠ·

1833 1221 1898 1239 mala.
