2248 3229
268 234 315 262 An.
333 235 361 262 c.
385 235 451 263 1639
496 225 559 260 696

765 284 902 317 DCXXX.

467 355 612 393 chelur,
649 365 687 386 ne
718 354 791 396 quis·
822 354 1005 396 quidquam
1037 354 1115 386 dure
1149 365 1204 387 seu

507 408 694 450 promz'llere
716 407 816 449 possi!
848 407 949 438 cuivis
976 418 1133 450 personne
1163 408 1204 440 ad

508 460 645 501 eflectum
671 459 886 502 consequendi
910 460 1037 503 affictus
1055 461 1204 503 elsubuf-

506 512 599 552 siclus
626 512 763 543 vallium
789 513 1045 546 Contactcnsium
1063 517 1120 546 cml
1141 514 1201 546 ccli-

509 565 599 597 czussus
626 564 762 597 illarmn
779 564 798 597 ¹.

671 645 806 672 Urbanus
827 645 904 679 Papa
924 645 1001 678 vm,

607 690 642 716 ad
663 690 795 716 futuram
814 692 858 717 rei
878 691 1058 717 memoriam.

507 761 522 803 ξ,
550 761 574 794 l.
601 762 706 804 Nuper
731 772 789 804 pro
814 765 901 804 parte
919 761 1105 794 dilectorum
1128 762 1204 794 filio-

463 825 533 846 rum
559 815 783 847 modernorum
814 815 1042 848 conductorum
1076 816 1201 848 vallium

462 868 710 901 Comae-lensium
729 868 819 900 nobis
833 869 1008 911 expositum
1029 869 1095 909 suit,
1119 870 1202 912 quod

465 922 557 964 (licet
581 922 656 953 alias
681 931 737 954 nos
762 923 792 954 in
817 922 988 955 novissimo
1019 923 1201 956 earumdem

463 976 588 1007 vallium
611 975 714 1008 affictu
740 976 1010 1015 mandaverimus,
1035 982 1067 1008 ut
1094 977 1202 1010 unicae

463 1027 623 1060 dumtaxat
640 1029 762 1060 illarum
783 1028 897 1072 partis²
911 1029 1009 1060 cuivis
1023 1039 1058 1061 ex
1073 1029 1203 1062 subcon-

462 1081 646 1114 ductoribus
671 1082 748 1121 dari,
775 1082 923 1125 quodque
948 1082 1151 1115 commodum
1173 1089 1221 1115 et⁴

463 1134 578 1166 utilitas
596 1134 777 1177 portionum
793 1134 1081 1167 subconductorum
1100 1136 1203 1168 liuius-

462 1187 546 1220 modi
562 1198 618 1219 nec
632 1187 697 1219 dari
718 1198 774 1220 nec
793 1189 932 1231 promitti
948 1189 1094 1231 cuiquam
1110 1189 1201 1221 etiam

463 1241 522 1272 civi
549 1241 741 1274 Comaclensi
767 1241 939 1284 respective
972 1247 1120 1284 possent,
1146 1242 1202 1274 sub

461 1294 638 1326 amissionis
663 1294 844 1337 portionum
868 1294 1046 1327 huiusmodi
1072 1295 1203 1328 subcon-

461 1347 654 1386 ductoribus,
673 1347 919 1380 conductoribus
937 1354 1039 1380 autem
1054 1349 1204 1391 quingen—

461 1406 564 1433 torum
592 1407 763 1440 scutorum,
782 1407 811 1433 et
827 1401 894 1433 aliis
913 1402 1005 1434 etiam
1032 1402 1203 1445 corporali-

461 1453 518 1486 bus
538 1455 646 1498 poenis
664 1454 795 1487 arbitrio
813 1466 870 1498 pro
886 1461 1028 1498 tempore
1043 1455 1203 1488 existentis

462 1513 584 1541 sanctae
611 1509 768 1541 Romanae
792 1509 949 1541 Ecclesiae
978 1509 1145 1541 cardinalis
1172 1510 1201 1541 in

462 1562 584 1594 civitate
599 1567 627 1594 et
641 1562 727 1595 Statu
746 1562 860 1594 nostris
874 1562 1128 1595 Ferrariensibus
1144 1573 1200 1596 no-

461 1616 515 1647 stri
540 1620 568 1648 et
592 1615 680 1648 Sedis
704 1616 902 1658 Apostolicae
923 1615 960 1648 de
986 1616 1082 1648 latere
1108 1617 1201 1658 legati

461 1668 655 1711 infligendis)
680 1669 885 1701 nibilominus
910 1669 967 1712 ipsi
994 1669 1202 1701 conductores

461 1722 608 1754 continuo
625 1732 642 1753 a
663 1721 796 1756 diversi&
819 1722 909 1753 etiam
936 1722 1121 1754 auctoritate
1138 1722 1201 1765 pol—

461 1775 597 1807 lentibus
622 1775 764 1818 personis
790 1780 947 1817 coguntur
972 1776 1056 1815 dare,
1083 1785 1200 1808 conce-

461 1828 535 1860 dere
560 1834 590 1860 et
614 1828 798 1871 promittere
823 1829 921 1860 dictas
944 1829 1106 1872 portiones
1131 1840 1202 1872 per-

462 1881 545 1913 sonis
571 1881 741 1923 suppositis
774 1886 804 1913 et
836 1880 937 1921 fictis,
968 1892 1046 1924 quae
1076 1881 1200 1914 illarum

461 1934 549 1966 lucra
567 1935 634 1966 aliis
656 1934 854 1978 participant,
880 1940 932 1966 aut
952 1935 1020 1967 illas
1044 1946 1100 1978 per
1124 1936 1201 1968 alios

461 1993 628 2027 exercent,
655 1988 701 2020 vel
735 1988 958 2028 emendicatis,
989 1989 1202 2032 emptitiisque

460 2041 617 2073 lavoribus
642 2041 726 2084 ipsos
743 2041 951 2074 conductores
976 2042 1013 2073 ad
1040 2042 1201 2085 portiones

461 2095 636 2139 praedictas
661 2095 942 2128 subconducendas
963 2095 1114 2138 adstringi
1142 2107 1197 2129 cu-

461 2155 540 2187 rant,
559 2148 679 2182 sublata
705 2148 790 2180 liisce
811 2149 930 2181 artibus
955 2149 1101 2182 libertate
1127 2149 1201 2193 ipsis

461 2201 705 2234 conductoribus
742 2201 903 2244 portiones
940 2201 1023 2245 ipsas
1059 2203 1201 2246 personis

462 2254 629 2293 habilibus,
656 2254 858 2286 benemeritis
881 2260 910 2287 et
927 2255 1029 2297 dignis
1045 2255 1128 2288 iuxta
1143 2256 1202 2289 sor-

461 2319 543 2341 mam
570 2308 778 2351 capitulorum
797 2310 918 2341 allictus
935 2309 1115 2342 huiusmodi
1134 2310 1203 2342 sub-

462 2361 607 2402 locandi,
634 2362 678 2394 vel
705 2362 780 2394 alias
811 2362 1018 2396 conductores
1049 2363 1200 2406 praedicti

463 2420 570 2447 contra
595 2415 731 2458 capitula
762 2415 922 2458 praedicta
952 2422 982 2448 et
1006 2427 1115 2450 eorum
1142 2427 1198 2449 vo-

463 2469 612 2501 luntatem
639 2474 669 2501 et
693 2469 858 2501 arbitrium
883 2470 985 2503 facere
1010 2471 1203 2514 compellun-

464 2527 532 2554 tur:
568 2522 660 2555 nobis
696 2529 864 2566 propterea
900 2524 974 2556 dicti
1011 2529 1202 2568 exponentes

500 2593 508 2618 1
529 2592 565 2618 Ex
581 2597 678 2626 regest.
696 2593 721 2619 in
737 2593 838 2620 Secret.
856 2594 933 2620 Brev.

498 2636 513 2663 2
530 2636 670 2665 Videretur
685 2638 828 2673 legendum
839 2642 937 2674 parles
952 2641 989 2674 (fl.
1005 2639 1052 2674 T.).

1043 237 1060 260 B
1066 235 1222 260 ULLARIUM
1244 235 1398 259 ROMANUM

1238 283 1400 315 humiliter
1425 283 1594 326 supplicari
1619 284 1777 325 fecerunt,
1803 289 1837 317 ut
1862 284 1919 317 sibi
1945 285 1977 317 in

1238 335 1419 379 praemissis
1444 342 1620 378 opportune
1646 337 1810 379 providere
1834 338 1871 370 de
1894 338 1976 371 beni-

1221 390 1354 434 ,gnitate
1379 390 1551 432 apostolica
1576 389 1789 431 dignaremur.

1220 436 1222 444 ¹
1282 443 1296 485 g
1321 442 1349 474 τὶ.
1380 443 1441 475 'Nos
1468 443 1579 484 igitur,
1604 442 1788 475 eorumdem
1814 453 1975 486 exponen-

1220 495 1314 528 ‘tium
1341 495 1545 535 indemnitati,
1571 501 1722 539 quantum
1748 506 1819 528 cum
1844 497 1976 530 Domino

1238 559 1426 592 possumus,
1452 549 1587 591 benigne
1612 550 1798 589 consulere,
1830 550 1977 593 ipsosque

1238 602 1426 645 specialibus
1457 603 1617 635 favoribus
1642 608 1671 634 et
1695 603 1804 644 gratiis
1828 604 1975 647 prosequi

1238 656 1386 695 volentes,
1407 660 1437 688 et
1461 666 1571 688 eorum
1596 656 1771 697 singulares
1793 667 1943 699 personas
1960 667 1977 689 a

1237 709 1398 752 quibusvis
1425 709 1770 749 excommunicationis,
1794 711 1976 753 suspensio-

1237 763 1284 794 nis
1316 767 1345 794 et
1381 761 1558 799 interdicti,
1591 762 1724 805 aliisque
1759 763 1977 796 ecclesiasticis

1238 815 1408 855 sententiis,
1434 815 1575 847 censuris
1600 820 1628 847 et
1654 816 1774 859 poenis,
1799 826 1815 848 a
1837 816 1905 849 iure
1931 818 1977 850 vel

1239 869 1276 901 ab
1310 869 1456 909 homine,
1483 869 1591 912 quavis
1615 869 1780 901 occasione
1805 869 1852 901 vel
1884 871 1979 902 causa

1238 923 1328 962 latis,
1355 923 1378 955 si
1404 923 1518 966 quibus
1543 922 1780 965 quomodolibet
1812 923 1978 956 innodatae

1238 976 1382 1015 existunt,
1407 975 1445 1008 ad
1471 975 1614 1008 effectum
1641 975 1853 1018 praesentium
1880 976 1974 1008 dum—

1238 1034 1321 1060 taxat
1343 1028 1610 1072 consecpoendum,
1636 1028 1747 1061 harum
1774 1028 1853 1061 serie
1879 1029 1977 1062 absol-

1239 1087 1365 1123 ventes,
1393 1087 1422 1114 et
1446 1081 1603 1114 absolutas
1636 1081 1702 1113 sore
1735 1086 1917 1121 censentes,
1942 1092 1978 1114 ac

1237 1134 1372 1167 edictum
1398 1135 1473 1167 alias
1498 1145 1514 1166 a
1539 1135 1653 1167 dilecto
1678 1134 1743 1167 filio
1760 1140 1868 1167 nostro
1886 1135 1978 1168 Fran-

1238 1188 1321 1221 cisco
1348 1188 1426 1221 tituli
1451 1189 1481 1221 S.
1505 1188 1641 1221 Marcelli
1669 1188 1852 1232 presbytero
1877 1188 1978 1221 cardi-

1237 1242 1306 1273 nale
1322 1242 1350 1274 S.
1369 1241 1505 1274 Marcelli
1526 1246 1716 1284 nuncupato,
1728 1246 1801 1273 tunc
1816 1241 1844 1273 in
1859 1241 1977 1274 eisdem

1238 1294 1360 1326 civitate
1385 1299 1415 1326 et
1438 1294 1526 1326 Statu
1551 1298 1657 1326 nostro
1682 1299 1711 1326 et
1736 1293 1823 1326 Sedis
1847 1296 1979 1337 Aposto-

1238 1347 1314 1379 licae
1329 1347 1366 1379 de
1381 1347 1478 1379 latere
1502 1347 1616 1388 legato,
1630 1346 1766 1389 desuper
1783 1347 1976 1390 publicatum

1238 1400 1430 1440 innovantes,
1442 1399 1621 1432 huiusmodi
1636 1399 1917 1442 supplicationibus
1935 1400 1979 1432 in-

1237 1453 1357 1486 clinati:
1382 1453 1466 1496 quod
1483 1453 1521 1485 de
1539 1458 1643 1485 cetero
1664 1453 1768 1485 nullus
1787 1453 1977 1495 (cuiuscum-

1237 1518 1297 1550 que
1327 1512 1443 1547 status,
1477 1507 1615 1549 gramm,
1648 1506 1764 1546 officii,
1797 1506 1977 1549 dignitatis,

1237 1560 1503 1605 praeeminentiae
1539 1571 1592 1593 seu
1629 1560 1816 1593 conditionis
1849 1560 1975 1602 existat,

1237 1615 1357 1648 etiamsi
1384 1615 1421 1647 de
1446 1614 1499 1647 illo
1524 1614 1677 1657 specialis,
1701 1613 1849 1656 specifica
1873 1618 1903 1646 et
1928 1613 1975 1646 in-

1236 1668 1361 1700 dividua
1386 1667 1503 1700 mentio
1521 1672 1573 1699 aut
1593 1666 1751 1709 expressio
1772 1666 1915 1698 habenda
1933 1667 1974 1699 fo-

1237 1726 1294 1761 ret,
1304 1725 1356 1754 aut
1369 1721 1427 1753 sub
1442 1720 1584 1763 generali⁴
1593 1720 1759 1752 verborum
1773 1720 1975 1762 expressione

1236 1785 1296 1807 non
1323 1773 1452 1811 veniret,
1477 1783 1534 1806 nec
1555 1772 1671 1811 venire,
1698 1773 1864 1816 minusque
1889 1783 1975 1805 com-

1237 1827 1389 1871 prehendi
1411 1826 1684 1869 praetenderetur)
1699 1836 1755 1869 per
1773 1836 1805 1858 se
1823 1826 1869 1858 vel
1888 1826 1976 1867 alios,

1237 1881 1369 1914 mediate
1387 1880 1434 1913 vel
1457 1880 1646 1919 immediate,
1668 1880 1975 1924 quomodocumque,

1236 1934 1355 1967 directe
1379 1933 1426 1966 vel
1452 1933 1614 1971 indirecte,
1640 1933 1769 1965 remotis
1795 1933 1977 1976 interpreta-

1237 1987 1320 2021 tione
1345 1991 1374 2019 et
1398 1992 1561 2030 praetextu
1585 1985 1846 2029 quibuscumque,
1867 1997 1977 2029 quam-

1237 2041 1312 2073 libet
1326 2040 1531 2083 pecuniarum
1547 2050 1702 2072 summam
1716 2044 1769 2072 aut
1785 2039 1867 2072 aliud
1882 2039 1977 2083 quod-

1236 2105 1381 2138 cumque,
1396 2094 1433 2126 ad
1452 2093 1596 2126 effectum
1612 2093 1733 2126 affictus
1749 2098 1779 2125 et
1796 2093 1976 2127 subaffictus

1236 2147 1501 2191 participationes,
1526 2147 1613 2179 lucra
1638 2152 1690 2178 aut
1715 2146 1865 2179 interesse
1882 2147 1977 2179 dicta-

1237 2213 1305 2234 rum
1333 2201 1457 2234 vallium
1483 2206 1536 2233 aut
1559 2201 1691 2234 alicuius
1712 2201 1836 2233 illarum
1862 2201 1892 2233 in
1911 2207 1976 2235 toto

1236 2256 1283 2288 vel
1309 2255 1339 2287 in
1365 2260 1454 2298 parte
1478 2254 1700 2298 consequendi,
1730 2254 1815 2294 dare,
1837 2254 1974 2296 donare,

1236 2308 1358 2348 cedere,
1384 2308 1566 2347 concedere,
1586 2308 1757 2347 remittere,
1781 2308 1975 2351 promittere,

1236 2372 1350 2405 capere
1374 2372 1429 2395 seu
1453 2360 1624 2405 recipere¹,
1649 2361 1724 2393 dare
1749 2371 1803 2393 seu
1824 2361 1974 2405 recipere,

1237 2415 1443 2448 intentionem
1471 2415 1517 2447 vel
1542 2414 1784 2458 promissionem
1800 2414 1904 2454 dandi,
1922 2414 1976 2447 mi-

1236 2479 1357 2512 nusque
1381 2468 1543 2502 obtinendi
1569 2478 1623 2501 seu
1647 2468 1866 2511 interponendi
1891 2468 1975 2501 favo-

1236 2534 1297 2563 re5‚
1322 2523 1551 2565 auctoritatem,
1577 2532 1687 2566 preces
1712 2523 1758 2555 vel
1784 2522 1897 2564 minas,
1922 2526 1975 2555 aut

1219 919 1221 932 l

1274 2595 1282 2620 1
1302 2594 1409 2621 Comma
1423 2594 1495 2621 istud
1511 2603 1612 2629 capere
1626 2603 1676 2621 seu
1691 2594 1815 2630 recipere
1831 2602 1863 2622 ex
1885 2593 1974 2621 abun-

1236 2639 1311 2666 danti
1326 2647 1384 2667 esse
1401 2638 1506 2667 videtur
1523 2640 1559 2675 (a.
1574 2640 1624 2674 T.).

1991 236 2040 263 An.
2056 236 2082 262 C.
2108 235 2173 262 1639

2013 457 2138 479 Prohibitio.
2148 457 2174 477 de

1992 491 2032 511 qua
2047 490 2066 504 m
2083 484 2175 504 rubrica.
