2248 3229
96 227 146 253 An.
163 224 192 252 C.
216 222 282 252 ¹636

108 287 226 309 tuhttaeum
235 285 280 315 ubi-

109 320 134 335 ιη
145 315 240 334 iocorum
251 318 281 332 iii-

110 340 207 361 icenduin
238 341 280 359 sta·

94 370 140 388 tuiti

111 2156 219 2177 Conium
233 2157 292 2176 toltit.

910 219 1052 246 URBANUS
1077 219 1132 245 vlit
1156 219 1205 244 Pr.

339 272 354 315 g
379 271 406 304 7.
424 271 622 315 Quapropter
647 276 754 304 tenore
775 270 985 314 praesentium
1004 269 1035 302 in

296 325 409 358 vii-tute
432 330 557 357 sanctae
581 324 776 357 obedientiae
794 323 933 356 districtc
949 333 1037 366 prae-

297 377 431 422 cipimus
447 381 539 421 atque
554 377 738 410 mandamus
756 375 902 410 omnibus
923 381 952 407 et
969 375 1036 418 qui-

297 431 492 474 buscumque
528 430 761 464 venerabilibus
799 428 948 461 fratribus
983 422 1036 471 pa-

297 484 453 526 triarchis,
471 482 725 527 archiepiscopis,
740 482 905 526 episeopis,
923 486 953 514 ct
969 481 1037 514 aliis

297 538 500 571 ecclesiarum
529 536 695 581 praelatis,
723 546 759 568 ac
787 535 1038 579 quibuscumque

297 591 470 625 Ordinariis
494 591 649 630 locorum,
669 599 843 633 eorumque
869 588 992 622 vicariis
1009 592 1038 621 et

297 644 493 684 officialibus,
513 644 561 677 vel
582 643 630 683 iis,
649 643 878 682 deficientibus,
895 642 965 682 illis,
985 641 1038 685 qui

298 709 406 732 curam
426 698 602 731 animarum
621 702 777 738 exercent,
798 701 841 737 ut,
859 706 930 729 cum
949 706 1040 740 prae-

299 752 433 785 sentium
456 751 633 784 litterarum
652 755 848 794 transumpta
864 755 915 783 aut
938 759 1041 782 exem-

298 807 350 850 pta
366 806 459 839 etiam
477 806 629 850 impressa
647 805 844 849 acceperint,
862 804 914 836 illa
937 802 1039 836 statim

300 860 417 904 absque
442 860 505 892 ulla
530 860 630 901 mora,
652 858 861 892 retardatione
878 857 925 890 rel
942 856 1042 900 impe-

299 913 438 947 dimento
462 923 519 957 per
543 922 615 946 suas
639 911 786 945 ecclesias
811 916 841 944 et
864 910 1041 949 dioeceses,

299 967 488 1012 proi-incias,
500 967 651 1007 civitates,
668 965 794 1010 oppida,
812 969 910 999 terras
930 969 960 997 et
975 965 1042 997 loca

300 1021 461 1066 publicent
485 1026 515 1054 et
539 1019 693 1064 publicari
719 1019 842 1059 faciant,
859 1028 895 1051 ac
919 1017 1042 1051 clericis

300 1081 329 1108 et
354 1075 480 1119 populis
511 1074 571 1107 sibi
602 1073 751 1106 subiectis
782 1072 938 1106 solemnes
961 1081 1041 1115 pro-

301 1129 457 1162 cessiones
482 1133 512 1161 et
531 1127 787 1172 supplicationes,
805 1130 839 1159 ut
855 1126 1043 1170 praefertur,

302 1183 439 1217 indicant
463 1186 493 1217 et
525 1182 706 1223 celebrent,
731 1181 960 1224 ecclesiamque
989 1190 1042 1213 seu

302 1237 449 1272 ecclesias
473 1235 642 1269 visitandas
666 1235 840 1279 designent.
861 1235 930 1268 Non
947 1234 1044 1267 inten-

301 1291 404 1325 dimus
420 1295 524 1324 autem
549 1300 607 1334 per
631 1292 810 1333 praesentes
827 1298 923 1332 super
939 1287 1043 1332 aliqua

302 1344 534 1388 irregularitate
565 1342 690 1387 publica
722 1342 769 1375 rel
797 1341 936 1383 occulta,
960 1342 1044 1381 nota,

303 1398 436 1438 defectu,
454 1395 666 1440 incapacitate,
684 1405 738 1428 scu
762 1394 956 1438 inhabilitate
972 1404 1046 1437 quo-

304 1462 366 1496 quo
391 1450 486 1484 modo
511 1450 672 1483 contracta
697 1448 891 1492 dispensare,
917 1448 963 1480 rel
989 1447 1045 1479 ali-

304 1516 398 1550 quam
414 1504 590 1538 facultatem
610 1502 748 1535 tribucre
766 1500 978 1546 dispensandi,
991 1511 1046 1534 seu

304 1557 490 1592 liabilitandi
515 1562 546 1590 et
570 1557 600 1589 in
626 1555 794 1600 pristinum
820 1560 934 1588 statum
960 1554 1047 1588 resti—

305 1611 422 1654 tuendi,
443 1610 536 1644 etiam
562 1610 592 1642 in
616 1610 684 1642 foro
710 1608 928 1650 conscientiae,
945 1618 1047 1652 neque

305 1666 398 1700 etiam
423 1664 548 1699 easdem
573 1668 755 1708 praesentes
780 1662 827 1705 iis,
849 1662 902 1706 qui
919 1672 937 1695 a
955 1662 1047 1695 nobis

306 1726 335 1753 et
349 1719 528 1765 Apostolicsi
545 1718 634 1759 Sede,
652 1718 700 1751 vel
717 1717 756 1750 ab
772 1717 878 1761 aliquo
897 1716 1046 1760 praelato,

307 1783 361 1806 seu
392 1772 495 1806 iudice
523 1771 734 1805 ecclesiastico
767 1770 1046 1811 excommunicati,

308 1826 461 1870 suspensi,
480 1825 646 1865 interdicti,
664 1835 719 1858 seu
743 1824 818 1857 alias·
836 1825 866 1856 in
880 1823 1049 1856 sententias

308 1885 338 1913 et
351 1888 499 1912 censuras
523 1877 669 1910 incidisse
687 1877 846 1919 declarati,
864 1877 911 1909 vel
924 1876 1048 1920 publice

308 1931 486 1965 denunciati
510 1931 639 1972 fuerint,
664 1930 723 1963 nisi
748 1929 828 1962 infra
853 1933 975 1973 tempus
999 1940 1049 1962 cc-

309 1985 490 2019 lebrationis
516 1984 642 2017 iubilaei
666 1982 883 2024 satisfecerint,
901 1987 953 2015 aut
978 1993 1048 2015 cum

311 2039 450 2084 partibus
464 2037 735 2078 concordaverint,
752 2037 816 2070 ullo
834 2035 928 2070 inodo
943 2035 1051 2069 suffra-

310 2093 378 2135 gari
406 2102 497 2137 posse
517 2097 570 2125 aut
586 2091 712 2124 debere.

355 2147 369 2189 ξ
402 2147 431 2178 δ’.
457 2146 525 2179 Non
555 2144 750 2178 obstantibus
776 2143 1050 2178 constitutionibus

311 2206 341 2232 vt
371 2198 621 2233 ordinationibus
646 2198 838 2242 apostolicis,
863 2197 1050 2242 praesertim

311 2253 424 2298 quibus
449 2253 577 2287 facultas
599 2252 780 2286 absolvendi
807 2253 837 2285 in
862 2252 955 2285 certis
981 2257 1051 2285 tune

312 2308 468 2353 expressis
485 2307 608 2341 casibus
623 2307 664 2340 ita
677 2308 818 2341 Romano
836 2306 978 2340 Pontifici
994 2317 1052 2350 pro
1069 2347 1071 2355 Ι

313 2368 456 2406 tempore
489 2361 632 2395 existenti
669 2366 869 2401 reservatur,
903 2365 937 2393 ut
970 2360 1050 2392 nec¹

312 2416 405 2449 ctiain
430 2414 547 2448 similes
583 2414 628 2447 vel
658 2414 825 2447 dissimiles
849 2413 974 2446 iubilaei
1000 2413 1050 2445 in-

312 2467 563 2512 dulgentiarum,
588 2473 618 2500 et
653 2467 834 2501 facultatum
872 2466 1053 2500 huiusmodi

313 2520 542 2562 concessiones,
559 2520 617 2553 nisi
638 2520 675 2554 de
694 2520 753 2553 illis
772 2529 919 2564 expressa
936 2519 1053 2553 mentio

352 2595 360 2620 ‘t
377 2594 524 2630 Pei-peram
536 2592 577 2622 ed.
592 2592 669 2620 Main.
683 2601 733 2621 nec
745 2600 799 2620 nou
810 2585 885 2628 legit,
903 2600 950 2628 pro
964 2594 993 2620 ut
1004 2601 1053 2620 nec

314 2640 352 2671 (a.
367 2639 416 2673 τ.).

1716 206 1778 241 543

1071 274 1124 301 aut
1143 266 1287 312 specialis
1307 265 1470 310 derogatio
1496 265 1559 307 fiat,
1581 266 1728 310 cuiquam
1752 266 1813 299 sus-

1071 322 1187 364 fragari
1212 327 1338 366 queant,
1363 331 1486 354 necnon
1510 320 1619 362 regula
1643 319 1751 352 nostra
1775 318 1813 351 de

1071 385 1134 408 non
1151 374 1358 408 concedendis
1383 373 1585 417 indulgentiis
1602 372 1640 406 ad
1654 372 1761 413 instar,
1778 383 1813 405 ac

1072 438 1347 471 quorumcumque
1371 427 1524 461 Ordinum
1546 432 1576 460 et
1600 425 1815 469 congregatio-

1072 491 1146 514 num
1172 481 1236 513 sivc
1261 481 1473 514 institutorum
1500 480 1704 523 regularium,
1721 479 1814 513 etiam

1073 534 1268 570 iuramento,
1294 533 1531 566 confirmatione
1562 532 1742 577 apostolica,
1768 532 1814 565 rel

1074 587 1180 631 aliqua
1205 587 1266 620 alia
1290 587 1438 620 firmitate
1459 587 1628 626 roboratis,
1649 585 1771 619 statutis
1788 589 1817 619 et

1075 640 1376 682 consuetudinibus,
1400 639 1574 684 privilegiis
1598 649 1744 683 quoquc,
1769 639 1815 673 in-

1075 694 1169 726 dultis
1201 699 1230 726 et
1255 693 1366 727 litteris
1390 692 1588 737 apostolicis,
1617 692 1734 725 eisdem
1759 691 1816 726 Or-

1075 747 1211 788 dinibus,
1237 746 1545 790 congregationibus,
1570 745 1730 786 institutis,
1748 745 1816 778 illo—

1076 811 1210 845 rumque
1228 801 1382 845 personis,
1400 799 1637 844 quomodolibet
1650 799 1816 840 concessis,

1076 855 1257 900 approbatis
1281 860 1311 888 ct
1335 854 1505 893 innovatis;
1531 853 1646 898 quibus
1670 853 1817 887 omnibus

1077 915 1107 942 et
1138 909 1281 952 singulis,
1314 908 1434 941 etiamsi
1466 908 1504 941 de
1535 908 1617 948 illis,
1643 917 1817 952 eorumque

1078 964 1150 997 totis
1178 962 1343 996 tenoribus
1375 961 1528 1005 specialis,
1548 961 1696 1005 specifica
1728 961 1818 994 etin-

1078 1017 1214 1057 dividua,
1224 1026 1287 1049 non
1300 1020 1406 1048 autem
1418 1025 1475 1059 per
1485 1015 1641 1048 clausulas
1654 1014 1818 1057 generales

1078 1070 1160 1104 idem
1184 1070 1401 1114 iinportantes,
1418 1069 1535 1102 mentio
1551 1079 1605 1102 seu
1618 1068 1745 1112 quaevis
1759 1068 1818 1101 alia

1077 1125 1239 1169 expressio
1256 1123 1401 1157 habenda
1423 1128 1477 1156 aut
1500 1123 1605 1167 aliqua
1628 1122 1687 1155 alia
1715 1123 1819 1166 exqui-

1078 1179 1135 1212 sita
1160 1179 1261 1212 forma
1284 1177 1323 1210 ad
1342 1177 1403 1210 hoc
1420 1175 1571 1210 secvanda
1588 1175 1678 1216 foret,
1692 1175 1818 1209 illorum

1078 1238 1204 1266 tenores
1227 1229 1444 1275 praesentibus
1471 1240 1529 1273 pro
1553 1229 1744 1262 sufficienter
1764 1239 1819 1262 ex-

1060 1286 1195 1330 ,prcssis
1228 1295 1264 1318 ac
1288 1285 1422 1318 formam
1447 1293 1557 1317 eorum
1582 1282 1727 1317 traditam
1761 1292 1820 1326 pro

1080 1337 1200 1373 servata
1224 1339 1385 1379 habentes,
1402 1337 1461 1371 hac
1479 1337 1545 1370 vice
1569 1336 1747 1381 specialiter
1768 1346 1820 1369 no-

1081 1394 1222 1428 minatim
1243 1398 1273 1426 et
1290 1402 1437 1437 expresse
1457 1391 1494 1424 ad
1512 1390 1657 1424 effectum
1677 1399 1820 1434 praesen-

1081 1449 1159 1481 tium
1191 1447 1381 1490 derogamus
1394 1456 1402 1485 ;
1439 1443 1615 1487 ceterisque
1654 1442 1820 1476 contrariis

1079 1502 1340 1546 quibuscumque.

1125 1556 1139 1599 g
1155 1554 1184 1588 tl.
1203 1555 1242 1588 Ut
1261 1557 1363 1588 autem
1385 1556 1566 1597 praesentes
1584 1555 1720 1592 nostrae,
1740 1561 1820 1595 quae

1080 1609 1118 1642 ad
1143 1608 1266 1652 singula
1285 1608 1353 1640 loca
1378 1606 1493 1640 deferri
1517 1615 1580 1639 non
1606 1609 1758 1649 possunt,
1782 1604 1819 1637 ad

1081 1662 1222 1697 omnium
1243 1661 1387 1695 notitiam
1408 1660 1528 1694 facilius
1545 1659 1720 1701 deveniant,
1739 1659 1821 1692 volu-

1082 1728 1162 1757 mus,
1182 1721 1213 1749 ut
1233 1714 1416 1748 earumdem
1432 1713 1644 1758 praesentium
1669 1717 1822 1746 transum-

1082 1771 1144 1815 ptis
1166 1770 1213 1803 vel
1239 1769 1400 1812 exemplis,
1422 1768 1514 1801 etiam
1533 1766 1707 1811 impressis,
1728 1777 1822 1799 manu

1082 1823 1215 1856 alicuius
1234 1821 1348 1855 notarii
1374 1821 1493 1865 publici
1519 1819 1715 1864 subscriptis,
1733 1824 1763 1853 et
1782 1819 1821 1852 si-

1083 1877 1158 1920 gillo
1182 1885 1338 1920 personae
1368 1874 1400 1907 in
1432 1873 1582 1917 dignitate
1614 1872 1824 1906 ecclesiastica

1084 1929 1270 1963 constitutae
1294 1928 1440 1970 munitis,
1465 1927 1656 1971 ubicumque
1680 1927 1823 1961 locorum

1084 1989 1113 2017 et
1137 1983 1289 2026 gentium,
1315 1982 1423 2015 eadem
1448 1991 1578 2026 prorsus
1603 1981 1680 2014 sides
1703 1980 1824 2014 habea-

1085 2040 1144 2079 tui·⁷
1161 2047 1240 2080 quae
1260 2035 1431 2070 haberetur
1456 2034 1530 2079 ipsis
1554 2033 1781 2078 praesentibus,
1799 2034 1823 2067 si

1084 2091 1187 2124 forent
1210 2089 1366 2122 exhibitae
1390 2089 1438 2122 vel
1463 2093 1614 2122 ostensae.

1130 2144 1241 2177 Datum
1267 2144 1400 2184 Itomae,
1425 2142 1508 2186 apud
1533 2142 1562 2176 S.
1581 2141 1708 2175 Mariam
1733 2141 1826 2175 Maio-

1086 2208 1170 2239 rem,
1189 2197 1246 2230 sub
1275 2197 1390 2229 annulo
1417 2195 1602 2237 Piscatoris,
1631 2195 1681 2229 die
1705 2205 1736 2229 xi
1759 2195 1823 2228 iulii

1086 2261 1259 2292 uncxxxvi,
1273 2250 1472 2295 pontificatus
1496 2249 1594 2282 nostri
1615 2259 1697 2283 anno
1718 2259 1780 2282 xiu.

1122 2315 1182 2342 Dat.
1204 2314 1247 2342 die
1270 2314 1295 2341 tl
1320 2313 1375 2341 iulii
1400 2313 1475 2347 ¹636,
1497 2312 1591 2348 pontif.
1610 2320 1679 2340 anno
1696 2318 1753 2339 xiii.

1378 2449 1532 2482 DXLVlll.

1089 2521 1300 2564 Confirmatio
1335 2520 1454 2553 decreti
1488 2520 1754 2564 Conyreqationis
1790 2518 1828 2552 cle

1134 2574 1351 2619 Propriqanda
1368 2574 1399 2607 F
1400 2573 1460 2615 ide,
1481 2584 1544 2618 quo
1561 2573 1748 2606 declaratur
1764 2571 1828 2606 col-

1133 2629 1255 2672 Ieyium
1279 2627 1511 2672 Hybernorum
1534 2626 1642 2662 Liltae
1665 2625 1827 2670 i'nBelqio

1825 216 1876 244 An.
1891 216 1919 244 C.
1942 217 2010 245 1636

1874 1559 2019 1587 Transumpiin

1835 1588 1893 1610 credi
1909 1587 1974 1608 iubet.
