2248 3229
225 215 312 243 An.C.
338 215 405 244 1639
452 208 515 242 744
1003 220 1182 244 BULLARIUM
1206 221 1359 246 Romnum

425 265 582 308 faciendis,
597 267 805 307 interfuerint,
830 273 883 300 aut
907 277 1062 311 pauperes
1087 268 1161 302 hos-
1196 279 1275 310 rem,
1296 269 1354 302 sub
1374 271 1489 304 annulo
1513 270 1694 313 piscatoris,
1717 272 1767 306 die
1797 283 1838 307 xx
1866 273 1933 307 iulii

425 319 500 363 pitio
523 321 725 363 susceperint,
752 321 799 353 rel
825 331 934 363 pacem
961 321 1042 354 inter
1058 321 1162 354 inimi·
1178 347 1180 355 i
1196 332 1370 366 MDcxxxlx,
1391 324 1591 368 pontificatus
1614 326 1713 359 nostri
1732 337 1813 360 anno
1826 337 1888 361 xvt.

1952 225 2002 252 An.
2014 225 2042 252 C.
2061 224 2131 254 1639

425 382 477 404 cos
502 372 745 414 composuerint,
770 378 823 404 aut
847 373 992 416 componi
1022 364 1180 416 secer-incl

425 425 471 456 rel
494 425 749 467 procuraverim,
775 436 811 458 ac
836 426 928 458 etIam
953 426 1006 470 qui
1027 422 1180 471 corpora}

424 477 656 517 defunctorum,
683 483 745 510 tam
771 479 965 512 confratrum
990 485 1019 512 et
1043 486 1180 528 cons0-{

424 541 530 563 rorum
555 530 746 572 huiusmodi,
761 544 854 576 quam
880 533 1025 575 aliorum,
1051 534 1089 566 ad
1113 529 1180 575 se-{

422 585 578 628 pulturam
600 585 843 618 ecclesiastimun
858 587 1092 629 associaverint,
1109 593 1161 621 aut
1177 582 1180 629 l

423 647 635 681 quascumque
659 639 877 682 processiones
897 640 935 673 de
959 641 1087 674 licentia
1109 641 1162 675 Or-

422 690 533 722 dinarii
551 691 715 733 faciendas,
731 693 1028 736 sanctissimumque
1043 694 1162 728 Eucha-
1177 709 1179 744 ,¹

422 744 527 776 ristiae
552 750 794 785 sacramentum,
809 751 870 778 tam
895 746 927 778 in
951 747 1179 791 processioni-l

422 798 502 837 bus,
533 808 627 840 quan]
660 809 731 830 cum
765 798 803 830 ad
835 799 978 833 infirmos
1003 805 1056 832 aut
1086 798 1179 842 alias}

422 850 611 893 ubicumque
636 856 665 882 et
689 851 986 895 quomodocumque
1010 863 1068 896 pro
1085 858 1179 898 tem-¹

423 914 499 947 pore
524 903 692 944 deseretur,
718 905 856 937 comitati
883 906 1020 946 suerint,
1046 911 1108 947 aut,
1134 902 1179 947 si}

422 957 573 1001 impediti,
598 969 767 1002 campanae
793 959 829 990 ad
855 959 886 991 id
906 959 996 1002 signo
1014 959 1097 1000 dato,
1118 971 1162 993 se-

422 1011 481 1043 mel
496 1011 670 1044 orationem
689 1011 877 1045 dominicam
897 1018 926 1045 et
940 1013 1160 1047 salutationem

421 1065 595 1107 angelicam
619 1065 772 1107 dixerint,
798 1069 850 1099 aut
874 1066 968 1099 etiam
994 1067 1161 1111 quinquies

422 1119 594 1151 orationem
620 1124 650 1151 et
674 1119 890 1152 salutationem
912 1120 1036 1153 easdem
1056 1131 1114 1164 pro
1131 1131 1162 1153 a-

421 1172 564 1204 nimabus
589 1171 808 1205 defunctorum
827 1174 1023 1206 confratrum
1041 1179 1071 1206 et
1091 1184 1162 1206 con-

421 1236 567 1259 sororum
592 1226 826 1269 praedictorum
863 1227 1083 1268 recitaverint,
1109 1224 1179 1259 aut!

421 1279 547 1311 demum
572 1279 708 1322 aliquem
732 1279 769 1310 ad
796 1279 877 1311 riam
904 1280 1011 1312 salutis
1031 1280 1161 1313 reduxe-

421 1332 500 1372 rint,
526 1337 553 1364 et
589 1332 769 1374 ignorantes
794 1338 961 1376 praecepta
992 1333 1047 1366 Dei
1072 1338 1101 1366 et
1125 1344 1160 1366 ea

422 1395 501 1429 quae
514 1385 551 1417 ad
570 1386 700 1417 salutem
716 1389 787 1418 sunt
799 1385 973 1425 docuerint,
995 1391 1049 1418 aut
1065 1386 1161 1430 quod-

422 1449 557 1481 cumque
581 1438 705 1482 pietatis
722 1439 770 1470 rel
795 1439 955 1472 charitatis
980 1450 1060 1483 opus
1078 1450 1162 1472 exer-

422 1492 552 1531 cuerint,
579 1492 669 1524 toties
686 1502 745 1535 pro
761 1492 900 1535 quolibet
924 1492 1159 1536 praedictorum

422 1556 553 1590 operum
580 1546 741 1588 sexaginta
772 1545 838 1578 dies
863 1546 900 1578 de
925 1546 1074 1579 iniunctis
1099 1546 1159 1587 eis,

421 1609 476 1632 seu
496 1599 570 1631 alias
595 1599 833 1642 quomodolibet
857 1598 978 1641 debitis,
996 1599 1160 1643 poeniten-

421 1652 471 1685 tiis
495 1653 526 1684 in
550 1652 651 1686 forma
678 1652 834 1685 Ecclesiae
860 1655 1009 1686 consueta
1033 1653 1157 1685 relaxa·
1177 1659 1178 1664 ¹

423 1715 501 1739 mus.

465 1760 479 1803 ἓ
495 1759 523 1791 4.
543 1759 761 1792 Praesentibus
778 1759 938 1802 perpetuis
957 1759 1069 1792 suturis
1088 1764 1160 1792 tem-

421 1814 552 1858 poribus
575 1812 725 1845 valituris.
752 1813 903 1845 Volumus
929 1818 1053 1853 autem,
1077 1816 1111 1846 ut
1135 1813 1160 1845 si

421 1867 495 1900 alias
526 1867 616 1900 dictis
646 1866 856 1899 confratribus
881 1871 910 1898 et
935 1865 1160 1899 consororibus

421 1921 595 1965 praemissa
612 1920 836 1964 perag-entibus
855 1920 989 1963 aliquam
1009 1920 1100 1952 alian]
1118 1919 1161 1952 in-

421 1974 612 2017 dulgentiam
633 1978 785 2017 perpetuo
807 1973 853 2005 rel
885 1973 922 2005 ad
942 1979 1065 2016 tempus
1082 1983 1160 2006 non-

421 2027 495 2060 dum.
520 2027 661 2070 elapsum
686 2026 869 2058 duraturam
900 2026 1159 2066 concesserimus,

420 2086 599 2125 praesentes
623 2080 727 2112 nullae
753 2080 830 2120 sint,
856 2080 1003 2123 quodque
1029 2079 1054 2111 si
1079 2079 1160 2113 dicta

421 2133 660 2167 confraternitas
697 2133 789 2165 alicui
820 2132 1159 2165 archiconsraternitati

421 2192 590 2231 aggregata
615 2187 676 2219 iam
691 2186 739 2227 sit,
757 2187 804 2219 rel
824 2186 1030 2230 imposterum
1052 2196 1158 2228 aggre-

422 2247 523 2284 getur,
545 2241 591 2273 vel
609 2240 717 2283 quavis
735 2240 794 2272 alia
812 2240 932 2272 ratione
953 2240 1088 2279 uniatur,
1106 2250 1161 2272 seu

422 2295 514 2327 etiam
540 2294 776 2337 quomodolibet
808 2293 1008 2332 instituatur,
1038 2293 1161 2337 priores

422 2353 452 2380 et
475 2347 603 2390 quaeris
627 2346 704 2379 aliae
729 2347 850 2379 litterae
866 2346 1057 2390 aijtostolicae
1082 2346 1179 2378 illis¹f

423 2401 600 2434 nullatenus
632 2400 854 2443 suffragentur,
879 2400 932 2433 sed
961 2411 997 2434 ex
1028 2406 1099 2434 tunc
1125 2411 1179 2434 eo¹

424 2454 492 2497 ipso
516 2464 647 2497 prorsus
668 2454 771 2486 nullae
796 2454 865 2486 sint.

467 2507 577 2539 Datum
595 2507 726 2547 Romae,
751 2507 835 2551 apud
863 2508 891 2540 S.
918 2506 1045 2541 Mariam
1070 2506 1162 2541 Maio-

460 2623 470 2649 1
493 2621 632 2650 videretur
652 2623 740 2658 potius
754 2622 899 2658 legendum
920 2623 966 2652 illi
985 2623 1025 2659 (a)
1040 2624 1089 2660 τ.).
1176 2633 1180 2653 ι

1232 384 1290 412 Dat.
1310 385 1353 413 die
1372 386 1407 414 ΞΟ
1426 385 1483 413 iulii
1505 386 1581 418 1639,
1603 387 1696 422 pontif.
1717 396 1787 415 auno
1806 395 1861 416 xvi.

1503 528 1624 562 DCL111.

1194 606 1370 650 Abi-oyatio
1396 609 1544 640 onmium
1566 608 1817 651 pricileqv'orum
1829 620 1934 653 perso-

1238 670 1281 692 na
1287 660 1369 692 lium
1378 661 1538 703 fratribus
1551 660 1682 694 Ordinis
1691 661 1857 695 Minorum
1866 673 1934 696 con·

1239 723 1409 746 cessorum.

1397 792 1532 819 Urbanus
1553 793 1631 826 Papa
1651 793 1728 825 VIII,

1319 837 1354 863 ad
1374 840 1549 871 perpetuam
1565 837 1609 865 rei
1627 838 1807 866 memoriam.

1241 908 1322 941 Inter
1347 912 1466 940 ceteras
1487 909 1675 952 apostolicae
1703 910 1860 943 servitutis
1885 921 1934 943 cu-

1196 971 1255 1001 ras,
1276 961 1389 1004 quibus
1407 961 1491 994 circa
1508 961 1695 994 universalis
1716 963 1872 996 Ecclesiae
1889 973 1934 996 re-

1195 1013 1301 1056 gimen
1325 1014 1495 1047 humilitati
1519 1021 1645 1048 nostrae
1662 1025 1679 1047 a
1701 1015 1836 1048 Domino
1852 1026 1934 1049 com-

1195 1067 1324 1099 missum
1356 1067 1479 1100 assidue
1510 1068 1705 1111 premimur,
1731 1079 1767 1101 ea
1789 1079 1847 1102 nos
1871 1079 1934 1102 non

1195 1130 1305 1163 parum
1331 1121 1481 1153 sollicitos
1505 1121 1606 1163 habet,
1626 1127 1658 1154 ut
1672 1132 1827 1166 personae
1844 1133 1935 1165 regu-

1195 1173 1276 1205 lares
1300 1173 1395 1205 divini
1419 1173 1557 1206 numinis
1582 1174 1743 1218 obsequiis
1769 1175 1826 1208 sub
1844 1177 1933 1209 suavi

1196 1225 1357 1268 religionis
1382 1227 1456 1269 iugo
1481 1227 1692 1271 mancipatae,
1718 1228 1802 1260 iuxta
1834 1239 1930 1272 regu-

1195 1278 1273 1311 laria
1296 1289 1405 1311 earum
1430 1279 1570 1312 instituta
1584 1272 1752 1313 salubriter
1773 1285 1932 1324 regantur,

1195 1337 1225 1364 et
1249 1338 1426 1376 propterea,
1451 1333 1476 1366 si
1500 1332 1579 1377 qua¹
1605 1334 1687 1366 felici
1712 1345 1819 1367 earum
1841 1336 1933 1368 statui

1195 1385 1316 1426 obesse,
1340 1392 1393 1419 aut
1417 1386 1447 1419 in
1468 1387 1595 1431 aliquod
1611 1387 1826 1420 observantiae
1843 1399 1933 1431 regu-

1195 1439 1268 1472 laris
1301 1450 1410 1473 earum
1435 1445 1464 1473 et
1494 1440 1678 1485 disciplinae
1711 1441 1933 1474 detrimentum

1195 1503 1326 1536 vergere
1351 1494 1582 1537 cognoscimus,
1608 1505 1654 1535 ea,
1674 1500 1825 1538 quantum
1843 1495 1934 1528 nobis

1195 1557 1229 1579 ex
1257 1547 1319 1580 alto
1343 1547 1538 1588 conceditur,
1563 1551 1763 1581 removemus
1779 1553 1809 1582 et
1824 1547 1932 1592 prohi-

1195 1600 1315 1642 bemus,
1339 1604 1435 1644 prout
1458 1601 1671 1645 conspicimus
1687 1601 1719 1634 in
1735 1601 1868 1635 Domino
1884 1611 1932 1635 sa—

1194 1653 1327 1686 lubriter
1353 1654 1508 1697 expedire.

1238 1707 1253 1749 ξ
1278 1707 1306 1739 l.
1331 1707 1407 1740 Cum
1432 1707 1554 1750 itaque,
1587 1707 1667 1740 sicut
1691 1707 1878 1751 accepimus,
1902 1707 1933 1741 in

1194 1759 1309 1793 Ordine
1326 1760 1459 1792 fratrum
1484 1760 1639 1792 Minorum
1658 1761 1753 1793 sancti
1775 1761 1934 1795 Francisci

1194 1814 1391 1847 introductus
1404 1814 1497 1848 suerit
1511 1815 1638 1854 abusus,
1652 1819 1685 1846 ut
1708 1814 1824 1858 passim
1845 1825 1862 1846 a
1881 1825 1934 1848 su-

1194 1867 1374 1911 perioribus
1399 1872 1505 1910 patres
1528 1867 1717 1910 privilegiati
1749 1868 1934 1909 efficiantur,

1194 1932 1230 1954 ex
1255 1931 1317 1964 quo
1343 1931 1492 1963 magnum
1517 1921 1703 1954 relaxationi
1729 1921 1843 1954 ostium
1865 1931 1934 1965 ape-

1194 1974 1285 2015 ritur,
1303 1979 1332 2007 et
1349 1974 1570 2017 gravissimum
1588 1975 1762 2018 paupertati
1781 1980 1810 2007 et
1829 1974 1933 2008 humi-

1194 2027 1291 2069 litati,
1317 2039 1394 2072 quas
1418 2027 1518 2060 dictus
1543 2028 1626 2061 Ordo
1652 2027 1839 2072 profitetur,
1868 2038 1928 2062 no-

1194 2086 1376 2115 cumentum
1396 2081 1537 2123 insertur,
1551 2087 1581 2114 et
1606 2086 1773 2124 propterea
1793 2081 1932 2114 unanimi

1176 2134 1348 2176 <vocalium
1374 2134 1404 2167 in
1429 2134 1567 2177 generali
1592 2134 1666 2167 dicti
1699 2134 1823 2168 Ordinis
1848 2134 1934 2178 capi-

1195 2188 1259 2221 tulo
1283 2198 1384 2231 nuper
1402 2188 1558 2221 celebrato
1576 2193 1840 2230 congregatorum
1858 2193 1932 2221 voto

1195 2241 1325 2274 abusum
1347 2241 1525 2274 huiusmodi
1543 2241 1727 2274 auctoritate
1743 2243 1850 2274 nostra
1867 2241 1934 2275 tolli

1177 2295 1406 2332 ¹desideratum
1432 2295 1542 2327 fuerit:

1239 2349 1254 2391 ξ,
1278 2348 1306 2380 ⁶2.
1333 2348 1413 2388 Nos,
1443 2347 1494 2391 qui
1526 2347 1704 2390 regularem
1736 2347 1931 2391 disciplinam

1195 2401 1310 2444 ubique
1326 2401 1441 2444 vigere,
1458 2404 1487 2434 et
1504 2411 1628 2433 omnem
1648 2401 1731 2433 illius
1749 2401 1931 2435 relaxationi

1195 2454 1275 2487 viam
1302 2454 1463 2498 praecludi
1488 2464 1689 2498 summopere
1714 2455 1867 2498 cupimus,
1896 2455 1933 2488 de

1195 2513 1375 2552 opportuno
1400 2508 1432 2541 in
1456 2508 1637 2552 praemissis
1662 2508 1814 2550 remedio,
1834 2518 1932 2552 quan-

1231 2624 1243 2651 1
1265 2623 1336 2652 Edit.
1357 2623 1436 2652 Maiu.
1457 2623 1522 2660 legit
1540 2631 1615 2660 quae
1634 2625 1670 2660 (τ,
1687 2625 1736 2659 ir).

1975 925 2095 946 Exordium.

1975 1719 2058 1741 causae
2069 1719 2131 1741 huius

1949 1745 2117 1767 Constitutionis.

1964 2357 2070 2386 ‚Revocat
2090 2358 2131 2387 pri-

1949 2384 2025 2409 vil-»gia
2058 2383 2132 2405 huius-

1948 2411 2004 2430 modi
2032 2409 2131 2432 fratribus

1948 2442 2057 2458 concessa.

2242 2985 2248 3229 ——w-
2241 2755 2248 2981 mmrm
2241 2655 2248 2750 ‘nm
2241 2550 2248 2651 m
2242 2534 2243 2539 Α
