2221 3224
146 232 195 257 Au.
213 231 240 257 C.
266 229 331 257 1629

235 1941 345 1961 Scxderun

163 1969 255 1988 decana<
284 1973 347 1992 super

164 1996 260 2015 nummus
284 1994 345 2013 inune<

164 2023 216 2042 sirus
248 2022 347 2041 eeclesia-

164 2051 221 2068 sticis
237 2050 332 2074 imponit.

378 218 441 252 ’106
920 223 1097 247 BULLAmUM

345 277 492 312 continua
512 276 652 320 pericula
677 279 768 318 atquc
793 272 985 311 discrimina,
1006 280 1085 313 quae

345 341 362 363 a
386 329 506 363 nefario
524 328 638 363 Christi
663 326 799 359 nominis
816 325 905 357 hoste
924 329 1085 356 turcarum

347 389 490 428 tyramno
509 381 702 426 principibus
719 385 748 411 ct
768 378 892 422 populis
909 377 1087 410 christianis
1102 366 1104 388 Ἰ

346 446 518 479 numquam
531 445 593 467 non
608 432 797 476 impendent,
808 431 897 463 nobis
908 430 1086 463 conficiunt,
1102 431 1104 465 l

347 490 554 533 Quapropter,
573 486 628 519 etsi
653 484 775 518 Domitii
801 483 854 515 Dei
882 483 1086 524 exercituum,

347 542 400 586 qui
415 551 561 585 sponsam
579 549 666 571 suam
685 536 856 570 Ecclesiam
872 541 1009 568 sanctam
1019 546 1089 579 pro·
1104 549 1106 584 ς

349 595 441 637 tegit,
466 592 624 637 praesidio
649 590 849 635 potissimum
875 588 1088 629 confidamus,

349 648 492 690 cogimur
506 651 609 678 tamen
627 655 685 688 pro
710 644 816 677 debito
841 642 1006 687 pastoralis
1026 653 1107 674 niu-i

349 701 433 734 neris
466 701 496 733 in
530 700 559 732 id
596 699 681 732 omni
718 697 907 741 cogitatione
943 696 1108 740 omnique

350 756 424 788 eura
457 754 657 794 incumbere,
683 757 716 784 ut.
744 750 934 795 provisionis
965 755 1092 783 nostrae

350 808 535 847 ministerio,
553 806 699 840 adhibitis
725 805 954 838 catholicorum
980 803 1093 847 princi-

351 872 426 906 pum
452 861 590 901 viribus,
616 859 698 892 mala
729 857 910 891 huiusmodi
940 857 1050 901 procul
1077 868 1093 889 a

352 915 470 959 populo
504 914 676 947 christiano
705 916 881 945 arceantur.
915 912 989 945 Cum
1020 921 1093 943 vero

351 969 421 1013 plus
449 968 523 1001 satis
549 971 668 1000 constet
693 965 837 998 eumdem
864 965 996 1008 impium
1023 969 1090 996 tur-

352 1032 461 1056 carum
488 1026 664 1066 tyramnum
690 1019 768 1052 niliil
788 1018 909 1051 aridius
930 1028 1094 1062 quaerere,

354 1085 448 1119 quam
479 1073 666 1107 christianos
691 1072 827 1116 populos
853 1071 1019 1111 invadere,
1045 1075 1094 1111 et,

355 1127 557 1162 christianam
568 1126 752 1169 religionem
766 1124 1014 1165 exteri‘niuando,
1025 1125 1097 1157 abo-

355 1181 558 1215 minationem
577 1190 663 1212 suam
683 1179 825 1223 plantare
849 1189 884 1210 ac
908 1188 1095 1221 propagare,

355 1235 483 1277 idcirco,
497 1244 555 1277 pro
570 1235 605 1265 ea
621 1243 714 1276 quam
729 1232 875 1264 universo
889 1231 979 1274 gregi
1001 1231 1098 1264 domi-

355 1289 426 1321 nico
459 1297 553 1321 curae
584 1291 710 1318 nostrae
741 1285 889 1317 divinitus
912 1284 1097 1317 ,commisso

356 1341 539 1385 impendere
565 1345 708 1372 tenemur
733 1338 952 1379 sollicitudine,
980 1338 1115 1370 malum*

356 1397 416 1430 hoc
441 1394 624 1428 iamdudum
650 1396 834 1434 metuentes7
853 1403 910 1435 pro
932 1391 1098 1425 0111611110-

358 1449 426 1494 stri·
439 1448 545 1481 debito
563 1448 753 1480 Venetorum
774 1445 943 1490 praecipue
967 1444 1099 1477 nobilis-

358 1503 470 1536 simam
495 1500 746 1544 Rempublicam,
772 1510 851 1542 quae
876 1498 1019 1531 hostibus
1038 1508 1100 1530 ma-

359 1556 442 1589 xime
456 1554 597 1599 exposita
617 1564 684 1586 esse
701 1552 907 1595 dignoscitur,
924 1561 987 1584 uon
1004 1551 1099 1583 semel

359 1609 390 1642 in
405 1608 538 1642 Domino
553 1606 706 1640 cohortati
725 1616 844 1645 sumus,
858 1615 895 1637 ne
914 1604 1099 1636 insidiarum

358 1662 450 1706 plena
464 1672 534 1694 eum
551 1660 654 1704 impiis
668 1670 756 1703 pace,
769 1658 882 1702 quihus
896 1668 958 1691 non
972 1663 1017 1690 est
1031 1668 1099 1701 pax,

360 1715 542 1755 confideret,
557 1714 610 1747 sed
628 1713 801 1757 prudenter
818 1717 952 1751 caveret,
967 1721 1101 1754 suasque

360 1780 448 1802 arces
472 1768 577 1812 potius
602 1772 632 1800 et
656 1767 724 1799 loca
748 1766 894 1805 muniret,
912 1765 1041 1797 classem
1073 1769 1102 1797 et

361 1823 420 1855 alia
444 1822 482 1855 ad
506 1821 623 1853 bellum
649 1819 826 1853 necessaria
850 1822 1049 1862 compararet
1073 1821 1102 1851 et

361 1882 468 1921 parata
492 1876 632 1908 haberet.

406 1930 420 1973 ξ
442 1930 466 1962 1.
484 1929 559 1962 Cum
577 1932 681 1960 autem
704 1927 846 1969 ingentes
866 1929 1009 1968 sumptus
1026 1924 1103 1956 haec

362 1995 412 2016 res
438 1983 584 2027 postulet,
604 1981 700 2014 felicis
722 1979 948 2013 recordationis
965 1978 1103 2011 Clemen-

364 2037 401 2070 tis
426 2037 490 2069 Vlll
513 2042 540 2069 et
567 2035 652 2067 Pauli
678 2035 711 2074 V,
732 2044 854 2066 necnon
878 2031 1023 2074 Gregorii
1042 2032 1120 2073 XV,=

363 2092 562 2135 aliorumque
577 2091 789 2123 Romanorum
808 2087 993 2120 Pontificum
1012 2096 1103 2129 prae-

364 2145 565 2177 decessorum
582 2148 763 2175 nostrorum
784 2140 921 2183 vestigiis
943 2140 1105 2171 inhaeren-

365 2203 420 2239 tes,
436 2208 503 2230 eam
529 2195 767 2239 Itmnpublicam
792 2194 822 2226 id
849 2194 937 2226 enixe
963 2193 1103 2234 flagitan-

367 2256 429 2284 tem
454 2249 672 2283 ecclesiasticis
697 2247 819 2280 auxiliis
839 2249 988 2290 prompto
1007 2245 1104 2277 liben-

367 2305 451 2349 tique
483 2304 588 2336 animo
622 2298 852 2335 [1111111111111111111
887 2298 1104 2338 decrevimus,

367 2357 561 2391 attendentes
593 2366 655 2389 non
689 2355 790 2387 solum
823 2364 879 2386 uos
912 2352 978 2384 eius
1014 2351 1105 2384 unius

368 2412 469 2451 saluti,
485 2421 592 2443 verum
612 2409 704 2441 ctiam
723 2408 894 2440 multorum
911 2416 946 2438 ac
964 2405 1105 2437 omnium

368 2465 473 2498 ltaliae
493 2465 684 2508 populorum
706 2460 1106 2506 inco]utilitati-consulere,

370 2529 441 2551 cum
467 2519 532 2561 ipsa
557 2518 596 2550 sit
627 2527 776 2560 magnum
802 2515 897 2549 totius
921 2515 1027 2548 Italiae
1051 2524 1108 2557 po-

410 2635 419 2661 l
439 2633 467 2660 Ni
483 2633 626 2669 legendum
641 2633 730 2669 potius
745 2632 778 2659 sit
793 2631 989 2660 adiuvandam
1005 2630 1043 2666 (a.
1059 2629 1108 2664 T.).

1122 222 1276 245 ROMANUM

1120 270 1269 313 palorum
1302 268 1552 310 munimentum,
1582 278 1617 301 ac
1642 267 1859 301 firmissimum

1121 321 1217 355 maris
1243 322 1391 354 Adriatici
1417 322 1705 365 propugnaculum.
1731 321 1861 360 Quamo-

1121 376 1208 408 brem
1241 386 1377 419 aequum
1411 380 1441 408 ct
1472 376 1585 409 rationi
1615 380 1860 409 consentaneum

1121 442 1188 464 esse
1213 430 1370 470 duximus,
1388 430 1488 463 cidem
1506 430 1717 474 Reipublicae,
1735 440 1860 463 eorum-

1121 485 1192 516 dem
1217 483 1384 517 Clementis
1408 488 1438 516 et
1462 483 1549 516 Pauli
1573 493 1696 516 necnon
1717 482 1861 525 Gregorii

1122 537 1402 581 praedecessorum
1427 537 1588 580 exemplo,
1613 535 1753 569 subsidio
1779 535 1861 568 deci-

1106 602 1245 636 ¹marum
1279 601 1314 623 ex
1346 589 1501 623 fructibus
1530 595 1559 622 et
1590 589 1763 622 redditibus
1787 588 1862 621 cleri

1124 644 1262 677 ciusdem
1278 645 1381 677 Status
1396 644 1583 676 Venetorum
1600 654 1658 686 pro
1671 642 1788 675 eisdem
1805 642 1864 675 usi-

1125 699 1183 730 bus
1208 698 1246 730 ad
1267 703 1387 731 certum
1416 701 1538 740 tempus
1562 696 1772 738 attribuendo,
1797 696 1865 728 sub-

1126 751 1251 792 venire,
1276 752 1399 783 tirmam
1425 750 1456 782 in
1481 749 1614 783 Domino
1638 749 1785 782 fiduciam
1809 749 1864 781 ha-

1127 805 1236 837 bentes
1253 806 1320 837 t'ore
1339 808 1371 837 ut
1388 814 1424 836 ea
1440 803 1629 847 Respublica
1648 803 1707 835 hac
1725 802 1866 836 testifica-

1129 858 1211 891 tione
1226 863 1375 901 paternae
1394 856 1561 890 voluntatis
1586 866 1662 899 erga
1685 866 1717 888 se
1740 860 1867 888 nostrae

1127 921 1189 944 11011
1214 911 1315 944 solum
1341 921 1373 943 se
1398 908 1485 943 esse¹
1511 908 1666 942 munitam
1692 913 1722 941 et
1750 918 1808 952 pro
1833 918 1868 940 re

1128 965 1201 997 nata
1225 964 1263 996 ad
1288 962 1518 996 resistendum²
1535 961 1695 995 communi
1720 960 1801 994 hosti
1817 971 1869 1004 pa-

1129 1023 1228 1050 ratam
1246 1018 1277 1050 in
1298 1018 1364 1051 dies
1386 1017 1486 1060 magis
1511 1019 1683 1055 conservet,
1698 1014 1752 1048 sed
1776 1014 1869 1047 etiam

1129 1070 1166 1103 ad
1202 1070 1352 1114 pristinos
1387 1070 1460 1103 belli
1497 1070 1627 1114 spiritus
1666 1067 1869 1101 resumendos

1130 1130 1238 1158 eontra
1262 1125 1408 1157 eumdem
1434 1129 1596 1157 turcarum
1622 1128 1801 1168 tyramnum
1819 1132 1869 1155 ex·

1112 1178 1260 1217 citetur,
1287 1182 1319 1211 ut
1350 1177 1400 1210 illc
1433 1177 1677 1211 christianorum
1710 1175 1807 1208 armis
1831 1175 1870 1208 ab

1131 1231 1275 1274 Europae
1289 1231 1404 1264 finibus
1418 1231 1587 1274 aliquando
1601 1229 1795 1262 detrudatur.
1809 1229 1871 1262 Nos

1132 1284 1238 1327 igitur,
1264 1285 1330 1317 istis
1358 1285 1552 1327 gravissimis
1577 1289 1606 1316 et
1631 1283 1810 1316 iustissimis
1834 1283 1872 1315 de

1132 1339 1235 1371 causis
1260 1339 1351 1379 moti,
1377 1343 1465 1372 motu
1489 1338 1638 1382 proprio,
1664 1348 1699 1370 ac
1724 1345 1760 1370 ex
1786 1338 1873 1370 certa

1133 1392 1272 1433 scientia,
1293 1403 1327 1425 ac
1347 1392 1385 1425 de
1409 1392 1599 1436 apostolicae
1622 1390 1783 1435 potestatis
1807 1391 1873 1434 ple-

1133 1446 1274 1479 nitudine
1287 1446 1413 1486 nostris,
1432 1451 1541 1479 tenore
1558 1445 1783 1489 praesentium,
1798 1443 1876 1477 indi-

1133 1499 1234 1532 cimus
1266 1505 1295 1532 et
1327 1500 1520 1543 imponin‘ius
1550 1499 1707 1532 sexdecim
1738 1497 1875 1531 decimas

1133 1553 1273 1596 integras
1298 1553 1439 1586 omnium
1461 1558 1490 1586 et
1515 1562 1790 1596 quorumcumque
1815 1551 1876 1585 sru-

1134 1612 1260 1647 ctuum,
1287 1607 1466 1639 reddituum
1499 1611 1529 1639 et
1558 1611 1768 1650 proventuum
1793 1615 1872 1648 qua-

1135 1670 1345 1703 rumcumque
1370 1659 1573 1692 ecclesiarum
1599 1658 1876 1702 patriarchalium,

1135 1712 1460 1756 arcliicl‘iiscopalium,
1480 1712 1715 1756 episcopalium,
1740 1711 1877 1744 abbatia-

1134 1766 1221 1806 lium,
1238 1767 1456 1809 capitularium
1472 1770 1501 1799 et
1518 1765 1780 1806 conventualium,
1796 1765 1878 1808 prio-

1136 1823 1258 1853 ratuum
1277 1830 1412 1862 quoque,
1426 1819 1728 1862 praepositurarum,
1745 1828 1879 1861 praepo-

1135 1872 1293 1912 sitatuum‚
1312 1872 1613 1916 praeceptoriarum,
1627 1872 1878 1911 canonicatuum,

1136 1926 1400 1970 praebendariun,
1409 1926 1607 1968 dignitatum,
1619 1925 1711 1957 ctiam
1723 1924 1878 1956 maiorum

1136 1991 1171 2012 ac
1184 1979 1417 2022 principalium,
1433 1984 1670 2022 personatuum,
1684 1977 1880 2010 administra-

1136 2033 1257 2065 tionum
1282 2036 1311 2066 et
1335 2033 1529 2072 officiorum,
1559 2037 1801 2074 ceterorumque
1825 2031 1879 2063 be-

1136 2087 1323 2120 neficiorum
1346 2086 1642 2124 ecclesiasticorum,
1660 2095 1732 2117 eum
1757 2086 1834 2117 cura
1851 2090 1881 2117 et

1137 2139 1203 2172 sine
1230 2142 1324 2179 cura,
1350 2139 1555 2178 secularium,
1582 2149 1617 2170 ac
1641 2138 1669 2170 S
1699 2137 1879 2177 Benedicti,

1138 2192 1166 2225 S.
1192 2192 1376 2235 Augustini,
1402 2191 1628 2232 Cluniacensis,
1655 2190 1879 2231 Cistereiensis,

1138 2244 1465 2285 I'raemonstratensis,
1491 2244 1519 2276 S.
1546 2244 1659 2283 Basilii,
1685 2243 1881 2277 Silvestrino-

1138 2310 1219 2341 1‘um,
1238 2303 1275 2340 et,
1296 2298 1349 2341 qui
1367 2298 1578 2341 proprietates
1595 2297 1798 2340 redditusque
1817 2308 1881 2330 cer-

1140 2358 1186 2385 tos
1204 2363 1239 2384 ex
1257 2351 1422 2395 privilegio
1440 2351 1612 2394 apostolico
1632 2351 1679 2384 vel
1697 2351 1772 2383 alias
1785 2350 1881 2395 possi-

1139 2406 1223 2446 dent,
1237 2405 1490 2445 lssemlicantium,
1505 2411 1534 2438 et
1548 2405 1731 2448 quorumvis
1745 2404 1881 2437 aliorum

1140 2459 1291 2493 Ordinum
1316 2459 1479 2502 utriusque
1505 2469 1597 2491 sexus
1617 2463 1646 2491 ct
1667 2457 1882 2501 congregatio-

1177 2540 1189 2565 1
1208 2539 1307 2565 Vocem
1323 2545 1379 2565 esse
1395 2537 1549 2564 redundare
1565 2541 1630 2573 puto
1645 2537 1683 2572 (R.
1700 2536 1748 2571 T.).

1176 2583 1192 2609 2
1213 2583 1358 2618 Pei-peram
1383 2583 1448 2610 edit.
1474 2581 1551 2610 main.
1581 2581 1645 2617 legit
1673 2580 1883 2610 restituendum

1142 2630 1179 2664 (a.
1197 2629 1244 2662 T.).

1870 219 1918 245 An.
1937 218 1966 245 C.
1989 218 2057 245 1629
