2248 3229
220 226 269 254 An.
287 226 316 256 C.
333 226 402 255 1633
449 217 513 251 34⁶2

419 275 620 319 stipulatione
638 259 874 315 interveniente,
889 283 1014 317 semper
1028 279 1059 306 et
1075 274 1160 307 omni

420 333 564 372 tempore
588 333 618 360 et
642 327 736 360 etiam
754 327 785 359 in
805 326 951 360 omnibus
976 332 1005 359 et
1029 327 1160 369 singulis

419 382 576 423 articulis,
601 380 759 424 modoque
791 386 821 413 et
853 381 954 414 forma
980 380 1161 424 praemissis

419 434 536 467 habere
561 439 660 477 grata,
685 434 786 467 valida
809 439 840 467 et
864 434 965 477 firma,
991 435 1161 469 attendere-

418 498 477 531 que
502 492 531 520 et
555 487 777 521 inviolabiliter
801 487 980 530 observare,
998 494 1028 522 et
1052 494 1161 522 contra

419 540 590 584 quidquam
615 551 678 575 non
702 541 821 584 faeere,
847 541 952 575 dicere
981 542 1029 575 vel
1054 542 1161 576 venire

418 593 456 626 de
481 595 549 627 iure
574 594 622 628 vel
648 594 686 628 de
710 595 803 636 sacto,
829 605 887 639 per
912 606 954 636 se,
978 595 1027 629 rel
1047 606 1104 640 per
1129 606 1161 628 a-

419 646 505 690 lium,
531 658 585 681 seu
610 647 671 682 alio
696 648 808 693 quovis
825 654 999 692 praetextu,
1017 649 1096 690 iure,
1117 659 1162 682 ra-

419 701 503 735 tione
528 702 575 735 vel
596 703 701 744 causa,
726 712 781 736 seu
805 702 948 746 quaesito
972 702 1089 745 colore,
1114 701 1161 735 di-

420 760 505 788 recte
520 755 568 788 vel
592 754 762 796 indirecte,
784 755 869 798 alias,
886 756 969 789 ultra
985 755 1161 800 praecisam

417 809 651 853 promissorum
671 814 701 842 et
726 814 954 843 conventorum
971 809 1114 843 omnium
1132 814 1162 842 et

418 862 618 906 singulorum
632 863 894 905 observationem,
908 862 946 896 ad
962 874 1056 908 quam
1071 873 1162 907 quae-

418 915 496 950 libet
512 917 585 961 pa'rs
601 917 840 951 contraveniens
857 927 912 950 seu
932 917 1161 951 contrafaciens

418 970 560 1014 praecise
585 971 655 1014 cogi
679 971 789 1016 possit,
815 971 915 1004 teneri
940 971 1034 1004 etiam
1063 971 1162 1004 voluit

420 1033 481 1056 una
497 1034 570 1068 pars
593 1024 633 1057 ad
652 1025 793 1067 alteram,
812 1030 841 1058 et
857 1025 956 1058 altera
975 1024 1014 1058 ad
1030 1025 1160 1058 alteram

419 1078 457 1111 ad
481 1077 586 1111 omnia
611 1083 640 1111 et
664 1077 788 1121 singula
812 1078 936 1119 damna,
961 1088 1112 1123 expensas
1132 1083 1162 1111 ct

420 1132 581 1173 interesse,
606 1143 664 1176 per
687 1137 811 1176 partem
837 1132 1059 1166 observantem
1083 1143 1160 1175 quo-

419 1186 591 1220 modolibet
608 1186 755 1230 patienda
772 1192 802 1219 et
819 1186 1019 1227 incurrenda,
1037 1186 1075 1219 de
1092 1186 1162 1229 qui-

419 1239 477 1272 bus
501 1244 601 1272 stetur
625 1239 718 1272 etiam
744 1240 811 1273 eius
836 1240 972 1284 simplici
997 1239 1161 1273 assertioni

419 1292 538 1335 absque
559 1302 655 1326 onere
675 1292 804 1327 alterius
821 1292 1028 1337 probationis.

465 1345 525 1379 Pro
549 1345 664 1389 quibus
688 1345 835 1379 omnibus
861 1351 891 1379 et
915 1346 1048 1389 singulis
1065 1345 1163 1378 [irmi-

419 1404 467 1433 ter
491 1404 522 1432 ct
542 1399 764 1433 inviolabiliter
788 1399 1002 1440 observandis,
1022 1399 1162 1432 tenendis

420 1459 450 1486 et
467 1449 686 1497 adimplendis,
706 1453 859 1497 praedicti
884 1453 1115 1486 illustrissimus
1133 1458 1163 1485 et

419 1507 701 1540 reverendissimus
741 1507 892 1542 Ernestus
923 1506 1091 1540 cardinalis
1122 1506 1161 1539 ab

420 1561 572 1602 Harracli,
597 1560 855 1605 archiepiscopus
880 1561 1057 1604 pragensis,
1074 1566 1104 1593 et
1129 1561 1162 1593 il-

420 1614 628 1648 lustrissimus
652 1620 682 1648 et
706 1613 988 1648 reverendissimus
1015 1613 1162 1648 domiuus

421 1668 550 1701 loannes
575 1668 712 1712 Baptista
736 1668 904 1702 cardinalis
924 1668 1085 1708 Pallottus,
1109 1678 1161 1699 ar-

420 1721 641 1766 chiepiscopus
666 1721 954 1756 Thessalonicensis
972 1732 1007 1754 ac
1026 1720 1161 1754 nuncius

420 1776 621 1819 apostolicus,
638 1786 655 1808 a
671 1775 874 1809 Sanctissimo
894 1775 1027 1808 Domino
1051 1779 1160 1808 nostro

421 1829 556 1873 Papa,ut
570 1829 757 1873 praefertur,
771 1828 920 1872 deputati,
934 1828 1162 1862 ecclesiasticos

421 1892 531 1916 omnes
541 1887 571 1915 et
582 1882 723 1925 singulos
736 1883 826 1925 regni
839 1882 1018 1922 Bohemiae,
1032 1892 1067 1915 ac
1080 1881 1162 1914 bona

421 1936 526 1969 omnia
551 1941 581 1969 et
605 1936 737 1979 singula,
762 1936 908 1969 introitus
932 1941 963 1969 et
986 1936 1055 1969 iura
1072 1945 1163 1979 quac-

422 2000 559 2033 cumque
575 1989 786 2023 ecclesiastica
802 1989 876 2022 dicti
894 1989 994 2032 regni,
1008 1988 1161 2033 praedicti

422 2053 496 2076 vero
519 2042 723 2077 illustrissimi
748 2042 867 2076 domini
894 2042 1041 2076 dominus
1072 2042 1163 2075 Maxi-

422 2097 568 2130 milianus
597 2107 703 2130 comes
730 2096 768 2130 de
791 2095 1071 2138 Trautmansdorff,
1093 2101 1161 2138 etc„

422 2151 568 2184 dominus
592 2151 765 2184 Gulielmus
794 2162 901 2185 comes
925 2151 1065 2191 Slavata,
1092 2155 1161 2193 etc,

423 2209 453 2237 et
475 2204 621 2237 dominus
645 2203 714 2238 Otto
744 2204 824 2238 liber
846 2204 924 2238 baro
952 2204 990 2237 de
1022 2203 1161 2245 Hostitz,

423 2263 504 2299 ete.,
536 2268 553 2290 a
586 2258 788 2305 serenissimo
812 2258 941 2291 domino
965 2257 1162 2299 Ferdinando

424 2312 615 2356 imperatore
643 2316 673 2344 et
697 2311 865 2345 Bohemiae
896 2321 971 2354 rege
1002 2311 1162 2355 praedicto

423 2364 574 2409 deputati,
588 2365 732 2399 eumdem
750 2364 984 2398 serenissimum
998 2364 1160 2397 dominum

424 2418 657 2451 Ferdinandum
686 2418 909 2462 imperatorem
941 2423 971 2450 et
996 2417 1163 2451 Bohemiae

424 2482 532 2515 regem
558 2472 688 2515 eiusque
719 2471 751 2504 in
772 2471 854 2504 dicto
872 2470 1040 2504 Bohemiae
1065 2480 1163 2513 regno

424 2525 575 2559 haeredes
599 2531 629 2559 et
653 2536 852 2559 successores
887 2534 1104 2569 quoscumque
1133 2524 1164 2556 in

425 2585 633 2623 perpetuum,
665 2591 700 2614 ae
729 2580 849 2624 regiam
885 2579 1024 2613 eiusdem
1064 2578 1164 2611 Bohc-

426 2633 505 2667 miae
531 2644 697 2676 cameram,
715 2639 744 2669 et
768 2634 872 2668 omnia
896 2638 924 2668 ct
946 2632 1068 2676 singula
1086 2631 1165 2666 eius-

998 226 1178 250 BULLARIUM
1198 226 1353 250 ROMANUM

1195 273 1266 306 dem
1284 283 1427 306 camerae
1444 272 1536 314 hona,
1552 273 1697 308 introitus
1711 277 1740 307 et
1760 274 1827 306 iura
1844 282 1936 317 quae-

1196 336 1341 370 cumque,
1356 326 1449 359 etiam
1475 326 1507 358 in
1530 326 1632 360 forma
1656 326 1881 369 guarantigiae,
1905 331 1934 359 et

1195 379 1303 423 quavis
1327 379 1387 412 alia
1407 379 1501 412 etiam
1522 379 1681 420 strictiori,
1701 386 1732 413 et
1754 381 1813 413 sub
1837 379 1934 413 verbo

1195 432 1384 476 principum,
1395 432 1463 465 aliis
1477 432 1635 473 clausulis,
1645 432 1934 466 renunciationibus

1196 492 1225 520 et
1243 486 1371 520 cautelis
1389 486 1490 520 solitis
1505 491 1535 519 et
1551 486 1708 521 consuetis
1723 485 1891 520 efficaciter
1905 492 1934 519 et

1196 540 1385 574 validissime
1409 540 1592 584 obligarunt
1616 545 1645 573 et
1666 539 1934 584 hypothecarum,

1196 599 1223 627 et
1239 594 1369 638 quilibet
1381 604 1502 637 eorum,
1518 599 1612 638 prout
1624 592 1662 627 ad
1679 603 1935 637 unumquemque

1196 647 1337 691 ipsorum
1354 647 1445 681 dictis
1461 647 1641 681 nominibus
1657 650 1776 691 spectat
1793 651 1823 679 et
1839 645 1935 690 perti-

1195 707 1256 742 nct,
1274 700 1424 744 obligavit
1448 705 1478 734 et
1501 700 1722 745 hypothecas-it
1738 700 1831 733 etiam
1849 699 1935 733 omni

1196 755 1319 789 meliori
1339 754 1444 796 modo,
1461 759 1529 796 ete,
1547 759 1576 788 et
1593 753 1645 795 ita,
1662 763 1719 798 per
1734 753 1835 787 dictos
1853 752 1936 786 illus-

1196 809 1371 843 trissimum
1396 814 1426 842 et
1449 807 1747 842 reverendissimum
1773 807 1936 841 dominum

1196 863 1362 897 Ernestum
1386 862 1577 896 cardinalem
1594 861 1633 894 ab
1654 861 1794 894 Harrach
1818 860 1938 894 arehie-

1195 918 1360 961 piscopum
1377 917 1579 960 Pragensem,
1597 921 1627 949 et
1643 915 1892 948 illustrissimum
1907 919 1938 947 et

1195 971 1492 1005 reverendissimum
1509 966 1673 1004 dominum
1690 969 1838 1003 Ioannem
1862 969 1938 1013 Bap-

1196 1025 1300 1058 tistam
1318 1024 1509 1058 cardinalem
1534 1023 1703 1057 Pallottum
1727 1022 1938 1067 archiepisco-

1196 1089 1271 1123 pum
1285 1079 1595 1112 Thessalonicensem
1610 1082 1640 1111 et
1652 1076 1803 1111 nuncium
1816 1080 1937 1120 aposto-

1196 1133 1302 1174 licum,
1313 1143 1402 1166 more
1416 1132 1623 1166 cardinalium
1639 1131 1729 1165 tactis
1745 1130 1936 1175 pectoribus,

1196 1192 1225 1219 et
1242 1197 1298 1230 per
1315 1186 1416 1220 dictos
1433 1185 1663 1229 illustrissimos
1676 1185 1822 1219 dominos
1835 1183 1936 1217 domi-

1196 1250 1270 1272 num
1278 1240 1523 1273 Maximilianum
1537 1239 1683 1273 comitem
1694 1239 1731 1272 de
1741 1234 1938 1272 Trautmans-

1196 1293 1287 1334 dorff,
1305 1298 1373 1335 ete,
1391 1292 1555 1326 dominum
1570 1292 1771 1327 Gullielmum
1789 1291 1936 1325 comitem

1196 1346 1328 1389 Slavata,
1346 1351 1403 1379 etc.
1418 1351 1448 1379 et
1465 1346 1627 1380 dominum
1645 1345 1789 1379 Ottonem
1801 1345 1936 1377 liberum

1195 1399 1347 1433 baronem
1365 1399 1404 1432 de
1420 1400 1550 1440 llostitz,
1565 1404 1637 1442 eto,
1655 1399 1746 1432 tactis
1761 1398 1935 1442 scripturis,

1195 1453 1233 1485 ad
1266 1458 1465 1487 sacrosancta
1493 1453 1548 1486 Dei
1574 1452 1732 1496 evangelia
1743 1479 1750 1493 ,
1783 1451 1935 1486 iurarunt.

1195 1507 1298 1551 Super
1322 1507 1447 1552 quibus,
1473 1511 1531 1540 etc⁴

1239 1563 1351 1594 Actum
1366 1561 1501 1594 Viennae
1513 1560 1656 1593 Austriae
1667 1559 1698 1592 in
1710 1559 1840 1592 aedibus
1850 1569 1938 1603 prae-

1195 1614 1247 1648 fati
1264 1614 1468 1649 illustrissimi
1493 1619 1522 1647 et
1543 1613 1798 1646 reverendissimi
1818 1612 1937 1645 domini

1195 1667 1362 1701 cardinalis
1376 1668 1414 1700 ab
1424 1667 1575 1707 Harrach,
1588 1666 1808 1710 praesentibus
1822 1664 1936 1698 ibidem

1195 1721 1428 1766 perillustribus
1449 1731 1484 1754 ae
1505 1719 1676 1754 admodum
1692 1718 1873 1753 reverendis
1887 1718 1939 1752 do-

1196 1775 1289 1808 minis
1305 1775 1433 1809 domino
1447 1774 1580 1818 losepho
1595 1773 1702 1808 Curtio
1719 1772 1939 1807 Cremonensis

1195 1829 1348 1863 dioecesis
1361 1833 1392 1862 et
1407 1828 1534 1862 Octavio
1551 1827 1728 1861 Ridolfucio
1744 1825 1939 1860 Camerinen-

1196 1883 1248 1923 sis,
1273 1882 1403 1916 testibus
1427 1881 1466 1914 ad
1491 1881 1664 1926 praemissa
1689 1880 1867 1925 specialiter
1882 1880 1938 1913 lia—

1195 1936 1277 1977 bitis,
1302 1935 1463 1976 adhibitis,
1481 1935 1598 1968 voeatis
1623 1940 1654 1968 et
1677 1934 1804 1977 rogatis.

1240 1990 1277 2023 Et
1300 1989 1373 2034 quia
1398 1999 1456 2032 ego
1481 1989 1577 2022 Iulius
1595 1988 1684 2022 Picca
1702 1987 1735 2020 U.
1755 1987 1775 2020 Ι.
1796 1987 1829 2020 D.
1847 1997 1937 2031 apos—

1196 2043 1291 2077 tolica
1315 2042 1500 2076 auctoritate
1523 2041 1675 2083 notarius,
1701 2051 1737 2073 ac
1763 2039 1938 2072 illustrissi-

1197 2097 1239 2130 mi
1272 2102 1302 2130 et
1332 2095 1586 2130 reverendissimi
1618 2094 1737 2128 domini
1770 2093 1938 2127 cardinalis

1196 2150 1319 2184 Pallotti
1342 2149 1449 2182 nuncii
1469 2148 1632 2193 apostolici
1651 2147 1797 2181 antedicti
1815 2147 1937 2181 cancel-

1196 2203 1302 2246 larius,
1320 2203 1358 2236 de
1377 2202 1546 2247 praedictis
1568 2202 1600 2235 in
1620 2201 1756 2235 solidum
1779 2201 1841 2233 una
1865 2210 1937 2234 cum

1196 2257 1395 2300 infrascripto
1420 2255 1548 2289 domino
1572 2255 1705 2289 Ascanio
1722 2254 1760 2287 de
1777 2253 1937 2288 Strasoldo

1196 2310 1329 2353 notario,
1355 2315 1423 2352 eto,
1449 2314 1578 2353 rogatus
1603 2309 1701 2350 extiti,
1722 2308 1792 2341 ideo
1813 2307 1844 2340 in
1870 2318 1937 2340 om-

1196 2364 1283 2397 nium
1296 2369 1326 2397 et
1349 2364 1548 2407 singulorum
1564 2363 1659 2396 fidem
1680 2373 1732 2396 me
1752 2361 1934 2405 subscripsi,

1196 2423 1225 2451 et
1250 2418 1376 2451 solitum
1403 2428 1508 2451 meum
1529 2417 1653 2461 signum
1678 2415 1810 2461 apposui
1835 2414 1936 2458 requi-

1197 2471 1283 2513 situs,
1302 2476 1359 2504 etc.

1241 2525 1278 2557 Et
1301 2525 1374 2568 quia
1391 2535 1450 2567 ego
1468 2524 1618 2557 Ascanius
1638 2523 1675 2556 de
1700 2521 1870 2562 strasoldo,
1884 2531 1937 2554 no-

1197 2577 1294 2610 tarius
1306 2578 1452 2621 publicus
1466 2577 1655 2621 apostolicus
1667 2581 1696 2609 et
1709 2575 1890 2619 imperialis,
1901 2585 1936 2608 ac

1196 2630 1288 2664 iudex
1306 2630 1494 2673 ordinarius,
1513 2630 1550 2664 de
1575 2628 1742 2674 praedictis
1768 2627 1937 2662 insolidum

1947 224 1995 251 An,
2014 224 2041 251 C.
2063 223 2130 252 1633
