2248 3229
222 196 272 225 An.
289 196 317 225 C.
342 196 407 226 1631
458 189 522 223 ⁶248

247 896 342 917 Pontifex
359 901 404 917 ear·

221 923 286 944 dinan
314 923 404 944 Pallotto

221 952 244 970 ut
271 950 356 971 obsides
385 951 403 970 ei

220 977 319 998 restituat
345 982 403 998 mau-

221 1004 264 1024 dat.

247 1910 297 1931 Cum
306 1912 404 1936 opportu-

219 1938 252 1959 nis
266 1938 377 1959 cambutis.

420 246 572 291 gimenti,
603 252 633 281 et
662 247 739 281 baro
772 248 810 280 de
834 248 1037 291 Aiguebona,
1061 249 1154 281 etiam

421 300 614 333 colonnellus
625 300 717 332 unius
730 300 907 343 regimenti,
922 306 951 333 et
963 300 1156 343 gubernator

420 353 458 385 de
482 353 662 393 Brianzone,
682 363 740 396 pro
765 353 874 386 eodem
899 353 1057 388 Ludovico
1080 366 1156 398 rege

420 405 545 439 obsides
569 405 658 438 nobis
682 405 745 438 dati
772 406 916 447 suerunt,
945 406 1009 440 suis
1032 407 1102 441 loco
1127 414 1156 440 et

420 463 563 501 tempore
578 458 777 499 restituendi3
795 459 850 492 tibi
870 470 945 494 vero
961 471 1018 504 per
1034 466 1156 494 nostras

419 511 451 543 in
468 511 561 543 simili
585 511 687 544 forma
711 512 818 546 Brevis
843 514 1001 557 expeditas
1026 515 1156 556 litteras,

419 574 553 607 quarum
570 570 695 598 tenores
719 567 937 609 praesentibus
958 578 1017 612 pro
1033 579 1157 612 expres-

420 618 461 651 sis
491 627 527 651 ac
551 618 589 651 de
613 619 710 653 verbo
734 620 773 652 ad
798 621 928 654 verbum
954 622 1079 655 insertis
1103 623 1156 656 ha-

419 670 486 704 beri
511 671 671 714 volumus,
696 672 944 716 iffiunxerimus,
969 680 1003 708 ut
1034 675 1158 709 obsides

420 724 601 759 huiusmodi
630 726 788 771 reciperes
819 728 943 761 nonnisi
977 729 1035 761 sub
1066 729 1158 763 certis

420 778 515 812 modo
539 784 570 812 et
593 779 694 813 forma
719 785 792 814 tunc
817 782 974 826 expressis
996 783 1159 817 restituen-

419 832 515 866 dos':

464 886 479 929 g
503 885 533 918 2.
558 886 631 929 Nos,
652 888 706 931 qui
729 898 787 932 per
810 889 887 922 alias
911 895 1034 924 nostras
1058 890 1089 923 in
1119 891 1159 924 si-

420 939 486 972 mili
511 940 612 974 forma
636 940 744 974 Brevis
768 942 928 986 expeditas
959 943 1079 977 litteras
1103 945 1159 977 tibi

419 992 622 1035 iniunximus,
640 998 674 1026 ut
691 994 828 1035 obsides,
845 1005 904 1039 pro
924 996 1110 1031 charissimo
1128 997 1160 1030 in

419 1046 541 1080 Christo
564 1046 630 1080 filio
653 1052 762 1081 nostro
786 1048 984 1083 Ferdinando
1008 1050 1161 1084 Romano-

417 1109 489 1132 rum
506 1110 582 1143 rege
598 1100 630 1132 in
647 1100 872 1144 imperatorem
897 1102 996 1136 electo
1015 1103 1160 1136 similiter

418 1152 521 1194 datos,
546 1154 638 1197 plena
662 1153 805 1188 libertate
829 1154 973 1196 donares,
993 1161 1159 1200 postquam

418 1205 587 1250 adimpleta
601 1206 723 1240 fuerant
736 1217 816 1250 quae
836 1217 872 1240 ex
888 1212 978 1251 parte
999 1208 1073 1242 dicti
1090 1210 1161 1242 Fer-

418 1259 546 1292 dinandi
566 1260 650 1303 regis
668 1260 699 1292 in
715 1260 940 1304 imperatorem
957 1262 1047 1295 electi
1064 1263 1161 1296 adim-

417 1313 531 1358 plenda
545 1317 643 1355 erant,
658 1314 840 1358 praemissis
857 1315 991 1359 attentis,
1007 1320 1036 1350 et
1052 1316 1084 1349 in
1097 1318 1159 1350 vim

419 1367 627 1411 capitulorum
642 1394 650 1409 ,
675 1367 714 1400 de
745 1368 880 1412 quibus,
905 1374 940 1402 ut
963 1370 1159 1413 praefertur,

420 1421 582 1462 convenit,
614 1421 822 1465 primodictos
846 1422 971 1456 obsides
994 1435 1053 1468 pro
1077 1424 1160 1459 dicto

419 1473 578 1508 Ludovico
595 1485 670 1518 rege
686 1474 775 1508 datos
798 1475 936 1509 libertati
955 1478 1049 1511 etiam
1073 1479 1161 1512 resti-

419 1527 552 1561 tuendos
577 1532 760 1569 censentes,
789 1529 1065 1574 circumspectioni
1090 1537 1159 1566 tuae

418 1591 476 1625 per
499 1587 680 1625 praesentes
704 1582 907 1626 iniungimus,
925 1589 959 1617 ut
982 1585 1097 1627 statim,
1114 1596 1161 1619 ac-

419 1635 516 1678 ceptis
540 1635 767 1679 praesentibus,
786 1636 879 1669 etiam
896 1637 1020 1671 obsides
1038 1640 1161 1683 praedi-

418 1692 495 1730 ctos,
516 1698 574 1731 pro
598 1688 682 1722 dicto
706 1689 864 1723 Ludovico
881 1701 956 1734 rege
976 1696 1010 1724 ut
1026 1692 1160 1736 praeser-

419 1746 470 1774 tur
494 1741 603 1785 datos⁷
628 1743 721 1786 plena
745 1743 892 1777 libertate
915 1744 1012 1778 dones
1036 1746 1159 1789 illisque

419 1802 573 1831 eteorum
589 1797 716 1832 cuilibet
729 1809 792 1841 quo
805 1798 884 1831 sibi²
899 1799 1052 1843 placuerit
1065 1801 1158 1833 eundi

419 1850 598 1884 facultatem
621 1850 783 1884 concedas.

464 1904 479 1947 ᾗ
502 1903 532 1937 3.
557 1904 708 1937 Volumus
733 1909 847 1946 autem,
868 1909 902 1937 ut
922 1915 1018 1949 super
1039 1906 1160 1950 praedi-

420 1963 543 1991 ctorum
557 1958 703 1992 obsidum
716 1958 910 2001 liberatione,
926 1969 996 1992 cum
1014 1970 1160 2003 praesen-

418 2012 498 2045 tium
522 2022 558 2045 ac
582 2011 724 2045 omnium
741 2016 771 2044 et
795 2012 992 2055 singulorum
1013 2013 1158 2055 aliorum,

419 2075 498 2109 quae
522 2076 582 2110 pro
606 2066 788 2110 praemissis
819 2066 877 2100 rite
902 2072 932 2099 ct
956 2071 1039 2101 recte
1068 2078 1159 2111 pera-

419 2118 529 2162 gendis
559 2118 736 2152 necessaria
767 2124 798 2152 et
822 2124 999 2163 opportuna
1023 2121 1158 2162 suerint,

420 2172 603 2215 insertione,
628 2173 789 2216 publicum
814 2173 1057 2207 instrumentum
1083 2185 1157 2209 con-

420 2225 470 2259 fici
496 2230 526 2260 et
550 2226 704 2259 celebrari
729 2236 829 2259 cures.

464 2280 574 2313 Datum
588 2280 716 2321 Romae,
726 2280 809 2324 apud
821 2280 849 2313 S.
861 2280 989 2314 Mariam
998 2281 1158 2323 Maiorem,

420 2333 478 2366 sub
502 2334 617 2367 annulo
638 2334 814 2375 piscatoris,
839 2335 888 2367 die
912 2345 1002 2369 xxvii
1027 2341 1159 2379 septem-

420 2388 485 2421 bris
502 2397 653 2431 nncxxxl,
670 2388 869 2432 pontificatus
893 2389 992 2424 nostri
1016 2399 1097 2423 anno
1117 2400 1156 2424 lx.

455 2459 513 2487 Dat.
530 2460 573 2488 die
587 2460 620 2487 27
636 2460 799 2496 septembris
814 2460 891 2496 1631,
909 2461 1002 2496 pontis.
1020 2469 1090 2490 anno
1104 2467 1139 2488 lx.

456 2566 470 2592 1
492 2566 559 2593 Vide
578 2574 661 2601 supra
680 2573 740 2602 pag.
762 2565 809 2594 231
834 2567 870 2601 (n.
886 2567 936 2602 τ.),

456 2609 473 2637 2
487 2610 554 2638 Male
568 2611 632 2639 edit.
649 2611 727 2639 lllaiu.
744 2611 807 2647 legit
824 2612 876 2640 tibi
890 2614 929 2647 (n.
942 2612 989 2646 T.).

999 200 1177 225 BULLARIUM
1200 200 1356 228 ROMANUM

1489 252 1625 288 CDXVII.

1193 321 1284 361 Quod
1308 323 1550 357 constitutiones
1574 326 1770 368 apostolicae
1801 327 1838 360 in
1861 337 1931 362 con-

1234 377 1435 409 cernentibus
1448 377 1545 419 fidem
1558 377 1753 412 catholicam
1762 384 1791 413 et
1800 385 1932 415 sanctae

1233 428 1461 471 inquisitionis
1477 430 1621 473 officium
1641 431 1795 465 hactenus
1813 433 1928 475 editae,

1234 483 1263 511 et
1276 480 1488 523 imposterum
1503 482 1603 514 etiam
1619 492 1716 526 super
1728 493 1931 529 quacumque

1235 532 1304 565 atio
1317 543 1351 566 re
1367 533 1517 575 edendae,
1537 545 1642 568 omncs
1665 536 1829 580 reqntares
1845 535 1931 581 qno-

1235 585 1407 619 modolibet
1416 587 1640 631 priviteqiatos
1650 589 1931 634 comprehendant,

1236 639 1303 672 nisi
1319 639 1375 673 itti
1390 640 1575 684 specialiter
1591 643 1824 686 excipiantur&

1396 721 1533 748 Urbanus
1553 722 1632 756 Papa
1651 723 1729 757 vm,

1309 766 1345 792 ad
1369 768 1544 800 perpetuam
1563 767 1608 794 rei
1631 767 1811 797 memoriam.

1237 835 1323 877 Cum,
1341 836 1420 870 sicut
1439 837 1628 881 accepimus,
1646 838 1743 872 sancti
1763 838 1931 882 Benedicti,

1193 888 1415 932 Cisterciensis,
1428 890 1755 933 praemonstratensis,
1765 892 1794 926 S.
1804 894 1929 927 Antoni'

1193 942 1231 975 de
1255 942 1284 976 S.
1305 943 1439 977 Antonio
1459 943 1652 986 Viennensis,
1670 945 1831 980 Societatis
1850 947 1929 990 Iesu,

1193 1005 1228 1028 ac
1253 996 1388 1029 aliorum
1408 997 1512 1030 forsan
1532 997 1695 1039 Ordinum,
1715 1001 1932 1043 congregatio-

1192 1058 1280 1090 num,
1302 1049 1485 1084 societatum
1514 1056 1545 1084 et
1572 1051 1786 1086 institutorum
1810 1054 1932 1097 regula-

1193 1101 1276 1135 rium
1306 1102 1523 1146 professores,
1553 1104 1661 1148 vigore
1685 1115 1740 1139 seu
1768 1110 1931 1150 praetextu

1192 1155 1430 1198 privilegiorum
1444 1160 1474 1191 et
1486 1156 1681 1191 indultorum
1705 1158 1764 1193 sibi
1777 1159 1931 1204 dictisque

1193 1207 1371 1250 Ordinibus,
1395 1211 1704 1254 congregationibus,
1729 1212 1930 1248 societatibus

1193 1266 1223 1294 et
1247 1262 1395 1296 institutis
1424 1263 1462 1296 ab
1485 1264 1544 1297 hac
1569 1267 1674 1299 sancta
1698 1265 1777 1300 Sede
1798 1268 1930 1311 Aposto-

1193 1315 1264 1357 lica,
1288 1320 1352 1349 tam
1376 1327 1434 1360 per
1458 1317 1540 1350 viam
1565 1328 1672 1352 merae
1702 1320 1930 1362 concessionis,

1193 1378 1287 1412 quam
1312 1370 1615 1413 communicationis,
1635 1372 1728 1405 etiam
1746 1378 1834 1407 motu
1857 1384 1931 1418 pro-

1193 1423 1263 1466 prio
1288 1428 1318 1456 et
1342 1433 1379 1457 ex
1406 1425 1492 1458 certa
1516 1425 1654 1469 scientia,
1680 1426 1782 1471 deque
1805 1433 1931 1472 aposto-

1194 1476 1271 1510 licae
1282 1478 1444 1521 potestatis
1458 1478 1662 1522 plenitudine,
1675 1480 1767 1513 etiam
1782 1481 1933 1515 consisto-

1194 1530 1313 1563 rialiter
1337 1541 1577 1575 concessorum,
1603 1533 1633 1566 in
1658 1534 1933 1568 constitutionibus

1193 1584 1394 1626 generalibus
1418 1595 1436 1617 a
1459 1585 1550 1619 nobis
1575 1591 1605 1619 et
1628 1585 1711 1619 dicta
1729 1586 1807 1620 Sede
1830 1587 1932 1621 hacte-

1193 1647 1252 1669 nus
1277 1637 1366 1669 editis
1390 1642 1420 1671 ct
1444 1638 1481 1671 de
1507 1643 1611 1672 cetero
1632 1639 1760 1672 edendis
1785 1649 1818 1672 se
1841 1640 1931 1673 mini-

1194 1701 1242 1724 me
1261 1691 1485 1736 comprehendi
1511 1693 1728 1736 praetendant,
1747 1693 1807 1726 nisi
1833 1693 1871 1727 de
1887 1693 1932 1728 eis

1193 1745 1348 1788 specialis,
1365 1745 1522 1789 specifica,
1547 1745 1707 1780 individua
1731 1751 1761 1780 et
1784 1757 1931 1792 expressa

1194 1798 1312 1831 mentio
1331 1798 1400 1831 fiat:

1231 1896 1239 1922 t
1265 1896 1457 1931 Inquisitorum
1478 1897 1632 1926 haereticae
1654 1898 1795 1934 pravitatis
1818 1899 1932 1929 facultas

1192 1941 1423 1977 estamplissima,
1444 1945 1471 1969 et
1495 1943 1566 1978 quod
1586 1944 1612 1970 in
1633 1943 1722 1971 causis
1743 1944 1806 1971 fidei
1827 1946 1933 1980 possint

1194 1986 1341 2020 procedere
1361 1990 1455 2013 contra
1470 1995 1667 2023 quoscumque,
1684 1988 1765 2015 etiam
1781 1993 1930 2025 exemptos,

1192 2038 1223 2057 ac
1243 2031 1343 2066 eligere
1358 2031 1440 2058 etiam
1464 2031 1613 2066 regulares,
1629 2032 1675 2067 qui
1699 2032 1765 2060 alias
1787 2033 1816 2060 in
1840 2035 1931 2062 seculo

1193 2075 1289 2102 notarii
1302 2075 1422 2109 fuerunt,
1434 2075 1461 2102 in
1477 2076 1658 2112 notarios-pro
1670 2077 1817 2112 praedictis
1832 2079 1930 2115 causis,

1193 2120 1326 2147 concessit
1341 2120 1494 2147 Alexander
1509 2120 1540 2146 lv
1557 2120 1647 2148 Const.
1664 2129 1719 2156 rvr,
1736 2122 1776 2149 Ne
1795 2125 1932 2152 commis·

1191 2172 1255 2199 sac,
1277 2168 1342 2192 tom.
1367 2171 1418 2199 111,
1444 2172 1505 2200 pag.
1526 2164 1588 2191 679..
1616 2165 1725 2193 Necnon
1744 2166 1932 2202 religiosorum

1191 2208 1396 2244 quomodolibet
1411 2208 1642 2243 privilegiatorum
1658 2209 1691 2237 de
1707 2209 1814 2238 haeresi
1835 2211 1932 2247 culpa-

1192 2254 1287 2281 bilium
1310 2253 1469 2289 (dummodo
1492 2254 1525 2281 ab
1549 2262 1643 2282 eorum
1668 2255 1855 2291 superioribus
1878 2265 1931 2284 non

1191 2299 1245 2326 sint
1260 2299 1409 2334 praeventi)
1422 2307 1516 2327 causas
1528 2307 1690 2335 cognoscere
1704 2308 1735 2327 ac
1746 2301 1842 2336 punire
1852 2309 1931 2337 posse

1192 2343 1275 2370 voluit
1298 2342 1360 2370 Pius
1384 2343 1420 2369 IV
1448 2342 1538 2370 Const.
1560 2350 1606 2378 Lx,
1630 2344 1770 2379 Pastoris,
1796 2348 1861 2372 tom.
1884 2351 1930 2379 vn,

1191 2395 1251 2423 pag.
1275 2387 1334 2414 176.
1355 2388 1388 2414 Et
1407 2391 1544 2423 postremo
1569 2388 1671 2415 Paulus
1693 2388 1712 2415 V
1737 2389 1872 2416 revocavit
1890 2389 1931 2416 sa-

1191 2433 1304 2459 cultates
1330 2432 1516 2468 superioribus
1542 2440 1776 2468 quorumcumque
1799 2433 1930 2461 Ordinum

1191 2484 1333 2504 concessas
1352 2477 1531 2512 cognoscendi
1558 2485 1653 2505 causas
1675 2485 1786 2505 suorum
1805 2478 1930 2506 subdito-

1190 2530 1249 2548 rum
1274 2522 1306 2549 ad
1327 2522 1445 2549 osticium
1473 2526 1583 2550 sanctae
1604 2522 1790 2558 Inquisitionis
1815 2530 1930 2558 quomo-

1191 2566 1291 2594 dolibet
1306 2567 1482 2601 pertinentes,
1499 2567 1524 2593 in
1541 2567 1631 2594 Const.
1648 2573 1673 2593 Li
1690 2566 1739 2602 (at.
1755 2566 1810 2601 48),
1830 2567 1932 2595 Roma-

1192 2620 1245 2638 nus
1264 2611 1412 2646 Pontifex,
1432 2615 1497 2639 tom.
1514 2618 1552 2646 xi,
1568 2619 1629 2647 pag.
1645 2610 1708 2639 346.

1944 205 1994 234 An.
2009 205 2039 234 C.
2059 205 2124 235 1631

2007 853 2066 874 Multi
2080 853 2131 875 reli-

1946 879 2131 906 giostpraetende-

1945 906 1996 927 hant
2013 912 2054 927 uon
2069 906 2131 928 dero·

1946 933 1989 957 gari
2000 938 2072 954 eorum
2087 933 2131 959 pri-

1946 959 2026 985 vilegiis
2034 965 2071 985 per
2083 965 2132 980 con·

1945 986 2064 1007 stitutioues
2094 991 2129 1013 ge·

1946 1013 2036 1034 nei-ales
