2248 3229
138 213 188 241 An.
204 212 234 241 C.
255 212 324 240 1636

174 646 285 668 Tre-lecim
301 651 322 667 e-

138 673 220 694 iusdem
229 673 322 694 civitam

139 700 237 721 doctores
252 716 257 724 ,
301 700 323 720 ui

138 731 215 747 cauus
229 726 291 753 appol
300 732 322 746 a·

138 753 218 774 tionum
245 757 323 778 cogno-

138 781 204 804 ttant,
212 779 322 806 eligantur.

173 2563 251 2586 ttamm
261 2564 335 2585 docto-

151 2597 197 2613 rum
219 2592 336 2613 nominatto

944 211 1088 238 URBANUS
1105 211 1162 237 Vll!
1181 211 1229 236 ΓΡ.

337 259 550 294 ecclesiastico
582 260 685 296 Status
717 270 753 295 ac
786 260 917 294 ducatus
948 261 1078 302 Urbini,

337 313 533 358 aliarumque
558 314 733 357 civitatum,
761 318 916 348 terrarum
937 319 967 347 et
992 314 1078 347 loco-

337 377 408 400 rum
433 377 489 411 per
513 368 633 401 obitum
658 367 818 412 quondam
844 366 1002 400 Francisci
1022 367 1079 399 Ma-

336 420 401 453 riae
427 420 527 455 ultimi
551 421 639 455 ducis
666 421 773 454 t'rbini
799 421 837 454 ad
863 420 974 454 Sedcm
993 421 1078 463 'Apo-

338 474 479 507 stolicam
503 474 780 514 devolutorum,et
804 479 912 508 nostro
938 473 1079 516 incorpo-

337 527 467 562 rationis
499 528 627 562 decreto
662 528 987 572 comprehensorum,
1019 526 1077 560 sibi

338 585 520 625 competere
543 582 750 626 praetendant
765 581 788 614 ¹:

422 634 451 667 Ξ).
472 635 546 676 Nos,
563 636 703 669 eiusdem
721 636 854 670 civitatis
874 634 1079 669 communita-

339 693 402 721 tem
426 693 457 722 et
482 689 636 732 homines,
661 700 784 724 necnon
809 690 956 724 doctores
981 699 1078 733 prae-

338 741 457 783 dictos,
482 743 522 777 ob
546 744 751 788 praecipuum
776 754 839 788 quo
865 744 934 777 illos
959 742 1078 786 ample-

338 796 453 832 ctimur
476 802 626 841 paternae
650 797 811 831 charitatis
831 797 988 837 affectum,
1012 805 1080 840 spe-

338 848 470 882 cialibus
495 850 653 884 savoribus
677 856 707 884 et
731 850 840 893 gratiis
860 848 1010 894 prosequi
1031 859 1081 882 vo-

339 903 455 944 lentes,
480 909 510 937 et
535 914 646 938 eorum
679 904 855 947 singulares
888 912 1039 947 personas
1063 911 1080 934 a

339 956 502 1000 quibusvis
511 956 856 997 excommunicationis,
865 955 1080 1000 suspensionis

340 1016 371 1044 et
395 1010 572 1052 interdicti,
604 1011 734 1054 aliisque
767 1009 987 1044 ecclesiasticis
1011 1019 1081 1042 sen-

341 1065 456 1106 tentiis,
480 1065 623 1098 censuris
647 1069 677 1098 ct
700 1064 821 1108 poenis,
846 1074 863 1096 a
889 1063 958 1096 iure
979 1062 1025 1096 rel
1042 1063 1080 1095 ab

340 1117 479 1159 homine,
503 1117 613 1162 quavis
637 1117 803 1151 occasione
825 1117 872 1150 vel
889 1117 984 1150 causti
1003 1116 1081 1157 latis,

340 1171 365 1204 si
376 1171 491 1215 quibus
501 1170 737 1215 quomodolibet
754 1170 921 1204 innodatae
935 1169 1082 1210 existunt,

340 1223 379 1257 ad
403 1224 549 1258 effectum
566 1223 778 1268 praesentium
796 1223 956 1257 dumtaxat
973 1232 1083 1256 conse-

340 1277 512 1321 quendum,
532 1277 645 1311 harum
671 1277 751 1310 serie
769 1277 967 1310 absolventes
984 1281 1015 1309 et
1030 1276 1082 1308 ab·

341 1330 458 1364 solutas
485 1331 553 1364 sore
585 1335 768 1371 censentes,
801 1329 1083 1374 supplicationibus

342 1394 452 1418 eorum
477 1384 605 1418 nomine
622 1384 713 1418 nobis
730 1393 824 1427 super
844 1384 905 1416 boc
922 1382 1084 1416 humiliter

342 1438 498 1482 porrectis
515 1437 666 1478 inclinati,
691 1447 730 1470 ne
754 1436 891 1470 dubitari
913 1436 1083 1479 contingat,

342 1501 381 1524 an
406 1491 489 1525 dicta
512 1491 678 1536 privilegia
703 1490 772 1524 Iulii
790 1490 815 1524 11
833 1494 862 1524 ct
880 1490 924 1523 Pii
942 1490 964 1522 V
981 1489 1084 1522 adbuc

343 1544 457 1578 durent
481 1545 529 1578 vel
550 1543 760 1589 expiraverint
781 1553 839 1587 per
857 1548 990 1576 mortem
1009 1542 1082 1575 dicti

342 1598 445 1632 ultimi
469 1598 579 1638 ducis,
609 1597 760 1631 tredecim
785 1596 926 1629 ciusdem
959 1595 1082 1638 collegii

342 1651 535 1693 doctoribus,
560 1656 594 1684 ut
617 1650 699 1683 infra
719 1649 872 1692 eligendis
887 1653 917 1683 et
934 1659 993 1693 pro
1012 1654 1084 1682 tcm-

342 1715 421 1750 pore
446 1703 668 1744 existentibus,
700 1703 877 1736 facultatem
909 1702 948 1735 de
980 1706 1084 1736 cetero

343 1757 501 1791 iudicandi
526 1757 557 1790 in
582 1755 685 1791 causis
706 1755 954 1800 appellationum
980 1755 1084 1789 Status

343 1811 485 1855 praelati,
510 1810 707 1853 aliarumque
731 1809 902 1851 civitatum,
927 1814 1083 1842 terrarum

345 1870 375 1898 et
391 1865 534 1898 locorum
554 1868 867 1908 supranarratorum,
886 1868 948 1895 tarn
967 1862 998 1895 in
1016 1863 1084 1896 soro

345 1918 479 1952 seculari
510 1928 605 1962 quam
637 1916 871 1957 ecclesiastico,
900 1916 1085 1950 auctoritate

345 1972 531 2016 apostolica,
556 1977 664 2005 tenore
687 1969 916 2014 praesentium,
941 1969 1086 2003 concedi-

345 2035 416 2059 mus
439 2030 470 2058 et
494 2023 710 2068 impertimur;
737 2023 778 2056 ita
807 2028 920 2065 tamen,
939 2022 1023 2066 quod
1048 2032 1085 2055 ex

346 2078 429 2112 dicto
453 2077 588 2121 collegio
612 2077 686 2111 dicti
712 2076 862 2109 tredecim
885 2079 1036 2115 volantes,
1057 2079 1087 2108 et

347 2137 483 2176 quatuor
514 2131 562 2164 vel
593 2130 732 2175 quinque
764 2128 1032 2173 sopranumcrarii
1062 2128 1085 2161 si

347 2195 427 2229 opus
451 2184 555 2225 suerit,
575 2184 746 2226 eligantur3
764 2182 817 2226 qui
835 2181 1020 2216 corumdem
1038 2191 1088 2214 vo-

349 2237 490 2278 tantium,
515 2236 540 2269 si
557 2236 717 2270 abfuerint
737 2236 784 2269 vel
804 2235 829 2268 si
849 2234 985 2279 suspecti
1006 2234 1084 2267 alle-

348 2291 412 2334 gati
437 2290 564 2330 suerint,
589 2289 671 2323 vices
696 2289 727 2322 in
750 2288 918 2322 iudicando
939 2287 1087 2332 ‚supplere

349 2345 481 2385 valeant,
506 2344 570 2384 scd,
595 2343 746 2377 existente
777 2342 954 2376 necessario
980 2347 1087 2375 rotan-

350 2398 427 2431 tium
451 2407 586 2431 numero
611 2402 644 2430 ut
677 2397 757 2429 insra
781 2396 919 2437 dicetur,
944 2406 962 2429 a
986 2395 1088 2428 dando

351 2452 397 2484 vel
422 2451 550 2485 serendo
571 2455 642 2484 voto
659 2461 691 2484 se
709 2449 865 2483 abstinere
882 2449 1015 2482 debeant
1032 2459 1088 2482 ncc

351 2505 490 2538 iudicare
516 2504 647 2549 possint.

1755 201 1818 236 539
1863 210 1915 238 An.
1929 210 1959 239 C.
1980 209 2049 240 1636

1113 260 1427 304 pranumerariorum
1452 258 1563 293 electio
1587 267 1645 303 pro
1663 259 1768 303 prima
1784 259 1851 292 viee
1866 277 1903 319 [35⁰
1920 271 1989 301 prima
2003 272 2050 293 vice

1113 314 1226 348 dilecto
1252 314 1316 348 filio
1333 317 1440 348 nostro
1460 313 1627 347 Francisco
1644 313 1673 348 S.
1692 312 1852 346 Laurentii
1867 303 2052 355 fflffissffiqbssssll

1113 366 1143 399 in
1174 368 1305 400 Damaso
1336 367 1468 401 diacono
1499 366 1648 400 cardinali
1679 366 1852 400 Barberino
1867 357 1893 374 ¹¹⁰
1906 351 2038 374 ⁰⁰¹³⁹⁰d¹¹⁰‘'

1113 426 1304 464 nuncupato,
1318 427 1443 454 sanetae
1460 422 1618 455 Romanae
1639 421 1796 455 Ecclesiae
1813 421 1854 454 vi-

1112 474 1347 517 cecancellario,
1362 480 1470 508 nostro
1489 475 1660 508 secundum
1675 485 1800 509 carnem
1816 485 1854 508 ex

1112 528 1207 560 fratrc
1221 538 1373 570 germano
1383 529 1499 572 nepoti,
1510 533 1539 562 ct
1551 527 1581 561 in
1592 529 1679 562 Statu
1692 539 1727 562 ac
1739 529 1855 562 ducatu

1112 581 1222 614 Urbini
1239 587 1269 614 ct
1286 582 1433 626 praefatis
1457 583 1526 616 aliis
1544 583 1635 616 terris
1653 587 1683 617 et
1702 582 1779 616 locis
1795 582 1853 615 hu-

1113 634 1247 677 iusmodi
1264 641 1374 669 nostro
1391 640 1421 668 et
1438 636 1634 679 Apostolicae
1647 636 1735 669 Sedis
1753 635 1790 668 de
1810 635 1856 668 la-

1114 692 1177 722 tere
1202 689 1315 732 legato,
1336 694 1494 722 reservata
1516 689 1555 722 sit
1572 695 1601 722 et
1619 694 1792 723 censeatur.
1812 688 1855 721 De
1905 697 2026 728 Aeuom-ae
2041 703 2054 719 a

1113 746 1218 775 cetero
1235 747 1350 785 autem,
1368 742 1534 775 deficiente
1553 743 1660 786 aliquo
1678 753 1715 776 ex
1740 752 1852 786 supra·
1870 724 2056 774 fi‘i'lfr‘lir‘t‘cd'wn'

1113 794 1214 835 dictis,
1242 800 1304 828 tres
1329 806 1346 828 a
1371 795 1532 839 praedicto
1549 796 1684 839 collegio
1709 795 1855 829 doctores

1113 848 1371 889 nominabuntur,
1385 859 1520 892 quorum
1535 859 1616 882 unus
1630 849 1668 882 ab
1682 849 1749 893 ipso
1763 848 1856 881 Fran-

1114 901 1198 934 cisco
1215 901 1366 934 cardinali
1383 901 1536 935 moderno
1555 912 1609 935 seu
1633 912 1693 946 pro
1713 907 1856 946 tempore

1114 954 1263 988 existente
1280 955 1394 997 legato,
1412 955 1459 987 vel
1479 954 1517 987 ab
1538 955 1596 988 bac
1616 955 1694 988 Sede
1711 955 1855 998 eligetur.

1159 1008 1174 1051 ἓ
1198 1008 1227 1041 4.
1254 1008 1337 1041 Inter
1370 1008 1428 1041 bos
1461 1008 1611 1042 tredecim
1636 1008 1782 1042 doctores
1806 1019 1857 1041 vo·
1885 1017 2057 1054 sitium-›stres-

1116 1066 1226 1102 lantes,
1247 1061 1385 1106 quinque
1410 1061 1447 1095 ad
1473 1062 1577 1095 minus
1601 1067 1694 1095 erunt
1710 1061 1857 1095 ecclesia·
1871 1043 2058 1107 1252¹1,‘:.2„l1‘³.22‘l¹{1

1116 1115 1184 1149 stici
1201 1126 1264 1149 non
1282 1116 1415 1158 uxorati,
1434 1115 1488 1149 scd
1505 1115 1684 1150 incedentes
1702 1115 1733 1147 in
1750 1115 1858 1148 babitu
1871 1097 2002 1147 Plkllsssfissl‘ss
2022 1102 2056 1118 μ’

1116 1174 1146 1202 ct
1160 1170 1289 1202 tonsura
1303 1169 1510 1210 clericalibus,
1523 1169 1562 1202 ad
1575 1179 1655 1213 quos
1675 1170 1758 1203 solos
1771 1169 1859 1202 dum-

1118 1227 1201 1255 taxat
1225 1233 1391 1255 causarum
1411 1222 1695 1256 ecclesiasticarum
1720 1222 1857 1266 cognitio
1873 1229 2059 1277 logtdoetcipeqsmgg:

1117 1276 1295 1320 pertinebit,
1313 1275 1469 1319 inquibus
1483 1275 1553 1309 laici
1571 1286 1603 1309 50
1623 1276 1699 1309 alias
1713 1276 1859 1319 ingerere
1873 1264 1946 1304 esrum
1982 1288 2058 1312 caus-5³·

1117 1339 1179 1362 non
1205 1329 1326 1362 valcant
1343 1339 1400 1362 nec
1426 1329 1558 1372 possint,
1579 1339 1673 1372 quam
1699 1329 1731 1362 in
1755 1328 1859 1362 dando
1874 1311 2057 1363 {ffiincacpgmuo

1117 1392 1228 1416 corum
1248 1388 1319 1416 voto
1337 1382 1523 1416 consultivo.
1545 1382 1578 1414 In
1599 1382 1702 1415 causis
1718 1392 1793 1416 vero
1807 1382 1860 1415 lai-

1118 1436 1237 1469 calibus
1262 1435 1321 1480 ipsi
1347 1439 1453 1470 votum
1478 1435 1597 1468 dabunt
1617 1440 1647 1468 ct
1663 1436 1764 1469 serent
1784 1446 1860 1479 pro-

1118 1489 1238 1522 miscue
1260 1500 1331 1522 eum
1348 1489 1446 1531 laicis,
1465 1493 1495 1522 et
1512 1499 1563 1522 cas
1583 1494 1679 1533 prout
1698 1488 1776 1522 iuris
1801 1489 1861 1522 erit

1119 1543 1351 1585 terminabunt,
1382 1552 1444 1576 non
1477 1546 1580 1576 tamen
1605 1543 1684 1576 votis
1708 1542 1859 1584 secretis,

1117 1596 1197 1629 sicut
1222 1597 1253 1628 in
1277 1596 1425 1640 praelatis
1450 1595 1519 1629 lulii
1550 1595 1575 1628 ll
1606 1595 1860 1639 praedecessoris

1117 1649 1216 1682 nostri
1241 1649 1353 1682 litteris
1379 1659 1563 1682 concessum
1594 1648 1673 1691 suit,
1703 1648 1757 1682 sed
1781 1647 1860 1681 votis

1117 1703 1234 1746 apertis
1251 1707 1281 1735 et
1306 1702 1336 1734 in
1358 1702 1426 1735 iure
1450 1702 1596 1742 fundatis,
1618 1706 1647 1734 ct
1671 1701 1859 1743 sententiae,

1117 1756 1156 1789 ad
1181 1755 1284 1790 minus
1305 1756 1336 1788 in
1353 1755 1455 1789 causis
1476 1755 1705 1796 ecclesiasticis,
1723 1765 1740 1787 a
1758 1754 1861 1788 iudice

1118 1809 1183 1843 sive
1203 1813 1338 1853 ponente
1362 1809 1614 1849 subscribentur,
1632 1818 1696 1841 non
1716 1807 1861 1842 obstante

1118 1863 1197 1907 stylo
1222 1862 1254 1894 in
1279 1862 1473 1895 contrarium
1499 1862 1641 1895 faciente.

1163 1916 1178 1959 ἓ
1203 1915 1232 1948 5.
1264 1915 1397 1948 Habebit
1429 1915 1597 1958 collegium
1630 1914 1786 1947 mediante
1814 1914 1862 1947 di-

1119 1968 1284 2001 stinctione
1299 1968 1491 2011 praedictam
1506 1968 1726 2001 auctoritatem
1744 1978 1862 2011 cogno-

1120 2021 1226 2054 scendi
1252 2031 1361 2054 causas
1391 2021 1638 2064 appellationum
1669 2025 1730 2054 tam
1762 2021 1862 2054 eccle-

1120 2074 1260 2108 siasticas
1273 2083 1367 2117 quam
1378 2073 1503 2106 laicales
1518 2073 1660 2107 omnium
1673 2079 1704 2106 et
1715 2084 1863 2117 quorum-

1121 2138 1256 2171 cumque
1289 2126 1428 2160 iudicum
1465 2127 1632 2170 legationis
1665 2127 1863 2171 supradictae

1121 2180 1272 2224 (exceptis
1287 2184 1390 2213 tamen
1403 2179 1652 2220 beneficialibus,
1666 2184 1695 2214 et
1708 2180 1756 2221 iis,
1772 2190 1862 2224 quae,

1122 2234 1205 2268 iuxta
1229 2233 1467 2277 dispositionem
1492 2233 1573 2267 sacri
1589 2233 1718 2267 Concilii
1735 2234 1758 2266 T
1761 2233 1864 2266 riden-

1122 2287 1188 2328 tini,
1207 2287 1252 2320 rel
1271 2287 1346 2319 alias
1366 2287 1404 2319 de
1426 2287 1504 2328 iure,
1522 2291 1594 2320 sunt
1611 2287 1863 2331 inappellabiles)

1122 2342 1153 2374 in
1182 2341 1328 2373 secundis
1359 2351 1415 2373 scu
1444 2340 1544 2373 tertiis
1576 2340 1752 2380 instantiis,
1778 2344 1809 2372 et
1833 2340 1864 2372 in

1123 2394 1268 2428 omnibus
1287 2394 1347 2426 illis
1364 2394 1395 2426 in
1412 2394 1527 2437 quibus
1543 2393 1668 2426 dabitur
1685 2393 1864 2436 appellatio,

1122 2454 1289 2493 postquam
1311 2447 1462 2481 iudicatae
1480 2447 1595 2480 suerint
1611 2458 1628 2480 a
1643 2447 1798 2481 iudicibus
1814 2457 1866 2480 or-

1123 2502 1253 2536 dinariis
1277 2501 1542 2546 appellationum,
1566 2501 1619 2534 ubi
1644 2500 1719 2534 dicti
1744 2500 1864 2534 iudices

1930 1922 1970 1943 Pro
1987 1927 2061 1943 cansa-

1877 1953 1921 1969 rnm
1936 1949 2062 1978 appellatio-

1877 1981 1925 1996 num
1940 1978 2062 2001 cognitione

1877 2001 1977 2022 nonnutla
2019 2003 2062 2022 sta-

1878 2030 1972 2050 luuntur.

395 2558 463 2602 ἓξ).
494 2558 592 2592 Porro
623 2562 685 2590 tarn
711 2557 887 2591 vacantium
919 2567 1012 2600 quam
1038 2567 1089 2589 su-
1123 2555 1368 2600 appellationum
1406 2555 1562 2595 existunt,
1594 2554 1710 2597 quibus
1742 2553 1865 2586 nullum

1108 2605 1109 2648 Ῐ
1126 2614 1290 2642 censeatur
1305 2608 1424 2641 illatum
1441 2607 1678 2652 praeiudicium.
1693 2606 1820 2648 Verum,
1835 2606 1865 2639 in

391 2623 399 2649 l
424 2622 517 2657 Aptius
538 2621 672 2657 legeretur
689 2620 863 2656 praetendat
882 2620 920 2655 (tt.
937 2626 983 2653 T.).
