2248 3229
61 256 112 287 An.
125 256 155 285 G.
176 255 246 285 1634

72 800 184 822 Decretum
193 799 244 821 Con·

62 827 192 853 erogationis
201 827 245 852 epi-

61 859 174 880 scoporum
186 859 246 880 regu-

62 880 146 902 larium.

125 2142 248 2167 Designatio

63 2171 204 2190 conventuum
226 2174 248 2189 ro

63 2196 203 2217 nuvitiatibus
219 2195 250 2216 ai·

65 2228 144 2244 comm.

865 254 1007 280 URBANUS
1031 255 1080 280 Pr.
1105 254 1162 280 vni

259 301 377 337 d’Italia
397 303 435 336 ed
456 302 533 336 isole
550 302 702 336 adiacenti
723 313 817 347 possa
837 302 1001 346 designare
1037 299 1042 303 ⁴

259 361 386 401 quattro
409 367 429 390 0
455 357 567 401 cinque
588 350 803 391 conventi'dc'
821 357 1000 402 principali,

260 410 356 451 dove,
381 415 462 444 sotto
494 411 522 443 la
553 421 629 444 cura
653 411 683 443 di
708 421 842 454 persona
872 411 1001 451 idonea,

260 463 336 497 detti
351 465 503 508 conversi,
517 476 572 498 sen.
586 466 666 507 laici,
682 466 819 498 sacciano
835 466 938 498 l‘anno
951 465 1001 498 del

260 518 424 560 noviziato,
439 519 530 562 quale
548 518 645 561 linito,
664 528 799 561 possano
819 518 871 562 poi
893 518 956 551 sare
974 519 1002 551 la

262 571 330 604 loro
343 571 537 615 professione
554 571 797 611 solenncn'icnte,
807 581 869 604 non
883 575 1002 604 estante

262 624 282 656 li
299 624 416 657 decreti
433 623 464 657 di
481 624 639 657 Clemente
657 624 720 657 x'lll
737 624 819 658 bona
840 624 1002 664 memoria,

262 676 299 709 ed
323 676 394 709 altri
427 676 457 709 in
490 677 666 721 contrario,
693 678 750 710 che
773 677 799 710 si
822 677 962 711 ricevera
985 687 1002 710 a

261 730 366 773 grazia
390 730 647 773 singolarissima.

306 784 321 828 ς
344 783 374 817 3.
400 784 428 817 S.
447 784 655 828 Congregatio
680 783 886 818 cardinalium
910 793 1004 826 nego-

263 836 314 870 tiis
338 837 533 880 regularium
557 833 735 882 praeposita
759 836 892 878 censuit,
917 847 1003 870 com-

263 890 450 924 mittendum
480 901 547 930 csse
578 890 825 924 eminentissimo
853 889 1002 923 cardinali

262 944 396 988 Ginetto,
410 944 534 979 Ordinis
547 945 729 979 huiusmodi
742 945 826 989 apud
839 945 919 977 hanc
932 943 1004 977 San-

263 1003 345 1031 ctam
368 998 482 1032 Sedem
506 997 690 1043 protectori,
713 1003 805 1042 prout
830 997 1003 1042 praesentis

263 1051 381 1084 decreti
407 1051 520 1086 virtute
544 1051 722 1092 committit,
739 1055 780 1093 ut,
800 1061 859 1095 pro
879 1060 936 1083 suo
955 1060 1002 1083 ar-

262 1104 358 1138 bitrio
383 1110 413 1138 et
443 1105 633 1150 prudentia,
659 1109 688 1138 et
720 1109 814 1149 prout
841 1103 942 1147 magis
972 1104 1004 1137 in

263 1159 396 1192 Domino
421 1159 568 1204 expedire
597 1158 806 1201 abstrahitur,
831 1161 1004 1192 conventus

263 1213 441 1257 praedictos
472 1213 504 1246 in
536 1213 667 1257 singulis
691 1212 861 1257 provinciis
885 1212 924 1245 ad
948 1221 1004 1245 no-

263 1267 353 1301 vitios
389 1267 485 1302 laicos
522 1278 577 1301 seu
607 1278 776 1302 conversos
806 1266 1004 1311 recipiendos

262 1321 424 1365 designet,
456 1321 622 1356 contrariis
657 1321 908 1366 quilniscumque
942 1331 1004 1354 non

263 1374 477 1415 obstantihus3
502 1375 676 1409 dummodo
701 1376 732 1408 in
756 1375 887 1419 reliquis
910 1375 1001 1408 novi-

264 1428 297 1462 tii
321 1430 468 1463 conversi
492 1429 531 1463 ad
554 1429 697 1463 habitum
722 1435 752 1462 ct
776 1429 1004 1473 professionem

263 1483 296 1516 in
319 1483 395 1527 ipsis
419 1483 624 1518 conventibus
656 1488 690 1516 ut
721 1491 816 1527 supra
842 1483 1005 1526 designan-

263 1535 311 1569 dis
351 1535 554 1569 admittantur
590 1537 713 1570 servata
750 1538 851 1570 forma
887 1537 1005 1571 decreti

263 1589 457 1623 Sanctissimi
478 1590 600 1624 Domini
621 1590 719 1624 nostri
740 1601 834 1634 super
854 1590 1005 1635 receptio-

262 1654 301 1677 ne
322 1649 352 1677 et
375 1643 559 1678 educatione
584 1644 775 1678 novitiorum
800 1645 911 1678 ultimo
936 1645 1005 1678 loco

263 1697 348 1740 editi,
364 1707 487 1732 necnon
511 1698 609 1732 felicis
634 1698 861 1732 recordationis
877 1699 953 1732 Sixti
972 1700 1004 1742 V,

263 1762 297 1785 ac
315 1751 448 1785 aliarum
465 1751 727 1785 constitutionum
748 1753 1004 1796 apostolicarum,

263 1811 294 1838 et
317 1805 518 1839 decretorum
542 1806 662 1850 pariter
692 1806 801 1840 similis
833 1807 1005 1840 memoriae

263 1858 430 1892 Clementis
455 1858 531 1900 Vlll,
548 1859 843 1904 institutionumque
867 1870 1001 1904 gencra-

264 1913 341 1946 lium
359 1922 454 1957 super
473 1913 653 1957 receptione
671 1918 700 1946 et
717 1913 899 1948 educatione
922 1915 1006 1948 novi-

264 1967 392 2007 tiorum,
407 1966 546 2000 ciusdem
563 1967 730 2001 Clementis
743 1978 865 2002 necnon
882 1973 1005 2002 sanctae

264 2020 436 2054 memoriae
460 2020 548 2054 Pauli
573 2021 597 2052 V
621 2021 805 2056 auctoritate.
829 2022 993 2057 editarum.

352 2075 479 2118 Romae,
505 2074 554 2108 die
580 2075 621 2108 10
645 2071 794 2109 februarii
815 2075 910 2110 ί1634.

308 2128 377 2172 §ln
410 2129 472 2162 'Nos
501 2129 629 2162 Martius
659 2129 687 2161 S.
721 2129 831 2173 Angeli
862 2130 892 2162 in
922 2130 1005 2164 Foro

264 2181 400 2216 Piscium
426 2187 550 2215 sanctae
574 2183 734 2216 Romanae
758 2184 914 2217 Ecclesiae
939 2184 1005 2216 dia-

265 2245 362 2269 conus
386 2234 553 2268 cardinalis
578 2235 736 2280 GinettUS,
762 2236 856 2271 totius
881 2237 1005 2270 Ordinis

265 2290 296 2323 B.
322 2289 436 2323 Mariae
461 2289 498 2322 dc
523 2290 626 2323 Monte
651 2290 794 2324 Carmelo
824 2294 1005 2335 protector,

265 2344 376 2387 vigore
408 2343 605 2388 retroscripti
639 2344 756 2378 decreti
793 2344 1005 2387 instituimus,

264 2398 451 2442 deputamus
471 2402 502 2431 et
518 2397 718 2441 designamus
737 2398 768 2431 in
784 2398 916 2442 singulis
936 2410 1008 2443 pro-

264 2452 374 2485 vinciis
400 2452 503 2485 Italiae
535 2457 565 2485 et
596 2451 769 2486 insularum
798 2452 1006 2487 adiacentium

266 2509 437 2541 conventus
460 2506 687 2551 infrascriptos,
712 2507 869 2541 videlicet:

309 2560 343 2593 In
366 2560 529 2604 provincia
555 2560 584 2593 S.
610 2560 729 2594 Alberti
753 2561 784 2594 in
801 2561 916 2604 Sicilia,
937 2572 1008 2596 con-

266 2619 376 2648 ventus
400 2614 532 2656 Placiac,
556 2614 681 2657 Melatii,
706 2614 808 2659 Scicli,
837 2616 1007 2660 Syracusae

266 2674 296 2704 et
318 2669 505 2709 Mazzarini3

348 2731 427 2763 Ball.
447 2732 532 2764 Rom.
552 2747 586 2754 —
609 2731 667 2764 Vol.
687 2731 764 2763 XIV.
908 2733 944 2763 56

1679 243 1740 278 441

1079 303 1114 337 In
1133 303 1296 348 provincia
1313 302 1463 344 Romana,
1480 306 1651 336 conventus
1665 301 1775 335 Trans-

1035 357 1197 401 pontinac,
1222 357 1250 390 S.
1276 357 1399 390 Martini
1423 357 1454 390 in
1487 355 1656 398 Montibus,
1682 355 1775 388 Prae-

1035 414 1131 453 neste,
1157 411 1345 443 Velitrarum
1370 416 1399 443 et
1424 409 1633 449 RonciIIOnis3

1080 464 1113 496 ln
1126 463 1289 506 provincia
1301 463 1520 501 Lonibardiac,
1534 467 1705 496 conventus
1718 463 1775 496 Me-

1035 516 1166 557 diolani,
1190 517 1372 559 Cremonae,
1399 517 1561 558 Nox-ariae,
1586 516 1697 550 Montis
1721 516 1775 551 Ca—

1036 570 1105 604 lcrii
1129 575 1159 603 et
1184 571 1359 610 Novarum3

1080 625 1113 657 In
1133 624 1296 668 provincia
1318 624 1526 666 Yenetiarum,
1542 629 1713 658 conventus
1730 624 1775 657 Vi-

1037 678 1166 718 centiae,
1192 678 1340 711 Roboreti
1365 682 1395 711 et
1414 677 1599 717 Dezensani;

1081 730 1115 763 In
1139 730 1303 774 provincia
1327 730 1465 773 Tusciae,
1492 734 1663 763 conventus
1685 729 1775 762 Pisa-

1037 793 1119 823 rum,
1145 783 1237 826 Prati,
1263 784 1358 817 Monti
1383 783 1526 817 Politiani
1551 786 1581 817 et
1604 783 1760 827 Emporii3

1082 836 1116 868 ln
1148 837 1310 880 provincia
1341 836 1582 878 Romandiolae,
1606 839 1777 870 conventus

1036 891 1192 930 Anconae,
1205 890 1369 931 Caesenae,
1384 890 1516 924 Arimini
1530 894 1560 923 et
1571 889 1776 932 Senogalliae;

1081 943 1115 975 In
1144 943 1308 987 provincia
1337 943 1499 987 Neapolis,
1528 948 1698 976 conventus
1722 942 1777 976 Ca-

1037 1006 1131 1041 puae,
1157 996 1323 1040 Nuceriae,
1348 997 1495 1041 Apuliae,
1520 996 1704 1037 Beneventi,
1727 996 1778 1030 Sa-

1038 1050 1118 1083 lerni
1135 1054 1166 1083 et
1185 1051 1335 1091 Aversae;

1082 1104 1116 1137 In
1140 1103 1304 1148 provincia
1328 1104 1468 1148 Apuliae,
1492 1106 1665 1137 conventus
1692 1102 1777 1143 Licii,

1039 1158 1164 1200 Bitunti,
1188 1158 1298 1199 Neriti,
1316 1158 1421 1192 Baruli
1445 1162 1475 1191 et
1498 1156 1690 1201 Monopolis;

1083 1213 1116 1245 In
1140 1211 1303 1256 provincia
1327 1212 1357 1245 S.
1378 1212 1488 1255 Angeli
1513 1211 1544 1244 in
1568 1211 1684 1252 Sicilia,
1709 1222 1780 1245 con-

1040 1272 1149 1300 ventus
1178 1267 1345 1308 Mai-salae,
1370 1266 1511 1307 Alcami,
1536 1266 1565 1299 S.
1591 1266 1710 1299 Nicolai
1741 1265 1780 1299 de

1039 1322 1188 1363 Bononia,
1210 1321 1436 1355 Calatanixetae
1461 1326 1491 1353 et
1514 1320 1691 1360 Racalbuti;

1084 1377 1118 1409 ln
1140 1375 1304 1420 provincia
1327 1375 1502 1418 Calabriae,
1516 1377 1687 1408 conventus
1710 1374 1780 1408 Cos-

1040 1429 1168 1470 sentiae,
1188 1429 1310 1472 Rhegii,
1327 1428 1530 1462 Caroleorum
1548 1432 1578 1460 et
1594 1427 1779 1468 Catanzarii3

1083 1484 1117 1517 In
1136 1483 1300 1528 provincia
1312 1482 1444 1526 Aprutii,
1459 1486 1630 1516 conventus
1646 1482 1780 1523 Terami,

1039 1538 1174 1572 Ortonae
1198 1540 1228 1571 et
1252 1536 1396 1576 Bilantis3

1084 1592 1117 1624 ln
1141 1591 1292 1634 Granciis,
1315 1596 1486 1625 conventus
1511 1591 1675 1635 Neapolis,
1700 1601 1777 1624 con-

1042 1651 1149 1680 ventus
1169 1646 1327 1688 Summae,
1352 1645 1495 1679 Surrenti
1520 1650 1551 1679 et
1573 1645 1779 1679 Concordiae:

1082 1701 1118 1733 In
1141 1699 1255 1743 quihus
1280 1699 1401 1743 possint
1424 1699 1524 1743 recipi
1549 1705 1579 1732 et
1602 1699 1723 1733 admitti
1743 1700 1781 1732 ad

1040 1753 1191 1795 habitum,
1209 1758 1249 1793 et,
1267 1753 1391 1797 expleto
1414 1752 1608 1797 probationis
1633 1763 1725 1794 anno,
1743 1753 1781 1786 ad

1039 1807 1268 1852 professionem
1292 1806 1406 1840 fratres
1430 1806 1589 1847 conversi,
1614 1816 1669 1839 seu
1693 1806 1780 1847 laici,

1040 1863 1160 1896 servata
1186 1860 1286 1894 forma
1308 1859 1426 1894 decreti
1444 1859 1639 1893 Sanctissimi
1656 1860 1781 1893 Domini

1040 1915 1139 1950 nostri
1164 1925 1260 1959 super
1280 1913 1462 1958 receptione
1478 1917 1509 1948 et
1525 1913 1709 1947 educatione
1728 1923 1782 1947 no-

1040 1969 1189 2003 vitiorum
1214 1968 1325 2003 ultimo
1348 1968 1419 2002 loco
1440 1967 1525 2009 editi,
1542 1977 1666 2001 necnon
1682 1967 1781 2001 felicis

1040 2023 1267 2057 recordationis
1291 2023 1367 2056 Sixti
1392 2023 1426 2063 V,
1451 2033 1486 2056 ac
1511 2022 1644 2060 aliarum
1672 2022 1782 2055 consti-

1041 2077 1197 2110 tutionum
1226 2076 1493 2121 apostolicarum,
1522 2080 1552 2108 et
1579 2075 1781 2109 decretorum

1039 2130 1157 2175 pariter
1179 2129 1290 2163 similis
1315 2129 1487 2162 memoriae
1515 2129 1682 2162 Clementis
1704 2129 1779 2171 vin,

1040 2184 1333 2227 institutionumque
1358 2183 1552 2226 generalium
1576 2193 1671 2226 super
1698 2193 1781 2217 rece-

1040 2239 1147 2283 ptione
1172 2243 1202 2271 et
1233 2237 1419 2271 educatione
1449 2236 1662 2280 novitiorum,
1692 2237 1777 2271 eius-

1041 2293 1111 2326 dem
1130 2291 1296 2325 Clementis
1320 2301 1443 2325 necnon
1467 2296 1591 2325 sanctae
1608 2291 1781 2324 memoriae

1042 2346 1127 2380 Pauli
1141 2346 1163 2378 V
1180 2345 1366 2380 auctoritate
1382 2345 1547 2378 editarum.
1565 2345 1601 2379 Et
1618 2344 1660 2377 ita
1676 2344 1781 2378 obser-

1041 2401 1107 2434 vari
1133 2400 1328 2442 mandamus,
1346 2399 1512 2434 contrariis
1529 2399 1782 2444 quibuscumque

1041 2464 1104 2489 non
1120 2453 1325 2488 obstantibus.

1130 2509 1257 2549 Romae,
1281 2507 1331 2540 die
1356 2506 1377 2540 4
1400 2506 1467 2540 iulii
1491 2505 1586 2540 1634.

1086 2563 1101 2606 g
1126 2562 1153 2594 ι’).
1179 2561 1256 2594 Cum
1281 2566 1395 2603 autem,
1421 2560 1501 2594 sicut
1525 2559 1634 2593 eadem
1661 2560 1783 2605 exposi-

1042 2617 1084 2651 tio
1109 2615 1328 2659 subiungebat,
1353 2614 1455 2648 dictus
1479 2619 1667 2659 procurator
1691 2625 1784 2658 gene-

1042 2670 1115 2707 ralis
1128 2670 1291 2705 decretum
1303 2669 1546 2715 praeinsertum,
1561 2673 1782 2704 conventuum-

1791 253 1840 282 An.
1856 253 1884 281 C.
1905 252 1975 282 1634

1847 2569 1982 2591 confirmatio

1797 2596 1922 2623 apostolica.
