2248 3229
128 199 177 230 An.
197 199 226 229 C.
244 199 312 229 1632

940 198 1082 226 URBANUS

325 246 458 289 utilium,
472 246 704 293 capitularium,
719 252 782 283 tam
796 248 1023 283 cathedralium
1037 256 1068 284 et

325 302 652 347 metropolitanarum,
673 314 768 348 quam
793 315 1065 349 quarumcumque

325 355 563 399 collegiatarum
589 357 810 399 eeclesiarum,
835 368 957 392 necnon
991 370 1065 392 con-

325 409 525 452 ventualium,
550 411 748 455 prioratuum
775 423 909 457 quoquc,
934 423 1066 458 praepo-

324 463 504 505 siturarum,
514 465 814 509 praeceptoriarum,
825 466 1064 501 canonicatuum

324 522 354 551 ct
376 517 629 561 praebendarum
643 544 651 558 ,
677 518 864 564 dignitatum
880 547 887 560 ,
918 530 1064 564 persona·
1080 546 1081 550 ,

323 576 429 613 tuum,
454 571 772 613 administrationum,
798 573 891 606 etiam
917 573 1062 616 fabricae,

323 629 354 657 et
370 624 558 665 officiorum,
576 629 818 670 ceterorumque
835 627 1062 660 beneficiorum
1080 646 1081 651 =

323 679 618 720 ecclesiasticorum,
641 691 712 713 cum
739 682 815 714 cura
840 687 870 714 et
894 682 959 714 sinc
976 683 1062 721 cura,

322 731 531 773 secularium,
564 744 600 766 ae
631 734 728 768 saneti
760 734 939 775 Benedicti,
964 734 1063 767 sancti

321 786 498 829 Augustini,
511 786 732 828 Cluniacensis,
743 787 963 829 Cisterciensis,
975 787 1064 820 Prae-

321 840 570 881 monstratensis,
587 850 622 873 ac
636 852 911 885 quorumcumque
927 841 1062 875 aliorum
1079 861 1080 865 =

321 892 474 926 Ordinum
499 893 663 938 utriusque
688 905 780 928 sexus
810 894 902 928 etiam
938 894 1062 928 Mendi-

322 947 460 980 eantium
478 958 599 982 annuos
621 948 762 982 redditus
787 948 980 990 habentium,
999 954 1061 981 tam
1078 956 1080 970 1

321 1000 462 1034 virorum
487 1012 581 1045 quam
609 1001 779 1035 mulierum
794 1029 802 1043 ,
826 1012 948 1036 necnon
981 1013 1058 1036 con-

320 1054 541 1097 gregationum
566 1055 770 1098 regularium,
795 1055 1012 1089 institutorum
1032 1061 1080 1094 et,

319 1107 516 1148 societatum,
533 1107 626 1141 etiam
643 1108 806 1142 Societatis
827 1109 906 1150 lesu,
920 1114 951 1143 et
974 1120 1062 1153 prae·
1078 1132 1080 1141 .

320 1166 406 1194 terea
429 1161 643 1205 hospitalium,
667 1171 790 1196 necnon
813 1161 923 1196 beatae
947 1163 1062 1196 Mariae

318 1215 600 1256 Theutonicorum,
621 1216 720 1249 sancti
745 1216 849 1250 Iacobi
874 1217 912 1250 de
936 1217 1060 1260 Spatha,

318 1269 494 1311 Alcantara‚
518 1269 695 1310 Calatrava,
720 1269 759 1303 de
789 1270 862 1304 Avis
886 1275 917 1303 et
947 1271 1061 1304 Monte-

318 1322 373 1364 sia,
397 1332 520 1356 necnon
544 1323 643 1356 sancti
660 1323 769 1357 Lazari
793 1328 823 1357 et
840 1323 973 1357 aliarum
989 1335 1062 1368 qua-

318 1387 529 1421 rumcumque
553 1377 737 1410 militiarum
773 1378 931 1422 (exceptis
955 1382 1061 1412 tamen

319 1435 443 1464 sanctae
467 1431 627 1464 Romanae
650 1431 807 1465 Ecclesiae
831 1431 1059 1473 cardinalibus,

318 1495 354 1518 ae
366 1484 516 1518 fratribus
528 1485 681 1518 militibus
689 1485 854 1529 hospitalis
864 1486 962 1519 sancti
975 1486 1061 1519 Ioan-

317 1537 365 1571 nis
394 1538 686 1583 Hierosolymitani,
718 1539 771 1582 qui
799 1549 857 1583 pro
886 1539 933 1572 sui
963 1540 1059 1574 tutela

317 1596 426 1625 contra
459 1591 576 1625 Tureas
607 1596 637 1624 et
669 1591 746 1625 alios
778 1591 919 1625 infideles
950 1593 1059 1626 alienis

316 1645 441 1678 auxiliis
458 1645 598 1689 quotidie
616 1644 771 1689 indigent)
790 1645 821 1678 in
837 1646 1057 1690 Hispaniarum

316 1698 434 1742 regnis,
459 1709 494 1732 ac
518 1698 629 1732 insulis
653 1698 824 1740 Sardiniae,
846 1699 1012 1733 Maioricae
1030 1703 1077 1734 011

316 1751 484 1786 Minorieae
497 1752 705 1793 existentium,
716 1763 752 1786 ac
762 1752 906 1786 similiter
917 1754 1057 1786 omnium
1074 1771 1075 1776 =

315 1807 502 1852 pensionum
519 1817 613 1851 super
629 1806 810 1851 praemissis
824 1807 1057 1850 assignatarum

315 1865 345 1895 ct
368 1860 644 1904 assignandarum,
669 1860 903 1904 percipiendam
932 1865 961 1895 et
986 1863 1057 1895 exi—

315 1914 450 1958 gendam
479 1924 496 1946 a
520 1913 771 1958 quibuscumque
796 1914 1056 1959 archiepiscopis,

315 1967 481 2012 episcopis,
495 1966 693 2011 plimatibus,
707 1967 905 2011 p1aepositis,
920 1968 1056 2009 decanis,

1107 200 1163 226 VIII
1186 201 1235 226 Pr.

1101 250 1237 285 iusmodi
1271 249 1341 284 iura
1376 253 1406 284 et
1440 249 1545 291 bona,
1571 258 1606 283 ex
1642 258 1843 295 ‹piacumque

1100 306 1212 346 eausa,
1239 303 1347 348 quavis
1372 303 1566 346 auctoritate,
1592 303 1623 336 in
1648 308 1713 337 toto
1738 305 1786 337 vel
1811 304 1842 337 in

1099 363 1199 402 parte,
1220 358 1279 390 sibi
1299 362 1459 391 reservata
1483 363 1535 390 aut
1557 367 1704 391 concessa
1728 357 1842 392 haben-

1099 411 1181 444 tibus
1205 416 1235 444 ct
1258 411 1422 451 habituris,
1446 410 1640 443 secularibus
1665 416 1694 444 et
1717 412 1843 454 regula-

1098 464 1185 497 ribus
1209 463 1377 504 Ordinum,
1404 465 1694 507 congregationum,
1721 464 1843 498 militia-

1098 528 1169 550 rum
1187 521 1216 551 et
1233 517 1435 561 hospitalium
1454 518 1700 561 praedictorum,
1718 528 1841 552 necnon

1097 572 1136 604 ab
1161 571 1236 615 ipsis
1261 571 1411 612 ecclesiis,
1437 572 1600 616 capitulis,
1627 573 1840 614 conventibus,

1097 625 1271 665 ordinibus,
1290 626 1598 669 congregationibus,
1616 627 1767 669 collegiis,
1788 627 1841 660 ho-

1079 694 1081 725 1
1097 679 1270 723 spitalibus,
1288 679 1416 719 militiis,
1435 679 1560 721 mensis,
1579 681 1689 713 massis
1707 686 1736 713 et
1752 681 1840 722 locis,

1079 728 1080 747 ³
1096 743 1296 777 quocumque
1311 733 1477 777 privilegio
1494 739 1523 766 et
1536 734 1735 778 exemptione
1753 734 1839 776 reali,

1079 795 1080 800 ¹
1096 786 1265 829 personali,
1282 787 1329 818 vel
1347 786 1454 827 mixta,
1472 788 1599 832 antiqua
1623 793 1653 821 et
1678 788 1839 822 immemo-

1096 839 1198 881 rabili,
1212 839 1343 883 pacissca
1357 846 1387 873 et
1404 841 1584 875 continuata
1602 841 1747 882 suffultis,
1761 853 1839 886 quos

1096 903 1206 926 omnes
1224 893 1374 936 (exceptis
1392 894 1591 937 supradictis)
1617 895 1839 928 collectoribus

1096 946 1284 990 deputandis
1302 947 1458 980 voluimus
1475 947 1628 980 decimam
1646 949 1839 992 praedictam

1095 999 1181 1032 iuxta
1205 999 1319 1033 dictam
1338 1004 1441 1033 taxam
1467 1001 1548 1033 infra
1572 1012 1687 1034 annum
1712 1008 1840 1036 extunc

1094 1053 1274 1098 proximum
1300 1055 1499 1098 persolvisse,
1526 1060 1555 1088 et
1579 1056 1664 1095 alias,
1689 1061 1783 1099 prout
1807 1057 1839 1089 in

1095 1108 1211 1141 nostris
1236 1108 1374 1152 desuper
1406 1109 1438 1141 in
1472 1109 1565 1141 simili
1597 1110 1699 1142 forma
1733 1109 1839 1143 Brevis

1096 1162 1250 1206 expeditis
1276 1162 1405 1203 litteris,
1430 1173 1566 1206 quarum
1598 1168 1723 1197 tenores
1748 1173 1839 1208 prae-

1095 1215 1235 1249 sentibus
1268 1227 1328 1260 pro
1362 1217 1517 1261 expressis
1541 1217 1651 1251 haberi
1676 1219 1838 1259 volumus,

1094 1269 1224 1302 uberius
1242 1269 1429 1304 continetur.

1139 1323 1194 1367 §.-
1175 1322 1204 1355 0.
1230 1323 1306 1357 Cum
1331 1328 1436 1358 autem
1462 1324 1638 1366 credamus,
1658 1325 1742 1369 quod
1767 1335 1837 1359 exa-

1095 1377 1156 1409 ctio
1173 1376 1356 1410 huiusmodi
1369 1377 1509 1411 decimae
1526 1390 1584 1422 pro
1603 1379 1746 1423 Philippo
1763 1390 1838 1423 rege

1094 1429 1230 1463 difficilis
1254 1431 1366 1464 existat
1390 1437 1420 1464 et
1444 1432 1528 1474 quod
1551 1433 1672 1465 facilius
1698 1433 1736 1465 ab
1762 1433 1838 1477 ipsis

1094 1483 1216 1516 solvere
1233 1483 1421 1517 debentibus
1439 1485 1520 1527 exigi
1538 1486 1647 1529 possit,
1666 1486 1758 1529 idque
1776 1497 1838 1519 ma-

1094 1537 1141 1580 gis
1166 1538 1335 1571 convenire
1364 1538 1552 1579 iudicantes,
1578 1545 1667 1573 motu
1687 1541 1836 1584 proprio,

1092 1601 1155 1624 non
1180 1591 1218 1624 ad
1242 1591 1374 1625 alicuius
1393 1592 1484 1625 nobis
1508 1604 1603 1636 super
1629 1594 1688 1627 1100
1713 1595 1837 1628 oblatae

1092 1644 1253 1688 petitionis
1270 1645 1459 1687 instantiam,
1479 1647 1532 1679 sed
1550 1657 1586 1679 ex
1605 1650 1689 1680 certa
1707 1648 1836 1683 scientia

1092 1708 1128 1731 ac
1142 1701 1265 1731 matura
1280 1699 1506 1734 deliberatione
1524 1701 1648 1741 nostris,
1666 1707 1699 1734 ut
1716 1703 1747 1734 in
1765 1714 1836 1746 qua-

1092 1751 1168 1786 libet
1188 1753 1350 1797 provincia
1368 1754 1432 1787 sive
1455 1755 1638 1799 episcopatu
1656 1767 1734 1789 onus
1753 1758 1836 1790 colli-

1092 1806 1185 1849 gendi
1220 1812 1250 1840 et
1285 1808 1429 1851 exigendi
1467 1814 1520 1841 aut
1556 1809 1660 1853 colligi
1694 1816 1723 1843 et
1755 1811 1835 1854 exigi

1069 1856 1076 1866 ⁴
1092 1860 1225 1893 faciendi
1245 1866 1344 1894 ratam
1367 1861 1508 1895 decimae
1528 1863 1707 1897 huiusmodi
1729 1875 1835 1908 quern-

1092 1914 1167 1947 libet
1184 1925 1220 1948 ex
1238 1916 1407 1959 praedictis
1425 1922 1602 1960 tangentem
1622 1919 1704 1951 idem
1723 1920 1834 1961 eteius,

1073 1968 1155 2002 &sive
1190 1969 1298 2002 eadem
1329 1970 1466 2014 capitula
1504 1977 1534 2003 et
1570 1973 1701 2016 collegia
1736 1974 1835 2017 ipsius

315 2021 468 2066 capitulis,
494 2020 662 2061 canonicis,
683 2026 787 2054 iectoi
791 2021 870 2062 ibus
894 2021 1058 2056 1101101ῑοί11-
1073 2006 1281 2085 {proxinciam
1307 2035 1361 2057 seu
1386 2025 1584 2069 episcopatus
1610 2028 1790 2071 suscipiant,
1805 2033 1834 2062 et

315 2076 363 2117 tis,
387 2074 561 2116 abbatibus,
579 2073 751 2133 prioribus,
769 2075 1057 2116 commendatitiis
1073 2087 1176 2120 ipsae
1189 2077 1346 2111 1100111110
1361 2090 1418 2122 per
1436 2090 1504 2122 per
1495 2090 1586 2112 sonas
1603 2081 1641 2113 ad
1659 2081 1688 2113 id
1707 2082 1834 2116 idoneas

315 2103 490 2170 abbatissis,
513 2128 685 2173 pri01issis,
708 2128 867 2170 fratribus,
892 2122 1075 2171 militibus,
1091 2136 1121 2162 et
1145 2131 1334 2164 sufficientes
1359 2132 1397 2164 ab
1422 2132 1498 2176 ipsis
1524 2134 1609 2167 01010
1638 2145 1692 2168 5011
1717 2136 1834 2180 eapitu-

315 2187 343 2217 et
368 2182 452 2223 aliis,
480 2193 679 2226 quocumque
702 2183 829 2216 nomine
851 2184 1055 2228 nuncupatis,
1073 2184 1127 2225 1115
1152 2190 1182 2217 et
1209 2185 1350 2228 collegiis
1376 2185 1686 2231 deputandas,p1out
1709 2189 1740 2221 in
1765 2190 1833 2223 sub-

315 2235 511 2271 secularibus
527 2241 557 2269 et
575 2236 786 2279 regularibus,
804 2237 989 2280 ceterisque,
1007 2248 1057 2270 cu-
1073 2261 1075 2292 ,
1073 2229 1242 2272 1511110111111
1261 2239 1475 2273 exactionibus
1496 2242 1660 2275 ieuoactis
1685 2243 1773 2275 annis
1791 2244 1832 2276 sa-

315 2291 502 2334 iuscumque
518 2289 688 2333 dignitatis,
706 2295 805 2324 status
822 2296 850 2324 et
868 2292 1056 2326 conditionis
1073 2293 1074 2316 1
1091 2297 1174 2325 ctum
1193 2292 1260 2333 fuit,
1271 2292 1352 2336 exigi
1366 2293 1508 2337 debeant,
1521 2295 1668 2339 quodque
1678 2307 1832 2340 peronae

315 2344 529 2384 existentibus
556 2344 726 2387 praedicta,
751 2355 951 2390 quocumque
977 2346 1055 2387 iure,

314 2397 427 2440 modo,
453 2396 617 2431 occasione
648 2402 679 2430 et
710 2397 816 2440 titulo,
842 2398 1055 2433 obtinentibus

315 2461 370 2484 seu
405 2450 616 2484 detinentibus
652 2457 681 2484 et
712 2451 909 2493 obtenturis,
933 2463 1055 2487 necnon

314 2504 495 2538 oeconomis
515 2509 545 2537 et
569 2503 875 2539 administratoribus
895 2508 1055 2551 perpetuis

314 2569 370 2592 seu
393 2558 623 2603 temporalibus
646 2558 908 2602 usufructuariis,
932 2570 968 2594 ac
991 2561 1055 2594 sru-

314 2617 393 2654 ctus,
417 2611 584 2656 pensiones
614 2616 644 2645 et
671 2612 732 2644 alia
761 2623 977 2658 quaecumque
1001 2615 1055 2648 hu-

383 2674 462 2703 Ball.
483 2674 568 2703 Rom.
592 2689 625 2694 —-
648 2674 706 2704 Vol.
727 2673 803 2702 XIV.
949 2675 983 2704 38

1090 2347 1129 2379 ab
1158 2346 1232 2391 ipsis
1266 2347 1350 2381 clero
1383 2358 1438 2381 seu
1470 2349 1612 2393 capitulis
1637 2356 1667 2382 et
1692 2351 1831 2393 collegiis

1090 2400 1286 2444 deputandae
1303 2411 1382 2433 onus
1396 2401 1563 2444 colligendi
1576 2408 1674 2435 ratam
1692 2403 1831 2437 decimae

1090 2454 1271 2488 huiusmodi
1310 2455 1439 2488 omnino
1475 2455 1645 2499 suscipere,
1671 2462 1702 2489 et
1727 2458 1830 2491 clerus

1089 2507 1253 2541 universus
1271 2512 1369 2540 ratam
1390 2509 1594 2552 praedictam,
1612 2515 1707 2553 prout
1726 2511 1764 2543 ad
1782 2521 1832 2545 eo-

1089 2572 1160 2594 rum
1182 2561 1322 2605 singulos
1347 2566 1474 2605 spectat,
1493 2562 1524 2594 in
1549 2573 1659 2596 eorum
1684 2564 1828 2599 manibus

1127 2625 1136 2651 1
1154 2622 1221 2651 Male
1236 2623 1279 2651 ed.
1296 2623 1379 2651 Main.
1396 2623 1461 2660 legit
1474 2624 1553 2660 ipsas
1568 2625 1694 2654 decimas
1708 2625 1747 2661 (a.
1762 2627 1810 2660 1.).

1747 191 1811 226 297
1858 203 1911 231 An.
1927 202 1957 230 C.
1974 202 2043 232 1632

1894 1335 1974 1356 Statuit
1993 1341 2039 1357 eam

1854 1367 1892 1387 per
1910 1368 1977 1388 ipsum
1997 1364 2039 1383 cla-

1855 1395 1898 1409 ium
1926 1395 1972 1410 esse
1997 1390 2039 1411 exi-

1854 1422 1877 1441 ge
1868 1416 1950 1437 e.ndam
