2248 3229
97 254 145 280 lln.
162 252 189 279 C.
214 253 280 281 1635

166 739 279 759 Contrariis

96 766 189 791 derogat,

115 2495 283 2516 Publicationem

100 2522 120 2542 in
138 2522 194 2542 [Ji-lie
214 2528 284 2543 omnes

100 2548 186 2570 afficere
212 2549 284 2570 decer-

901 253 1041 278 nammis
1067 254 1123 278 vul
1148 254 1195 278 FP.

295 301 370 341 cios,
387 311 421 333 ac
438 300 515 334 alios
536 301 646 345 quavis
670 302 854 336 auctoritate
879 308 909 334 et
933 308 1033 346 potes-

292 360 354 387 tate
368 354 542 397 fungentes,
556 355 585 387 in
601 356 711 399 quavis
725 356 817 388 eausa
833 361 861 388 et
876 355 1032 397 instantia,

294 407 415 439 sublata
433 408 478 440 eis
495 414 522 440 et
541 419 650 441 eorum
671 409 797 442 cuilibet
818 409 927 452 quavis
944 409 1033 441 aliter

293 460 448 493 iudicandi
470 466 500 494 et
520 462 746 505 interpretandi
772 462 916 494 facultate
934 467 964 494 et
980 472 1033 494 au-

293 514 446 554 ctoritate,
472 515 601 547 iudicari
631 520 661 547 et.
685 515 808 547 deliniri
835 515 965 551 debere:
991 515 1032 547 ir-

295 567 387 600 ritum
413 578 540 611 quoque
559 574 589 600 et
607 568 706 607 inane,
724 567 748 600 si
770 579 859 602 secus
877 568 1033 612 superbis

294 631 310 652 a
335 631 512 664 quoquam,
538 622 646 664 quavis
671 622 874 661 auctoritate,
899 622 1033 654 scienter

295 675 340 707 vel
360 675 550 717 ignoranter,
572 676 736 719 contigerit
755 676 910 708 attentari.

339 728 353 771 ξ
386 730 414 760 tj.
446 729 514 761 Non
545 729 741 762 obstantibus
770 729 970 773 praemissis,
998 738 1033 760 ac

295 782 570 815 constitutionibus
601 789 629 815 et
661 783 910 815 ordinationibus
936 792 1030 825 apos-

295 835 406 875 tolicis,
424 846 458 868 ac
475 836 679 869 cancellariae
698 843 823 869 nostrae
848 835 976 878 regulis,
994 840 1032 875 et,

294 894 446 931 quatenus
472 900 550 932 opus
576 890 678 930 suerit,
704 890 795 922 etiaui
823 890 874 922 illa
899 889 936 921 de
966 889 1033 920 iure

293 943 434 984 quaesito
454 953 514 975 non
530 943 677 983 tollendo,
696 954 730 975 ac
747 943 883 975 cuiusvis
899 941 1033 982 Ordinis,

294 996 546 1039 congregationis
570 1001 600 1028 et
624 996 754 1028 instituti
781 994 980 1035 huiusmodi,
1007 1005 1034 1027 e-

294 1048 367 1081 tiam
391 1049 578 1087 iuramento,
597 1048 834 1081 confirmatione
852 1047 1033 1091 apostolica,

294 1102 340 1133 vel
358 1102 466 1145 quavis
483 1101 629 1134 firmitate
650 1102 708 1134 alifi
723 1102 891 1141 roboratis,
910 1100 1033 1134 statutis

296 1158 325 1187 ct
350 1154 649 1196 consuetudinibus7
682 1154 854 1198 privilegiis
887 1164 1033 1198 quoque,

295 1207 422 1240 indultis
454 1214 481 1240 et
508 1208 619 1242 litteris
644 1208 846 1252 apostolicis,
870 1208 1034 1251 quibusvis

293 1261 447 1304 personis,
466 1261 524 1294 sub
546 1261 798 1304 quibuscumque
823 1261 985 1295 tenoribus
1005 1266 1034 1293 et

294 1314 412 1356 formis,
430 1325 466 1348 ac
491 1326 562 1348 cum
583 1315 744 1358 quibusvis
762 1315 854 1348 etiam
873 1315 1035 1357 derogato-

293 1367 413 1400 riarum
423 1367 632 1410 derogatoriis
645 1373 674 1400 et
685 1367 818 1401 insolitis
829 1368 986 1407 clausulis,
997 1368 1035 1400 ir-

294 1421 522 1464 ritantibusque
536 1427 563 1454 et
575 1422 643 1453 aliis
658 1421 802 1461 decretis,
818 1422 847 1454 in
858 1432 973 1464 genere
987 1422 1034 1454 vel

294 1474 325 1506 in
334 1474 542 1518 specic,etiam
551 1479 648 1514 motu,
657 1474 797 1515 scientia,
809 1474 1035 1507 deliberatione

295 1532 325 1559 et
345 1527 507 1571 potestatis
527 1527 721 1570 plenitudine
743 1527 913 1568 similibus,
940 1528 1033 1560 etiam

295 1581 569 1617 consistorialiter,
601 1591 636 1613 ac
671 1581 746 1612 alias
778 1581 808 1612 in
840 1581 1033 1613 contrarium

294 1635 540 1678 praemissorum
582 1633 817 1676 quomodolibet
854 1634 1033 1673 concessis,

295 1687 487 1721 confirmatis
504 1693 533 1720 et
558 1687 727 1726 innovatis3
749 1687 863 1730 quibus
887 1687 1034 1720 omnibus

295 1746 324 1773 et
344 1741 485 1783 singulis,
503 1740 623 1773 etiamsi
644 1750 703 1783 pro
721 1740 846 1773 illorum
870 1740 1033 1773 sufficienti

295 1793 498 1836 derogatione
522 1793 560 1825 de
591 1793 652 1826 illis
683 1803 857 1837 eorumque
887 1794 959 1826 totis
989 1799 1034 1826 te-

296 1847 427 1880 noribus
458 1846 622 1890 specialis,
648 1846 795 1890 specifica
827 1852 855 1879 et
887 1857 1034 1890 expressa

296 1910 330 1932 ac
356 1899 393 1932 de
418 1899 514 1932 verbo
539 1899 576 1931 ad
602 1899 744 1939 verbum,
761 1909 823 1932 non
848 1904 952 1932 autem
977 1910 1035 1943 per

296 1954 451 1986 clausulas
487 1953 649 1996 generales
682 1953 764 1985 idem
804 1953 1034 1997 importantes‚

296 2007 414 2039 mentio
440 2017 493 2039 seu
515 2006 641 2049 quaevis
663 2006 723 2038 alia
740 2007 901 2050 expressio
919 2007 955 2039 ad
973 2007 1036 2039 hoc

296 2059 446 2092 servanda
471 2060 571 2099 soret,
597 2059 723 2092 illorum
749 2060 889 2092 omnium
914 2065 945 2092 et
974 2060 1035 2092 sin-

297 2114 444 2156 gulorum
468 2118 594 2146 tenores
618 2113 835 2156 praesentibus
863 2124 921 2157 pro
944 2114 1036 2157 plene

297 2171 326 2201 et
343 2167 534 2200 sufficienter
550 2167 707 2210 expressis
728 2172 758 2199 et
782 2166 820 2199 ad
841 2167 973 2200 verbum
992 2167 1036 2199 in-

298 2221 388 2253 sertis
413 2221 572 2261 habentes,
598 2220 658 2253 illis
682 2220 758 2253 alias
783 2220 813 2252 in
838 2231 895 2253 suo
920 2221 1036 2254 robore

298 2274 521 2318 permansuris,
536 2274 573 2307 ad
590 2274 786 2318 praedictum
804 2273 949 2307 effectum
970 2285 1037 2318 spe-

298 2328 418 2361 cialiter
441 2333 470 2360 et
492 2338 638 2371 expresse
663 2328 863 2371 derogamus,
888 2338 924 2360 ac
949 2327 1038 2360 dero-

299 2386 405 2424 gatum
421 2391 487 2414 esse
501 2381 661 2421 volumus;
677 2381 852 2424 ceterisque
870 2381 1036 2414 contrariis

299 2435 559 2479 quibuscumque.

343 2489 358 2531 ξ
383 2489 411 2521 7.
431 2489 468 2521 Ut
488 2492 590 2523 autem
611 2493 792 2532 praesentes
813 2492 843 2521 et
858 2488 890 2520 in
907 2488 951 2520 eis
968 2497 1038 2521 con-

299 2545 382 2576 tenta
410 2552 626 2585 quaecumque
658 2542 697 2574 ad
728 2542 868 2575 omnium
894 2541 1036 2574 notitiam

299 2595 502 2638 deducantur,
520 2602 604 2628 etue
628 2596 740 2640 aliquis
765 2595 802 2628 de
827 2595 871 2628 eis
895 2595 1037 2638 ignoran-

1716 242 1772 260 sv-r-

1711 253 1769 276 ψη

1066 309 1095 335 et,
1114 301 1401 344 iuaudaiiitis,qtiod
1416 300 1542 333 eaedem
1556 305 1736 344 praesentes
1751 311 1807 344 per

1067 355 1201 398 aliquem
1221 365 1276 388 seu
1297 354 1418 398 aliquos
1436 365 1471 387 cx
1489 353 1673 387 cursoribus
1691 353 1807 386 nostris

1067 408 1104 440 ad
1121 408 1271 441 ecelesiae
1290 408 1514 450 Lateraneusis,
1528 407 1676 440 basilicae
1694 406 1809 439 Princi-

1067 461 1111 494 cis
1136 462 1356 504 Apostolorum
1382 461 1420 494 de
1450 461 1549 502 Urbe,
1576 471 1697 494 necnon
1730 470 1806 493 can-

1067 515 1210 547 cellariae
1242 515 1432 558 apostolicae
1465 514 1589 553 valvas,
1614 524 1650 546 ac
1682 514 1711 545 in
1743 513 1809 546 acie

1067 568 1174 611 Campi
1200 567 1308 601 Florae
1333 568 1500 610 atllgantur
1529 573 1558 600 ct
1583 567 1807 610 publicentur,

1067 626 1106 661 et,
1121 631 1190 653 cum
1204 620 1274 653 inde
1288 621 1527 660 amovebuntur,
1543 630 1650 652 earum
1665 620 1808 663 exempla

1069 673 1097 704 in
1124 673 1240 706 eisdem
1266 673 1342 706 locis
1367 673 1457 705 affixa
1490 673 1701 712 dimittantur-3
1727 683 1806 715 quae

1068 727 1111 759 sic
1128 727 1304 770 publicatae
1327 732 1354 759 et
1384 727 1493 759 atlixae
1510 737 1620 759 omnes
1644 732 1674 758 ct
1699 726 1807 768 singu-

1067 779 1130 820 los,
1155 789 1234 822 quos
1265 785 1475 822 concernunt,
1512 779 1641 823 perinde
1674 779 1807 811 alliciant

1067 838 1097 865 et
1121 838 1251 875 aretent,
1271 844 1305 866 ac
1326 834 1351 865 si
1371 833 1538 877 unicuique
1562 833 1686 866 illorum
1705 843 1809 875 perso-

1068 886 1179 918 naliter
1196 886 1354 919 intimatae
1376 890 1404 920 et
1422 886 1598 919 notificatae
1613 886 1751 918 fuissent.

1111 940 1125 981 ξ
1149 938 1177 970 8.
1196 939 1346 982 Quodque
1367 939 1492 971 illarum
1518 939 1732 981 transumptis,
1753 938 1809 970 iui-

1067 1045 1184 1088 gnitate
1209 1046 1419 1079 ecclesiastiea
1445 1046 1631 1079 constitutae
1662 1045 1806 1085 munitis,

1068 1102 1096 1131 et
1122 1109 1217 1131 manu
1233 1098 1365 1132 alicuius
1385 1099 1498 1132 notarii
1516 1099 1634 1143 publici
1653 1098 1810 1141 subscrip-

1067 1152 1116 1192 tis,
1141 1153 1249 1186 eadem
1275 1163 1405 1196 prorsus
1423 1153 1539 1197 ubique
1564 1153 1640 1185 fides
1665 1152 1809 1185 adhibea-

1068 1209 1127 1248 tur,
1145 1216 1223 1250 quae
1244 1206 1448 1240 adhiberetur
1472 1206 1699 1250 praesentibus,
1718 1205 1741 1237 si
1764 1206 1808 1238 so-

1068 1263 1136 1294 rent
1160 1260 1316 1292 exhibitae
1340 1261 1386 1293 vel
1412 1265 1563 1294 ostensae.

1112 1313 1222 1345 Datum
1247 1313 1374 1356 Romae,
1403 1313 1485 1357 apud
1507 1314 1536 1346 S.
1560 1313 1688 1345 Mariam
1713 1312 1807 1345 Maio-

1068 1377 1134 1399 rem
1149 1394 1156 1407 ‚
1173 1367 1230 1400 sub
1256 1367 1371 1400 annulo
1395 1367 1571 1407 Piscatoris,
1587 1367 1636 1399 die
1659 1376 1712 1399 xxl
1734 1366 1808 1398 maii

1068 1430 1232 1462 mcxxxv,
1257 1421 1457 1465 pontificatus
1480 1421 1580 1455 nostri
1604 1431 1686 1453 anno
1711 1431 1764 1454 xli.

1104 1484 1164 1512 Dat.
1186 1484 1230 1511 die
1249 1485 1277 1511 2¹
1303 1485 1366 1512 maii
1390 1484 1466 1519 1635,
1488 1484 1582 1520 pontif.
1602 1492 1672 1511 anno
1688 1491 1736 1511 xu.

1112 1580 1207 1612 Anno
1225 1590 1245 1612 α
1262 1580 1434 1613 nativitate
1459 1580 1593 1613 Domini
1612 1580 1717 1613 nostri
1737 1579 1811 1612 Iesu¹

1071 1633 1193 1667 Christi
1210 1633 1403 1674 mocxxxvff,
1417 1633 1468 1666 die
1481 1644 1552 1666 vero
1566 1643 1607 1667 xx
1624 1634 1743 1667 mensis
1759 1643 1812 1666 no-

1068 1685 1216 1727 vembris,
1233 1686 1460 1729 retroscriptae
1477 1686 1603 1719 litterae
1616 1685 1812 1729 apostolicae

1069 1739 1190 1782 affioeae
1206 1743 1234 1772 et
1255 1739 1443 1784 publicatae
1471 1740 1604 1782 fuerunt
1632 1739 1675 1771 ad
1702 1739 1811 1772 valvas

1069 1793 1218 1826 ecelesiae
1237 1793 1486 1833 Lateranensz‘s,
1512 1792 1665 1826 basilicae
1682 1793 1813 1826 Princi-

1066 1847 1119 1889 pis
1143 1846 1374 1890 Apostolorum
1399 1847 1436 1879 cle
1463 1846 1553 1886 Urbe,
1583 1856 1706 1879 necnon
1731 1856 1807 1879 can—

1070 1899 1222 1933 cellariae
1246 1900 1450 1943 apostolicae,
1482 1904 1509 1932 et
1537 1900 1573 1932 in
1602 1900 1670 1932 acie
1698 1899 1812 1943 Campi

1070 1952 1204 1994 Florae,
1231 1963 1290 1996 per
1314 1963 1371 1986 nos
1403 1953 1585 1986 Antonium
1610 1952 1760 1985 Bardnm
1784 1957 1812 1985 et

1070 2006 1197 2039 Iulium
1221 2007 1458 2040 Marzz‘tellium
1476 2007 1682 2040 Sanctissimz'
1707 2007 1813 2040 Domi-

1070 2060 1107 2092 ni
1131 2061 1235 2093 nostri
1258 2061 1371 2105 Papae
1395 2071 1547 2094 curso-res.

1161 2122 1370 2156 Hmnonrurs
1395 2123 1605 2163 Vnccnionus,
1621 2133 1701 2165 mag.
1729 2134 1810 2156 curs

1390 2257 1492 2290 DXlll.

1072 2327 1226 2361 Familias
1240 2329 1356 2361 nuntio
1373 2328 1547 2372 apostolico
1565 2329 1600 2361 in
1618 2338 1716 2371 reyno
1732 2328 1812 2361 Nece-

1112 2380 1198 2424 polis
1222 2381 1437 2415 examinandi
1462 2386 1551 2415 testes
1581 2386 1609 2414 et
1632 2381 1807 2424 proceden-

1115 2435 1150 2467 cti
1162 2439 1274 2468 contra
1290 2435 1449 2478 episcopos
1468 2445 1532 2468 non
1557 2434 1730 2468 residentes
1743 2435 1811 2466 snis

1116 2488 1151 2520 in
1175 2487 1315 2521 eeclesiis
1328 2486 1346 2519 ².

1109 2569 1118 2593 t
1138 2568 1240 2594 Forsan
1256 2567 1398 2602 tegendum
1415 2573 1540 2594 mocxxxv
1556 2574 1592 2600 tn.
1609 2569 1656 2601 T.).

1106 2612 1123 2638 2
1138 2611 1174 2638 Ex
1195 2611 1301 2647 Regest.
1323 2612 1349 2638 in
1370 2612 1473 2639 Secret.
1495 2611 1571 2638 Brev.
1590 2628 1620 2630 —
1638 2611 1812 2638 Constitutio‘

300 2649 374 2682 tiam
391 2649 596 2693 praetendere
617 2650 724 2692 possit,
749 2650 893 2682 volumus
919 2649 1036 2693 pariter
1071 2665 1132 2684 nem
1151 2656 1185 2683 ab
1201 2655 1251 2684 hoc
1271 2655 1399 2683 Pontifice
1419 2656 1518 2684 editam
1549 2659 1642 2683 contra
1668 2657 1810 2692 episcopos

1821 253 1871 277 Au,
1894 251 1920 278 C.
1941 251 2006 277 1025

1869 952 2009 977 srsin<uuiplxs

1832 979 1884 997 'tt-11·
1908 979 1953 998 dart
1979 979 2008 998 iu-

1067 992 1185 1035 pressis
1200 1019 1207 1033 ,
1232 992 1335 1035 sigillo
1360 993 1491 1026 alicuius
1514 1003 1668 1036 personae
1700 993 1730 1024 in
1756 992 1807 1024 di-
1824 1006 1866 1024 im
