2248 3229
231 218 279 246 An.
298 219 325 247 C.
346 219 415 247 1632

254 655 379 679 Declaratio,
388 655 413 675 da

232 689 274 709 qua
287 683 307 704 in
322 683 413 704 rubrica.

273 2096 354 2120 Eadem
371 2097 415 2122 lege

232 2124 417 2151 comprehvndun-

233 2156 265 2173 tur
281 2153 336 2173 bona
346 2157 416 2171 nimia-

233 2180 319 2199 chorum
360 2180 417 2198 extra

233 2207 323 2226 claustra
331 2210 417 2225 morien-

234 2236 293 2254 uum.

260 2475 379 2497 clausulae.

459 210 523 244 300

474 268 577 302 bitum
601 272 742 312 spectare
766 266 809 299 ad
832 266 1030 299 monasteria
1053 267 1168 299 cisma-

474 322 552 355 rina
569 320 649 353 dicti
670 319 805 353 Ordinis
823 320 1088 363 Conqreyalionis
1104 320 1169 355 An-

473 375 631 418 ylicmzae,
660 374 696 405 in
720 373 837 416 quibus
851 373 988 417 professi
1004 377 1090 416 sunt,
1111 377 1168 407 aut

473 427 593 471 quibus
617 436 649 459 se
673 425 922 470 aqsjreyarunst

630 515 766 543 Urbanus
786 517 864 551 Papa
883 516 961 550 vm.

572 562 607 587 ad
628 560 761 588 futuram
782 562 827 588 rei
846 561 1026 589 memoriam.

474 640 489 684 ξ,
513 639 542 673 l.
568 640 732 684 Cupientes
752 640 883 682 ⁴dilectis
908 641 981 674 filiis
1005 640 1168 674 monachis

429 693 553 727 Ordinis
567 693 595 727 S.
609 694 766 726 Benedicti
784 694 1046 728 monasteriorum
1061 695 1168 728 cisma-

429 747 571 780 rinorum
590 747 848 790 Congregationis
861 748 990 791 Angliae
1007 748 1045 781 de
1062 748 1167 792 aliquo

429 800 643 834 subventionis
667 801 783 834 auxilio
816 801 1003 845 providere,
1035 802 1167 845 illosque

430 854 617 898 specialibus
643 854 802 887 favoribus
827 861 856 888 et
885 856 993 898 gratiis
1017 856 1167 900 prosequi

428 909 588 949 volentes,
614 914 643 942 et
667 919 776 942 eorum
811 909 986 951 singulares
1017 920 1167 954 personas

428 972 445 994 a
469 962 632 1005 quibusvis
664 963 1012 1003 excommunicationis,
1038 974 1167 1007 suspen-

428 1015 525 1048 sionis
548 1021 578 1048 et
602 1016 770 1057 interdicti,
795 1016 926 1060 aliisque
951 1017 1168 1050 ecclesiasticis

428 1069 599 1110 sententiis,
625 1069 765 1102 censuris
791 1074 820 1102 et
847 1069 966 1113 poenis,
992 1080 1009 1102 a
1033 1070 1100 1103 iure
1118 1070 1167 1102 vel

428 1122 467 1154 ab
499 1123 644 1163 homine,
673 1122 780 1165 quavis
813 1122 977 1155 occasione
1001 1123 1048 1155 vel
1074 1125 1168 1156 causa

428 1175 516 1216 latis,
541 1176 566 1208 si
592 1175 710 1219 quibus
735 1175 973 1219 quomodolibet
1002 1175 1168 1209 innodatae

428 1228 575 1269 existunt,
601 1228 639 1261 ad
665 1228 809 1262 effectum
835 1228 1049 1272 praesentium
1074 1229 1168 1262 dum-

429 1287 511 1315 taxat
536 1282 803 1326 consequendum,
824 1283 937 1316 harum
962 1283 1043 1316 serie
1068 1283 1168 1316 absol-

428 1341 534 1369 ventes
559 1342 589 1369 et
610 1336 768 1369 absolutas
791 1337 856 1370 sore
877 1342 1048 1377 censenteS,
1069 1337 1106 1370 de
1122 1347 1170 1370 ve-

428 1390 618 1423 nerabilium
650 1390 782 1424 fratrum
814 1396 995 1424 nostrorum
1021 1390 1050 1423 S.
1075 1391 1108 1423 P..
1135 1391 1167 1423 E.

429 1443 634 1478 cardinalium
660 1444 809 1478 adversus
830 1444 1021 1478 haereticam
1037 1444 1170 1488 pravita-

429 1503 492 1530 tem
518 1498 740 1542 inquisitorum
766 1499 959 1542 generalium
982 1498 1123 1539 consilio,
1136 1509 1168 1531 a-

428 1551 582 1595 postolica
600 1552 794 1593 auctoritate,
816 1558 924 1585 tenore
945 1551 1168 1596 praesentium,

429 1603 628 1638 decernimus
658 1611 687 1638 et
715 1605 929 1646 declaramus,
954 1605 1036 1638 bona
1060 1615 1168 1638 mona-

430 1657 563 1691 chorum
587 1658 661 1691 dicti
687 1658 811 1692 Ordinis
831 1658 1084 1702 congregationis
1101 1658 1169 1691 His-

429 1711 578 1755 panicae,
612 1722 666 1744 seu
696 1712 906 1754 Anglicanae,
940 1711 970 1744 in
1000 1711 1168 1754 Anglicana

430 1764 580 1797 missione
600 1764 829 1808 laborantium,
854 1769 924 1808 post
948 1770 1083 1797 mortem
1110 1774 1166 1798 eo-

430 1817 575 1850 rumdem
590 1818 830 1858 monachorum,
849 1828 915 1850 esse
933 1823 963 1850 et.
979 1817 1087 1850 haberi
1107 1827 1170 1851 mo-

430 1871 640 1904 nasteriorum
656 1871 897 1904 cismarinorum
912 1871 1169 1913 Congregationis

429 1924 560 1967 Angliae
591 1924 772 1958 huiusmodi
805 1924 943 1957 eiusdem
969 1924 1112 1965 Ordinis,
1138 1925 1169 1957 in

431 1976 546 2020 quibus
570 1977 664 2010 iidem
690 1977 846 2018 monachi,
867 1981 919 2011 aut
942 1977 1168 2020 professionem

432 2030 615 2071 emiserunt,
641 2032 688 2064 vel
713 2031 826 2074 quibus
847 2041 878 2063 se
903 2036 1133 2073 aggregarunt,

477 2085 491 2127 g
515 2084 544 2117 2.
570 2085 607 2117 Et
631 2084 715 2128 quod
740 2084 857 2117 nemini
883 2085 983 2125 liceat,
1002 2085 1058 2117 sub
1079 2095 1169 2128 prae-

432 2141 518 2171 textu
543 2138 627 2181 quod
651 2138 801 2181 praedicti
826 2138 970 2170 monachi
995 2138 1170 2171 moriantur

433 2198 520 2225 extra
544 2193 689 2232 claustra,
714 2193 761 2225 x'cl
787 2192 844 2225 sub
870 2192 980 2235 quovis
1000 2193 1061 2225 alio
1079 2192 1169 2225 titulo

433 2252 463 2280 et
484 2245 643 2290 quolibet²
663 2246 777 2288 colore,
796 2246 903 2278 eadem
922 2246 1003 2279 bona
1023 2246 1168 2287 retinere,

433 2305 485 2333 aut
509 2300 736 2332 restitutionem
758 2299 940 2332 eorumdem
958 2299 1049 2332 dictis
1066 2309 1170 2333 mona-

433 2354 536 2388 steriis
560 2354 733 2397 denegare,
759 2353 816 2386 sub
840 2353 949 2397 poenis
973 2358 1004 2386 et
1029 2353 1169 2386 censuris

434 2407 671 2447 ecclesiasticis3

477 2461 544 2506 §3-
571 2462 682 2505 Sicque
716 2472 773 2505 per
805 2469 1021 2504 quoscumque
1051 2459 1170 2493 iudices

433 2515 608 2549 ordinarios
633 2520 663 2547 et
686 2514 861 2557 delegatos,
886 2514 980 2547 etiam
1005 2522 1168 2547 causarum

470 2596 481 2622 1
500 2594 536 2621 Ex
554 2594 658 2629 aegest.
675 2594 701 2621 in
715 2596 815 2621 Secret.
833 2594 908 2621 Brev.

470 2638 485 2665 2
501 2638 571 2666 Edit.
587 2638 666 2666 main.
682 2639 748 2674 legit
763 2639 859 2673 quasit
873 2642 909 2674 (R.
922 2638 969 2674 22),

1011 218 1190 243 BULLARIUM
1213 217 1368 243 ROMANUM

1202 266 1309 310 palatii
1333 266 1495 311 apostolici
1508 267 1676 310 auditores,
1697 268 1828 302 iudicari
1846 273 1875 302 et
1888 268 1938 302 de-

1202 320 1285 353 finiri
1302 321 1428 363 debere,
1445 331 1481 356 ac
1500 321 1625 355 irritum
1642 328 1673 355 et
1688 322 1789 365 inane,
1805 323 1830 357 si
1847 333 1937 357 secus

1202 384 1296 417 super
1319 373 1368 407 his
1392 385 1410 407 a
1433 385 1602 419 quoquam,
1616 375 1724 419 quavis
1743 377 1942 417 auctoritate‚·

1202 427 1336 461 scienter
1345 428 1392 461 vel
1406 428 1597 472 ignoranter,
1607 428 1775 472 contigerit
1783 430 1936 464 attentari.

1245 481 1260 525 g
1279 481 1309 514 4.
1330 481 1398 515 Non
1413 482 1607 516 obstantibus
1620 482 1870 527 quibuscumque
1889 484 1939 517 de-

1202 534 1306 575 cretis,
1332 535 1606 569 constitutionibus
1633 541 1663 569 et
1687 535 1938 570 ordinationibus

1201 588 1395 631 apostolicis,
1415 594 1445 622 et
1468 589 1655 633 praesertim
1678 589 1776 622 felicis
1796 589 1939 622 recorda-

1201 641 1294 674 tionis
1319 641 1464 685 Gregorii
1492 643 1593 686 Papae
1614 643 1682 676 XIII
1706 642 1939 687 pradecessoris

1200 695 1299 728 nostri
1333 706 1428 740 super
1462 696 1569 740 spoliis
1598 697 1827 731 monachorum
1851 699 1938 730 extra

1201 749 1337 782 claustra
1361 749 1566 783 morientium
1590 750 1690 791 edita,
1714 760 1836 784 necnon
1862 749 1939 794 qui-

1201 803 1308 836 busvis
1333 802 1488 838 dictarum
1520 804 1818 847 congregationum,
1844 803 1937 836 etiam

1202 858 1388 899 iuramento,
1414 858 1652 892 confirmatione
1675 858 1866 903 apostolica,
1890 857 1939 890 vel

1201 911 1310 955 quavis
1333 912 1481 946 firmitate
1495 912 1556 944 alia
1580 911 1746 952 roboratis,
1767 910 1889 944 statutis
1909 916 1939 943 et

1202 965 1490 1006 consuetudinibus,
1507 965 1680 1009 privilegiis
1693 975 1828 1009 quoque,
1842 963 1940 997 indul-

1202 1019 1240 1052 tis
1265 1024 1294 1052 et
1318 1019 1428 1052 litteris
1452 1019 1642 1063 apostolicis,
1667 1018 1724 1052 sub
1740 1018 1940 1062 quibuscum-

1202 1083 1262 1116 que
1287 1073 1450 1106 tenoribus
1474 1078 1504 1106 et
1527 1073 1648 1114 formis,
1666 1083 1701 1105 ac
1721 1083 1792 1106 cum
1810 1071 1939 1116 quibus-

1203 1125 1247 1158 vis
1270 1126 1417 1159 clausulis
1447 1131 1476 1159 et
1508 1125 1663 1167 decretis,
1689 1126 1721 1158 in
1745 1125 1939 1159 contrarium

1202 1179 1447 1222 praemissorum
1484 1179 1721 1223 quomodolibet
1760 1178 1937 1220 concessis,

1203 1232 1396 1265 confirmatis
1414 1236 1443 1266 ct
1467 1232 1638 1273 innovatis3
1658 1232 1771 1276 quibus
1793 1232 1939 1265 omnibus

1203 1291 1233 1319 et
1257 1286 1398 1329 singulis,
1423 1286 1549 1319 illorum
1574 1292 1699 1320 tenores
1722 1285 1939 1330 praesentibus

1203 1350 1260 1383 pro
1284 1339 1376 1383 plene
1401 1344 1430 1372 et
1455 1339 1645 1372 sufficienter
1669 1338 1824 1383 expressis
1849 1348 1884 1371 ac
1901 1337 1939 1370 ad

1204 1393 1335 1426 verbum
1369 1392 1493 1426 insertis
1524 1392 1700 1434 habentes,
1725 1392 1785 1425 illis
1809 1391 1885 1424 alias
1910 1391 1940 1423 in

1204 1456 1260 1479 suo
1284 1445 1400 1479 robore
1423 1445 1656 1490 permansuris,
1681 1445 1720 1478 ad
1751 1445 1940 1489 praemisso-

1203 1510 1274 1533 rum
1299 1499 1455 1541 effectum,
1480 1500 1538 1533 hac
1562 1500 1629 1533 vice
1649 1499 1809 1532 dumtaxat
1826 1498 1940 1543 specia-

1203 1553 1275 1586 liter
1299 1558 1329 1586 et
1352 1563 1498 1597 expresse
1529 1553 1741 1596 derogamus;
1766 1552 1939 1596 ceterisque

1203 1607 1369 1640 contrariis
1393 1607 1652 1651 quibuscumque.

1247 1660 1262 1703 g
1280 1659 1308 1692 5.
1327 1660 1477 1693 Volumus
1494 1665 1609 1701 autem,
1627 1660 1711 1704 quod
1727 1660 1938 1704 praesentium

1204 1713 1417 1757 transumptis,
1442 1713 1535 1746 etiam
1560 1713 1739 1757 impressis,
1765 1723 1860 1746 manu
1884 1713 1940 1746 ali-

1203 1767 1292 1800 cuius
1309 1767 1422 1800 notarii
1440 1766 1558 1811 publici
1575 1766 1769 1810 subscriptis,
1787 1771 1817 1799 et
1836 1766 1940 1809 sigillo

1204 1830 1357 1864 personae
1382 1821 1413 1853 in
1431 1820 1642 1853 ecclesiastica
1659 1819 1810 1863 dignitate
1828 1820 1942 1853 consti-

1205 1879 1285 1907 tutae
1300 1874 1437 1916 rnunitis,
1455 1874 1563 1907 eadem
1581 1884 1712 1918 prorsus
1729 1873 1807 1906 fides
1823 1873 1940 1916 ubique

1203 1927 1346 1961 locorum
1370 1927 1532 1970 habeatur,
1557 1938 1637 1971 quae
1660 1927 1737 1971 ipsis
1762 1926 1937 1970 praesenti-

1202 1980 1261 2013 bus
1285 1980 1466 2022 haberetur,
1491 1981 1516 2014 si
1540 1981 1643 2014 forent
1668 1979 1823 2013 exhibitae
1844 1979 1891 2012 vel
1910 1989 1940 2013 0-

1204 2038 1334 2068 stensae.

1247 2088 1358 2120 Datum
1390 2088 1528 2129 Romae,
1557 2087 1639 2131 apud
1664 2087 1693 2120 S.
1718 2086 1847 2120 Mariam
1872 2086 1937 2120 Ma-

1204 2141 1325 2181 iorem,
1357 2141 1414 2174 sub
1447 2141 1562 2174 annulo
1591 2140 1776 2181 piscatoris,
1800 2139 1850 2173 die
1874 2149 1941 2173 xvlt

1203 2195 1390 2239 septembris
1414 2204 1590 2237 Mocxxxn,
1622 2194 1822 2238 pontificatus
1841 2193 1939 2227 nostri

1203 2259 1284 2282 anno
1309 2259 1338 2282 x.

1238 2311 1298 2339 Dat.
1314 2310 1357 2338 die
1374 2311 1404 2338 17
1420 2311 1582 2347 septembris
1599 2310 1677 2345 1632,
1692 2310 1787 2347 pontif.
1804 2317 1875 2338 anno
1891 2316 1917 2337 Χ.

1497 2447 1643 2481 CDXLVI.

1205 2518 1393 2553 commissio
1418 2518 1657 2562 archiepiscopo
1676 2517 1876 2558 Arelatensi,
1904 2527 1942 2550 ac

1248 2572 1448 2613 Boloniensi,
1468 2576 1497 2605 et
1512 2572 1544 2606 S.
1564 2571 1659 2605 Flora·
1677 2582 1714 2604 ac
1732 2570 1942 2604 Macloviensz'

1247 2626 1412 2670 episcopis,
1428 2629 1464 2661 ut
1478 2625 1676 2661 coniunctim
1688 2623 1861 2670 procedant
1873 2634 1941 2660 con-

1952 220 2001 247 Ᾱη.
2019 219 2046 247 C.
2067 219 2137 247 1632

2021 494 2136 521 Derogauo

1952 523 2114 544 contrariorum.

1994 1668 2139 1694 'transumptis

1955 1695 2025 1717 danda
2040 1695 2098 1716 tides.
