2248 3229
127 237 184 263 Ἀιῖ.
201 235 228 263 (ἶ,
254 235 315 263 lssss-'i

167 1328 171 1331 .
185 1318 194 1331 r
213 1311 324 1331 cardinali-

141 1371 166 1385 nt¹
189 1365 250 1384 Sealts
270 1351 323 1390 Apta·

141 1398 149 1408 S
192 1398 229 1411 eat·

175 2324 284 2346 Clausula-
294 2325 330 2344 bu-

148 2353 180 2373 ius
199 2354 331 2372 constitutit»-

155 2386 179 2399 1¹5
194 2381 331 2405 [ιΓζιΡὴη-κςιῃ.

149 2412 184 2426 ΗΝ
200 2405 265 2426 addit.

942 231 1082 256 rnnitNtts
1105 231 1159 254 vm
1179 231 1226 254 Pr·

334 283 463 316 rationis
485 282 627 315 incursus
644 292 827 326 poenarum,
845 292 879 313 ae
899 281 1071 324 respective

333 336 516 381 privationis
553 348 606 368 seu
639 335 842 380 depositionis
877 335 1073 378 aliarumque

334 391 529 434 punitionum
544 390 755 434 praefatorum
769 388 1012 422 inobedientium
1025 398 1074 420 va-

335 444 464 485 leamus,
478 449 507 476 et
526 443 592 488 ipsc
604 443 739 476 Pontifex
759 444 917 475 Romanus
928 452 986 486 pro
1001 445 1074 476 tem-

335 508 411 541 pore
428 497 563 530 existens
581 497 679 529 valeat
697 496 878 539 procedere.

380 551 394 593 ξ
422 551 468 583 ’12
498 551 646 583 Volumus
679 556 782 582 tamen
815 550 1000 594 episcopos,
1025 558 1073 580 ar-

259 598 319 636 [l‘ll-J.
335 604 562 647 cliicpiscopos,
589 604 857 646 metropolitanos,
878 603 1026 647 primates
1046 607 1075 633 et

238 652 256 688 ,ζ
278 678 319 687 .,
336 657 549 700 patriarchas.
575 657 667 689 ctiam
700 658 728 688 S.
760 658 791 690 u.
819 657 850 689 13.
883 655 1074 695 cardinales,

337 711 414 743 citra
449 715 568 743 montes
602 711 647 742 vel
682 720 767 742 mare.
800 710 988 748 existentes,
1020 717 1075 751 per

336 770 480 807 quatuor,
498 764 575 797 alios
593 774 667 797 vcro
684 765 764 796 ultra
783 768 903 796 montes
925 762 971 795 vel
989 772 1074 794 marc

337 817 493 860 degentes,
511 829 565 862 per
583 825 700 862 septem
728 827 850 850 menses
875 816 1039 850 contInuos
1059 826 1075 846 a

338 869 504 903 residentia
539 870 567 901 iu
601 869 746 912 praefatis
772 868 911 901 ecclesiis
937 866 1075 899 facienda

338 923 374 954 ad
400 923 543 955 effectum
579 922 720 955 visitandi
753 922 859 954 limina
890 922 1076 953 Sanctorum

339 977 558 1020 Apostolorum
586 976 665 1008 Petri
691 981 720 1008 ct
752 975 837 1007 Pauli
863 975 946 1007 iuxta
971 983 1077 1007 sacros

338 1041 473 1063 canones
493 1041 527 1062 ac
552 1028 738 1072 apostolicas
758 1027 995 1061 constitutiones
1019 1037 1077 1070 pro

338 1084 476 1127 qualibet
501 1082 676 1116 visitatione
701 1081 863 1117 excusari2
890 1081 931 1112 ita
956 1085 1076 1121 tamen,

338 1143 372 1170 ut
391 1141 472 1177 tunc,
490 1137 550 1169 illis
564 1136 758 1176 durantibus,
773 1135 957 1169 visitationis
974 1134 1078 1167 buius-

340 1191 423 1224 modi
450 1200 564 1223 munus
588 1190 714 1234 explere
740 1194 920 1231 teneantur,
954 1199 1009 1221 nec
1043 1199 1077 1221 ac

340 1244 416 1276 alios
441 1248 528 1276 actus
554 1253 585 1276 se
610 1243 773 1276 divertant.

384 1298 398 1340 ξ
424 1297 474 1329 Ί3.
500 1297 717 1331 Cardinalibus
750 1307 825 1329 vero
856 1306 939 1328 minc
968 1301 998 1330 et
1021 1307 1079 1340 pro

340 1357 483 1395 tempore
507 1351 728 1387 existentibus,
754 1351 806 1393 qui
837 1350 867 1382 in
892 1360 964 1383 casu
991 1360 1079 1383 vaca-

341 1405 432 1438 tionis
463 1405 550 1438 Sedis
588 1405 783 1448 Apostolicae
819 1405 856 1437 ad
894 1405 1078 1438 electionem

340 1459 470 1491 Romani
492 1459 651 1491 Pontiticis
670 1458 840 1490 taciendam
863 1457 1012 1490 accedere
1033 1467 1081 1490 so-

341 1512 404 1544 lent
420 1512 457 1544 ad
483 1512 585 1544 locum
604 1511 760 1544 conclavis
780 1511 817 1543 ad
839 1511 898 1543 boc
915 1511 1079 1553 designati,

340 1565 543 1598 concedimus
575 1565 730 1598 licentiam
765 1564 942 1597 discedendi
968 1564 1006 1596 ab
1028 1574 1079 1597 ec-

340 1619 442 1651 clesiis
474 1619 622 1662 praefatis
656 1618 712 1650 sibi
747 1619 942 1657 commissis,
974 1618 1080 1652 habita

340 1678 443 1705 tamen
461 1672 549 1715 prius
565 1673 649 1704 certa
672 1672 781 1705 notitia
799 1671 967 1705 vacationis
985 1672 1081 1715 ipsius

340 1725 426 1758 Sedis
452 1726 664 1769 Apostolieae,
689 1731 719 1759 et
743 1731 829 1758 extra
860 1725 1080 1767 residentiam,

342 1780 371 1811 in
397 1780 465 1813 loco
491 1780 521 1811 in
547 1790 609 1823 quo
626 1780 811 1812 electionem
838 1779 1017 1812 huiusmodi
1035 1789 1082 1812 ce-

342 1833 457 1865 lebrari
483 1833 651 1875 continget,
669 1834 885 1866 commorandi
911 1839 940 1866 et
960 1843 1082 1877 perma-

343 1886 434 1918 nendi
459 1896 559 1929 usque
584 1886 620 1917 ad
646 1891 804 1929 peractam
829 1887 1025 1929 electionem,
1047 1897 1082 1919 ac

344 1940 436 1972 etiam
461 1945 567 1983 postea
587 1949 643 1983 per
663 1939 741 1972 duos
765 1949 897 1980 menses,
915 1945 1082 1983 postquam

343 1994 502 2026 Romanus
520 1993 657 2026 Pontifex
676 1994 887 2027 coronationis
912 2004 986 2026 suae
1010 1994 1083 2026 insi—

344 2047 415 2090 gnia
430 2047 617 2090 susceperit:
632 2058 695 2090 quo
710 2053 851 2091 tempore
865 2047 980 2091 elapso,
998 2057 1084 2090 prae-

345 2101 395 2133 sau
421 2101 604 2141 cardinales,
630 2101 688 2133 nisi
715 2101 814 2142 illico,
839 2105 872 2134 ut
896 2101 1082 2144 praefertur,

345 2154 382 2186 ad
406 2154 552 2187 ecclesias
577 2154 740 2198 praefatas,
764 2154 879 2198 quibus
903 2154 1084 2198 praesidere

346 2218 399 2241 eos
423 2208 599 2251 contigerit,
625 2218 657 2240 se
682 2208 881 2249 contulerint,
903 2208 1084 2241 subiaceant

346 2262 455 2305 poenis
479 2263 676 2306 supradictis.

391 2317 406 2359 ξ
430 2316 480 2348 14.
506 2316 688 2349 Praesentes
713 2327 837 2360 quoque
863 2316 991 2355 litteras,
1017 2326 1083 2348 om-

347 2370 460 2413 niaque
478 2376 507 2402 et
523 2370 645 2412 singula
670 2370 701 2402 in
725 2370 770 2402 eis
788 2373 942 2411 contenta,
960 2369 998 2401 de
1015 2368 1084 2401 sub-

348 2424 520 2467 reptionis,
554 2423 749 2467 obreptionis
785 2433 820 2456 ac
858 2423 1085 2466 cuiuscumque

348 2478 498 2510 nullitatis
522 2482 573 2510 aut
598 2477 797 2509 invaliditatis
820 2476 909 2515 vitio,
935 2476 1082 2509 intentio-

348 2532 458 2575 nisque
477 2535 603 2564 nostrae
627 2542 662 2563 ac
687 2540 886 2574 quocumque
915 2530 975 2563 alio
1000 2529 1084 2561 defe-

349 2592 418 2626 ctu⁷
442 2586 667 2629 quantumlibet
695 2584 892 2618 substantiali
917 2584 1023 2627 (etiarn
1048 2594 1085 2616 ex

1750 216 1806 248 ›th

1108 285 1222 311 teresse
1255 277 1405 310 babentes
1444 277 1488 308 vel
1524 274 1783 319 praetendentes,
1819 281 1846 304 et

1106 331 1291 376 praesertim
1311 331 1404 364 iidem
1424 329 1564 362 ecclesiis
1585 327 1753 373 praedictis
1766 336 1847 359 nunc

1107 391 1136 418 et
1160 396 1218 429 pro
1245 391 1386 428 tempore
1412 382 1572 427 praefecti,
1590 382 1682 414 etiam
1708 381 1849 413 eiusdem

1107 444 1232 472 sanctae
1267 439 1423 471 Romanae
1462 436 1616 469 Ecclesiae
1654 434 1849 469 cardinales,

1108 491 1290 536 praemissis
1324 500 1385 523 non
1411 489 1645 528 consenserint,
1671 498 1727 520 noc
1752 487 1790 519 ad
1816 496 1849 517 ea

1109 546 1207 579 vocati
1233 551 1263 577 et
1279 545 1387 583 auditi,
1407 544 1681 585 solemnitatesque
1707 546 1736 573 et
1760 550 1851 584 quae-

1110 599 1154 631 ris
1179 599 1238 631 alia
1263 598 1415 631 servanda
1443 603 1470 629 ct
1497 596 1696 639 adimplenda
1721 595 1851 627 nullate-

1109 662 1167 685 nus
1192 657 1312 685 servata
1329 657 1358 684 et
1379 651 1556 693 adimpleta,
1575 654 1604 683 et
1622 659 1742 687 causae,
1760 658 1851 692 prop-

1110 711 1156 738 ter
1167 716 1243 750 quas
1257 709 1436 749 praesentes
1450 704 1673 744 emanaverint„
1690 703 1850 739 adductae,

1110 759 1307 810 rorulentae,
1336 769 1389 791 seu
1419 758 1493 790 alias
1529 757 1718 789 sufficienter
1749 761 1800 788 aut
1825 766 1852 786 eff

1111 813 1183 845 tiam
1196 800 1246 845 q„
1280 813 1385 856 aliquo
1410 812 1592 843 iustilicatac
1617 820 1680 843 non
1706 810 1818 843 t'ueriut
1834 816 1851 846 t,

1110 877 1145 899 ac
1168 877 1369 910 quocumque
1389 866 1450 898 alio
1472 866 1589 905 colore,
1612 869 1784 907 praetextu,
1805 874 1853 895 or-

1110 921 1245 961 casione,
1263 925 1293 953 ct
1318 921 1421 959 causa,
1439 919 1530 953 ctiam
1562 919 1592 950 in
1621 927 1756 961 corpore
1774 917 1852 949 iuris

1111 974 1234 1016 clausis,
1249 979 1279 1006 et
1292 974 1350 1006 alia
1364 971 1579 1016 quacumque*
1595 971 1792 1015 quantumvis
1809 981 1853 1002 ra

1112 1028 1262 1069 tionabili,
1289 1028 1369 1061 iusta
1395 1032 1424 1059 et
1448 1026 1656 1070 privilegiata,
1681 1025 1773 1057 etiam
1800 1024 1851 1056 tali

1111 1092 1190 1126 quae
1207 1081 1246 1114 ad
1263 1081 1408 1115 effectum
1424 1079 1590 1112 validitatis
1607 1078 1853 1122 praemissorum

1111 1135 1290 1169 necessario
1310 1133 1512 1178 exprimenda
1542 1133 1632 1173 soret,
1653 1142 1668 1164 a
1695 1141 1853 1175 quoquam

1112 1189 1225 1230 notari,
1251 1188 1443 1232 impugnari,
1470 1186 1643 1225 retractari,
1670 1186 1699 1217 iu
1725 1185 1781 1226 ius,
1808 1186 1853 1217 vel

1113 1243 1361 1276 controversiam
1387 1241 1539 1282 revocari,
1566 1246 1617 1273 aut
1642 1240 1680 1272 ad
1706 1239 1855 1271 terminos

1113 1296 1189 1329 iuris
1214 1295 1321 1328 reduci
1346 1305 1407 1327 non
1433 1304 1534 1338 posse,
1561 1303 1618 1326 nec
1643 1293 1700 1325 sub
1725 1291 1855 1336 quibus„

1114 1349 1187 1382 libet
1213 1349 1362 1381 similium
1388 1348 1437 1381 vel
1470 1347 1671 1380 dissimilium
1697 1345 1855 1379 constitu—

1115 1404 1233 1437 tionum
1259 1403 1322 1435 sire
1351 1401 1605 1445 dispositionum,
1631 1400 1724 1433 etiam
1751 1404 1854 1437 motu,

1114 1457 1253 1497 scientia,
1272 1462 1301 1489 et
1318 1455 1480 1500 potestatis
1497 1455 1690 1499 plenitudine
1715 1453 1854 1498 paribus,

1114 1511 1207 1543 etiam
1226 1509 1495 1549 consistorialiter,
1510 1514 1561 1541 aut
1586 1508 1662 1540 alias
1686 1507 1856 1551 quomodo-

1114 1565 1189 1597 libet
1205 1575 1262 1608 per
1280 1573 1497 1607 quoscumque
1515 1563 1672 1596 Romanos
1690 1562 1856 1594 Pontifices

1114 1618 1372 1662 praedecessores
1398 1623 1427 1650 et
1452 1626 1652 1650 successores
1676 1620 1811 1656 nostros,
1822 1625 1856 1647 ac

1115 1671 1207 1705 etiam
1232 1681 1287 1715 per
1312 1680 1379 1713 nos,
1402 1671 1554 1704 saetarum
1580 1675 1608 1702 et
1633 1669 1855 1706 faciendarum,

1116 1724 1378 1765 revocationibus,
1406 1723 1676 1768 suspensionibus,
1701 1722 1858 1756 limitatio-

1115 1777 1217 1821 nibus,
1239 1783 1289 1811 aut
1308 1777 1376 1811 aliis
1397 1777 1565 1810 contrariis
1589 1775 1856 1820 dispositionibus,

1115 1842 1174 1875 pro
1199 1836 1344 1876 tempore
1367 1830 1608 1875 quomodolibet
1640 1830 1744 1870 sactis,
1771 1839 1857 1862 com-

1116 1886 1286 1930 prehendi,
1312 1885 1365 1919 sed
1398 1895 1522 1929 semper
1555 1884 1593 1916 ab
1625 1883 1685 1916 illis
1710 1888 1858 1927 excepta,

1116 1944 1334 1984 perpetuoque
1359 1939 1469 1979 valida,
1488 1939 1642 1981 firmaque
1667 1942 1698 1969 et
1722 1937 1859 1969 efficacia

1117 1994 1250 2026 existere
1275 1999 1305 2026 et
1330 1994 1406 2033 sore,
1432 2003 1568 2035 suosque
1595 1991 1753 2035 plenarios
1770 1996 1797 2022 et
1818 1990 1860 2022 iu-

1118 2052 1222 2090 tegi-os
1247 2046 1376 2080 effectus
1401 2047 1506 2079 sortiri
1526 2051 1553 2078 et
1580 2045 1732 2085 obtinere,
1749 2055 1784 2077 ac
1801 2054 1859 2087 per

1118 2110 1227 2133 ornnes
1259 2106 1288 2133 ct
1319 2100 1480 2143 singulos,
1506 2100 1542 2132 ad
1579 2109 1658 2142 quos
1687 2103 1806 2142 spectat
1831 2104 1857 2129 et

1117 2153 1356 2197 quomodolibet
1372 2153 1524 2196 spectabit
1542 2153 1573 2185 in
1593 2154 1745 2192 futurum,
1764 2151 1860 2184 invio-

1118 2207 1253 2240 labiliter
1273 2207 1452 2247 observari,

1162 2262 1177 2304 ξ
1201 2260 1252 2293 15.
1278 2260 1401 2304 Sicque,
1427 2266 1456 2292 et
1486 2270 1549 2293 non
1575 2261 1686 2299 aliter,
1714 2259 1742 2291 in
1770 2268 1857 2302 prae-

1119 2378 1180 2412 que
1198 2367 1316 2400 iudices
1333 2367 1511 2400 ordinarios
1532 2372 1561 2399 et
1578 2367 1748 2409 delegatos,
1766 2366 1858 2397 etiam

1119 2431 1283 2455 causarum
1320 2420 1424 2464 palatii
1467 2420 1629 2463 apostolici
1675 2419 1834 2452 auditores
1855 2446 1859 2455 .

1120 2474 1244 2507 nuntios
1269 2479 1298 2506 et
1322 2473 1499 2517 praedictae
1517 2474 1545 2505 S
1565 2473 1598 2505 R.
1621 2473 1652 2505 F
1675 2472 1859 2513 cardinales,

1119 2529 1211 2561 etiam
1237 2528 1274 2560 de
1299 2527 1547 2569 taterelegatos,
1578 2536 1613 2559 ac
1641 2535 1861 2569 quoscumque

1159 2602 1165 2627 l
1186 2599 1249 2626 Heic
1273 2598 1409 2626 videretur
1433 2598 1539 2634 legend.
1564 2598 1687 2631 ratione,
1709 2601 1753 2623 aut
1774 2596 1861 2622 simile

349 2651 386 2673 eo
415 2641 498 2683 quod
531 2641 561 2671 in
582 2640 761 2683 praemissis
785 2638 1021 2682 quomodolibet
1045 2639 1088 2671 in·
1121 2648 1219 2682 (nr).

1866 226 1908 251 lu,
1933 226 1958 249 (ἶ,
1980 226 2044 250 10:34

1920 2272 1944 2284 un
1958 2271 1978 2283 rit
1998 2270 2059 2289 quarn

1877 2292 1964 2311 iii-livam
1990 2291 2060 2316 probi<

1120 2315 1222 2347 missis
1246 2314 1392 2347 omnibus
1410 2319 1439 2346 et
1459 2314 1590 2357 singulis
1615 2324 1671 2357 per
1695 2323 1860 2356 quoscum-
1875 2319 1919 2338 beu
