2248 3229
223 236 272 263 An.
289 235 318 263 c.
334 234 403 262 1635
449 225 514 259 494

421 283 479 315 bus
504 281 705 325 apostolicis,
738 283 856 322 spectet
888 282 917 311 et
941 278 1093 321 pertineat
1121 277 1158 309 ad

421 336 548 368 abbates
573 344 630 377 pro
656 337 795 375 tempore
815 332 981 364 existentes
1006 336 1159 363 monaste-

421 390 460 421 rii
481 388 509 420 S.
528 387 642 420 Mariae
662 387 692 418 in
712 386 826 418 Balneo
846 386 890 419 uti
917 385 1081 417 inferiores
1099 385 1159 417 col-

420 441 545 479 latores,
564 440 622 471 hac
640 444 742 471 tamen
768 439 945 471 conditione
970 443 1000 471 et
1025 438 1160 470 declara-

420 493 513 531 tione,
534 492 616 535 quod
638 492 818 524 vacantibus
837 492 975 525 eeclesiis
1001 492 1161 534 parochia-

420 546 511 587 libus,
525 556 604 588 quae
617 546 725 577 solitae
744 551 812 577 sunt
835 546 970 578 conferri
988 545 1019 577 in
1036 545 1159 577 titulum

420 609 476 643 per
489 599 625 637 abbates,
643 599 845 630 conferantur
862 598 989 641 praevio
1007 608 1160 630 concursu

421 652 458 685 ad
477 652 705 696 praescriptum
731 652 810 684 sacri
835 651 963 685 Concilii
988 651 1161 683 Tridentini

421 711 451 739 et
482 706 740 739 constitutionum
778 706 1022 749 apostolicarum
1055 715 1160 738 coram

420 759 554 792 Domino
579 759 726 802 episcopo
750 756 845 800 Burgi
871 758 899 791 S.
918 757 1083 802 Sepulchri
1109 768 1162 790 seu

422 813 488 845 eius
512 812 629 846 vicario
654 812 793 855 generali
813 811 972 851 faciendo,
991 816 1021 843 et
1045 811 1098 843 illo
1114 820 1164 854 pe-

421 872 520 906 racto,
532 865 678 899 dominus
692 865 868 909 episcopus,
883 865 931 898 vel
946 864 1012 897 eius
1029 864 1164 897 vicarius

422 920 588 962 generalis,
606 929 641 952 ac
666 919 758 951 etiam
780 918 996 957 cancellarius,
1012 928 1070 961 pro
1088 922 1165 950 tem-

422 983 500 1017 pore
525 973 700 1013 existentes,
719 978 883 1005 teneantur
900 977 930 1005 et
949 971 1078 1014 obligati
1104 971 1165 1003 sint

423 1025 548 1059 tradere
572 1031 601 1058 et
625 1025 811 1068 consignare
832 1025 951 1058 litteras
977 1024 1165 1057 testimonia-

423 1079 468 1112 les
492 1079 530 1112 de
554 1079 653 1122 magis
678 1079 800 1120 idoneo,
826 1084 856 1112 et
879 1079 947 1111 aliis
971 1078 1164 1122 approbatis,

425 1138 455 1166 et
471 1133 540 1166 aliis
565 1134 656 1166 etiam
682 1134 831 1166 interesse
849 1133 1045 1174 habentibus,
1064 1132 1165 1164 soluta

425 1192 528 1219 tamen
565 1186 709 1219 mercede
745 1186 953 1225 cancellario;
985 1185 1166 1218 vacantibus

426 1244 530 1272 autem
557 1240 680 1272 vicariis
704 1240 873 1283 perpetuis,
891 1238 944 1282 qui
959 1238 1075 1282 absque
1093 1248 1167 1271 con-

426 1303 519 1325 cursu
543 1293 703 1336 provideri
727 1296 866 1336 possunt,
892 1302 993 1335 neque
1016 1291 1167 1324 hactenus

427 1357 522 1390 super
545 1346 605 1379 illis
629 1346 727 1379 factus
752 1346 810 1378 fuit
834 1356 1027 1385 concursus,
1056 1345 1167 1385 abbas,

427 1404 461 1432 ut
485 1410 589 1443 supra,
617 1410 673 1443 per
697 1409 729 1432 se
755 1399 840 1432 solus
865 1399 982 1442 absque
1007 1398 1068 1431 alio
1093 1408 1168 1430 con-

429 1463 523 1486 sensu
547 1453 714 1497 providere
738 1453 837 1496 possit
861 1452 1114 1485 dictis”ecclesiis
1132 1452 1169 1484 de

428 1506 542 1539 idoneo
562 1506 679 1539 vicario
695 1511 848 1550 perpetuo
873 1516 890 1538 a
914 1516 947 1539 se
971 1506 1019 1538 vel
1044 1505 1110 1538 eius
1129 1505 1171 1537 vi-

429 1561 514 1593 cario
542 1560 767 1601 examinando,
795 1560 925 1603 insuper
948 1559 1112 1592 laudamus
1141 1563 1170 1591 et

429 1613 596 1646 definimus
621 1614 706 1657 quod
730 1618 868 1646 rectores
893 1623 947 1645 seu
972 1612 1079 1645 vicarii
1103 1622 1170 1655 pcr-

431 1667 518 1710 petui
542 1668 746 1700 ecclesiarum
772 1666 845 1699 dicti
874 1666 1024 1699 territorii
1049 1671 1171 1697 tenean-

431 1726 483 1753 tur
508 1726 537 1753 et
570 1721 698 1762 obligati
735 1720 795 1753 sint
831 1720 952 1752 solvere
986 1719 1088 1751 abbati
1113 1729 1170 1761 pro

431 1777 575 1816 tempore
606 1772 764 1805 existentis
797 1772 977 1804 monasterii
1003 1771 1031 1804 S.
1058 1771 1171 1803 Mariae

432 1826 463 1859 in
487 1827 601 1859 Balneo
626 1827 751 1859 solitum
777 1825 1033 1865 cathedraticum,
1051 1834 1105 1857 seu
1121 1834 1172 1856 an-

432 1889 529 1912 nuam
546 1879 805 1921 recognitionem,
818 1883 911 1921 prout
930 1878 1080 1909 hactenus
1098 1886 1171 1909 con-

434 1936 615 1972 sueverunt,
639 1942 697 1964 nec
723 1931 892 1975 episeopus
916 1931 1016 1963 dictae
1041 1930 1172 1963 civitatis

434 1996 493 2030 pro
518 1991 659 2029 tempore
683 1986 782 2029 possit
806 1985 905 2017 dictos
930 1989 1069 2017 rectores
1086 1989 1115 2016 et
1133 1983 1173 2015 vi-

436 2039 536 2072 carios
558 2050 616 2082 pro
641 2039 745 2082 aliqua
769 2038 829 2071 ali-:1
854 2038 1022 2079 solutione,
1047 2037 1105 2069 hac
1136 2036 1173 2069 de

436 2094 544 2133 causa,
569 2092 634 2124 ullo
658 2101 795 2135 unquam
822 2096 964 2134 tempore
989 2091 1172 2130 molestare,

435 2156 493 2179 neo
517 2145 644 2178 abbates
669 2146 699 2177 in
723 2145 806 2177 dicta
831 2145 991 2177 exactione
1015 2143 1174 2176 cathedra-

436 2199 488 2232 tici
514 2210 567 2232 seu
592 2209 712 2231 annuae
736 2198 959 2241 recognitionis
985 2197 1154 2241 impedire,

480 2252 527 2286 IV.
552 2252 640 2291 Quod
664 2252 810 2295 deinceps
842 2252 955 2284 suturis
980 2251 1174 2294 temporibus

437 2306 613 2339 iurisdictio
638 2312 667 2339 et
691 2312 828 2349 potestas
857 2306 887 2337 in
912 2305 1088 2346 audiendis,
1117 2315 1172 2337 co·

438 2360 634 2404 gnoscendis,
653 2359 826 2392 iudicandis
851 2364 881 2391 et
905 2358 1092 2402 exequendis
1109 2368 1177 2390 cau-

439 2415 480 2447 sis
506 2414 721 2447 criminalibus
742 2419 772 2446 et
792 2413 895 2446 mixtis
920 2413 1001 2445 inter
1026 2422 1177 2456 personas

440 2468 580 2501 eiusdem
616 2467 768 2501 territorii
805 2472 924 2510 spectet
959 2472 989 2499 et
1024 2466 1178 2509 pertineat

442 2522 629 2555 cumulative
660 2521 699 2555 ad
734 2521 833 2554 dictos
869 2521 1052 2564 episcopum
1084 2518 1177 2560 Burgi

442 2575 471 2608 S.
496 2576 661 2619 Sepulchri
698 2581 727 2607 et
762 2574 905 2607 abbatem
941 2584 1000 2617 pro
1038 2576 1179 2616 tempore

990 230 1169 254 BULLARIUM
1193 227 1350 253 ROMANUM

1193 276 1347 315 ventioni3
1364 275 1395 307 in
1420 274 1597 307 civitatibus
1620 280 1724 307 autem
1753 273 1928 307 iurisdictio

1194 330 1354 373 praedicta
1388 332 1506 372 spectet
1540 332 1570 360 et
1599 327 1753 370 pertineat
1780 327 1818 360 ad
1836 337 1926 360 eum-

1195 384 1265 416 dem
1290 383 1452 417 dominum
1484 381 1628 414 abbatem
1653 381 1803 424 privative
1827 379 1931 424 quoad

1195 436 1311 469 dictum
1327 436 1487 469 dominum
1507 435 1690 478 episcopum
1712 433 1741 465 in
1756 433 1856 466 causis
1868 443 1932 466 non

1195 490 1415 521 excedentibus
1433 489 1527 521 libras
1541 488 1690 520 ducentas
1707 491 1850 519 monetae
1866 485 1932 519 Flo-

1196 543 1330 582 rentiae;
1349 543 1379 574 in
1397 542 1498 575 causis
1518 546 1621 574 autem
1647 539 1789 573 civilibus
1812 539 1932 583 praefa-

1197 599 1257 628 tam
1279 606 1433 628 summam
1456 595 1607 627 librarum
1627 594 1833 627 ducentarum
1851 590 1934 625 simi-

1196 649 1271 681 lium
1301 648 1544 687 excedentibus,
1572 647 1747 680 iurisdictio
1775 645 1935 690 praedicta

1196 702 1234 734 ad
1259 702 1404 735 abbatem
1430 701 1629 741 cumulative,
1649 701 1691 733 ita
1715 706 1749 733 ut
1772 700 1803 733 in
1828 709 1936 744 proce-

1197 755 1298 787 dendo
1316 760 1347 788 et
1371 765 1422 788 eas
1446 753 1665 797 cognoscendo
1689 753 1777 786 locus
1794 753 1833 787 sit
1848 762 1936 796 prae-

1197 808 1334 842 ventioni
1348 819 1356 849 ;
1384 809 1441 841 hac
1465 813 1571 841 tamen
1594 807 1827 847 declaratione,-
1839 805 1933 850 quod,

1198 868 1259 894 tam
1278 862 1309 894 in
1323 862 1414 894 dictis
1428 862 1529 894 causis
1542 860 1757 894 criminalibus
1774 865 1804 893 et
1820 859 1935 900 mixtiS,

1198 926 1291 960 quam
1317 916 1348 948 in
1373 915 1516 948 civilibus
1553 925 1709 948 summam
1743 913 1935 958 praedictam

1198 969 1436 1009 excedentibus,
1461 978 1524 1001 non
1547 968 1646 1012 possit
1670 967 1853 1011 episcopus,
1877 975 1935 999 nec

1199 1033 1256 1067 per
1273 1033 1315 1063 se,
1329 1033 1387 1056 nec
1403 1033 1459 1066 per
1475 1023 1583 1063 alium,
1595 1021 1778 1066 procedere,
1793 1025 1822 1053 et
1839 1019 1936 1053 dictas

1199 1087 1308 1109 causas
1325 1086 1526 1119 cognoscere,
1542 1075 1602 1108 nisi
1618 1075 1650 1108 in
1666 1085 1723 1108 suo
1739 1073 1870 1118 proprio
1885 1072 1938 1106 tri-

1199 1129 1306 1162 bunali
1331 1129 1462 1162 civitatis
1478 1129 1574 1172 Burgi
1591 1128 1621 1162 S.
1639 1127 1815 1172 Sepulchri,
1833 1131 1863 1159 et
1875 1135 1938 1160 non

1200 1183 1289 1223 alihi3
1307 1188 1460 1226 quatenus
1479 1188 1582 1214 autem
1603 1181 1704 1214 dictus
1722 1181 1889 1224 episcopus
1906 1179 1938 1211 in

1201 1236 1361 1270 territorio
1381 1227 1482 1269 dic'tae
1511 1236 1673 1276 abbatiae,
1702 1235 1749 1267 vel
1774 1233 1939 1267 occasione

1201 1289 1397 1332 visitationis,
1414 1289 1462 1321 vel
1478 1289 1538 1321 alia
1554 1288 1593 1322 de
1606 1289 1702 1321 causa
1714 1297 1862 1332 praesens
1878 1286 1940 1320 exi-

1202 1347 1281 1384 stat,
1312 1346 1385 1376 tunc
1409 1341 1493 1374 idem
1517 1341 1685 1385 episcopus
1709 1341 1808 1384 possit
1831 1349 1889 1383 per
1908 1349 1941 1372 se

1202 1396 1305 1439 ipsum
1324 1405 1432 1428 causas
1446 1405 1555 1428 omnes
1572 1400 1635 1427 tam
1649 1394 1755 1427 civiles
1772 1403 1865 1437 quam
1884 1392 1941 1426 cri-

1203 1449 1334 1481 minales
1358 1454 1389 1481 et
1413 1448 1525 1482 mixtas
1557 1448 1784 1491 cuiuscumque
1816 1445 1941 1489 generis

1204 1507 1233 1534 et
1257 1512 1398 1534 summae
1423 1511 1624 1545 cognoscere,
1642 1499 1814 1534 dummodo
1838 1505 1942 1532 tamen

1205 1566 1316 1588 causae
1340 1555 1501 1599 potuerint
1520 1555 1661 1599 expediri
1682 1560 1712 1587 et
1728 1553 1941 1597 expediantur,

1204 1609 1282 1642 adeo
1307 1609 1390 1652 quod
1415 1609 1475 1641 illis
1499 1618 1563 1642 non
1586 1607 1738 1651 expeditis
1761 1617 1871 1640 earum
1894 1616 1943 1639 co-

1205 1661 1303 1704 gnitio
1321 1667 1350 1694 et
1367 1661 1545 1694 terminatio
1563 1660 1630 1704 ipso
1655 1661 1724 1693 iure
1743 1660 1781 1692 ad
1797 1659 1942 1692 abbatem

1205 1714 1417 1758 praedictum,
1442 1715 1473 1747 in
1498 1719 1579 1747 statu
1603 1718 1633 1746 et
1656 1713 1799 1746 terminis
1825 1713 1857 1745 in
1877 1711 1944 1756 qui-

1207 1768 1265 1800 bus
1281 1768 1492 1811 reperiuntur,
1510 1767 1655 1800 devoluta
1675 1771 1854 1805 censeatur;

1251 1822 1282 1854 V.
1308 1821 1396 1860 Quod
1416 1821 1545 1853 abbates
1569 1831 1627 1864 pro
1647 1825 1789 1862 tempore
1813 1817 1944 1851 existen-

1208 1881 1251 1908 tes
1269 1875 1297 1908 S.
1324 1875 1437 1908 Mariae
1458 1875 1489 1906 in
1514 1874 1628 1907 Balneo
1652 1873 1799 1917 deinceps
1822 1878 1946 1906 tenean-

1207 1934 1257 1961 tur
1282 1933 1311 1960 et
1336 1927 1464 1970 obligati
1489 1927 1550 1960 sint
1574 1927 1695 1960 solvere
1719 1926 1874 1971 episcopis
1898 1925 1944 1958 di-

1208 1987 1273 2014 ctae
1298 1982 1431 2014 civitatis
1459 1992 1518 2025 pro
1550 1986 1693 2024 tempore
1721 1979 1945 2019 existentibus,

1208 2036 1255 2068 vel
1275 2035 1401 2067 illorum
1422 2034 1554 2076 vicariis,
1576 2038 1628 2068 aut
1652 2033 1740 2066 alteri
1766 2033 1805 2065 ab
1829 2033 1874 2065 eis
1897 2031 1947 2064 de-

1208 2094 1327 2132 putato,
1344 2089 1420 2121 duas
1436 2088 1532 2120 libras
1549 2097 1638 2120 cerae
1663 2087 1751 2119 albae
1775 2086 1864 2119 annis
1887 2085 1948 2118 sin-

1209 2143 1289 2185 gulis
1307 2142 1338 2174 in
1355 2141 1497 2174 kalendis
1511 2140 1699 2184 septembris
1713 2140 1798 2173 iuxta
1810 2139 1946 2172 sormam

1210 2195 1426 2238 infrascriptae
1459 2193 1646 2228 concordiae
1670 2193 1745 2226 alias
1780 2191 1874 2224 initae
1909 2190 1947 2223 de

1209 2259 1290 2282 anno
1315 2257 1466 2282 Manxxr

1255 2302 1402 2334 Volumus
1426 2301 1530 2341 etiam,
1545 2300 1629 2344 quod
1646 2299 1683 2332 de
1702 2304 1731 2332 et
1748 2308 1843 2342 super
1862 2306 1949 2341 prae-

1210 2355 1287 2387 senti
1312 2355 1415 2397 laudo,
1432 2365 1487 2387 seu
1508 2354 1731 2393 declaratione,
1745 2351 1857 2384 debeat
1873 2349 1949 2383 obti-

1210 2408 1277 2441 neri
1298 2419 1315 2440 a
1335 2408 1536 2441 Sanctissimo
1557 2407 1689 2440 Domino
1709 2408 1818 2438 nostro
1838 2401 1949 2436 confir—

1212 2463 1307 2496 matio
1327 2462 1498 2506 apostolica
1515 2472 1572 2505 per
1589 2461 1686 2493 Breve
1706 2457 1848 2503 expensis
1868 2466 1949 2490 com-

1213 2516 1359 2548 munibus
1383 2516 1547 2559 utriusque
1572 2514 1679 2558 partis.

1257 2570 1289 2602 ln
1308 2569 1438 2612 reliquis
1454 2574 1557 2601 autem
1575 2565 1806 2607 controversiis,
1827 2563 1865 2596 de
1885 2564 1951 2606 qui-

442 2629 592 2673 praedicti
609 2628 803 2668 monasterii,
824 2629 865 2660 ita
881 2632 915 2660 ut
932 2627 969 2661 sit
989 2627 1076 2659 locus
1094 2635 1181 2669 prae-
1213 2622 1272 2655 bus
1299 2632 1392 2665 supra
1415 2631 1478 2655 non
1497 2626 1579 2655 esset
1604 2621 1682 2653 sacta
1706 2617 1847 2662 specialis
1868 2625 1952 2649 men-

1940 224 1994 251 An.
2010 224 2041 252 C.
2058 222 2126 253 1635
