2226 3235
105 258 154 285 An.
170 256 198 285 C.
221 256 289 284 1629

115 529 223 559 Clausulas
231 534 291 556 prae-

105 559 222 585 servatiras
253 561 289 582 ap·

105 585 171 609 ponit.

174 1698 289 1721 Contrariis

105 1726 201 1752 derogat.

1916 84 1969 137 O

919 258 1060 283 nasarius
1084 257 1141 282 vm
1164 259 1212 282 PP.
1724 248 1789 282 1⁶23
1835 258 1884 287 An.
1905 258 1933 286 C.
1952 259 2018 287 1630

304 305 407 338 tistam
423 304 498 338 dieti
517 305 642 345 montis,
659 316 730 338 cum
755 306 976 339 emolumentis
1002 307 1043 339 ei-

304 358 374 391 dem
398 358 563 399 benevisis,
580 358 618 391 ad
636 369 745 392 eorum
771 360 864 392 vitam
891 365 919 392 et
945 359 1043 392 donec

304 411 437 446 vixerint
461 417 491 445 et
510 417 603 456 prout
621 412 697 456 ipsis
715 413 826 445 melius
846 413 997 456 placuerit
1015 417 1045 445 et
1061 435 1062 438 =

304 464 471 506 videbitur,
489 465 623 508 eligendi
641 471 669 498 et
686 466 866 510 deputandi.

349 518 364 562 ξ
390 518 442 551 tl.
470 519 690 560 Decet-nentes
720 525 902 563 praesentes
921 524 1044 552 nostras

304 570 424 605 litteras
457 571 495 605 de
527 572 739 616 subreptionis
772 574 818 605 vel
850 572 1044 616 obreptionis

306 625 389 666 vitio,
407 631 461 658 aut
477 626 658 659 intentionis
675 631 800 660 nostrae
820 637 874 660 seu
894 627 955 659 alio
972 636 1046 669 quo-

305 689 440 723 cumque
468 679 593 713 desectu
621 681 732 721 notari,
757 681 846 723 argui
875 681 920 713 vel
948 680 1063 723 impu-›

303 733 405 775 gnari,
423 738 475 766 aut
499 735 651 775 revocari,
669 734 826 777 restringi,
845 734 892 766 vel
917 733 1043 766 limitari

303 785 435 818 minime
460 797 562 831 posse,
588 798 641 820 seu
667 788 796 829 debere,
821 798 956 831 suosque
983 787 1045 830 ple-

302 839 408 872 narios
433 845 463 872 et
488 840 626 884 integros
651 841 779 874 effeetus
803 841 909 874 sortiri
939 844 969 874 et
992 840 1045 873 ob-

303 891 402 926 tinere
424 893 549 934 debere,
567 894 660 927 etiam
678 894 762 938 quod
785 894 817 926 in
834 894 916 926 dicta
941 904 1044 926 came-

302 948 339 978 ra
364 947 493 991 eiusque
519 948 606 981 libris
629 958 691 981 non
716 948 920 980 admittantur
942 958 1062 994 neque,

303 1000 528 1042 registrentur;
555 1001 661 1045 sicque
686 1007 715 1034 et
739 1011 803 1034 non
827 1001 901 1034 alias
925 1001 957 1034 in
981 1012 1044 1034 om-

303 1052 395 1086 nibus
413 1057 442 1087 et
459 1054 590 1097 singulis
607 1054 789 1098 praemissis
809 1065 865 1098 per
878 1065 1044 1098 quoscum-

303 1117 363 1150 que
378 1106 496 1140 iudices
513 1107 690 1141 ordinarios
708 1112 737 1140 et
760 1107 931 1151 delegatos,
950 1108 1042 1141 etiam

304 1169 468 1193 causarum
498 1161 603 1204 palatii
635 1161 800 1205 apostolici
830 1166 860 1194 et
880 1161 980 1194 dictae
998 1172 1044 1195 ca-

303 1223 409 1246 merae
434 1214 584 1255 clericos,
610 1225 831 1261 cameramque
864 1215 982 1258 ipsam,
1008 1226 1043 1248 ac

303 1265 332 1298 S.
347 1266 381 1299 R.
397 1267 429 1300 E.
445 1267 628 1309 cardinales,
643 1269 735 1301 etiam
750 1269 787 1302 de
800 1269 897 1301 latere
913 1269 1041 1312 legatos,

303 1318 335 1351 in
352 1320 460 1363 quavis
477 1323 571 1354 causa
589 1326 617 1355 et
638 1322 793 1363 instantia,
816 1322 936 1355 sublata
953 1323 998 1355 eis
1015 1328 1042 1355 et

304 1382 414 1406 corun]
441 1374 567 1408 cuilibet
592 1376 700 1418 quavis
724 1376 814 1408 aliter
839 1375 995 1408 iudicandi
1016 1382 1043 1408 et

305 1426 531 1470 interpretandi
549 1428 692 1462 facultate
710 1433 739 1461 et
756 1429 951 1471 auctoritate,
969 1429 1045 1462 iudi-

306 1480 371 1512 cari
395 1485 423 1513 et
449 1481 572 1514 definiri
604 1481 736 1521 debere:
763 1483 887 1515 irritum
919 1493 1043 1526 quoque

305 1538 336 1565 et
360 1533 452 1566 inane
476 1535 627 1578 quidquid
649 1546 738 1568 secus
756 1547 852 1579 super
873 1536 921 1568 liis
938 1547 954 1568 a
971 1548 1045 1579 quo-

305 1595 409 1628 quam,
421 1587 528 1629 quavis
542 1588 737 1628 auctoritate,
750 1588 884 1621 scienter
897 1589 946 1621 vel
960 1589 1046 1632 igno-

304 1645 420 1679 ranter,
438 1640 604 1683 contigerit
622 1641 776 1674 attentari.

349 1693 364 1736 ἓ
388 1692 439 1726 12.
458 1694 526 1726 Non
546 1694 742 1727 obstantibus
759 1695 940 1739 praemissis
961 1699 990 1729 et
1006 1696 1045 1728 se-

304 1745 372 1778 licis
395 1747 622 1780 recordationis
647 1748 833 1792 Symmachi,
858 1749 965 1782 Calixti
992 1750 1043 1789 ΙΙΙ,

305 1799 391 1832 Pauli
405 1800 441 1840 Il,
451 1801 535 1833 Pauli
546 1801 595 1841 lll,
608 1802 692 1834 Pauli
703 1802 739 1834 lv
750 1807 779 1836 et
795 1803 838 1835 Pii
852 1803 883 1843 V,
898 1803 1045 1836 aliorum-

304 1864 365 1897 que
382 1854 597 1887 Romanorum
623 1855 806 1888 Pontificum
825 1855 1044 1899 praedecesso-

304 1917 374 1939 rum
391 1911 584 1947 nostrorum,
599 1918 633 1940 ac
648 1908 740 1941 etiam
758 1909 882 1950 nostris,
897 1909 935 1941 de
949 1909 1043 1941 rebus

304 1959 462 1993 Ecclesiae
474 1966 504 1993 et
515 1971 656 1994 camerae
665 1972 728 1994 non
737 1962 918 2002 alienandis,
930 1967 957 1996 et
972 1962 1043 1995 alie-

304 2013 384 2045 natis
397 2014 632 2057 recuperandis,
646 2025 681 2047 ac
696 2015 787 2047 etiam
799 2015 843 2047 Pii
859 2016 894 2047 lv
909 2015 946 2048 de
964 2016 1043 2058 regi-

305 2066 449 2107 strandis,
467 2067 597 2111 aliisque
614 2068 804 2111 apostolicis,
818 2079 853 2101 ac
871 2069 902 2100 in
915 2069 1042 2112 provin-

305 2119 435 2153 cialibus
464 2126 494 2153 et
521 2121 723 2165 sfnodalibus
751 2132 787 2154 ac
813 2122 1042 2154 universalibus

305 2173 446 2205 conciliis
465 2173 562 2215 editis,
581 2175 767 2218 specialibus
784 2180 813 2207 et
831 2175 1040 2218 generalibus,

305 2225 578 2259 constitutionibus
602 2233 630 2260 et
655 2228 924 2267 ordinationibus,
949 2229 1040 2261 etiam

304 2278 465 2321 praedicta
482 2279 550 2312 sieri
575 2281 753 2323 specialiter
771 2292 917 2324 expresse
939 2281 1043 2325 probi-

303 2331 458 2373 bentibus,
473 2339 503 2366 et
514 2334 593 2366 faeta
607 2333 694 2366 irrita
708 2345 775 2367 esse
789 2335 1041 2376 decernentibus,
1058 2378 1061 2387 γ

303 2384 467 2430 dictaeque
491 2397 642 2427 camerae,
668 2387 854 2427 iuramento,
873 2387 1041 2420 confirma-

303 2438 388 2472 tione
413 2440 583 2483 apostolica
613 2446 643 2473 et
674 2441 784 2484 quavis
809 2442 868 2474 alia
895 2442 1042 2474 firmitate

303 2491 470 2533 roboratis,
491 2493 613 2526 statutis
626 2499 655 2526 et
680 2495 969 2535 consuetudinibus,
987 2499 1043 2528 sta—

304 2544 485 2590 bilimentis,
514 2547 622 2580 usibus
651 2552 680 2580 et
709 2548 838 2589 naturis,
868 2548 1042 2592 privilegiis

343 2665 354 2689 1
375 2662 446 2690 Edit.
466 2662 546 2691 Main.
568 2663 650 2692 habet
669 2664 762 2692 dictae
781 2672 923 2692 camerae.

1078 317 1214 349 quoque,
1232 305 1360 339 indultis
1380 310 1409 338 et
1428 305 1539 338 litteris
1564 305 1755 348 apostolicis,
1775 306 1819 338 ei-

1078 359 1148 391 dem
1175 370 1317 392 camerae
1343 364 1372 392 et
1393 359 1554 403 quibusvis
1579 359 1733 402 personis,
1759 359 1817 392 sub

1079 413 1330 457 quibuscumque
1347 413 1509 447 tenoribus
1526 419 1555 446 et
1569 413 1688 453 formis,
1703 418 1732 445 et
1746 423 1816 445 cum

1079 466 1240 509 quibusvis
1263 467 1356 500 etiam
1381 466 1654 509 derogatoriarum
1679 466 1818 509 deroga—

1080 519 1186 561 toriis,
1211 520 1343 563 aliisque
1373 520 1601 553 efficacioribus
1630 525 1660 552 et
1686 519 1819 552 insolitis

1079 573 1236 614 clausulis,
1254 573 1513 617 irritantibusque
1538 579 1567 606 et
1590 573 1658 605 aliis
1675 572 1818 614 decretis,

1080 625 1172 658 etiam
1195 632 1281 658 motu
1305 627 1445 670 proprio,
1465 638 1501 660 ac
1525 637 1562 660 ex
1586 628 1672 660 certa
1690 626 1819 659 scientia

1079 684 1109 711 et
1133 680 1296 722 potestatis
1321 680 1514 723 plenitudine
1535 680 1700 720 similibus,
1717 684 1745 713 ct
1762 690 1819 723 pro
1844 720 1846 723 Ι

1079 733 1316 765 conservatione
1339 734 1452 773 Status,
1477 733 1638 776 dignitatis
1662 738 1692 765 et
1715 732 1820 765 existi-

1061 794 1063 805 *
1080 785 1226 819 mationis
1242 791 1365 819 sanctae
1383 787 1541 819 Romanae
1566 786 1732 826 Ecclesiae,
1751 796 1821 819 con-

1079 839 1173 871 cessis
1188 867 1194 880 ,
1225 839 1437 881 confirmatis,
1467 850 1502 872 ac
1534 840 1628 872 etiam
1664 839 1821 872 reiteratis

1078 892 1198 925 vicibus
1222 893 1391 933 innovatis,
1417 893 1550 925 extensis
1575 898 1605 925 et
1630 893 1818 931 moderatis;

1078 945 1192 988 quibus
1211 945 1367 985 omnibus,
1385 945 1477 978 ctiam
1496 945 1521 978 si
1538 945 1576 978 de
1596 945 1657 978 illis
1682 946 1820 978 illorum-

1079 1009 1140 1041 que
1171 999 1244 1031 totis
1275 999 1436 1033 tenoribus
1463 999 1628 1043 specialis,
1653 999 1818 1042 specifica,

1079 1051 1200 1095 integra
1217 1058 1247 1085 et
1264 1053 1422 1085 individua
1437 1053 1553 1085 mentio
1567 1052 1711 1084 habenda
1729 1056 1818 1092 esset,

1078 1104 1205 1137 illorum
1219 1111 1354 1148 tenores,
1369 1116 1403 1138 ac
1421 1106 1445 1138 si
1464 1105 1501 1138 de
1520 1105 1616 1138 verbo
1634 1105 1670 1137 ad
1688 1105 1819 1137 verbum

1078 1158 1302 1200 insererentur,
1321 1159 1539 1203 praesentibus
1553 1169 1612 1202 pro
1629 1158 1820 1191 sufficienter

1079 1214 1234 1257 expressis
1253 1220 1279 1246 et
1295 1214 1421 1246 insertis
1439 1213 1599 1253 habentes,
1617 1213 1677 1245 illis
1695 1212 1770 1244 alias
1788 1212 1820 1244 in

1078 1278 1134 1300 suo
1145 1268 1259 1301 robore
1273 1268 1565 1312 permansuris,hac
1582 1267 1648 1300 rice
1661 1267 1821 1300 dumtaxat

1061 1322 1062 1328 ¹
1079 1321 1255 1364 specialiter
1272 1327 1301 1354 et
1319 1332 1465 1365 expresse
1482 1321 1681 1364 derogamus,
1696 1320 1819 1364 illaque,

1079 1380 1231 1418 quatenus
1250 1374 1434 1418 praemissis
1455 1375 1588 1416 obstent,
1606 1374 1754 1415 tollimus,
1770 1374 1820 1406 ab·

1079 1438 1229 1469 rogamus
1250 1432 1277 1461 et
1295 1428 1467 1460 abolemus.

1123 1481 1138 1523 ἓ
1167 1480 1212 1513 13.
1238 1480 1388 1513 Volumus
1413 1485 1527 1521 autem,
1548 1485 1580 1512 ut
1606 1479 1818 1523 praesentium
1849 1489 2018 1536 &grammatias

1079 1534 1282 1576 transumptis
1294 1544 1347 1565 seu
1363 1533 1525 1576 exemplis,
1539 1533 1631 1565 etiam
1648 1533 1818 1576 impressis,
1834 1522 1846 1536 ὃ
1878 1522 1883 1536 ¹
1902 1519 1969 1537 edm

1079 1596 1173 1618 manu
1202 1586 1363 1619 secretarii
1386 1586 1458 1619 dicti
1485 1587 1599 1618 montis
1620 1597 1674 1618 seu
1701 1586 1819 1629 publici

1078 1639 1191 1672 notarii
1210 1640 1406 1682 subscriptis,
1426 1645 1452 1671 et
1469 1640 1572 1682 sigillo
1586 1639 1736 1682 praedicti
1755 1639 1820 1671 the-

1079 1693 1211 1725 saurarii
1237 1694 1393 1736 generalis
1415 1704 1469 1726 seu
1491 1704 1644 1736 personae
1669 1693 1699 1725 in
1717 1693 1818 1735 digni-

1079 1752 1139 1779 tate
1150 1747 1359 1780 ecelesiastica
1370 1747 1555 1780 constitutae
1568 1747 1817 1788 1‘nunitis,eadem

1061 1810 1209 1843 ¹prorsus
1233 1800 1310 1832 fides
1336 1800 1366 1832 in
1391 1800 1507 1832 iudicio
1535 1806 1564 1832 et
1592 1806 1679 1832 extra
1703 1800 1818 1843 ubique

1081 1854 1220 1886 locorum
1234 1853 1429 1892 adhibeatur,
1447 1864 1527 1896 quae
1541 1853 1657 1886 eisdem
1673 1863 1820 1896 praesen-

1078 1907 1170 1947 tibus,
1185 1907 1209 1939 si
1223 1907 1323 1940 forent
1339 1907 1493 1940 exhibitae
1506 1907 1554 1940 vel
1568 1913 1720 1947 ostensae,
1735 1906 1819 1939 adhi-

1077 1960 1214 1993 beretur.

1166 2015 1269 2048 Placet
1295 2019 1382 2048 motu
1406 2015 1536 2058 proprio
1562 2015 1598 2047 Iit.
1852 2022 1944 2046 ‚Parae
1968 2022 2017 2043 sub·

1833 2052 1928 2074 scriptio.

1372 2165 1524 2198 CCCLvll.

1079 2244 1170 2285 Quod
1190 2245 1465 2288 praecedentiam
1485 2256 1640 2278 concursu
1653 2256 1726 2278 cum
1740 2245 1817 2278 aliis

1121 2299 1330 2341 reqularibus
1344 2299 1376 2331 in
1390 2299 1648 2342 processionibus
1669 2299 1817 2341 competit

1119 2352 1276 2395 fratribus
1300 2352 1511 2385 Discalceatis
1531 2352 1561 2385 S.
1586 2352 1617 2384 F
1618 2352 1757 2385 ransce‘sci'
1781 2352 1817 2384 in

1117 2406 1296 2448 provinciis
1320 2405 1572 2448 Hispaniarum.

1283 2486 1418 2512 Urbanus
1435 2485 1513 2518 Papa
1533 2485 1610 2516 VIII.

1196 2532 1231 2557 ad
1251 2533 1426 2564 perpetuam
1446 2529 1491 2556 rei
1511 2529 1692 2558 memoriam.

1119 2600 1162 2632 Ex
1187 2599 1381 2633 incumbenti
1406 2600 1498 2633 nobis
1519 2599 1683 2643 apostolici
1701 2610 1813 2633 mune-
1856 2606 1996 2628 Prooemium·

1075 2655 1118 2688 ris
1142 2655 1265 2696 debito,
1291 2654 1329 2686 ad
1354 2665 1388 2688 ea
1414 2654 1527 2687 mentis
1557 2659 1682 2687 nostrae
1714 2655 1812 2688 aciem
