2221 3224
243 203 292 231 An.
313 202 340 230 C.
361 202 426 230 1629

276 2025 306 2045 Ad
318 2025 437 2046 instantiam

254 2052 396 2077 procuratoris
404 2058 438 2078 gc-

254 2079 331 2098 neralis
376 2079 437 2100 huius

255 2105 437 2131 Congregatioms⁴

283 2349 423 2375 Approbalur.

443 251 481 284 tis
514 251 545 283 in
581 250 682 284 causis
715 251 859 284 Firniana
896 260 995 284 xxviii
1028 249 1181 282 iannuarii

443 314 561 345 MDCVl,
593 308 623 337 et
654 304 685 336 in
724 303 929 347 Neapolitana
964 312 1041 336 xvni
1077 302 1181 335 martii

444 368 590 397 iuncxwi,
617 367 705 390 sacra
729 352 846 389 rituum
871 355 1090 398 congregatio,
1114 365 1181 388 sae-

444 411 512 455 pius
537 410 643 443 audito
668 410 777 442 eodem
799 413 1006 452 procuratore
1031 408 1181 451 generali,

443 470 473 497 et
497 463 670 496 rationibus
691 462 729 494 ab
755 472 791 494 eo
816 461 957 494 deductis
977 466 1098 494 mature
1112 471 1200 494 conv

443 517 605 559 sideratis,
631 515 843 548 illustrissimo
868 520 897 548 et
922 514 1183 548 reverendissimo

444 571 572 604 domino
586 569 735 602 cardinali
748 568 914 602 Caesarine
932 569 1098 610 referente,
1116 578 1185 601 cen-

443 624 503 656 suit
528 628 557 655 et
583 622 761 663 declaravit,
783 622 815 654 in
841 622 900 654 hac
924 626 1013 665 parte
1040 621 1185 654 receden-

443 677 517 709 dum
542 686 609 708 esse
633 686 651 708 a
675 675 765 708 dictis
795 685 902 708 sacrae
931 674 1184 717 congregationis

443 730 587 772 decretis,
607 734 636 762 et
650 729 746 761 licere
768 728 934 761 abbatibus
947 728 1124 770 Olivetanis,
1140 738 1186 760 so-

442 783 598 823 lemniter,
619 782 650 814 in
675 781 776 814 tribus
798 786 918 814 tantum
943 781 1016 813 anni
1041 781 1185 814 festivita—

443 838 534 877 tibus,
560 835 801 877 celebrantibus,
827 835 872 868 uti
896 834 1092 876 baldachino,
1119 834 1185 867 sine

443 901 520 923 auro
538 895 642 922 tamen
660 895 689 922 et
709 890 836 933 pompa,
862 898 985 921 necnon
1010 887 1185 921 assistentia

443 943 535 976 unius
559 942 733 986 presbyteri
766 948 796 975 et
819 941 954 975 duorum
979 941 1184 975 diaconorum

443 1007 479 1030 ac
493 996 625 1029 aliorum
637 1007 700 1036 sex,
710 995 748 1028 ad
763 1006 931 1035 summum,
945 995 1184 1037 monachorum,

444 1052 541 1084 sacris
565 1050 755 1083 indumentis
776 1049 890 1083 coloris
908 1049 1097 1082 solemnitati
1114 1060 1184 1082 con-

444 1105 596 1138 venientis
620 1109 801 1148 paratorum
817 1130 824 1143 ,
850 1103 931 1135 ultra
960 1102 1127 1136 diaconum
1156 1105 1203 1136 et'

445 1159 684 1197 subdiaconum,
703 1157 755 1201 qui
777 1157 807 1189 in
824 1157 918 1189 inissa
944 1156 1097 1189 cantaturi
1115 1161 1186 1191 sunt

446 1212 642 1255 evangelium
659 1217 687 1244 et
706 1210 889 1254 epistolam:
916 1210 956 1243 ita
973 1215 1007 1242 ut
1026 1210 1119 1242 iidem
1137 1210 1187 1242 ab-

445 1267 532 1299 bates
558 1267 643 1299 nullo
670 1265 763 1298 modo
782 1269 908 1297 teneant
925 1263 1031 1296 sedem
1049 1264 1187 1298 abbatia-

446 1321 507 1353 lem
534 1320 625 1352 fixam
652 1324 681 1351 et
706 1323 944 1362 permanentem
961 1328 1060 1361 prope
1079 1318 1186 1358 altare,

446 1379 479 1407 ut
511 1373 598 1406 sedes
631 1372 816 1416 episcopalis
847 1371 975 1404 retineri
1009 1371 1185 1413 consuevit,

447 1427 501 1460 sed
526 1437 634 1460 eorum
666 1425 754 1458 sedes
785 1424 958 1457 retineatur
995 1425 1026 1456 in
1055 1425 1187 1457 ecclesia

448 1481 485 1514 iis
503 1479 720 1513 tautun‘nnodo
740 1478 860 1518 diebus,
875 1478 988 1521 quibus
1006 1478 1188 1511 solemniter

449 1534 634 1573 celebratur,
656 1538 685 1566 et,
705 1532 778 1565 dicti
796 1543 848 1565 sex
869 1532 1025 1571 monachi,
1042 1537 1076 1564 ut
1093 1542 1188 1575 supra

448 1587 568 1632 parati,
593 1597 655 1619 non
689 1586 720 1618 in
749 1585 877 1618 sedibus
908 1584 1109 1625 choralibus,
1134 1585 1187 1618 sed

449 1652 542 1685 super
567 1640 710 1673 scabellis
735 1639 878 1679 sedeant,
904 1638 935 1671 in
960 1639 1021 1671 situ
1047 1648 1188 1681 congruo

449 1695 533 1729 iuxta
546 1694 750 1727 ecclesiarum
764 1692 999 1726 convenientem
1011 1692 1104 1725 situm
1116 1697 1189 1725 tuuc

449 1748 619 1793 appositis,
644 1757 748 1791 panno
779 1747 870 1779 laneo
900 1745 1075 1789 coopertis,
1100 1745 1190 1778 dictis

450 1813 557 1836 sacrae
583 1800 841 1844 Congregationis
873 1799 1006 1833 decretis
1035 1799 1067 1832 in
1096 1801 1190 1832 causa

451 1857 596 1890 Firmana
636 1861 665 1888 et
696 1854 900 1898 Neapolitana
932 1854 1024 1887 editis
1057 1854 1131 1886 alias
1160 1854 1191 1886 in

451 1922 508 1944 suo
533 1910 646 1943 robore
671 1908 896 1953 permansuris.
917 1908 972 1941 Die
997 1918 1064 1941 xvu
1088 1907 1191 1942 martii

452 1975 601 1999 MDcxxlx.

497 2021 513 2061 ξ
540 2019 567 2052 Ξ.
586 2018 662 2051 Cum
683 2021 797 2057 autem,
816 2016 896 2049 sicut
913 2015 1021 2049 eadem
1039 2014 1192 2059 expositio

453 2071 670 2114 subiungebat,
696 2070 809 2103 Silvius
834 2070 992 2114 praefatus
1017 2069 1191 2113 plurimum

454 2125 559 2169 cupiat
583 2125 744 2157 decretum
769 2123 961 2163 huiusmodi,
983 2133 1041 2166 pro
1059 2122 1193 2155 firmiori

454 2179 536 2211 illius
561 2177 761 2210 subsistentia
794 2176 1027 2218 inviolabilique
1052 2175 1195 2208 observa-

454 2231 556 2272 tione,
581 2231 771 2275 apostoliacae
795 2233 920 2264 nostrae
947 2227 1193 2262 confirmationis

455 2286 570 2319 robore
588 2284 777 2318 communiri
790 2295 795 2316 :

500 2340 514 2382 g
538 2338 566 2371 3.
588 2339 660 2379 Nos,
681 2338 846 2381 specialem
872 2337 916 2369 illi
941 2336 1074 2379 gratiam
1093 2336 1194 2368 facere

457 2394 603 2434 volentes,
630 2402 764 2435 eumque
789 2402 806 2424 a
831 2390 992 2435 quibusvis
1017 2400 1195 2423 excommu-

456 2445 630 2486 nicationis,
649 2444 862 2489 suspensionis
883 2448 913 2477 et
933 2443 1099 2484 interdicti,
1117 2442 1196 2475 aliis-

457 2509 517 2542 que
547 2499 764 2532 ecclesiasticis
795 2497 973 2537 sententiis,
998 2495 1138 2530 censuris
1167 2500 1197 2528 et

456 2552 575 2594 poenis,
593 2562 610 2584 a
635 2552 703 2585 iure
721 2553 769 2585 vel
794 2552 832 2584 ab
857 2551 995 2592 homine,
1020 2550 1128 2594 quavis
1148 2559 1197 2582 oc—

458 2605 581 2638 casione
611 2606 657 2638 vel
688 2608 780 2639 causa
812 2605 897 2647 latis,
923 2605 947 2638 si
978 2605 1092 2650 quibus
1121 2614 1195 2649 quo-

1027 203 1206 226 BULLARIUM
1230 202 1385 226 ROMANUM

1214 249 1385 282 modolibet
1408 249 1574 283 innodatus
1599 250 1719 292 existit,
1744 250 1782 283 ad
1807 249 1954 283 effectum

1214 302 1426 345 praesentium
1444 302 1603 336 dumtaxat
1620 303 1889 348 consequendum,
1903 303 1955 336 ha-

1215 366 1284 388 rum
1311 355 1390 388 serie
1415 347 1612 389 absolventes
1637 362 1666 390 et
1690 357 1866 390 absolutum
1888 357 1955 390 sore

1215 413 1396 449 censentes,
1434 410 1717 454 supplicationibus
1757 411 1830 443 dicti
1870 411 1956 444 Silvii

1216 462 1357 495 eiusdem
1374 462 1632 506 Congregationis
1648 464 1774 496 nomine
1791 464 1882 496 nobis
1902 475 1954 497 su-

1216 526 1272 559 per
1305 516 1366 548 hoc
1404 515 1565 549 hu’militer
1601 517 1758 561 porrectis
1795 517 1955 557 inclinati,

1218 569 1378 602 decretum
1403 569 1631 613 praeinsertum
1657 570 1858 612 huiusmodi,
1884 582 1955 604 cum

1218 622 1365 655 omnibus
1390 622 1422 654 in
1447 632 1484 656 eo
1509 623 1678 665 contentis,
1704 623 1876 667 apostolica
1901 635 1955 657 au-

1218 675 1378 718 ctoritate,
1413 679 1520 709 tenore
1548 676 1779 719 praesentium,
1803 682 1956 721 perpetuo

1218 728 1432 772 approbamus
1460 731 1491 762 et
1515 728 1755 771 confirmamus,
1780 729 1886 773 illique
1911 730 1957 762 in-

1219 782 1373 816 violabilis
1391 782 1580 826 apostolicae
1593 782 1750 817 firmitatis
1768 784 1867 816 robur
1884 783 1958 816 adii-

1219 836 1336 877 cimus3
1361 847 1397 868 ac
1422 846 1532 869 omnes
1557 840 1587 869 et
1611 836 1752 879 singulos
1784 842 1847 869 tam
1880 837 1958 870 iuris

1219 900 1312 934 quam
1335 889 1406 922 sacti
1427 889 1576 929 desectus,
1598 889 1623 922 si
1648 889 1701 932 qui
1725 889 1860 934 desuper
1884 901 1959 934 quo-

1219 943 1389 977 modolibet
1406 943 1641 983 intervenerint,
1662 944 1854 987 supplemus.

1262 997 1276 1040 ἕ
1290 997 1319 1029 4.
1341 996 1508 1029 Decretum
1522 996 1713 1037 huiusmodi,
1730 1007 1852 1030 necnon
1868 1008 1958 1041 prae-

1219 1056 1320 1084 sentes
1345 1051 1465 1083 litteras
1496 1049 1596 1082 valida
1610 1050 1734 1092 nfirma
1766 1054 1795 1084 et
1822 1051 1958 1084 efficacia

1219 1115 1285 1138 esse
1311 1109 1340 1137 et
1354 1105 1431 1146 sore,
1446 1115 1581 1148 suosque
1599 1104 1757 1148 plenarios
1774 1110 1803 1138 et
1819 1105 1959 1149 integros

1219 1158 1347 1191 effectus
1367 1157 1474 1190 sortiri
1495 1162 1524 1190 et
1541 1157 1701 1198 obtinere;

1263 1212 1278 1255 ἓ
1302 1211 1331 1244 5.
1349 1212 1449 1255 Atque
1473 1210 1514 1243 ita
1533 1221 1590 1254 per
1608 1221 1824 1254 quoscumque
1843 1211 1961 1245 iudices

1220 1265 1396 1298 ordinarios
1420 1269 1451 1297 et
1474 1264 1644 1307 delegatos,
1671 1264 1764 1297 etiam
1794 1275 1961 1298 causarum

1220 1319 1325 1363 palatii
1342 1318 1505 1363 apostolici
1530 1318 1698 1360 auditores,
1718 1318 1850 1351 iudicari
1864 1323 1894 1351 et
1911 1319 1961 1352 de-

1221 1372 1304 1405 finiri
1324 1372 1452 1411 debere3
1469 1382 1504 1404 ac
1520 1371 1646 1404 irritum
1665 1375 1694 1404 et
1711 1371 1812 1412 inane,
1830 1371 1855 1404 si
1871 1383 1961 1405 secus

1221 1436 1317 1470 super
1332 1426 1380 1459 his
1405 1436 1423 1458 a
1446 1435 1616 1469 quoquam,
1636 1425 1744 1468 quavis
1765 1425 1961 1467 auctoritate,

1204 1481 1356 1526 vscienter
1377 1480 1425 1513 vel
1450 1480 1644 1523 ignoranter,
1670 1479 1839 1522 contigerit
1862 1483 1960 1513 atten-

1222 1534 1290 1576 tari,
1314 1534 1513 1567 decernimus
1537 1537 1567 1567 et
1590 1533 1795 1566 declaramus.

1266 1588 1280 1631 ἓ
1306 1587 1335 1619 6.
1359 1588 1427 1620 Non
1459 1587 1657 1619 obstantibus
1688 1586 1962 1620 constitutionibus

1222 1645 1251 1675 et
1280 1640 1529 1674 ordinationibus
1562 1640 1759 1684 apostolicis,
1789 1640 1963 1684 ceterisque

1223 1694 1388 1728 contrariis
1412 1694 1675 1737 quibuscumque.
1934 1690 1936 1693 ’

1268 1749 1282 1792 g
1307 1747 1335 1780 7.
1351 1748 1502 1781 Volumus
1520 1752 1634 1787 autem,
1651 1746 1734 1790 quod
1751 1747 1964 1791 praesentium

1224 1804 1438 1844 transumptis,
1464 1801 1557 1833 etiam
1583 1801 1763 1844 impressis,
1788 1811 1883 1833 manu
1908 1801 1965 1834 ali-

1207 1881 1209 1892 .
1225 1855 1314 1889 cuius
1330 1854 1444 1887 notarii
1462 1853 1580 1897 publici
1598 1853 1795 1897 subscriptis,
1817 1858 1847 1887 et
1863 1854 1966 1897 sigillo

1224 1918 1377 1953 personae
1405 1908 1436 1940 in
1456 1907 1607 1950 dignitate
1625 1907 1837 1941 ecclesiastica
1856 1909 1968 1941 consti-

1227 1967 1310 1995 tutae
1335 1960 1473 2001 munitis,
1487 1960 1595 1994 eadem
1612 1971 1744 2005 prorsus
1760 1960 1877 2004 ubique
1889 1961 1967 1994 fides

1209 2016 1422 2055 adhibeatur,
1439 2025 1517 2058 quae
1542 2014 1618 2058 ipsis
1642 2014 1859 2058 praesentibus
1883 2014 1967 2048 adhi-

1209 2070 1364 2112 peretur,
1385 2069 1410 2102 si
1427 2069 1530 2102 forent
1549 2068 1704 2101 exhibitae
1721 2068 1769 2101 vel
1787 2073 1937 2102 ostensae.

1270 2123 1381 2156 Datum
1395 2122 1522 2162 Romae,
1536 2121 1617 2165 apud
1634 2121 1662 2154 S.
1683 2122 1820 2162 Petrum,
1838 2122 1896 2154 sub
1908 2132 1966 2155 -an-

1227 2177 1301 2210 nulo
1318 2175 1505 2218 piscatoris,
1523 2175 1572 2208 die
1597 2186 1628 2208 1v
1659 2175 1768 2219 aprilis
1802 2186 1944 2210 uncxxlx
1958 2204 1966 2218 ,

1227 2230 1428 2275 pontificatus
1461 2229 1560 2263 nostri
1585 2239 1667 2262 anno
1691 2239 1732 2262 vl.
1899 2273 1905 2279 Π

1265 2293 1322 2321 Dat.
1340 2294 1384 2321 die
1399 2294 1415 2321 4
1429 2292 1520 2328 aprilis
1538 2291 1615 2325 1629,
1632 2291 1727 2327 pontif.
1745 2300 1814 2319 anno
1829 2298 1864 2318 vt.

1516 2426 1685 2461 CCCXXIX.

1229 2500 1405 2543 Episcopus
1419 2498 1659 2539 Maceracensis‚
1679 2497 1806 2531 absente
1819 2496 1970 2540 principe

1274 2552 1468 2592 Masserani,
1496 2551 1672 2595 deputatur
1695 2550 1892 2593 qubernator
1926 2549 1970 2582 acl

1273 2604 1363 2639 Sedis
1392 2604 1595 2650 Apostolicae
1619 2602 1866 2648 heneplacitum,
1894 2612 1967 2637 cum

1960 202 2014 230 An.
2034 202 2064 230 G.
2083 202 2150 231 1629

2045 1008 2158 1038 clausulae

1975 1037 2155 1063 praestet-vanvas.

2004 1595 2115 1617 Contraria
2129 1601 2162 1617 re-

1978 1625 2092 1644 morentur.

2057 1755 2162 1781 Exemplis

1980 1782 2050 1804 danda
2064 1782 2122 1803 tides.
