2226 3235
903 229 1044 254 unumvus
1069 228 1124 253 v111
1148 229 1194 252 rr.
1709 216 1768 250 1Q7
1816 225 1864 252 An.
1884 224 1912 252 C.
1937 225 2004 252 1630

595 277 734 312 CCCLIX.
1069 277 1142 309 ralis
1179 276 1397 310 sollicitudinis
1431 285 1523 309 curas
1555 275 1605 307 illa
1637 284 1693 307 nos
1725 274 1809 307 solli-

1069 330 1146 362 citos
1179 330 1295 372 iugiter
1329 329 1458 369 habuit,
1492 334 1525 361 ut
1559 328 1698 370 religiosi
1730 327 1809 367 viri,

1069 383 1164 415 divini
1189 383 1326 416 numinis
1352 382 1511 426 obsequiis
1536 382 1593 414 sub
1612 381 1810 426 regularibus

1069 436 1215 469 arctioris
1241 436 1319 469 vitae
1345 436 1494 468 institutis
1516 435 1716 475 famulanteS,
1743 444 1809 466 ma-

1069 488 1189 521 ioribus
1222 489 1252 520 in
1284 489 1349 521 dies
1381 489 1411 521 in
1445 489 1606 522 sanctitate
1636 491 1666 521 et
1694 487 1809 519 iustitia

1069 552 1175 574 coram
1200 542 1332 575 Domino
1357 543 1523 586 proticiant
1544 541 1754 581 incrementis,
1775 551 1809 573 ac

1069 595 1221 638 proinde,
1246 606 1325 638 quae
1350 596 1381 628 in
1406 596 1464 628 lior
1495 595 1718 638 impedimento
1743 605 1809 627 esse

1069 652 1217 691 possunt,
1244 647 1335 680 etiam
1364 659 1421 692 per
1453 653 1647 691 opportunae
1672 647 1810 679 deelara-

1070 701 1163 733 tionis
1188 701 1398 733 ministerium
1424 702 1576 741 tollimus,
1595 701 1733 744 aliasque
1754 706 1810 733 sta-

1071 754 1187 787 tuimus
1212 759 1240 787 et
1266 754 1458 794 ordinamus,
1484 759 1578 798 prout
1600 754 1810 798 conspicimus

1071 807 1102 839 in
1126 807 1258 840 Domino
1284 808 1451 841 salubriter
1476 809 1631 852 expedire.

1115 861 1130 903 §
1154 861 1183 894 Q.
1209 862 1291 893 Alias
1316 862 1469 905 siquidem
1496 864 1593 896 felicis
1618 864 1810 897 reeordatio-
1848 874 2009 906 uuarusquim-

1070 914 1118 947 nis
1135 914 1276 947 Clemens
1295 915 1358 947 vllt
1384 916 1609 959 praedecessor
1633 922 1749 958 noster,
1770 900 2009 949 su-{¹1²>1'¹¹‹⁷;.‚1.{‘1¹ti¹„¹'155}1

1826 959 1871 973 nrm
1888 954 2008 975 dccliii-avr·-

1071 967 1120 999 tici
1146 978 1182 1000 ac
1207 978 1362 1012 prospero
1386 969 1518 1001 fratrum
1543 969 1667 1001 Ordinis
1684 970 1810 1003 Minoris
1827 982 1869 1003 ra.

98 232 148 260 An.
169 232 197 260 C.
214 232 284 261 1630

296 350 508 393 Confirmatio
522 350 711 383 concordiae
731 354 758 383 ct
776 349 970 383 revalidatio
985 349 1035 382 Iit-

340 408 495 443 terarum,
523 403 640 447 quibus
667 404 757 435 iussn
784 404 883 435 huius
902 402 1052 447 pontifi-¹

339 456 385 489 cis
402 466 489 489 anno
508 466 647 489 ttinexxw
664 456 699 488 in
718 460 870 488 conventit
891 454 1052 498 Vz'iyz'nis}

337 509 464 542 Mariae
481 508 679 542 solitudinis
699 509 736 542 (Ie
757 509 788 542 la
807 509 890 542 Inna
909 508 1036 553 provin-

339 563 407 595 ciae
437 562 468 596 S.
499 562 636 595 Ioannis
666 554 837 605 Baptistae
870 562 1053 594 Minorum»

338 615 616 649 Discatceatorum
647 616 677 648 S.
707 615 877 649 Francisci
906 615 943 648 dc
969 614 1032 647 Ob-

339 669 504 701 servantici
528 669 724 701 celebratum
748 679 784 701 ac
810 668 943 711 insuper
967 678 1037 700 con-

338 721 508 763 firmatum
528 721 591 763 fuit
616 721 800 764 capitulum
823 720 1036 764 provinciale,

338 784 408 806 cum
432 774 636 817 impositione
660 774 795 813 silentii,
815 784 851 806 ac
872 774 984 816 poenis
1009 777 1037 805 et

319 828 485 860 «censuris
515 837 574 871 per
610 827 874 869 contrafacientes
903 836 935 859 eo
969 826 1037 870 ipso

341 880 559 914 incurrendis,

500 960 634 987 Urbanus
656 960 734 993 Papa
754 959 831 991 VIII,

424 1006 459 1031 ad
475 1008 650 1039 perpetuam
665 1004 709 1030 rei
724 1002 906 1030 memoriam.

123 1090 245 1112 Exordium.

156 2152 282 2174 Reseruntur

97 2180 179 2206 priores
198 2180 282 2200 Pontifi-

97 2206 127 2228 cis
142 2206 233 2227 litterae.

341 1075 435 1118 Regis
459 1074 582 1118 pacifici
607 1074 690 1107 vices
714 1084 906 1118 quamquam
931 1074 1037 1107 imme-

296 1128 348 1162 riti
373 1134 519 1172 gerentes
544 1128 575 1161 in
596 1128 697 1169 terris,
717 1127 797 1160 inter
814 1133 917 1161 cetera
934 1128 1037 1161 cordis

296 1182 395 1216 nostri
422 1181 650 1221 desiderabilia,
668 1181 745 1214 illud
765 1181 895 1214 sinceris
913 1192 1037 1225 semper

296 1289 483 1333 praesertim
515 1289 572 1321 sub
605 1288 690 1321 suavi
722 1288 885 1331 religionis
910 1289 983 1331 iugo
1009 1294 1038 1321 et

296 1343 463 1376 strictioris
483 1343 701 1376 observantiae
718 1343 836 1385 regulis
853 1342 966 1374 divinis
987 1342 1038 1375 ob-
1054 1352 1055 1359 ¹

297 1396 413 1440 sequiis
428 1396 624 1437 famulantes,
639 1401 709 1428 vota
723 1406 778 1428 sua
791 1396 820 1427 in
839 1396 924 1439 pacis
937 1406 1038 1429 amoe—

297 1449 393 1482 nitate
411 1449 570 1482 Altissimo
595 1448 735 1490 reddant,
761 1459 797 1481 ac
822 1448 984 1481 unanimes
1009 1454 1038 1482 et

297 1512 359 1536 uno
384 1512 438 1536 ore
461 1503 558 1535 Deum
577 1502 763 1544 glorificent.
785 1502 991 1545 Quapropter,
1013 1502 1036 1534 si
1054 1493 1055 1503 ¹

296 1555 374 1600 qua¹
395 1566 453 1600 pro
471 1556 578 1588 litibus
595 1559 625 1589 et
644 1556 866 1589 controversiis
884 1556 963 1588 inter
984 1567 1037 1589 eos

297 1609 580 1653 (superseminante
599 1609 728 1641 humani
749 1609 873 1652 generis
892 1610 981 1643 hoste
999 1609 1037 1642 zi-

296 1663 398 1707 zania)
420 1663 536 1697 exortis
561 1663 738 1705 evellendis,
765 1663 952 1706 penitusque
978 1674 1033 1695 ex-

296 1717 465 1760 stirpandis
482 1716 682 1755 coneorditer
699 1717 779 1749 saeta
799 1717 893 1748 fuisse
915 1727 1037 1760 compe-

295 1770 405 1812 rimus,
432 1753 568 1811 illaffie
593 1770 624 1802 in
648 1769 804 1802 recidivae
830 1770 1037 1803 contentionis

296 1824 404 1857 vitium
421 1824 524 1858 denuo
542 1825 758 1868 prolabantur,
776 1825 965 1868 apostolicae
987 1836 1038 1858 no-

296 1881 378 1911 strae
392 1876 640 1910 confirmationis
655 1878 826 1910 nmnimine
840 1878 1037 1918 roboramus,

295 1941 332 1963 ae
356 1931 432 1963 alias
457 1930 592 1974 desuper
624 1931 789 1974 pastoralis
820 1931 913 1964 officii
938 1933 1036 1964 nostri

295 1990 411 2028 partes,
437 1990 587 2028 quantum
605 1985 696 2018 nobis
714 1996 749 2017 ex
766 1985 828 2018 alto
845 1985 1038 2025 conceditur,

296 2037 404 2070 sedulo
422 2037 643 2081 impendimus,
662 2043 756 2081 prout
774 2038 986 2081 conspicimus
1006 2038 1037 2070 in

295 2090 429 2123 Domino
454 2091 623 2123 salubriter
647 2090 803 2134 expedire.

341 2143 356 2187 ἓ
385 2143 409 2176 l.
434 2143 517 2177 Alias
538 2143 691 2187 siquidem
709 2143 832 2177 anobis
854 2149 1039 2176 emanarunt

297 2197 418 2230 litterae
443 2197 561 2230 tenoris
585 2197 814 2240 subsequentis,
833 2197 994 2232 videlicet:

476 2277 623 2310 Urbanus
642 2278 738 2320 Papa
763 2278 861 2318 VIII,

392 2329 435 2362 acl
458 2334 647 2373 perpetuam
670 2331 719 2363 rei
743 2330 941 2363 memoriam.

339 2411 374 2444 In
403 2409 552 2444 cathedra
581 2410 663 2444 beati
691 2411 915 2454 Apostolorum
943 2395 1056 2459 Prin-³

296 2464 397 2508 cipis,
422 2463 509 2496 nullo
539 2463 612 2497 licet
642 2466 827 2498 meritorum
856 2469 1037 2498 nostrorum

295 2517 468 2559 suffragio,
492 2527 550 2560 per
573 2517 795 2550 abundantiam
824 2518 946 2558 divinae
971 2529 1039 2561 gra-

295 2571 357 2604 tiae
385 2570 567 2613 constituti,
594 2570 674 2603 inter
702 2571 901 2613 gravissimas
932 2578 1037 2616 pasto-

332 2634 344 2660 1
361 2632 433 2661 Edit.
449 2632 529 2661 Main.
546 2633 611 2670 legit
626 2641 697 2669 quae
711 2634 750 2669 (R.
767 2634 815 2669 T.).

1071 1021 1099 1054 S.
1125 1021 1282 1054 Francisci
1308 1022 1345 1054 de
1370 1022 1573 1055 Observantia
1605 1023 1810 1057 Disealceato-

1070 1086 1141 1108 rum
1168 1079 1420 1118 mmcupatorum
1446 1076 1624 1119 provinciae
1641 1076 1670 1109 S.
1689 1077 1812 1110 loannis

1071 1128 1224 1172 Baptistae
1250 1128 1469 1172 Hispaniarum
1489 1130 1634 1171 regimini
1652 1135 1682 1162 et
1701 1130 1812 1173 guber-

1053 1214 1054 1223 ,
1071 1182 1123 1214 nio
1148 1182 1297 1225 pastorali
1310 1182 1520 1215 sollicitudine
1538 1183 1714 1225 invigilans,
1732 1184 1812 1216 inter

297 1241 482 1279 exoptamus
514 1235 676 1268 affectibus
690 1262 697 1275 ,
730 1240 763 1267 ut
797 1235 1036 1276 christifideles,
1053 1226 1055 1265 i

1072 1235 1131 1268 alia
1155 1235 1308 1268 concessit
1340 1240 1370 1267 et
1394 1235 1522 1268 indulsit
1547 1237 1697 1269 fratribus
1722 1248 1812 1280 prae-

1072 1289 1179 1329 dictis,
1205 1289 1288 1332 quod
1313 1289 1377 1321 suis
1408 1289 1596 1322 arctioribus
1621 1291 1812 1323 constitutio-

1072 1342 1162 1374 nibus
1187 1343 1449 1385 gubernarentur,
1474 1353 1530 1375 ncc
1556 1343 1593 1375 ad
1619 1344 1812 1377 observanda

1072 1401 1186 1428 statuta
1210 1396 1368 1438 generalia
1404 1395 1545 1435 (inlinis,
1571 1397 1650 1429 sacta
1674 1398 1720 1429 vel
1753 1408 1811 1441 pro

1073 1454 1214 1493 tempore
1234 1449 1374 1481 facienda
1398 1460 1415 1481 a
1440 1450 1585 1492 capitulis
1611 1451 1657 1482 vel
1683 1461 1812 1493 congre-

1072 1503 1250 1546 gationibus
1279 1503 1477 1546 generalibus
1504 1503 1628 1536 Ordinis
1657 1505 1811 1537 Minoi-um

1072 1557 1100 1589 S.
1127 1557 1285 1589 Francisci
1311 1556 1349 1588 de
1373 1556 1594 1598 Observatum,
1620 1567 1676 1589 nec
1701 1558 1738 1590 ad
1764 1569 1813 1601 pe-

1072 1610 1202 1642 culiaria
1227 1609 1426 1653 superiorum
1453 1610 1607 1650 mandata,
1629 1621 1718 1654 quae,
1736 1611 1812 1644 defi-

1071 1664 1208 1697 nitorum
1235 1664 1414 1708 provinciae
1444 1664 1575 1705 iudicio,
1602 1665 1730 1697 tuissent
1755 1665 1813 1699 Ex-

1072 1718 1282 1750 calceatorum
1314 1718 1530 1750 reformationi
1561 1723 1614 1750 aut
1645 1718 1813 1752 commodo

1072 1771 1280 1812 dissentanea,
1295 1776 1490 1804 tenerentur:
1509 1782 1566 1804 nec
1584 1772 1728 1804 similiter
1745 1782 1813 1815 pos-

1073 1829 1140 1857 sent
1164 1825 1276 1857 sratres
1302 1825 1399 1868 ipsius
1417 1825 1596 1868 provinciae
1614 1825 1651 1857 ab
1674 1825 1740 1868 ipsa
1757 1828 1812 1858 sua

1073 1878 1234 1921 provincia
1269 1878 1409 1910 abstrahi
1439 1889 1494 1921 per
1519 1889 1736 1922 quoscumque
1762 1890 1812 1911 su-

1054 1932 1224 1974 periores,
1249 1932 1295 1964 vel
1321 1932 1357 1963 ad
1383 1932 1475 1964 Indos
1497 1932 1543 1963 vel
1564 1932 1639 1964 alias
1656 1938 1760 1975 partes
1785 1939 1815 1965 et

1072 1985 1249 2028 provincias
1267 1985 1512 2024 remitterentur,
1528 1985 1586 2017 nisi
1601 1985 1638 2017 de
1659 1996 1813 2018 consensu

1073 2037 1201 2080 capituli
1226 2038 1427 2081 provincialis
1457 2038 1595 2070 eiusdem
1622 2039 1813 2081 provinciae,

1074 2096 1103 2123 et
1128 2091 1203 2123 alias
1228 2097 1321 2134 prout
1346 2092 1377 2124 in
1402 2092 1499 2135 ipsius
1531 2093 1696 2125 Clei‘nentis
1721 2104 1812 2136 prae-

1073 2143 1247 2177 decessoris
1264 2144 1400 2188 desuper
1418 2146 1448 2177 in
1465 2145 1558 2178 simili
1584 2147 1682 2178 torma
1707 2146 1814 2179 Brevis

1073 2197 1223 2240 expeditis
1254 2197 1382 2237 litteris,
1415 2209 1549 2241 quarum
1580 2204 1705 2231 tenores
1728 2210 1815 2242 prae-

1055 2248 1212 2283 'sentibus
1237 2261 1295 2294 pro
1320 2251 1510 2284 sufficienter
1531 2252 1686 2294 expressis
1703 2252 1812 2285 haberi

1073 2303 1228 2343 volumus,
1254 2304 1377 2347 plenius
1402 2303 1608 2337 eontinctur¹.

1118 2358 1132 2401 g
1149 2356 1178 2389 3
1196 2357 1272 2390 Cum
1290 2363 1404 2397 autem,
1426 2359 1506 2390 sient
1519 2358 1708 2401 accepimus,
1730 2358 1813 2391 cirea

1074 2410 1308 2443 concessionem
1334 2416 1364 2443 et
1387 2411 1541 2443 indultum
1559 2421 1594 2443 ae
1612 2411 1729 2443 litteras
1752 2411 1814 2444 Cle-

1074 2464 1186 2497 mentis
1222 2464 1474 2507 praedecessoris
1513 2464 1693 2497 huiusmodi
1728 2475 1812 2497 non-

1073 2517 1158 2550 nulla
1183 2517 1287 2559 dubia,
1313 2517 1518 2560 diversaeque
1543 2517 1612 2549 lites
1637 2522 1667 2548 et
1687 2522 1813 2550 contro·

1072 2571 1191 2603 versiae
1216 2581 1251 2602 ac
1280 2570 1533 2614 perturbationes
1565 2570 1595 2602 in
1628 2569 1710 2602 dicta
1739 2581 1814 2614 pro-

1108 2633 1119 2659 1
1138 2632 1207 2664 Quas
1222 2641 1277 2661 non
1292 2636 1356 2668 puto
1373 2640 1432 2660 esse
1447 2632 1474 2660 in
1487 2632 1621 2660 Bullario
1637 2632 1676 2668 (n.
1693 2633 1741 2668 Τ.),
