2248 3229
89 204 138 230 An.
155 202 184 229 C.
203 201 273 229 1635

900 200 1041 225 URBANUS
1066 200 1122 224 VIII
1143 200 1192 223 ΓΡ.

287 248 397 290 stituti‚
417 248 498 282 inter
523 253 644 282 ceteras
671 248 835 292 pastoralis
860 248 954 281 officii
973 258 1026 282 no-

272 301 342 335 -stri
371 312 483 342 curaS,
512 302 543 334 in
575 302 664 335 eam¹
690 302 763 335 boni
794 302 1025 348 patrisfamilias

116 905 170 929 Quia
179 904 273 925 nonnulli

89 932 210 958 scriptores
220 931 273 957 glos-

89 961 171 979 satores
183 960 203 978 et.
217 963 273 978 coui-

89 987 217 1006 mutatores
225 984 275 1004 scri-

91 1014 126 1038 pto
142 1011 174 1032 vel
189 1011 275 1037 impres-

89 1038 149 1059 sione
159 1039 196 1058 aut
211 1043 275 1058 enun-

90 1065 182 1085 viations
217 1069 273 1084 asse-

89 1093 137 1112 runt
147 1090 215 1111 editas
225 1096 274 1111 nou-

90 1117 158 1138 nutias
171 1117 275 1138 Constitu-

90 1144 158 1164 tiones
181 1150 193 1163 a
217 1143 273 1164 Sede

90 1169 211 1196 apostolica
254 1170 274 1190 iu

90 1197 236 1223 praeit-dicuin
247 1197 275 1222 ip-

90 1224 135 1244 sius
150 1223 222 1247 Sedis,
241 1228 274 1243 ec-

91 1249 203 1270 clesiarum
212 1266 217 1273 ,
236 1255 274 1270 seu

90 1277 180 1297 aliorum
216 1276 274 1297 loco-

90 1309 135 1323 rum
150 1303 242 1330 piorum,

287 355 430 399 exemplo
465 355 600 389 libenter
636 355 868 396 incumbimus,
901 360 934 389 ut
964 351 1036 388 non*

287 408 381 442 modo
413 408 582 452 unicnique
613 408 697 452 quod
730 420 820 441 suum
853 415 897 441 est
929 410 1026 452 aequa

286 462 374 494 lance
388 461 554 503 tribuatur,
569 472 677 494 verum
691 462 785 494 etiam
801 472 942 494 camerac
957 472 1027 505 apo-

287 515 424 555 stolicae,
445 515 712 558 ecclesiarumque
737 515 878 547 omnium
903 520 932 547 et
956 524 1027 558 per-

287 578 436 601 sonarum
461 568 506 601 eis
522 569 552 601 in
569 568 681 601 divinis
707 568 941 602 inservientium
960 568 1027 600 iura

287 626 370 654 sarta
391 626 533 664 tectaque
546 621 734 664 opportunis
747 621 922 654 rationibus
943 631 1028 664 prae-

287 679 460 715 serventur,
481 684 539 707 nec
564 674 740 707 litterarum
766 674 804 707 ab
828 675 886 707 hac
917 674 1028 707 Sancta

287 727 365 760 Sede
386 733 612 769 enianataruin,
634 729 674 761 ob
706 728 864 761 sinistram
889 734 919 760 ct
944 727 1029 760 mali-

289 781 398 814 tiosam
417 781 627 825 quorumdam
646 782 946 826 interpretationem,
966 781 1027 814 sive

289 833 550 876 enunciationem,
573 834 702 868 effectus
728 835 880 868 eludatur.

334 888 349 931 ἓ
373 887 402 920 «1.
421 888 496 922 Cum
520 888 636 932 itaque,
656 889 736 922 sicut
752 889 941 932 accepimus,
958 899 1029 921 ocu-

289 942 409 985 larique
429 942 621 986 inspectione
646 942 861 986 cognovimus,
888 941 1028 975 nonnulli

290 994 470 1039 scriptores,
488 996 688 1038 glossatores,
714 996 916 1039 expositores,
938 995 1030 1027 inter-

289 1053 394 1092 pretes
407 1054 437 1081 et
451 1053 723 1091 commentatores,
737 1054 798 1081 tam
813 1048 1028 1089 historiarum,

290 1102 383 1134 etiam
408 1101 618 1145 antiquarum,
639 1101 880 1145 repetitionum,
909 1106 1025 1134 tracta-

291 1159 377 1187 tuum
406 1160 436 1188 et
466 1154 688 1198 allegationum
721 1166 775 1188 seu
804 1155 1028 1197 consiliorum,

289 1208 465 1251 glossarum
490 1214 519 1241 et
545 1208 800 1250 annotationum,
830 1209 1030 1242 collectanea-

288 1273 382 1303 rum,
411 1272 466 1295 seu
490 1263 731 1306 quaestionum,
765 1264 822 1303 vel,
853 1269 885 1296 ut
911 1269 1029 1305 vocant,

289 1314 496 1357 decisionum,
514 1326 549 1348 ac
577 1316 816 1357 resolutionum,
835 1316 1031 1360 disceptatio-

288 1379 375 1409 num,
400 1369 644 1413 expositionum,
673 1370 930 1412 declarationum,
957 1381 1030 1404 con-

288 1422 534 1464 troversiarum,
560 1429 590 1456 et
614 1423 745 1456 aliarum
771 1417 880 1467 qtiovis
903 1424 1030 1457 nomine

290 1481 542 1521 nuncupatorum
571 1476 811 1520 scripturarum,
832 1478 924 1510 etiam
948 1478 1030 1522 typis

290 1530 525 1573 impressarum,
543 1541 579 1564 ac
596 1531 870 1574 compositionum,
889 1537 918 1564 et
938 1531 1031 1565 libro-

289 1594 361 1617 rum
386 1583 479 1616 etiam
502 1584 743 1628 impressorum,
761 1584 854 1617 etiam
874 1595 969 1628 super
986 1585 1030 1618 in-

290 1637 512 1681 terpretatione
537 1647 644 1670 sacrae
661 1638 847 1682 scripturae,
866 1648 1030 1671 sacrorum

290 1701 446 1724 canonum
467 1696 496 1724 et
516 1691 734 1732 conciliorum,
751 1702 786 1725 ac
803 1692 919 1734 legum,
937 1692 1030 1725 etiam

290 1743 510 1788 imperialium,
535 1750 566 1777 et
588 1745 866 1788 pragmaticorum,
888 1745 952 1779 sive
977 1746 1030 1779 de-

291 1802 450 1831 cretorum
474 1802 504 1830 et
528 1803 728 1839 statutorum,
746 1799 839 1832 etiam
856 1809 1030 1841 regnorum

292 1856 322 1884 et
348 1850 602 1894 provinciarum,
635 1862 729 1896 quam
758 1863 1030 1897 quarumcumque

291 1904 425 1937 aliarum
450 1904 676 1945 materiarum,
707 1905 801 1938 etiam
826 1906 1030 1950 pactionum,

291 1958 385 1991 etiam
408 1964 600 2001 mutuarum,
624 1958 888 1992 concordatorum
902 1986 910 2000 ,
939 1970 1028 1993 com-

290 2016 475 2056 pactorum,
502 2012 782 2056 capitulationum,
815 2013 1030 2056 articulorum,

291 2076 348 2099 seu
371 2065 597 2107 conditionum,
615 2066 707 2100 etiam
733 2066 829 2111 pacis,
851 2077 905 2100 seu
930 2067 1032 2101 foede-

292 2119 346 2160 ris,
363 2119 456 2152 etiam
478 2119 645 2162 generalis,
662 2130 718 2153 seu
739 2124 877 2163 treguae,
895 2131 930 2154 ac
955 2132 1032 2165 quo-

292 2183 500 2217 rumcumque
525 2178 753 2215 contractuum,
779 2174 1031 2216 conventionum,

293 2226 506 2267 donationum,
537 2227 709 2268 dationum,
741 2227 1032 2271 emphyteuticatio-

292 2291 379 2322 num,
390 2280 647 2324 infeudationum,
662 2281 928 2322 investiturarum,
939 2282 1032 2315 etiam

293 2335 331 2368 de
355 2335 458 2378 terris,
484 2335 605 2376 castris,
630 2335 816 2378 civitatibus,
842 2336 958 2378 regnis,
978 2346 1033 2369 seu

293 2387 473 2433 provinciis,
491 2398 527 2421 ac
545 2389 738 2432 facultatum,
759 2388 969 2430 licentiarum,
986 2389 1033 2422 in-

294 2442 466 2483 dultorum,
480 2442 730 2486 privilegiorum,
747 2443 931 2486 gratiarum,
952 2453 1034 2477 com-

293 2496 491 2537 missionum,
504 2495 745 2539 delegationum,
764 2496 1033 2540 constitutionum,

1059 258 1131 292 que,
1145 258 1179 280 ac
1195 247 1345 291 cuiusque
1363 247 1487 291 generis
1501 252 1530 280 ct
1544 246 1659 291 speciei
1672 245 1691 287 ¹,
1707 246 1798 281 etiam

1060 301 1186 345 speciali
1209 302 1283 334 nota
1308 311 1362 334 scu
1386 301 1586 345 expressione
1613 300 1798 344 dignarum,

1060 365 1273 398 quascumque
1299 360 1380 388 artes
1400 355 1545 388 liberales
1567 360 1595 387 et
1613 354 1688 387 alias
1712 365 1799 397 quas-

1061 418 1195 451 cumque
1222 408 1366 440 matcrias
1387 413 1449 440 tam
1474 408 1620 451 profanas
1640 417 1734 450 quam
1751 417 1799 439 ec-

1061 461 1249 494 clesiasticas
1267 468 1296 494 et
1316 462 1492 505 spirituales
1517 462 1727 502 tractantium,
1745 471 1800 494 seu

1061 514 1300 555 continentium,
1319 518 1347 548 et
1361 525 1439 558 quac
1457 515 1693 558 quomodolibet
1712 525 1800 558 prae-

1061 568 1255 607 eminentias,
1281 568 1465 610 dignitates,
1487 568 1730 609 iurisdictiones,
1748 579 1799 601 su-

1061 621 1281 664 peritii-uates,
1312 621 1446 654 continia
1478 621 1654 661 ditionum,
1686 632 1799 665 resque

1062 678 1091 705 ct
1116 674 1184 706 iura
1209 674 1301 706 etiam
1327 674 1413 707 Sedis
1440 674 1646 718 Apostolicac,
1673 680 1702 707 et
1723 685 1799 718 quo-

1063 738 1268 771 rumcumque
1284 728 1476 772 principum,
1490 728 1715 772 cuiuscumque
1729 739 1801 771 qua-

1062 781 1166 821 litatis,
1185 782 1382 823 conditionis,
1401 788 1508 824 status,
1524 782 1692 825 dignitatis,
1707 782 1799 815 etiam

1062 834 1300 875 ecclesiasticae,
1318 841 1347 867 ct
1372 835 1537 868 cuiuslibet
1562 835 1689 869 alterius
1714 846 1801 879 prae-

1062 887 1221 929 rogativae
1251 894 1279 921 et
1304 888 1569 932 praeeminentiae
1604 889 1695 922 etiam
1725 900 1798 933 qua-

1063 951 1272 985 rumcumque
1299 942 1621 985 rerumpublicarum,
1647 943 1799 976 universi-

1064 999 1171 1035 tatum,
1192 995 1363 1035 civitatum,
1393 996 1673 1037 communitatum,
1701 996 1800 1029 natio-

1063 1057 1160 1088 num,
1192 1051 1221 1082 et
1257 1059 1529 1091 quorumcumque
1566 1049 1700 1082 aliorum
1734 1049 1802 1082 aliis

1064 1101 1338 1145 praeesidentium,
1359 1101 1452 1135 etiam
1474 1101 1677 1134 ecclesiarum
1698 1107 1726 1134 et
1751 1112 1801 1135 ec-

1063 1155 1311 1188 clesiasticorum
1327 1182 1334 1195 ,
1367 1155 1460 1187 etiam
1486 1155 1652 1188 cuiuslibet
1677 1155 1801 1189 Ordinis

1063 1214 1093 1242 ct
1108 1209 1234 1242 militiae
1249 1209 1443 1252 regularium
1461 1216 1664 1250 concernunt,
1682 1215 1711 1243 et
1728 1211 1802 1243 alias

1063 1263 1299 1306 quomodolibet
1324 1263 1474 1296 interesse
1500 1270 1623 1296 sanctae
1644 1265 1801 1298 Romanae

1065 1316 1220 1349 Ecclesiae
1252 1322 1280 1349 et
1309 1316 1395 1349 Sedis
1429 1317 1606 1360 praedictae
1634 1328 1669 1350 ac
1700 1318 1801 1351 eccle-

1065 1369 1182 1402 siarum
1207 1376 1237 1402 et
1262 1370 1546 1403 ecclesiasticorum
1577 1375 1718 1413 tangunt,
1736 1373 1803 1405 ausi

1064 1422 1179 1456 suerint
1199 1428 1229 1455 et
1253 1423 1387 1457 audeant
1410 1434 1549 1457 asserere
1579 1428 1607 1457 et
1635 1424 1803 1467 affirmare,

1064 1487 1119 1509 seu
1136 1476 1316 1517 enunciare,
1333 1487 1351 1510 a
1367 1476 1459 1510 nobis
1477 1477 1687 1521 Romanisque
1705 1479 1805 1512 Ponti—

1064 1531 1176 1563 ficibus
1194 1530 1489 1574 praedecessoribus
1509 1531 1624 1565 nostris
1642 1542 1804 1566 emanasse

1064 1583 1203 1617 diversas
1229 1584 1463 1624 concessiones,
1495 1585 1631 1627 gratias,
1664 1585 1802 1629 indulta,

1064 1637 1238 1681 privilegia,
1256 1638 1394 1681 aliasque
1419 1637 1557 1671 diversas
1574 1638 1803 1683 dispositiones,

1064 1702 1136 1724 cum
1160 1692 1236 1725 tales
1262 1697 1291 1724 et
1316 1692 1388 1724 talia
1412 1702 1475 1725 non
1499 1693 1728 1733 emanaverint,
1756 1693 1804 1727 vel

1064 1745 1173 1778 saltem
1198 1745 1287 1778 aliter
1315 1755 1408 1789 quam
1434 1745 1516 1789 ipsi,
1542 1745 1606 1778 sive
1632 1746 1803 1789 malitiose,

1064 1797 1128 1831 sive
1153 1808 1299 1841 erronee,
1325 1799 1388 1831 suis
1417 1799 1602 1832 commentis
1627 1800 1691 1832 sive
1716 1811 1803 1833 com-

1064 1851 1274 1896 positionibus
1306 1858 1370 1885 tam
1403 1853 1522 1886 calamo
1553 1854 1685 1886 exaratis
1710 1865 1803 1898 quam

1066 1907 1145 1950 typis
1169 1906 1332 1951 impressis
1348 1907 1498 1941 hactenus
1524 1907 1616 1940 etiam
1634 1909 1804 1952 antiquitus

1065 1959 1200 1992 dixerint
1235 1966 1265 1994 et
1300 1961 1552 2005 publicaverint,
1581 1961 1747 2005 dicantque
1775 1967 1805 1995 et

1065 2013 1237 2057 publicent,
1263 2014 1356 2047 etiam
1381 2014 1501 2048 ratione
1526 2022 1805 2049 monumentorum

1066 2070 1095 2101 et
1119 2067 1253 2101 aliorum
1279 2068 1519 2112 quomodolibet
1543 2068 1574 2101 in
1599 2069 1727 2113 publico
1752 2080 1803 2103 ex-

1066 2121 1260 2164 positorum3
1290 2121 1364 2162 imo,
1396 2121 1480 2165 quod
1506 2122 1596 2166 peius
1626 2127 1682 2164 est,
1711 2123 1804 2156 etiam

1065 2184 1128 2207 non
1164 2174 1351 2207 erubuerint
1382 2185 1440 2208 nec
1474 2175 1660 2209 erubescant
1684 2176 1716 2209 in
1741 2177 1804 2210 suis

1067 2228 1191 2271 scriptis
1209 2238 1244 2261 ac
1261 2227 1444 2276 tractatibus
1462 2228 1554 2262 etiam
1574 2229 1735 2273 impressis
1753 2241 1805 2274 po-

1065 2293 1141 2315 nere
1166 2286 1301 2317 assertos
1326 2288 1450 2316 tenores
1466 2288 1705 2327 praetensarum
1729 2285 1806 2318 litte-

1066 2346 1173 2368 rarum
1198 2336 1459 2380 apostolicarum,
1484 2342 1548 2369 tam
1573 2337 1630 2369 sub
1654 2337 1804 2381 plumbo,

1066 2400 1160 2434 quam
1185 2390 1242 2423 sub
1266 2391 1382 2424 annulo
1406 2391 1589 2431 Piscatoris,
1614 2396 1647 2423 ut
1678 2391 1804 2434 dicunt,

1067 2445 1105 2477 ab
1131 2445 1189 2478 hac
1214 2446 1320 2478 sancta
1345 2444 1423 2478 Sede
1447 2444 1672 2488 expeditarum,
1690 2450 1720 2478 et
1737 2445 1806 2479 illos

1067 2498 1115 2531 vel
1141 2498 1237 2531 salsos
1264 2498 1312 2531 vel
1336 2498 1425 2531 valde
1456 2497 1628 2531 diminutos
1653 2509 1689 2531 ac
1715 2502 1805 2532 trun-

294 2551 492 2584 sanetionum
513 2553 546 2583 et'
556 2544 795 2594 dispositionum
814 2562 1034 2594 quarumcum-
1068 2563 1120 2585 cos
1145 2552 1293 2594 inserere,
1315 2551 1487 2585 omittendo
1511 2551 1726 2586 restrictiones
1751 2562 1806 2585 seu

329 2612 397 2641 Male
411 2613 475 2641 edit.
493 2612 572 2641 Main.
587 2613 654 2650 legit
667 2614 767 2641 eadem
782 2614 821 2648 (a.
835 2614 883 2649 τ.).

1103 2616 1113 2641 1
1132 2613 1198 2642 Male
1211 2613 1275 2642 edit.
1292 2614 1375 2642 Main.
1390 2614 1456 2650 legit
1475 2614 1565 2650 specie
1579 2617 1619 2649 (R.
1637 2615 1684 2649 τ.).

1700 189 1764 224 479
1811 199 1859 226 An.
1877 199 1904 227 c.
1926 199 1996 227 1635
