2221 3224
209 182 259 209 An.
281 183 310 209 c.
327 182 397 208 1530
442 173 507 206 ›154

243 1526 324 1547 Causae
340 1531 389 1545 con-

206 1552 314 1572 cedendae
326 1552 389 1573 sacul-

207 1581 262 1599 tatis.

244 2327 346 2348 Fut-uttan,
364 2328 389 2348 de

208 2360 248 2379 qua
265 2360 284 2374 in
300 2355 390 2374 rubrica.

408 230 543 264 dictione
567 231 638 264 dicti
661 232 785 276 capituli
810 233 972 273 emanatis,
991 233 1146 266 voluimus

408 294 470 317 non
487 284 621 324 obstare3
640 285 815 328 ceterisque
835 285 1001 318 contrariis
1021 285 1146 330 quibus-

408 348 550 381 cumque.

408 456 484 488 rem,
499 445 555 478 sub
573 446 688 479 annulo
710 445 886 486 piscatoris,
903 446 953 479 die
970 445 1030 480 v11¹
1048 458 1145 491 augu-

407 499 444 531 sti
469 508 611 539 uncxxx,
630 498 831 542 pontificatus
854 500 953 534 nostri
978 511 1060 535 anno
1077 511 1142 534 vlu.

442 561 501 588 Dat.
523 561 566 588 die
587 562 600 588 7
621 561 727 597 augusti
750 561 826 597 1630,
848 563 940 598 pontif.
960 572 1029 592 anno
1045 571 1099 592 vin.

670 714 878 748 CCCXLXXII.

406 794 559 827 Faettltcts
584 795 776 838 inquisitori
795 795 926 828 Melitae
947 795 1144 829 nominandi

448 846 607 880 seoedecim
629 849 746 890 fratres
773 848 944 892 hospitalis
959 850 990 882 S.
1008 849 1144 882 Ioannis

448 900 744 944 Hierosolymitmm'
767 902 865 934 etiam
886 913 924 934 ea:
947 913 1012 935 non
1037 903 1143 935 incor-

446 954 572 996 poratis
598 953 633 986 in
657 955 816 997 capitulo,
845 955 923 988 duos
947 955 1068 989 scilicet
1085 967 1144 1000 pro

448 1006 591 1049 qualibet
606 1007 732 1050 linqua,
746 1008 805 1051 qui
822 1008 1051 1052 adiunqantur
1067 1009 1145 1042 aliis

448 1070 468 1092 α
494 1060 617 1104 linquis
641 1071 696 1094 seu
717 1061 860 1105 capitulo
885 1063 1063 1096 nominatis
1076 1062 1095 1095 ⁴³.

404 1139 518 1167 Dilecto
538 1140 598 1167 filio
618 1140 760 1175 magistro
789 1141 938 1169 Ludovico
970 1142 1144 1171 Serristorio

439 1184 470 1211 in
490 1184 618 1218 utraque
638 1184 795 1219 signatura
809 1185 914 1213 nostra
929 1186 1143 1221 referendario,

439 1228 609 1256 haereticae
628 1230 788 1262 pravitatis
813 1230 845 1256 in
870 1229 971 1257 insula
992 1231 1144 1259 Melitensi

440 1272 611 1305 inquisitori
631 1273 775 1308 generali,

606 1327 740 1354 Urbanus
761 1328 839 1362 Papa
859 1328 935 1356 vln.

679 1390 797 1418 Dilecto
817 1391 871 1425 fili,

442 1435 573 1463 salutem
594 1438 625 1462 et
645 1436 839 1469 apostolicam
859 1436 1108 1465 benedictionem.

449 1515 464 1558 ξ
493 1515 517 1547 1.
543 1516 664 1558 Nuper,
691 1515 784 1548 certis
808 1515 846 1548 de
871 1516 973 1549 causis
1004 1517 1144 1550 animum

405 1573 548 1602 nostrum
566 1568 773 1611 moventibus,
796 1569 1041 1603 celebrationem
1060 1572 1144 1615 capi-

405 1622 460 1654 tuli
478 1622 633 1665 generalis
645 1622 778 1655 fratrum
797 1623 961 1667 hospitalis
975 1623 1003 1656 S.
1019 1623 1144 1658 Ioannis

404 1675 688 1720 Hierosolvmitani,
706 1675 743 1708 ad
762 1675 951 1709 dominicam
973 1677 1142 1710 secundam

405 1729 498 1774 (quae
515 1729 571 1761 fuit
591 1729 656 1762 dies
672 1739 724 1762 xlv
743 1729 859 1762 mensis
876 1730 983 1773 aprilis
1000 1730 1143 1774 proxime

405 1783 579 1826 praeteriti)
597 1782 705 1825 vigore
731 1782 939 1826 quarumdam
965 1783 1143 1818 litterarum

403 1840 583 1868 nostrarum
609 1835 640 1867 in
664 1835 757 1868 simili
791 1836 893 1869 forma
918 1836 1024 1869 Brevis
1049 1848 1143 1882 expe-

405 1889 540 1921 ditarum
554 1889 711 1931 indictam,
727 1888 764 1921 ad
778 1889 859 1922 diem
874 1899 918 1923 v11
933 1890 1048 1923 mensis
1062 1896 1144 1924 octo-

404 1943 469 1975 bris
485 1942 657 1986 praesentis
671 1942 743 1975 anni
760 1952 891 1977 nncxxx
903 1971 910 1984 ,
927 1943 1028 1977 firmis
1048 1944 1080 1976 in
1097 1955 1144 1978 re-

406 1996 498 2040 liquis
515 1996 747 2029 remanentibus
761 1996 878 2029 eisdem
892 1997 1008 2030 nostris
1021 1998 1142 2041 litteris,

406 2050 577 2094 apostoliea
602 2049 785 2083 auctoritate
811 2050 1008 2084 extendimus
1029 2057 1059 2084 et
1074 2062 1144 2096 pro-

407 2103 597 2146 rogavimus,
614 2109 708 2147 prout
724 2103 755 2136 in
772 2104 840 2137 aliis
854 2105 969 2137 nostris
984 2104 1014 2138 in
1032 2105 1142 2139 eadem

406 2158 506 2190 torma
532 2157 638 2190 Brevis
671 2157 820 2201 expeditis
851 2158 984 2200 litteris,
1009 2169 1143 2203 quarum

407 2216 529 2244 tenores
546 2211 763 2255 praesentibus
785 2211 895 2246 haberi
919 2213 1063 2247 volumus
1084 2224 1143 2258 pro

406 2264 570 2308 expressis
595 2265 717 2308 plenius
743 2265 929 2299 continetur.

449 2319 507 2362 §2
527 2319 614 2352 Nunc
642 2323 744 2353 autem
764 2331 917 2364 prospero
934 2320 1078 2365 felicique
1098 2332 1144 2355 ca-

406 2372 497 2417 pituli
522 2372 702 2406 huiusmodi
727 2374 885 2407 successui
902 2380 1052 2418 quantum
1070 2386 1142 2409 cum

406 2426 537 2460 Domino
550 2437 716 2471 possumus
729 2428 896 2472 providere
913 2430 1061 2471 volentcS,
1076 2430 1142 2472 tibi,

406 2490 499 2522 quem
532 2480 625 2513 hodic
661 2481 692 2513 in
726 2481 882 2515 sexdecim
908 2482 971 2516 sive
1002 2483 1142 2527 plurium

441 2551 454 2577 ¹l
474 2550 616 2578 Yideretur
631 2551 775 2587 legendum
791 2559 816 2579 vl
833 2554 869 2589 (a.
885 2553 934 2588 τ.).

442 2595 457 2621 ⁹2
478 2595 514 2622 Ex
535 2595 640 2631 Regest.
661 2597 688 2624 in
708 2598 812 2625 Secret.
833 2597 909 2625 Brev.

1160 871 1163 923 t

1161 1393 1164 1418 l

1160 1419 1164 1460 l

975 186 1155 210 BULLARIUM
1179 186 1332 211 ROMANUM

1180 236 1531 278 compromissariorum
1549 238 1747 282 electorum¹,
1762 244 1870 274 nostro
1887 246 1914 274 et

1179 289 1376 332 Apostolicae
1408 291 1496 324 Sedis
1528 293 1655 326 nomine
1686 294 1916 338 praesidentem

1179 340 1408 385 deputavimus,
1433 344 1510 378 alios
1535 345 1690 379 sexdecim
1717 347 1790 379 dicti
1814 347 1917 391 hospi-

451 391 560 424 Datum
587 392 712 433 Romae,
738 392 819 436 apud
840 392 868 425 S.
895 393 1023 426 Mariam
1050 355 1187 441 Mau*

1192 394 1248 427 alis
1278 395 1408 437 fratres,
1433 397 1525 429 etiam
1551 408 1587 431 ex
1611 409 1673 432 non
1708 399 1916 444 incorporatis

1178 447 1208 479 in
1233 447 1316 481 dicto
1340 449 1476 492 capitulo
1508 452 1666 494 generali,
1697 452 1778 486 duos
1800 453 1916 486 scilicet

1178 512 1236 544 pro
1261 501 1399 545 qualibet
1422 503 1540 547 lingua,
1559 505 1612 548 qui
1632 505 1722 538 dictis
1747 505 1914 546 sexdecim,

1177 564 1194 586 a
1214 554 1329 597 linguis
1357 555 1420 588 sive
1440 566 1457 588 a
1477 557 1611 600 capitulo
1637 558 1844 602 incorporatis
1864 569 1916 592 no-

1178 607 1312 649 minatis,
1333 607 1461 652 adiungi
1481 609 1629 651 debeant,
1654 611 1839 645 auctoritate
1859 622 1915 645 no-

1160 671 1161 676 *
1178 662 1242 693 stra
1263 662 1435 705 apostolica
1453 662 1635 697 nominandi
1659 664 1849 706 facultatem,
1867 667 1916 698 ea-

1177 714 1249 747 dem
1266 715 1461 757 auctoritate,
1479 722 1587 750 tenore
1606 718 1829 762 praesentium,
1847 729 1916 752 con-

1178 769 1317 802 cedimus
1334 775 1363 802 et
1381 769 1587 814 impertimur.

1223 821 1277 865 {3—
1304 823 1371 856 Non
1386 823 1583 856 obstantibus
1596 825 1741 858 omnibus
1756 824 1825 866 illis,
1839 836 1916 870 quae

1179 875 1209 907 in
1222 875 1419 919 primodictis
1433 877 1548 910 nostris
1560 877 1672 910 litteris
1686 878 1841 911 voluimus
1854 889 1916 913 non

1179 930 1315 971 obstare,
1340 930 1514 974 ceterisque
1532 932 1698 965 contrariis
1715 932 1917 975 quibuscum-

1179 994 1249 1028 que.

1223 1038 1333 1071 Datum
1363 1038 1489 1079 Romae,
1509 1039 1591 1083 apud
1615 1039 1643 1073 S.
1669 1040 1797 1073 Mariam
1822 1040 1916 1075 Maio-

1180 1102 1256 1134 rem,
1271 1091 1328 1125 sub
1342 1092 1456 1126 annulo
1470 1092 1646 1133 Piscatoris,
1657 1093 1707 1126 die
1720 1093 1780 1127 v11'z
1793 1095 1916 1138 augusti

1179 1155 1318 1187 uncxxx,
1343 1145 1542 1189 pontificatus
1563 1146 1661 1181 nostri
1681 1158 1763 1181 anno
1785 1158 1849 1181 vin.
1880 1173 1885 1177 .

1215 1207 1273 1235 Dat.
1290 1206 1332 1235 die
1347 1208 1362 1234 7
1377 1207 1483 1243 augusti
1500 1208 1577 1243 1630,
1598 1209 1691 1244 pontis.
1709 1218 1778 1238 anno
1794 1216 1849 1238 vni.

1451 1286 1645 1359 CCCLXitlll.

1179 1393 1366 1427 Proltibz'tz'o
1387 1395 1536 1438 eriqendi
1559 1395 1685 1429 scholas
1701 1397 1760 1430 sub
1777 1397 1918 1432 denomi-

1222 1448 1355 1482 natione
1371 1448 1557 1482 scholarum
1574 1450 1720 1493 piarum,
1748 1456 1777 1484 et
1800 1453 1919 1486 annul—

1225 1501 1303 1535 latio
1330 1506 1512 1535 erectarum
1542 1503 1602 1536 sub
1637 1504 1698 1537 tali
1722 1505 1853 1539 nomine
1876 1506 1917 1539 ab

1223 1555 1301 1588 aliis
1326 1565 1426 1599 quam
1450 1566 1469 1588 a
1488 1556 1621 1590 Clerict's
1637 1557 1856 1600 Reyularibus
1872 1569 1917 1592 re-

1224 1607 1358 1651 liyiom's
1375 1618 1560 1652 pauperum
1579 1609 1696 1643 Matris
1713 1610 1774 1643 Dei
1790 1611 1919 1645 Schola-

1222 1672 1295 1694 rum
1321 1662 1472 1695 Piarum.
1492 1662 1623 1696 Necnon
1643 1663 1826 1698 interdictio
1839 1664 1919 1708 defe-

1222 1714 1317 1748 rendi
1341 1715 1489 1748 habitum
1509 1726 1568 1759 per
1585 1715 1685 1749 dictos
1703 1716 1840 1751 Clericos
1859 1728 1914 1761 9⁰-

1221 1768 1304 1800 stari
1327 1768 1461 1801 solitum
1476 1768 1495 1801 ³.

1385 1840 1520 1867 Urbanus
1536 1840 1615 1874 Papa
1630 1841 1708 1873 VIII,

1297 1884 1334 1911 ad
1354 1887 1529 1918 perpetuam
1548 1885 1592 1912 roi
1615 1885 1794 1915 memoriam.

1221 1945 1267 1978 Ad
1290 1945 1406 1979 uberes
1436 1946 1577 1988 fructus,
1609 1958 1688 1992 quos
1721 1947 1826 1982 dilecti
1860 1949 1916 1982 filii

1177 1999 1286 2033 Clerici
1297 2000 1467 2043 Regularcs
1480 2001 1733 2044 congregationis
1743 2001 1849 2035 Matris
1861 2002 1916 2036 Dei

1177 2053 1363 2086 Scholarum
1388 2054 1513 2086 Piarum
1538 2053 1569 2086 in
1583 2054 1674 2087 vinea
1695 2055 1819 2088 Domini
1839 2066 1916 2100 pro-

1177 2107 1290 2148 ferunt,
1305 2107 1565 2141 considerationis
1581 2112 1706 2142 nostrae
1724 2109 1822 2142 aciem
1841 2120 1916 2143 con-

1178 2165 1349 2202 vertentes,
1375 2160 1522 2203 dignum,
1547 2161 1621 2204 quin
1645 2161 1749 2205 potius
1774 2162 1915 2197 debitum

1176 2218 1377 2257 reputamus,
1402 2218 1436 2246 ut
1457 2223 1510 2254 ea,
1535 2224 1614 2258 quae
1639 2214 1781 2248 felicibus
1805 2226 1915 2250 eorum

1176 2267 1398 2310 progressibus
1407 2266 1517 2301 obesse
1529 2274 1669 2312 possunt,
1680 2274 1830 2313 quantum
1844 2281 1914 2304 cum

1176 2321 1309 2354 Domino
1333 2331 1511 2364 possumus,
1539 2332 1757 2357 removeamus
1781 2329 1812 2358 et
1835 2335 1912 2369 pro-

1176 2375 1347 2409 hibeamus.

1213 2468 1223 2492 1
1241 2465 1308 2492 Male
1324 2465 1366 2492 ed.
1384 2465 1465 2493 Μαίη.
1481 2465 1547 2501 legit
1561 2467 1709 2495 electorem
1725 2469 1760 2502 (n.
1777 2468 1825 2503 T.).

1210 2510 1227 2536 2
1241 2509 1329 2536 Etiam
1343 2509 1385 2537 hic
1399 2510 1543 2546 legendum
1559 2517 1584 2538 vt
1597 2512 1635 2547 (R.
1651 2512 1698 2547 T-).

1211 2553 1227 2581 3
1246 2553 1404 2581 Seholarum
1424 2555 1529 2589 piarum
1553 2555 1692 2583 materiam
1715 2554 1775 2591 lege
1798 2555 1825 2582 in
1845 2555 1915 2583 Con-

1175 2598 1230 2626 stit.
1244 2604 1385 2627 CCLxxxvn
1398 2598 1474 2627 Pauli
1483 2600 1516 2636 V,
1527 2599 1573 2628 Ad
1587 2609 1631 2636 ca,
1643 2603 1708 2629 tom.
1721 2606 1768 2636 xli,
1778 2608 1839 2636 pag.
1851 2599 1912 2628 382.

1925 193 1978 220 An.
2000 193 2028 220 C.
2047 194 2114 222 1630

1984 893 2114 915 obstantium

1931 919 1943 940 d
1948 921 2049 946 erogatio.

1958 2011 2080 2033 Exordium.
