2248 3229
189 216 240 244 An.
256 215 368 244 &1631
418 205 482 239 218

244 860 306 880 Fines
320 861 376 880 tran-

194 889 330 913 stnnptorum.

240 2188 349 2210 Familias,
365 2187 391 2209 de

208 2220 250 2241 qua
265 2221 286 2235 111
298 2215 391 2236 rubrica.

388 263 586 304 durantibus,
612 262 642 303 ii,
668 261 720 304 qui
744 260 842 292 libros
865 257 1043 302 prohibitos
1068 256 1127 288 hu-

389 317 525 351 iusmodi
543 306 721 354 habuerint,
739 323 792 346 eos
809 311 846 344 ad
861 311 1056 354 episcopum,
1074 319 1129 342 5011

388 370 617 413 inquisitorem,
644 366 696 409 qui
721 366 791 398 illos
816 363 1026 407 quantocitius
1046 372 1130 395 com-

389 424 505 457 burere
530 421 676 460 debeant,
701 419 842 459 deferre,
868 417 985 460 quique
1009 415 1130 459 aliquos

391 476 507 509 similes
525 474 623 507 libros
647 471 823 516 prohibitos
839 469 957 503 habere
973 469 1129 511 sciverint,

391 540 444 562 eos
462 527 646 561 denuntiare
660 530 834 565 teneantur,
851 533 953 567 neque
971 523 1009 556 de
1026 527 1130 556 cetero

391 578 509 617 similes
523 580 676 620 licentiae,
693 580 753 612 nisi
771 589 788 611 a
808 569 1053 621 congregatione
1066 586 1132 609 san-

392 637 433 669 cti
449 635 558 675 Officii,
572 634 646 666 dum
661 632 792 676 singulis
804 630 1012 664 hebdomadis
1025 640 1131 663 coram

391 689 483 723 nobis
507 688 652 729 habetur,
669 687 717 719 vel
737 687 777 719 ab
803 685 871 718 aliis
887 695 945 729 per
961 694 1018 717 nos
1038 684 1131 717 etiam

392 743 424 775 in
448 742 557 775 eadem
579 739 824 783 congregatione
844 737 1020 783 specialiter
1039 737 1133 781 depu-

392 796 493 829 tandis
510 794 736 833 concedantur;

438 851 453 894 g
476 849 506 882 4.
531 849 575 881 Ac
598 847 683 891 quod
707 845 889 879 earumdem
920 843 1133 888 praesentium

394 902 610 946 transumptis,
625 901 717 933 etiam
738 899 912 943 impressis,
929 908 1023 931 manu
1041 898 1135 930 alicu-

393 957 442 989 ius
465 955 580 989 notarii
612 953 731 997 publici
756 951 940 995 subscriptis
970 955 1000 984 et
1031 950 1134 993 sigillo

395 1009 526 1043 alicuius
540 1017 694 1052 personae
710 1006 742 1038 in
759 1005 908 1048 dignitate
925 1003 1135 1037 ecclesiastica

396 1063 583 1097 constitutae
606 1059 745 1099 munitis,
771 1058 878 1091 eadem
903 1067 1035 1101 prorsus
1058 1056 1135 1089 fides

395 1117 428 1150 111
445 1115 561 1148 iudicio
579 1118 609 1147 et
630 1118 716 1146 extra
733 1111 927 1150 adhibeatur,
948 1120 1028 1153 quae
1043 1120 1135 1153 prae-

396 1169 536 1202 sentibus
561 1166 773 1206 adhiberetur,
804 1164 829 1197 si
853 1164 956 1197 forent
981 1162 1136 1201 exhibitae

396 1222 445 1255 vel
462 1226 615 1254 ostensae.

440 1275 553 1308 Datum
578 1274 695 1306 Romae
710 1299 717 1313 ,
743 1270 826 1314 apud
850 1270 879 1303 S.
904 1269 1053 1309 Petrum,
1080 1267 1136 1300 suh

398 1328 514 1362 annulo
539 1325 716 1365 piscatoris,
735 1324 784 1356 die
804 1334 825 1356 11
850 1322 959 1366 aprilis
984 1330 1136 1362 iuncxxxi,

398 1381 598 1427 pontificatus
621 1378 721 1412 nostri
740 1388 821 1410 anno
839 1386 906 1409 vm.

434 1444 491 1471 Dat.
513 1442 556 1470 die
575 1443 592 1470 2
611 1441 702 1478 aprilis
722 1440 806 1473 1631,
822 1438 917 1474 pontif.
935 1446 1005 1465 anno
1020 1443 1075 1464 vm.

688 1557 853 1592 CCCXCYI.

399 1607 556 1654 Facziltas
570 1616 763 1662 inquisitori
778 1611 1141 1658 Melitaepraecipiendi

446 1673 556 1706 turbas
577 1670 792 1708 emcitantibus
810 1667 948 1711 capituli
969 1665 1141 1709 hospitalis

445 1726 477 1759 S.
499 1724 633 1758 Ioannis
654 1720 958 1764 Hz‘ei‘osotgsittzftccizi,
972 1723 1007 1752 ut
1021 1720 1142 1753 Romae

445 1780 564 1811 sistant
577 1778 595 1809 ¹.

402 1841 517 1868 Dilecto
544 1840 604 1866 filio
632 1838 775 1872 magistro
795 1836 943 1864 Ludovico
965 1834 1141 1865 Seristorio,

438 1885 468 1911 in
488 1883 615 1917 utraque
633 1881 788 1917 signatura
807 1880 911 1908 nostra
930 1878 1141 1910 referendario,

439 1929 611 1956 haereticae
627 1927 786 1961 pravitatis
800 1926 830 1952 in
846 1924 945 1951 insula
960 1923 1145 1951 Melevitana

440 1973 613 2007 inquisitori
633 1971 776 2006 generali,

608 2018 743 2044 Urbanus
764 2017 842 2049 Papa
862 2015 939 2042 VIII.

617 2067 730 2094 Dilecte
750 2066 791 2093 fili
812 2068 930 2097 noster,

441 2114 570 2141 salutem
587 2115 617 2139 et
637 2111 831 2144 apostolicam
857 2108 1107 2136 benedictionem.

451 2177 465 2220 g
489 2176 519 2208 l.
548 2176 623 2209 Cum
647 2174 818 2217 capitulum
844 2172 989 2214 generale
1013 2171 1145 2203 fratrum

406 2229 570 2273 hospitalis
590 2228 618 2261 S.
638 2227 760 2260 loannis
785 2225 1060 2268 ttierosolymitani
1075 2235 1147 2268 pro-

406 2284 542 2328 pediem,
553 2281 757 2314 benedicente
768 2280 910 2317 Domino,
924 2278 1144 2312 celebrandum

407 2338 459 2377 sit,
484 2347 551 2377 nos,
577 2335 737 2379 cupientes
758 2334 929 2377 caltiituhnn
954 2332 1145 2372 huiusmodi,

407 2389 630 2424 controversiis
648 2394 677 2421 et
693 2387 877 2420 tumultibus
891 2386 1028 2428 semotis,
1042 2386 1146 2430 quiete

408 2449 438 2476 01
461 2443 629 2486 tranquille
649 2441 687 2473 ad
707 2441 760 2473 [tei
786 2440 921 2480 laudem,
940 2440 1076 2483 dictique
1094 2439 1146 2471 ho-

966 208 1145 232 BULLARIUM
1169 207 1322 231 ROMANUM

1161 255 1267 288 electis
1287 253 1414 298 capituli
1437 253 1619 286 huiusmodi
1643 257 1751 287 nostro
1768 256 1799 286 et
1818 251 1900 296 Apo-

1162 308 1289 341 stolicae
1313 307 1400 341 Sedis
1424 306 1551 340 nomine
1569 306 1751 349 praesidens
1774 306 1901 350 deputa·

1162 366 1211 393 tus
1236 360 1352 401 existis,
1373 359 1458 403 quod
1475 358 1637 403 quibusvis
1653 358 1727 391 dicti
1738 358 1901 402 hospitalis

1162 414 1324 455 fratribus,
1345 413 1438 446 etiam
1463 422 1595 455 magnae
1619 411 1732 452 crucis,
1751 422 1830 455 quos
1853 422 1902 445 oc-

1163 467 1286 501 casione
1307 466 1434 510 capituli
1454 464 1631 499 celebrandi
1655 464 1836 498 huiusmodi
1851 475 1902 498 re-

1163 520 1284 565 pereris
1300 519 1526 562 inobedientes,
1543 523 1734 558 recusantes,
1752 518 1902 552 tumultus

1164 575 1348 615 excitanteS,
1374 583 1429 606 seu
1458 573 1564 616 aliquo
1588 571 1683 604 modo
1714 570 1903 614 culpabiles,

1164 628 1257 661 etiam
1275 626 1380 660 habita
1392 625 1503 659 notitia
1515 623 1752 665 extraiudiciali,
1763 629 1793 657 et
1808 628 1905 668 prout

1165 680 1333 726 expediens
1356 679 1561 719 indicaveris,
1585 677 1769 712 auctoritate
1796 679 1904 711 nostra

1165 736 1347 781 apostoliea,
1364 735 1397 768 in
1417 734 1532 767 virtute
1555 738 1679 767 sanctae
1698 732 1903 773 obedientiae,

1165 794 1200 822 ut
1224 799 1261 822 ex
1285 788 1387 821 insula
1410 786 1595 820 Melevitana
1615 785 1718 819 statim
1747 785 1919 825 recedant,-

1166 846 1196 877 et
1219 843 1337 875 Romae
1361 839 1462 884 spatio
1482 839 1604 873 dierum
1627 837 1685 872 tihi
1708 837 1856 871 beneviso
1873 847 1906 870 se

1167 906 1199 928 se
1219 895 1418 934 constituant,
1436 893 1493 926 sub
1517 893 1619 937 poena
1635 891 1829 935 pecuniaria,
1846 891 1907 935 pri-

1167 949 1300 982 vationis
1319 947 1521 987 antianitatis,
1538 945 1740 979 inhabilitatis
1756 945 1795 978 ad
1819 955 1906 978 com-

1169 1003 1297 1036 mendas
1315 1008 1345 1035 01
1361 1002 1539 1044 dignitates,
1556 1005 1586 1033 01
1598 999 1665 1032 aliis
1678 998 1809 1032 arbitrio
1822 997 1907 1039 tu0¹,

1168 1056 1353 1100 praecipere
1385 1060 1415 1087 et
1450 1053 1601 1086 mandare
1635 1052 1734 1085 libere
1766 1055 1795 1085 et
1825 1051 1909 1086 licite

1168 1109 1270 1153 possis
1302 1113 1332 1142 et
1364 1108 1487 1150 valeas,
1518 1105 1692 1150 apostolica
1723 1105 1908 1138 auctoritate

1169 1161 1339 1205 praedicta,
1354 1166 1461 1194 tenore
1486 1159 1700 1204 praesentium
1730 1158 1908 1191 facultatem

1170 1214 1371 1248 concedimus
1396 1218 1426 1246 et
1450 1213 1662 1256 impartimur.

1215 1267 1271 1310 ἐξ).
1290 1268 1358 1300 Non
1376 1266 1573 1299 obstantibus
1591 1264 1863 1299 constitutionibus
1879 1269 1909 1297 et

1171 1319 1420 1352 ordinationibus
1439 1318 1630 1362 apostolicis,
1647 1317 1783 1360 dictique
1806 1317 1911 1361 hospi-

1172 1373 1250 1414 talis,
1268 1373 1360 1406 etiam
1381 1373 1569 1411 iuramento,
1587 1370 1825 1404 confirmatione
1841 1381 1912 1414 apo-

1173 1427 1292 1466 stolica,
1310 1427 1357 1459 vel
1384 1425 1492 1469 quavis
1504 1425 1652 1458 firmitate
1671 1424 1732 1457 alia
1745 1424 1911 1465 roboratis,

1173 1479 1293 1513 statutis
1319 1484 1349 1512 et
1374 1478 1659 1519 consuetudinibus,
1685 1477 1912 1519 stabilimentis,

1172 1533 1281 1566 usibus
1307 1536 1336 1566 et
1359 1532 1486 1573 naun-is,
1512 1531 1685 1574 privilegiis
1712 1541 1848 1574 quoque,
1870 1531 1914 1563 in-

1173 1587 1267 1619 dultis
1283 1590 1312 1619 et
1329 1585 1440 1618 littoris
1466 1584 1645 1628 apostolicis
1669 1584 1701 1616 in
1719 1584 1913 1617 contrarium

1173 1640 1418 1684 praemissorum
1460 1637 1697 1681 quomodolibet
1731 1638 1912 1678 concessis,

1175 1692 1378 1733 confirmatis,
1403 1691 1585 1735 approbatis
1610 1696 1640 1723 et
1663 1691 1829 1730 innovatis,
1850 1691 1915 1734 qui-

1174 1746 1232 1779 bus
1257 1746 1402 1778 omnibus
1427 1750 1457 1777 ct
1481 1744 1623 1786 singulis,
1640 1743 1766 1776 illorum
1789 1749 1914 1776 tenores

1174 1799 1391 1844 praesentibus
1409 1808 1467 1841 pro
1484 1798 1575 1841 plene
1600 1802 1630 1829 et
1649 1796 1838 1829 sufficienter
1863 1807 1915 1829 ex-

1176 1854 1292 1896 pressis
1324 1862 1359 1884 ac
1389 1851 1426 1883 de
1450 1850 1547 1883 verbo
1571 1850 1609 1882 ad
1634 1849 1765 1882 verbum
1790 1849 1915 1882 insertis

1176 1906 1336 1945 habentes,
1354 1904 1414 1936 illis
1429 1904 1504 1936 alias
1521 1903 1552 1935 in
1569 1913 1626 1936 suo
1639 1902 1754 1935 robore
1769 1912 1915 1946 perman-

1178 1959 1268 2000 suris,
1287 1958 1325 1990 ad
1346 1957 1594 2002 praemissorum
1611 1956 1756 1989 effectum
1775 1956 1832 1988 hac
1851 1956 1916 1988 vice

1178 2012 1337 2044 dumtaxat
1361 2010 1537 2054 specialiter
1561 2015 1590 2042 ct
1614 2019 1760 2052 expresse
1783 2008 1916 2051 deroga-

1179 2076 1263 2104 mus,
1281 2065 1455 2107 ceterisque
1473 2062 1638 2096 contrariis
1655 2061 1915 2105 quibuscumque.

1222 2118 1333 2151 Datum
1357 2118 1496 2156 Romae,
1521 2115 1603 2159 apud
1628 2116 1656 2147 S.
1683 2115 1809 2147 Petrum
1824 2142 1832 2155 ,
1857 2115 1916 2147 sub

1163 2171 1294 2203 iannulo
1317 2169 1494 2209 Piscatoris,
1511 2169 1561 2201 die
1586 2178 1608 2200 11
1631 2168 1740 2211 aprilis
1765 2177 1916 2209 nncxxxi,

1163 2236 1164 2257 ;
1178 2224 1378 2269 pontificatus
1402 2223 1501 2256 nostri
1516 2232 1597 2255 anno
1614 2231 1680 2254 vni.

1213 2287 1274 2314 Dat.
1296 2285 1339 2313 die
1359 2285 1376 2312 2
1395 2284 1487 2320 aprilis
1508 2284 1585 2318 1631,
1607 2283 1700 2319 pontif.
1720 2291 1789 2311 anno
1804 2290 1859 2311 1111.

1464 2409 1642 2443 CCCXCVII.

409 2497 529 2541 spitalis
546 2496 711 2529 utilitatem
733 2494 897 2534 celebrari,
915 2494 980 2534 tibi,
998 2493 1051 2537 qui
1072 2493 1146 2525 alias
1180 2491 1402 2527 Committi'tur
1423 2491 1543 2524 nuncto
1560 2490 1650 2534 apud
1673 2490 1913 2534 imperatorem,

409 2561 427 2583 a
449 2550 539 2583 nobis
564 2560 658 2593 super
682 2549 838 2582 sexdecim
863 2546 1146 2592 cornpromissariis

446 2614 458 2640 1
476 2612 514 2640 Ex
529 2611 635 2647 Regest.
652 2611 679 2639 in
692 2610 792 2639 Secret.
810 2610 885 2637 Brev.

1222 2549 1259 2578 ut
1275 2555 1312 2578 ea:
1326 2544 1506 2577 redditibus
1520 2544 1668 2577 omnium
1690 2543 1845 2577 bonorum
1864 2553 1915 2576 00-

1214 2608 1226 2634 1
1250 2606 1429 2641 Subintellige
1447 2606 1549 2641 poenis
1568 2606 1609 2641 (n.
1625 2606 1673 2639 T.).

1913 201 1963 230 An.
1979 202 2007 230 C.
2029 202 2094 231 1631

1995 1273 2109 1304 Dcrogatio

1926 1303 2086 1322 couti-anorum.
