<?xml version="1.0" encoding="UTF-8"?>
<!DOCTYPE html PUBLIC "-//W3C//DTD XHTML 1.0 Transitional//EN"
    "http://www.w3.org/TR/xhtml1/DTD/xhtml1-transitional.dtd">
<html xmlns="http://www.w3.org/1999/xhtml" xml:lang="en" lang="en">
 <head>
  <title>
</title>
<meta http-equiv="Content-Type" content="text/html;charset=utf-8" />
  <meta name='ocr-system' content='tesseract 3.04.00' />
  <meta name='ocr-capabilities' content='ocr_page ocr_carea ocr_par ocr_line ocrx_word'/>
</head>
<body>
  <div class='ocr_page' id='page_1' title='image "./bullarumdiplomat14cath_0890.png"; bbox 0 0 2248 3229; ppageno 0'>
   <div class='ocr_carea' id='block_1_1' title="bbox 424 229 1320 264">
    <p class='ocr_par' dir='ltr' id='par_1_1' title="bbox 424 229 1320 264">
     <span class='ocr_line' id='line_1_1' title="bbox 424 229 1320 264; baseline -0.002 0"><span class='ocrx_word' id='word_1_1' title='bbox 424 229 487 264; x_wconf 67' lang='lat'>772</span> <span class='ocrx_word' id='word_1_2' title='bbox 970 238 1145 262; x_wconf 62' lang='lat' dir='ltr'>nemimem</span> <span class='ocrx_word' id='word_1_3' title='bbox 1169 237 1320 263; x_wconf 63' lang='lat' dir='ltr'>aesimon</span> 
     </span>
    </p>
   </div>
   <div class='ocr_carea' id='block_1_2' title="bbox 368 290 1912 2677">
    <p class='ocr_par' dir='ltr' id='par_1_2' title="bbox 369 290 1905 385">
     <span class='ocr_line' id='line_1_2' title="bbox 369 290 1905 335; baseline 0.001 -11"><span class='ocrx_word' id='word_1_4' title='bbox 369 291 480 326; x_wconf 85' lang='lat' dir='ltr'>Petrus</span> <span class='ocrx_word' id='word_1_5' title='bbox 497 291 636 334; x_wconf 78' lang='lat' dir='ltr'><strong>Baptista</strong></span> <span class='ocrx_word' id='word_1_6' title='bbox 655 290 758 334; x_wconf 77' lang='lat' dir='ltr'>(Ven.)</span> <span class='ocrx_word' id='word_1_7' title='bbox 778 299 859 324; x_wconf 88' lang='lat' dir='ltr'>unus</span> <span class='ocrx_word' id='word_1_8' title='bbox 877 299 915 323; x_wconf 81' lang='lat' dir='ltr'>ex</span> <span class='ocrx_word' id='word_1_9' title='bbox 935 290 1152 334; x_wconf 73' lang='lat' dir='ltr'>vigintitribus</span> <span class='ocrx_word' id='word_1_10' title='bbox 1168 291 1360 335; x_wconf 68' lang='lat' dir='ltr'>martyribus</span> <span class='ocrx_word' id='word_1_11' title='bbox 1380 290 1419 325; x_wconf 90' lang='lat' dir='ltr'>de</span> <span class='ocrx_word' id='word_1_12' title='bbox 1444 291 1565 326; x_wconf 85' lang='lat' dir='ltr'>Ordine</span> <span class='ocrx_word' id='word_1_13' title='bbox 1588 290 1745 326; x_wconf 90' lang='lat' dir='ltr'>Minorum</span> <span class='ocrx_word' id='word_1_14' title='bbox 1762 291 1792 326; x_wconf 90' lang='lat' dir='ltr'>S.</span> <span class='ocrx_word' id='word_1_15' title='bbox 1809 293 1905 328; x_wconf 87' lang='lat' dir='ltr'>Fran-</span> 
     </span>
     <span class='ocr_line' id='line_1_3' title="bbox 459 344 935 385; baseline -0.002 -7"><span class='ocrx_word' id='word_1_16' title='bbox 459 347 535 379; x_wconf 87' lang='lat' dir='ltr'>cisci</span> <span class='ocrx_word' id='word_1_17' title='bbox 562 344 847 385; x_wconf 84' lang='lat' dir='ltr'>Discalceatorum,</span> <span class='ocrx_word' id='word_1_18' title='bbox 874 345 892 377; x_wconf 83' lang='grc'>9</span> <span class='ocrx_word' id='word_1_19' title='bbox 910 344 935 377; x_wconf 84' lang='lat' dir='ltr'>b.</span> 
     </span>
    </p>

    <p class='ocr_par' dir='ltr' id='par_1_3' title="bbox 368 397 1685 444">
     <span class='ocr_line' id='line_1_4' title="bbox 368 397 1685 444; baseline 0.001 -12"><span class='ocrx_word' id='word_1_20' title='bbox 368 399 479 432; x_wconf 86' lang='lat' dir='ltr'>Petrus</span> <span class='ocrx_word' id='word_1_21' title='bbox 504 397 673 431; x_wconf 86' lang='lat' dir='ltr'>cardinalis</span> <span class='ocrx_word' id='word_1_22' title='bbox 700 397 871 431; x_wconf 88' lang='lat' dir='ltr'>Pasmanus</span> <span class='ocrx_word' id='word_1_23' title='bbox 896 397 1158 441; x_wconf 78' lang='lat' dir='ltr'>archiepiscopus</span> <span class='ocrx_word' id='word_1_24' title='bbox 1183 399 1408 442; x_wconf 80' lang='lat' dir='ltr'>Sti-igonensis,</span> <span class='ocrx_word' id='word_1_25' title='bbox 1438 400 1499 433; x_wconf 83' lang='lat'><strong>496</strong></span> <span class='ocrx_word' id='word_1_26' title='bbox 1527 399 1543 432; x_wconf 86' lang='lat' dir='ltr'>b</span> <span class='ocrx_word' id='word_1_27' title='bbox 1570 403 1601 433; x_wconf 91' lang='lat' dir='ltr'>et</span> <span class='ocrx_word' id='word_1_28' title='bbox 1624 409 1685 444; x_wconf 80' lang='lat' dir='ltr'>seq.</span> 
     </span>
    </p>

    <p class='ocr_par' dir='ltr' id='par_1_4' title="bbox 370 450 1906 543">
     <span class='ocr_line' id='line_1_5' title="bbox 370 450 1906 497; baseline -0.001 -12"><span class='ocrx_word' id='word_1_29' title='bbox 370 451 481 485; x_wconf 88' lang='lat' dir='ltr'>Petrus</span> <span class='ocrx_word' id='word_1_30' title='bbox 506 453 675 494; x_wconf 85' lang='lat' dir='ltr'>episcopus</span> <span class='ocrx_word' id='word_1_31' title='bbox 700 451 895 494; x_wconf 89' lang='lat' dir='ltr'>Paphiensis‚</span> <span class='ocrx_word' id='word_1_32' title='bbox 915 450 976 485; x_wconf 82' lang='lat'>105</span> <span class='ocrx_word' id='word_1_33' title='bbox 995 461 1028 491; x_wconf 82' lang='grc' dir='ltr'>α;</span> <span class='ocrx_word' id='word_1_34' title='bbox 1053 450 1214 485; x_wconf 80' lang='lat' dir='ltr'>Ecclesiae</span> <span class='ocrx_word' id='word_1_35' title='bbox 1239 452 1355 486; x_wconf 90' lang='lat' dir='ltr'>latinae</span> <span class='ocrx_word' id='word_1_36' title='bbox 1380 454 1470 496; x_wconf 87' lang='lat' dir='ltr'>regni</span> <span class='ocrx_word' id='word_1_37' title='bbox 1495 453 1590 497; x_wconf 72' lang='lat' dir='ltr'>Cypri</span> <span class='ocrx_word' id='word_1_38' title='bbox 1615 454 1683 486; x_wconf 88' lang='lat' dir='ltr'>eius</span> <span class='ocrx_word' id='word_1_39' title='bbox 1707 452 1906 486; x_wconf 57' lang='lat' dir='ltr'>administra‘</span> 
     </span>
     <span class='ocr_line' id='line_1_6' title="bbox 459 503 809 543; baseline -0.003 -6"><span class='ocrx_word' id='word_1_40' title='bbox 459 505 535 537; x_wconf 90' lang='lat' dir='ltr'>tioni</span> <span class='ocrx_word' id='word_1_41' title='bbox 558 503 703 543; x_wconf 81' lang='lat' dir='ltr'>traditae,</span> <span class='ocrx_word' id='word_1_42' title='bbox 732 503 809 536; x_wconf 78' lang='lat' dir='ltr'>ibid.</span> 
     </span>
    </p>

    <p class='ocr_par' dir='ltr' id='par_1_5' title="bbox 370 556 1906 708">
     <span class='ocr_line' id='line_1_7' title="bbox 370 556 1906 602; baseline 0.002 -13"><span class='ocrx_word' id='word_1_43' title='bbox 370 556 560 591; x_wconf 89' lang='lat' dir='ltr'>Philibertus</span> <span class='ocrx_word' id='word_1_44' title='bbox 585 556 749 590; x_wconf 78' lang='lat' dir='ltr'>Feri-erius</span> <span class='ocrx_word' id='word_1_45' title='bbox 774 556 893 591; x_wconf 89' lang='lat' dir='ltr'>Fliscus</span> <span class='ocrx_word' id='word_1_46' title='bbox 920 558 1103 591; x_wconf 88' lang='lat' dir='ltr'>comitatum</span> <span class='ocrx_word' id='word_1_47' title='bbox 1130 557 1314 601; x_wconf 85' lang='lat' dir='ltr'>Masserani,</span> <span class='ocrx_word' id='word_1_48' title='bbox 1340 558 1548 592; x_wconf 79' lang='lat' dir='ltr'>Vercellensis</span> <span class='ocrx_word' id='word_1_49' title='bbox 1569 559 1739 600; x_wconf 86' lang='lat' dir='ltr'>dioecesis,</span> <span class='ocrx_word' id='word_1_50' title='bbox 1757 567 1906 602; x_wconf 86' lang='lat' dir='ltr'>recogno-</span> 
     </span>
     <span class='ocr_line' id='line_1_8' title="bbox 460 610 1904 654; baseline 0.002 -11"><span class='ocrx_word' id='word_1_51' title='bbox 460 610 569 644; x_wconf 78' lang='lat' dir='ltr'>scebat</span> <span class='ocrx_word' id='word_1_52' title='bbox 590 612 620 643; x_wconf 93' lang='lat' dir='ltr'>in</span> <span class='ocrx_word' id='word_1_53' title='bbox 648 610 741 644; x_wconf 87' lang='lat' dir='ltr'>feuda</span> <span class='ocrx_word' id='word_1_54' title='bbox 767 620 784 644; x_wconf 90' lang='lat' dir='ltr'>a</span> <span class='ocrx_word' id='word_1_55' title='bbox 809 619 935 644; x_wconf 85' lang='lat' dir='ltr'>camera</span> <span class='ocrx_word' id='word_1_56' title='bbox 958 611 1151 654; x_wconf 84' lang='lat' dir='ltr'>apostolica,</span> <span class='ocrx_word' id='word_1_57' title='bbox 1179 612 1241 645; x_wconf 91' lang='lat'><strong>465</strong></span> <span class='ocrx_word' id='word_1_58' title='bbox 1267 611 1298 651; x_wconf 88' lang='lat' dir='ltr'>b;</span> <span class='ocrx_word' id='word_1_59' title='bbox 1324 611 1464 646; x_wconf 89' lang='lat' dir='ltr'>marchio</span> <span class='ocrx_word' id='word_1_60' title='bbox 1489 615 1614 646; x_wconf 89' lang='lat' dir='ltr'>creatur</span> <span class='ocrx_word' id='word_1_61' title='bbox 1638 612 1722 645; x_wconf 92' lang='lat' dir='ltr'>illius</span> <span class='ocrx_word' id='word_1_62' title='bbox 1745 611 1823 654; x_wconf 85' lang='lat' dir='ltr'>loci,</span> <span class='ocrx_word' id='word_1_63' title='bbox 1849 611 1904 646; x_wconf 85' lang='lat' dir='ltr'>ad-</span> 
     </span>
     <span class='ocr_line' id='line_1_9' title="bbox 458 663 1751 708; baseline 0.001 -11"><span class='ocrx_word' id='word_1_64' title='bbox 458 663 531 697; x_wconf 89' lang='lat' dir='ltr'>ditis</span> <span class='ocrx_word' id='word_1_65' title='bbox 557 667 679 697; x_wconf 82' lang='lat' dir='ltr'>casn-ae</span> <span class='ocrx_word' id='word_1_66' title='bbox 706 667 735 698; x_wconf 85' lang='lat' dir='ltr'>et</span> <span class='ocrx_word' id='word_1_67' title='bbox 761 665 851 698; x_wconf 85' lang='lat' dir='ltr'>terris</span> <span class='ocrx_word' id='word_1_68' title='bbox 876 664 1067 708; x_wconf 86' lang='lat' dir='ltr'>Crepacorii,</span> <span class='ocrx_word' id='word_1_69' title='bbox 1093 663 1229 706; x_wconf 76' lang='lat' dir='ltr'>Quirini,</span> <span class='ocrx_word' id='word_1_70' title='bbox 1256 664 1422 698; x_wconf 81' lang='lat' dir='ltr'>Fleccbiae</span> <span class='ocrx_word' id='word_1_71' title='bbox 1447 669 1478 699; x_wconf 91' lang='lat' dir='ltr'>et</span> <span class='ocrx_word' id='word_1_72' title='bbox 1499 664 1610 707; x_wconf 89' lang='lat' dir='ltr'>Rinae,</span> <span class='ocrx_word' id='word_1_73' title='bbox 1636 665 1697 698; x_wconf 91' lang='lat'><strong>466</strong></span> <span class='ocrx_word' id='word_1_74' title='bbox 1722 675 1751 698; x_wconf 86' lang='lat' dir='ltr'>a.</span> 
     </span>
    </p>

    <p class='ocr_par' dir='ltr' id='par_1_6' title="bbox 371 716 1906 814">
     <span class='ocr_line' id='line_1_10' title="bbox 371 716 1906 761; baseline 0 -11"><span class='ocrx_word' id='word_1_75' title='bbox 371 716 536 760; x_wconf 84' lang='lat' dir='ltr'>Philippus</span> <span class='ocrx_word' id='word_1_76' title='bbox 563 717 621 761; x_wconf 75' lang='lat' dir='ltr'>(B.)</span> <span class='ocrx_word' id='word_1_77' title='bbox 649 718 687 750; x_wconf 89' lang='lat' dir='ltr'>de</span> <span class='ocrx_word' id='word_1_78' title='bbox 712 717 793 759; x_wconf 82' lang='lat' dir='ltr'>Iesu,</span> <span class='ocrx_word' id='word_1_79' title='bbox 819 717 1003 751; x_wconf 73' lang='lat' dir='ltr'>Mexicanae</span> <span class='ocrx_word' id='word_1_80' title='bbox 1028 717 1199 759; x_wconf 84' lang='lat' dir='ltr'>dioecesis,</span> <span class='ocrx_word' id='word_1_81' title='bbox 1226 728 1307 752; x_wconf 91' lang='lat' dir='ltr'>unus</span> <span class='ocrx_word' id='word_1_82' title='bbox 1328 718 1367 752; x_wconf 92' lang='lat' dir='ltr'>de</span> <span class='ocrx_word' id='word_1_83' title='bbox 1392 718 1608 759; x_wconf 54' lang='lat' dir='ltr'>figimur-ihus</span> <span class='ocrx_word' id='word_1_84' title='bbox 1633 716 1823 761; x_wconf 69' lang='lat' dir='ltr'>martyribus</span> <span class='ocrx_word' id='word_1_85' title='bbox 1851 716 1906 750; x_wconf 67' lang='grc'><strong>111-</strong></span> 
     </span>
     <span class='ocr_line' id='line_1_11' title="bbox 457 769 1817 814; baseline 0.001 -12"><span class='ocrx_word' id='word_1_86' title='bbox 457 770 651 814; x_wconf 87' lang='lat' dir='ltr'>ponensibus</span> <span class='ocrx_word' id='word_1_87' title='bbox 676 769 807 804; x_wconf 82' lang='lat' dir='ltr'>Ordinis</span> <span class='ocrx_word' id='word_1_88' title='bbox 833 771 964 804; x_wconf 78' lang='lat' dir='ltr'>fratrum</span> <span class='ocrx_word' id='word_1_89' title='bbox 990 770 1146 805; x_wconf 81' lang='lat' dir='ltr'>Minorum</span> <span class='ocrx_word' id='word_1_90' title='bbox 1172 772 1201 804; x_wconf 81' lang='lat' dir='ltr'>S.</span> <span class='ocrx_word' id='word_1_91' title='bbox 1228 772 1389 804; x_wconf 88' lang='lat' dir='ltr'>Francisci</span> <span class='ocrx_word' id='word_1_92' title='bbox 1413 770 1696 811; x_wconf 82' lang='lat' dir='ltr'>Discalceatorum‚</span> <span class='ocrx_word' id='word_1_93' title='bbox 1723 770 1763 803; x_wconf 85' lang='lat'>10</span> <span class='ocrx_word' id='word_1_94' title='bbox 1788 780 1817 803; x_wconf 86' lang='lat' dir='ltr'>a.</span> 
     </span>
    </p>

    <p class='ocr_par' dir='ltr' id='par_1_7' title="bbox 370 818 1907 1080">
     <span class='ocr_line' id='line_1_12' title="bbox 370 818 1905 868; baseline -0.001 -12"><span class='ocrx_word' id='word_1_95' title='bbox 370 823 534 868; x_wconf 79' lang='lat' dir='ltr'>Philippus</span> <span class='ocrx_word' id='word_1_96' title='bbox 559 824 801 867; x_wconf 88' lang='lat' dir='ltr'>Christophorus</span> <span class='ocrx_word' id='word_1_97' title='bbox 833 825 1095 868; x_wconf 80' lang='lat' dir='ltr'>archiepiscopus</span> <span class='ocrx_word' id='word_1_98' title='bbox 1121 828 1151 858; x_wconf 88' lang='lat' dir='ltr'>et</span> <span class='ocrx_word' id='word_1_99' title='bbox 1176 825 1295 859; x_wconf 88' lang='lat' dir='ltr'>elector</span> <span class='ocrx_word' id='word_1_100' title='bbox 1318 824 1535 865; x_wconf 77' lang='lat' dir='ltr'>Trevireusis,</span> <span class='ocrx_word' id='word_1_101' title='bbox 1563 818 1624 857; x_wconf 64' lang='lat'>626</span> <span class='ocrx_word' id='word_1_102' title='bbox 1652 823 1687 863; x_wconf 85' lang='lat' dir='ltr'>b;</span> <span class='ocrx_word' id='word_1_103' title='bbox 1713 832 1730 857; x_wconf 89' lang='lat' dir='ltr'>a</span> <span class='ocrx_word' id='word_1_104' title='bbox 1753 821 1905 856; x_wconf 85' lang='lat' dir='ltr'>militibus</span> 
     </span>
     <span class='ocr_line' id='line_1_13' title="bbox 457 874 1907 921; baseline -0.001 -12"><span class='ocrx_word' id='word_1_105' title='bbox 457 877 594 920; x_wconf 89' lang='lat' dir='ltr'>Philippi</span> <span class='ocrx_word' id='word_1_106' title='bbox 627 877 665 910; x_wconf 84' lang='lat' dir='ltr'>IV</span> <span class='ocrx_word' id='word_1_107' title='bbox 697 879 780 920; x_wconf 78' lang='lat' dir='ltr'>regis</span> <span class='ocrx_word' id='word_1_108' title='bbox 813 877 1037 920; x_wconf 80' lang='lat' dir='ltr'>Hispaniarum</span> <span class='ocrx_word' id='word_1_109' title='bbox 1069 879 1265 921; x_wconf 76' lang='lat' dir='ltr'>captivatur,</span> <span class='ocrx_word' id='word_1_110' title='bbox 1290 877 1366 910; x_wconf 75' lang='lat' dir='ltr'>ibid.</span> <span class='ocrx_word' id='word_1_111' title='bbox 1398 877 1444 911; x_wconf 79' lang='lat' dir='ltr'>Ex</span> <span class='ocrx_word' id='word_1_112' title='bbox 1478 876 1626 911; x_wconf 86' lang='lat' dir='ltr'>mandato</span> <span class='ocrx_word' id='word_1_113' title='bbox 1650 875 1769 910; x_wconf 87' lang='lat' dir='ltr'>Urbani</span> <span class='ocrx_word' id='word_1_114' title='bbox 1794 874 1864 909; x_wconf 89' lang='lat' dir='ltr'>VIII</span> <span class='ocrx_word' id='word_1_115' title='bbox 1888 883 1907 908; x_wconf 87' lang='lat' dir='ltr'>a</span> 
     </span>
     <span class='ocr_line' id='line_1_14' title="bbox 458 928 1907 974; baseline -0.001 -10"><span class='ocrx_word' id='word_1_116' title='bbox 458 932 574 964; x_wconf 79' lang='lat' dir='ltr'>nuncio</span> <span class='ocrx_word' id='word_1_117' title='bbox 599 931 770 973; x_wconf 84' lang='lat' dir='ltr'>apostolico</span> <span class='ocrx_word' id='word_1_118' title='bbox 794 932 826 965; x_wconf 91' lang='lat' dir='ltr'>in</span> <span class='ocrx_word' id='word_1_119' title='bbox 851 931 959 974; x_wconf 80' lang='lat' dir='ltr'>Belgio</span> <span class='ocrx_word' id='word_1_120' title='bbox 980 933 1011 965; x_wconf 90' lang='lat' dir='ltr'>in</span> <span class='ocrx_word' id='word_1_121' title='bbox 1037 931 1212 965; x_wconf 86' lang='lat' dir='ltr'>custodiam</span> <span class='ocrx_word' id='word_1_122' title='bbox 1237 932 1398 974; x_wconf 85' lang='lat' dir='ltr'>recipitur,</span> <span class='ocrx_word' id='word_1_123' title='bbox 1410 929 1489 963; x_wconf 81' lang='lat' dir='ltr'>ibid.</span> <span class='ocrx_word' id='word_1_124' title='bbox 1504 930 1550 963; x_wconf 83' lang='lat' dir='ltr'>Ex</span> <span class='ocrx_word' id='word_1_125' title='bbox 1568 929 1748 963; x_wconf 81' lang='lat' dir='ltr'>huiusmodi</span> <span class='ocrx_word' id='word_1_126' title='bbox 1763 928 1907 963; x_wconf 86' lang='lat' dir='ltr'>custodia</span> 
     </span>
     <span class='ocr_line' id='line_1_15' title="bbox 460 982 1907 1028; baseline 0 -12"><span class='ocrx_word' id='word_1_127' title='bbox 460 985 631 1026; x_wconf 88' lang='lat' dir='ltr'>emittitur,</span> <span class='ocrx_word' id='word_1_128' title='bbox 658 983 719 1017; x_wconf 73' lang='lat'>627</span> <span class='ocrx_word' id='word_1_129' title='bbox 757 994 785 1017; x_wconf 88' lang='grc' dir='ltr'>α.</span> <span class='ocrx_word' id='word_1_130' title='bbox 810 983 847 1018; x_wconf 90' lang='grc' dir='ltr'>Ε1</span> <span class='ocrx_word' id='word_1_131' title='bbox 871 986 903 1018; x_wconf 88' lang='grc'>111</span> <span class='ocrx_word' id='word_1_132' title='bbox 928 985 1132 1028; x_wconf 84' lang='lat' dir='ltr'>possessione</span> <span class='ocrx_word' id='word_1_133' title='bbox 1167 994 1295 1019; x_wconf 89' lang='lat' dir='ltr'>suarum</span> <span class='ocrx_word' id='word_1_134' title='bbox 1331 984 1539 1018; x_wconf 87' lang='lat' dir='ltr'>ecclesiarum</span> <span class='ocrx_word' id='word_1_135' title='bbox 1571 986 1813 1025; x_wconf 90' lang='lat' dir='ltr'>manutenetur,</span> <span class='ocrx_word' id='word_1_136' title='bbox 1843 982 1907 1016; x_wconf 79' lang='lat'>629</span> 
     </span>
     <span class='ocr_line' id='line_1_16' title="bbox 463 1039 576 1080; baseline -0.009 -11"><span class='ocrx_word' id='word_1_137' title='bbox 463 1039 492 1069; x_wconf 91' lang='lat' dir='ltr'>et</span> <span class='ocrx_word' id='word_1_138' title='bbox 516 1046 576 1080; x_wconf 80' lang='lat' dir='ltr'>seq.</span> 
     </span>
    </p>

    <p class='ocr_par' dir='ltr' id='par_1_8' title="bbox 373 1088 1910 1932">
     <span class='ocr_line' id='line_1_17' title="bbox 373 1088 1907 1134; baseline 0 -12"><span class='ocrx_word' id='word_1_139' title='bbox 373 1088 520 1133; x_wconf 87' lang='lat' dir='ltr'>Philippo</span> <span class='ocrx_word' id='word_1_140' title='bbox 545 1088 585 1123; x_wconf 82' lang='lat' dir='ltr'>IV</span> <span class='ocrx_word' id='word_1_141' title='bbox 610 1089 835 1133; x_wconf 83' lang='lat' dir='ltr'>Hispaniarum</span> <span class='ocrx_word' id='word_1_142' title='bbox 860 1091 929 1134; x_wconf 84' lang='lat' dir='ltr'>regi</span> <span class='ocrx_word' id='word_1_143' title='bbox 951 1090 1082 1125; x_wconf 78' lang='lat' dir='ltr'>facultas</span> <span class='ocrx_word' id='word_1_144' title='bbox 1113 1100 1264 1124; x_wconf 88' lang='lat' dir='ltr'>concessa</span> <span class='ocrx_word' id='word_1_145' title='bbox 1295 1089 1473 1124; x_wconf 80' lang='lat' dir='ltr'>subsidium</span> <span class='ocrx_word' id='word_1_146' title='bbox 1499 1089 1538 1123; x_wconf 87' lang='lat' dir='ltr'>ab</span> <span class='ocrx_word' id='word_1_147' title='bbox 1564 1089 1791 1123; x_wconf 70' lang='lat' dir='ltr'>ecclesiasticis</span> <span class='ocrx_word' id='word_1_148' title='bbox 1815 1089 1907 1132; x_wconf 85' lang='lat' dir='ltr'>regni</span> 
     </span>
     <span class='ocr_line' id='line_1_18' title="bbox 462 1141 1905 1188; baseline 0 -13"><span class='ocrx_word' id='word_1_149' title='bbox 462 1142 589 1176; x_wconf 80' lang='lat' dir='ltr'>Siciliae</span> <span class='ocrx_word' id='word_1_150' title='bbox 614 1143 809 1186; x_wconf 78' lang='lat' dir='ltr'>accipiendi,</span> <span class='ocrx_word' id='word_1_151' title='bbox 837 1144 853 1177; x_wconf 89' lang='grc'><strong>4</strong></span> <span class='ocrx_word' id='word_1_152' title='bbox 872 1144 905 1182; x_wconf 80' lang='lat' dir='ltr'>b;</span> <span class='ocrx_word' id='word_1_153' title='bbox 934 1144 994 1177; x_wconf 82' lang='lat'>188</span> <span class='ocrx_word' id='word_1_154' title='bbox 1011 1155 1028 1177; x_wconf 81' lang='lat' dir='ltr'>a.</span> <span class='ocrx_word' id='word_1_155' title='bbox 1047 1149 1076 1177; x_wconf 87' lang='lat' dir='ltr'>et</span> <span class='ocrx_word' id='word_1_156' title='bbox 1093 1154 1171 1188; x_wconf 77' lang='lat' dir='ltr'>seq.;</span> <span class='ocrx_word' id='word_1_157' title='bbox 1198 1149 1226 1178; x_wconf 87' lang='lat' dir='ltr'>et</span> <span class='ocrx_word' id='word_1_158' title='bbox 1252 1144 1426 1185; x_wconf 81' lang='lat' dir='ltr'>Sardiniae,</span> <span class='ocrx_word' id='word_1_159' title='bbox 1449 1143 1490 1176; x_wconf 70' lang='lat'>3⁶2</span> <span class='ocrx_word' id='word_1_160' title='bbox 1507 1154 1525 1176; x_wconf 83' lang='lat' dir='ltr'>a</span> <span class='ocrx_word' id='word_1_161' title='bbox 1543 1147 1573 1177; x_wconf 91' lang='lat' dir='ltr'>et</span> <span class='ocrx_word' id='word_1_162' title='bbox 1591 1143 1622 1182; x_wconf 76' lang='lat' dir='ltr'>b;</span> <span class='ocrx_word' id='word_1_163' title='bbox 1649 1143 1711 1176; x_wconf 85' lang='grc'>350</span> <span class='ocrx_word' id='word_1_164' title='bbox 1731 1143 1762 1183; x_wconf 87' lang='lat' dir='ltr'>b;</span> <span class='ocrx_word' id='word_1_165' title='bbox 1788 1141 1852 1176; x_wconf 77' lang='lat'>352</span> <span class='ocrx_word' id='word_1_166' title='bbox 1871 1153 1905 1182; x_wconf 86' lang='lat' dir='ltr'>a;</span> 
     </span>
     <span class='ocr_line' id='line_1_19' title="bbox 462 1195 1907 1240; baseline 0 -12"><span class='ocrx_word' id='word_1_167' title='bbox 462 1195 524 1229; x_wconf 73' lang='lat'>423</span> <span class='ocrx_word' id='word_1_168' title='bbox 543 1197 571 1229; x_wconf 82' lang='lat' dir='ltr'>b.</span> <span class='ocrx_word' id='word_1_169' title='bbox 593 1197 696 1239; x_wconf 80' lang='lat' dir='ltr'>Atque</span> <span class='ocrx_word' id='word_1_170' title='bbox 721 1199 815 1229; x_wconf 84' lang='lat' dir='ltr'>etiam</span> <span class='ocrx_word' id='word_1_171' title='bbox 842 1208 897 1240; x_wconf 91' lang='lat' dir='ltr'>pro</span> <span class='ocrx_word' id='word_1_172' title='bbox 923 1197 1072 1240; x_wconf 80' lang='lat' dir='ltr'>parandis</span> <span class='ocrx_word' id='word_1_173' title='bbox 1097 1196 1279 1230; x_wconf 82' lang='lat' dir='ltr'>triremibus</span> <span class='ocrx_word' id='word_1_174' title='bbox 1304 1201 1410 1230; x_wconf 83' lang='lat' dir='ltr'>contra</span> <span class='ocrx_word' id='word_1_175' title='bbox 1438 1200 1574 1240; x_wconf 74' lang='lat' dir='ltr'>pyratas,</span> <span class='ocrx_word' id='word_1_176' title='bbox 1601 1196 1640 1229; x_wconf 85' lang='lat'>33</span> <span class='ocrx_word' id='word_1_177' title='bbox 1667 1196 1694 1229; x_wconf 83' lang='lat' dir='ltr'>b.</span> <span class='ocrx_word' id='word_1_178' title='bbox 1719 1196 1907 1238; x_wconf 82' lang='lat' dir='ltr'>Recupera-</span> 
     </span>
     <span class='ocr_line' id='line_1_20' title="bbox 462 1248 1906 1294; baseline -0.002 -11"><span class='ocrx_word' id='word_1_179' title='bbox 462 1251 580 1283; x_wconf 86' lang='lat' dir='ltr'>tionem</span> <span class='ocrx_word' id='word_1_180' title='bbox 607 1251 817 1283; x_wconf 86' lang='lat' dir='ltr'>dominiorum</span> <span class='ocrx_word' id='word_1_181' title='bbox 844 1252 934 1293; x_wconf 88' lang='lat' dir='ltr'>regni</span> <span class='ocrx_word' id='word_1_182' title='bbox 960 1250 1170 1294; x_wconf 79' lang='lat' dir='ltr'>Portugalliae</span> <span class='ocrx_word' id='word_1_183' title='bbox 1196 1251 1227 1282; x_wconf 91' lang='lat' dir='ltr'>in</span> <span class='ocrx_word' id='word_1_184' title='bbox 1253 1249 1352 1283; x_wconf 86' lang='lat' dir='ltr'>indiis</span> <span class='ocrx_word' id='word_1_185' title='bbox 1377 1248 1595 1284; x_wconf 86' lang='lat' dir='ltr'>Orientalibus</span> <span class='ocrx_word' id='word_1_186' title='bbox 1619 1252 1785 1291; x_wconf 86' lang='lat' dir='ltr'>pertentat,</span> <span class='ocrx_word' id='word_1_187' title='bbox 1812 1248 1851 1281; x_wconf 83' lang='lat'>44</span> <span class='ocrx_word' id='word_1_188' title='bbox 1877 1258 1906 1280; x_wconf 82' lang='lat' dir='ltr'>a.</span> 
     </span>
     <span class='ocr_line' id='line_1_21' title="bbox 462 1301 1908 1349; baseline -0.001 -13"><span class='ocrx_word' id='word_1_189' title='bbox 462 1303 489 1336; x_wconf 76' lang='lat' dir='ltr'><strong>A</strong></span> <span class='ocrx_word' id='word_1_190' title='bbox 514 1305 656 1336; x_wconf 81' lang='lat' dir='ltr'>censuris</span> <span class='ocrx_word' id='word_1_191' title='bbox 681 1302 864 1344; x_wconf 70' lang='lat' dir='ltr'>absolxitur,</span> <span class='ocrx_word' id='word_1_192' title='bbox 890 1305 920 1336; x_wconf 92' lang='lat' dir='ltr'>in</span> <span class='ocrx_word' id='word_1_193' title='bbox 947 1314 1025 1349; x_wconf 79' lang='lat' dir='ltr'>quas</span> <span class='ocrx_word' id='word_1_194' title='bbox 1050 1306 1227 1337; x_wconf 84' lang='lat' dir='ltr'>incurrerat</span> <span class='ocrx_word' id='word_1_195' title='bbox 1251 1303 1290 1337; x_wconf 94' lang='lat' dir='ltr'>ob</span> <span class='ocrx_word' id='word_1_196' title='bbox 1312 1307 1458 1337; x_wconf 74' lang='lat' dir='ltr'>exactum</span> <span class='ocrx_word' id='word_1_197' title='bbox 1485 1302 1524 1336; x_wconf 88' lang='lat' dir='ltr'>ab</span> <span class='ocrx_word' id='word_1_198' title='bbox 1549 1301 1774 1335; x_wconf 84' lang='lat' dir='ltr'>ecclesiasticis</span> <span class='ocrx_word' id='word_1_199' title='bbox 1798 1311 1908 1344; x_wconf 45' lang='lat' dir='ltr'>regno*</span> 
     </span>
     <span class='ocr_line' id='line_1_22' title="bbox 462 1354 1909 1401; baseline -0.002 -12"><span class='ocrx_word' id='word_1_200' title='bbox 462 1366 531 1390; x_wconf 84' lang='lat' dir='ltr'>rum</span> <span class='ocrx_word' id='word_1_201' title='bbox 556 1356 708 1390; x_wconf 72' lang='lat' dir='ltr'>Castellae</span> <span class='ocrx_word' id='word_1_202' title='bbox 735 1361 763 1390; x_wconf 91' lang='lat' dir='ltr'>et</span> <span class='ocrx_word' id='word_1_203' title='bbox 790 1357 936 1398; x_wconf 70' lang='lat' dir='ltr'>Legionis</span> <span class='ocrx_word' id='word_1_204' title='bbox 961 1357 1121 1401; x_wconf 76' lang='lat' dir='ltr'>quoddam</span> <span class='ocrx_word' id='word_1_205' title='bbox 1146 1356 1340 1396; x_wconf 74' lang='lat' dir='ltr'>subsidium,</span> <span class='ocrx_word' id='word_1_206' title='bbox 1366 1357 1419 1396; x_wconf 79' lang='lat'>65,</span> <span class='ocrx_word' id='word_1_207' title='bbox 1444 1355 1470 1388; x_wconf 88' lang='lat' dir='ltr'>b.</span> <span class='ocrx_word' id='word_1_208' title='bbox 1496 1354 1704 1389; x_wconf 86' lang='lat' dir='ltr'>Concordiam</span> <span class='ocrx_word' id='word_1_209' title='bbox 1729 1354 1788 1387; x_wconf 83' lang='lat' dir='ltr'>bac</span> <span class='ocrx_word' id='word_1_210' title='bbox 1812 1363 1909 1395; x_wconf 89' lang='lat' dir='ltr'>super</span> 
     </span>
     <span class='ocr_line' id='line_1_23' title="bbox 463 1407 1908 1454; baseline -0.003 -11"><span class='ocrx_word' id='word_1_211' title='bbox 463 1419 496 1443; x_wconf 91' lang='lat' dir='ltr'>re</span> <span class='ocrx_word' id='word_1_212' title='bbox 523 1420 594 1443; x_wconf 88' lang='lat' dir='ltr'>cum</span> <span class='ocrx_word' id='word_1_213' title='bbox 621 1412 696 1453; x_wconf 86' lang='lat' dir='ltr'>ipsis</span> <span class='ocrx_word' id='word_1_214' title='bbox 721 1412 787 1451; x_wconf 86' lang='lat' dir='ltr'>init,</span> <span class='ocrx_word' id='word_1_215' title='bbox 816 1411 874 1443; x_wconf 88' lang='lat'>166</span> <span class='ocrx_word' id='word_1_216' title='bbox 901 1422 931 1443; x_wconf 82' lang='grc' dir='ltr'>α.</span> <span class='ocrx_word' id='word_1_217' title='bbox 956 1410 1086 1443; x_wconf 87' lang='lat' dir='ltr'>Decima</span> <span class='ocrx_word' id='word_1_218' title='bbox 1118 1420 1214 1454; x_wconf 84' lang='lat' dir='ltr'>super</span> <span class='ocrx_word' id='word_1_219' title='bbox 1246 1409 1392 1443; x_wconf 82' lang='lat' dir='ltr'>omnibus</span> <span class='ocrx_word' id='word_1_220' title='bbox 1425 1408 1590 1442; x_wconf 79' lang='lat' dir='ltr'>beneficiis</span> <span class='ocrx_word' id='word_1_221' title='bbox 1622 1408 1846 1441; x_wconf 84' lang='lat' dir='ltr'>ecclesiasticis</span> <span class='ocrx_word' id='word_1_222' title='bbox 1878 1407 1908 1439; x_wconf 92' lang='lat' dir='ltr'>ei</span> 
     </span>
     <span class='ocr_line' id='line_1_24' title="bbox 461 1461 1909 1506; baseline -0.002 -11"><span class='ocrx_word' id='word_1_223' title='bbox 461 1472 610 1496; x_wconf 86' lang='lat' dir='ltr'>concessa</span> <span class='ocrx_word' id='word_1_224' title='bbox 635 1463 673 1495; x_wconf 86' lang='lat' dir='ltr'>ad</span> <span class='ocrx_word' id='word_1_225' title='bbox 700 1464 762 1495; x_wconf 91' lang='grc'>600</span> <span class='ocrx_word' id='word_1_226' title='bbox 787 1464 871 1495; x_wconf 85' lang='lat' dir='ltr'>mille</span> <span class='ocrx_word' id='word_1_227' title='bbox 897 1463 1011 1497; x_wconf 87' lang='lat' dir='ltr'>ducata</span> <span class='ocrx_word' id='word_1_228' title='bbox 1036 1464 1214 1504; x_wconf 75' lang='lat' dir='ltr'>reducitur,</span> <span class='ocrx_word' id='word_1_229' title='bbox 1244 1463 1305 1496; x_wconf 70' lang='lat'>273</span> <span class='ocrx_word' id='word_1_230' title='bbox 1324 1474 1340 1495; x_wconf 80' lang='lat' dir='ltr'>a</span> <span class='ocrx_word' id='word_1_231' title='bbox 1360 1468 1391 1495; x_wconf 88' lang='lat' dir='ltr'>et</span> <span class='ocrx_word' id='word_1_232' title='bbox 1408 1472 1479 1506; x_wconf 57' lang='lat' dir='ltr'>seq„</span> <span class='ocrx_word' id='word_1_233' title='bbox 1500 1461 1561 1494; x_wconf 59' lang='lat'>⁶293</span> <span class='ocrx_word' id='word_1_234' title='bbox 1579 1461 1610 1500; x_wconf 86' lang='lat' dir='ltr'>b;</span> <span class='ocrx_word' id='word_1_235' title='bbox 1627 1470 1707 1505; x_wconf 84' lang='lat' dir='ltr'>quae</span> <span class='ocrx_word' id='word_1_236' title='bbox 1726 1469 1783 1503; x_wconf 90' lang='lat' dir='ltr'>per</span> <span class='ocrx_word' id='word_1_237' title='bbox 1803 1461 1909 1503; x_wconf 86' lang='lat' dir='ltr'>ipsum</span> 
     </span>
     <span class='ocr_line' id='line_1_25' title="bbox 463 1515 1909 1559; baseline -0.003 -10"><span class='ocrx_word' id='word_1_238' title='bbox 463 1516 582 1549; x_wconf 85' lang='lat' dir='ltr'>clerum</span> <span class='ocrx_word' id='word_1_239' title='bbox 607 1518 692 1559; x_wconf 73' lang='lat' dir='ltr'>exigi</span> <span class='ocrx_word' id='word_1_240' title='bbox 718 1516 822 1557; x_wconf 78' lang='lat' dir='ltr'>debet,</span> <span class='ocrx_word' id='word_1_241' title='bbox 851 1518 911 1550; x_wconf 69' lang='lat'>297</span> <span class='ocrx_word' id='word_1_242' title='bbox 932 1517 963 1555; x_wconf 82' lang='lat' dir='ltr'>b;</span> <span class='ocrx_word' id='word_1_243' title='bbox 984 1517 1106 1550; x_wconf 78' lang='lat' dir='ltr'>Novum</span> <span class='ocrx_word' id='word_1_244' title='bbox 1121 1516 1297 1550; x_wconf 82' lang='lat' dir='ltr'>subsidium</span> <span class='ocrx_word' id='word_1_245' title='bbox 1316 1515 1428 1548; x_wconf 87' lang='lat' dir='ltr'>decem</span> <span class='ocrx_word' id='word_1_246' title='bbox 1449 1521 1478 1548; x_wconf 89' lang='lat' dir='ltr'>et</span> <span class='ocrx_word' id='word_1_247' title='bbox 1495 1524 1608 1547; x_wconf 69' lang='lat' dir='ltr'>novem</span> <span class='ocrx_word' id='word_1_248' title='bbox 1626 1515 1801 1547; x_wconf 91' lang='lat' dir='ltr'>millionum</span> <span class='ocrx_word' id='word_1_249' title='bbox 1822 1523 1909 1546; x_wconf 91' lang='lat' dir='ltr'>num-</span> 
     </span>
     <span class='ocr_line' id='line_1_26' title="bbox 463 1565 1910 1604; baseline -0.003 -2"><span class='ocrx_word' id='word_1_250' title='bbox 463 1580 584 1602; x_wconf 88' lang='lat' dir='ltr'>morum</span> <span class='ocrx_word' id='word_1_251' title='bbox 610 1580 777 1603; x_wconf 77' lang='lat' dir='ltr'>aureorum</span> <span class='ocrx_word' id='word_1_252' title='bbox 802 1581 873 1603; x_wconf 83' lang='lat' dir='ltr'>cum</span> <span class='ocrx_word' id='word_1_253' title='bbox 899 1570 1031 1603; x_wconf 83' lang='lat' dir='ltr'>dimidi⁰</span> <span class='ocrx_word' id='word_1_254' title='bbox 1056 1570 1187 1604; x_wconf 83' lang='lat' dir='ltr'>alterius</span> <span class='ocrx_word' id='word_1_255' title='bbox 1212 1569 1360 1602; x_wconf 91' lang='lat' dir='ltr'>millionis</span> <span class='ocrx_word' id='word_1_256' title='bbox 1385 1568 1424 1602; x_wconf 88' lang='lat' dir='ltr'>ab</span> <span class='ocrx_word' id='word_1_257' title='bbox 1450 1567 1674 1601; x_wconf 77' lang='lat' dir='ltr'>ecclesiasticis</span> <span class='ocrx_word' id='word_1_258' title='bbox 1698 1565 1852 1599; x_wconf 84' lang='lat' dir='ltr'>Castellae</span> <span class='ocrx_word' id='word_1_259' title='bbox 1878 1568 1910 1598; x_wconf 85' lang='lat' dir='ltr'>et</span> 
     </span>
     <span class='ocr_line' id='line_1_27' title="bbox 463 1618 1907 1667; baseline -0.004 -10"><span class='ocrx_word' id='word_1_260' title='bbox 463 1623 610 1666; x_wconf 82' lang='lat' dir='ltr'>Legionis</span> <span class='ocrx_word' id='word_1_261' title='bbox 636 1626 663 1656; x_wconf 86' lang='lat' dir='ltr'>ei</span> <span class='ocrx_word' id='word_1_262' title='bbox 690 1624 954 1667; x_wconf 67' lang='lat' dir='ltr'>persolvendum,</span> <span class='ocrx_word' id='word_1_263' title='bbox 981 1623 1042 1657; x_wconf 72' lang='lat'>324</span> <span class='ocrx_word' id='word_1_264' title='bbox 1071 1624 1087 1655; x_wconf 84' lang='lat' dir='ltr'>b</span> <span class='ocrx_word' id='word_1_265' title='bbox 1113 1627 1143 1657; x_wconf 89' lang='lat' dir='ltr'>et</span> <span class='ocrx_word' id='word_1_266' title='bbox 1168 1633 1247 1667; x_wconf 79' lang='lat' dir='ltr'>seq.;</span> <span class='ocrx_word' id='word_1_267' title='bbox 1274 1625 1419 1655; x_wconf 83' lang='lat' dir='ltr'>cessante</span> <span class='ocrx_word' id='word_1_268' title='bbox 1446 1622 1547 1664; x_wconf 86' lang='lat' dir='ltr'>prima</span> <span class='ocrx_word' id='word_1_269' title='bbox 1579 1620 1704 1653; x_wconf 75' lang='lat' dir='ltr'>declina</span> <span class='ocrx_word' id='word_1_270' title='bbox 1736 1620 1798 1652; x_wconf 88' lang='grc'>600</span> <span class='ocrx_word' id='word_1_271' title='bbox 1822 1618 1907 1651; x_wconf 88' lang='lat' dir='ltr'>mille</span> 
     </span>
     <span class='ocr_line' id='line_1_28' title="bbox 463 1671 1906 1721; baseline -0.004 -12"><span class='ocrx_word' id='word_1_272' title='bbox 463 1676 663 1717; x_wconf 65' lang='lat' dir='ltr'>ducatorum,</span> <span class='ocrx_word' id='word_1_273' title='bbox 690 1678 753 1710; x_wconf 71' lang='lat'>329</span> <span class='ocrx_word' id='word_1_274' title='bbox 778 1688 810 1711; x_wconf 79' lang='lat' dir='ltr'>a:</span> <span class='ocrx_word' id='word_1_275' title='bbox 837 1687 918 1721; x_wconf 76' lang='lat' dir='ltr'>qnae</span> <span class='ocrx_word' id='word_1_276' title='bbox 945 1687 1039 1720; x_wconf 80' lang='lat' dir='ltr'>supra</span> <span class='ocrx_word' id='word_1_277' title='bbox 1065 1677 1290 1710; x_wconf 79' lang='lat' dir='ltr'>ecclesiasticis</span> <span class='ocrx_word' id='word_1_278' title='bbox 1317 1676 1411 1709; x_wconf 84' lang='lat' dir='ltr'>totius</span> <span class='ocrx_word' id='word_1_279' title='bbox 1432 1674 1603 1716; x_wconf 86' lang='lat' dir='ltr'>Hispaniae</span> <span class='ocrx_word' id='word_1_280' title='bbox 1618 1673 1780 1713; x_wconf 71' lang='lat' dir='ltr'>dixiditur,</span> <span class='ocrx_word' id='word_1_281' title='bbox 1799 1671 1862 1704; x_wconf 68' lang='lat'>329</span> <span class='ocrx_word' id='word_1_282' title='bbox 1880 1672 1906 1704; x_wconf 82' lang='lat' dir='ltr'>b.</span> 
     </span>
     <span class='ocr_line' id='line_1_29' title="bbox 464 1725 1907 1773; baseline -0.004 -11"><span class='ocrx_word' id='word_1_283' title='bbox 464 1734 496 1763; x_wconf 87' lang='lat' dir='ltr'>ut</span> <span class='ocrx_word' id='word_1_284' title='bbox 530 1729 709 1763; x_wconf 80' lang='lat' dir='ltr'>subsidium</span> <span class='ocrx_word' id='word_1_285' title='bbox 735 1730 934 1763; x_wconf 80' lang='lat' dir='ltr'>Ferdinando</span> <span class='ocrx_word' id='word_1_286' title='bbox 959 1730 985 1762; x_wconf 93' lang='lat' dir='ltr'>ll</span> <span class='ocrx_word' id='word_1_287' title='bbox 1011 1731 1196 1773; x_wconf 84' lang='lat' dir='ltr'>imperatori</span> <span class='ocrx_word' id='word_1_288' title='bbox 1231 1739 1286 1773; x_wconf 88' lang='lat' dir='ltr'>pro</span> <span class='ocrx_word' id='word_1_289' title='bbox 1320 1728 1403 1761; x_wconf 91' lang='lat' dir='ltr'>bello</span> <span class='ocrx_word' id='word_1_290' title='bbox 1436 1730 1544 1760; x_wconf 84' lang='lat' dir='ltr'>contra</span> <span class='ocrx_word' id='word_1_291' title='bbox 1581 1727 1759 1758; x_wconf 80' lang='lat' dir='ltr'>haereticos</span> <span class='ocrx_word' id='word_1_292' title='bbox 1791 1725 1907 1760; x_wconf 73' lang='lat' dir='ltr'>ferret,</span> 
     </span>
     <span class='ocr_line' id='line_1_30' title="bbox 463 1781 1907 1826; baseline -0.006 -10"><span class='ocrx_word' id='word_1_293' title='bbox 463 1783 618 1816; x_wconf 81' lang='lat' dir='ltr'>decimam</span> <span class='ocrx_word' id='word_1_294' title='bbox 644 1783 682 1816; x_wconf 84' lang='lat' dir='ltr'>ab</span> <span class='ocrx_word' id='word_1_295' title='bbox 709 1783 832 1816; x_wconf 75' lang='lat' dir='ltr'>[rbnno</span> <span class='ocrx_word' id='word_1_296' title='bbox 858 1783 925 1816; x_wconf 68' lang='lat' dir='ltr'>Ylll</span> <span class='ocrx_word' id='word_1_297' title='bbox 952 1785 1071 1826; x_wconf 88' lang='lat' dir='ltr'>imponi</span> <span class='ocrx_word' id='word_1_298' title='bbox 1096 1783 1216 1816; x_wconf 84' lang='lat' dir='ltr'>obtinet</span> <span class='ocrx_word' id='word_1_299' title='bbox 1240 1791 1337 1825; x_wconf 78' lang='lat' dir='ltr'>super</span> <span class='ocrx_word' id='word_1_300' title='bbox 1370 1781 1535 1813; x_wconf 74' lang='lat' dir='ltr'>beneficiis</span> <span class='ocrx_word' id='word_1_301' title='bbox 1567 1788 1697 1812; x_wconf 87' lang='lat' dir='ltr'>suorum</span> <span class='ocrx_word' id='word_1_302' title='bbox 1722 1786 1907 1820; x_wconf 78' lang='lat' dir='ltr'>regnorum,</span> 
     </span>
     <span class='ocr_line' id='line_1_31' title="bbox 466 1830 1909 1880; baseline -0.005 -12"><span class='ocrx_word' id='word_1_303' title='bbox 466 1836 526 1869; x_wconf 83' lang='lat'><strong>468</strong></span> <span class='ocrx_word' id='word_1_304' title='bbox 543 1848 561 1868; x_wconf 82' lang='lat' dir='ltr'>a</span> <span class='ocrx_word' id='word_1_305' title='bbox 580 1840 610 1869; x_wconf 90' lang='lat' dir='ltr'>et</span> <span class='ocrx_word' id='word_1_306' title='bbox 628 1837 654 1877; x_wconf 82' lang='lat' dir='ltr'>b,</span> <span class='ocrx_word' id='word_1_307' title='bbox 676 1840 705 1869; x_wconf 88' lang='lat' dir='ltr'>et</span> <span class='ocrx_word' id='word_1_308' title='bbox 730 1848 790 1880; x_wconf 70' lang='lat' dir='ltr'>seq.</span> <span class='ocrx_word' id='word_1_309' title='bbox 817 1836 968 1877; x_wconf 79' lang='lat' dir='ltr'>Monctur,</span> <span class='ocrx_word' id='word_1_310' title='bbox 996 1846 1033 1868; x_wconf 80' lang='lat' dir='ltr'>nc</span> <span class='ocrx_word' id='word_1_311' title='bbox 1061 1836 1267 1868; x_wconf 75' lang='lat' dir='ltr'>ecclesiarum</span> <span class='ocrx_word' id='word_1_312' title='bbox 1294 1833 1376 1867; x_wconf 90' lang='lat' dir='ltr'>bona</span> <span class='ocrx_word' id='word_1_313' title='bbox 1402 1835 1432 1866; x_wconf 92' lang='lat' dir='ltr'>in</span> <span class='ocrx_word' id='word_1_314' title='bbox 1458 1830 1669 1873; x_wconf 77' lang='lat' dir='ltr'>Portugalliae</span> <span class='ocrx_word' id='word_1_315' title='bbox 1694 1839 1793 1873; x_wconf 84' lang='lat' dir='ltr'>regno</span> <span class='ocrx_word' id='word_1_316' title='bbox 1817 1838 1909 1862; x_wconf 87' lang='lat' dir='ltr'>occu-</span> 
     </span>
     <span class='ocr_line' id='line_1_32' title="bbox 464 1890 787 1932; baseline -0.003 -10"><span class='ocrx_word' id='word_1_317' title='bbox 464 1892 531 1932; x_wconf 87' lang='lat' dir='ltr'>pari</span> <span class='ocrx_word' id='word_1_318' title='bbox 557 1892 648 1929; x_wconf 86' lang='lat' dir='ltr'>sinat,</span> <span class='ocrx_word' id='word_1_319' title='bbox 671 1890 730 1922; x_wconf 74' lang='lat'>561</span> <span class='ocrx_word' id='word_1_320' title='bbox 759 1901 787 1922; x_wconf 75' lang='lat' dir='ltr'>a.</span> 
     </span>
    </p>

    <p class='ocr_par' dir='ltr' id='par_1_9' title="bbox 376 1937 1641 1985">
     <span class='ocr_line' id='line_1_33' title="bbox 376 1937 1641 1985; baseline -0.004 -10"><span class='ocrx_word' id='word_1_321' title='bbox 376 1941 541 1985; x_wconf 85' lang='lat' dir='ltr'>Philippus</span> <span class='ocrx_word' id='word_1_322' title='bbox 566 1942 679 1975; x_wconf 80' lang='lat' dir='ltr'>Nerius</span> <span class='ocrx_word' id='word_1_323' title='bbox 706 1943 763 1984; x_wconf 49' lang='lat'>35.)</span> <span class='ocrx_word' id='word_1_324' title='bbox 788 1943 1068 1984; x_wconf 83' lang='lat' dir='ltr'>congregationem</span> <span class='ocrx_word' id='word_1_325' title='bbox 1092 1941 1229 1976; x_wconf 85' lang='lat' dir='ltr'>Oratorii</span> <span class='ocrx_word' id='word_1_326' title='bbox 1255 1940 1373 1973; x_wconf 82' lang='lat' dir='ltr'>Romae</span> <span class='ocrx_word' id='word_1_327' title='bbox 1398 1940 1500 1981; x_wconf 76' lang='lat' dir='ltr'>erigit,</span> <span class='ocrx_word' id='word_1_328' title='bbox 1527 1938 1589 1971; x_wconf 70' lang='lat'>61⁶2</span> <span class='ocrx_word' id='word_1_329' title='bbox 1615 1937 1641 1970; x_wconf 88' lang='lat' dir='ltr'>b.</span> 
     </span>
    </p>

    <p class='ocr_par' dir='ltr' id='par_1_10' title="bbox 376 1989 1909 2145">
     <span class='ocr_line' id='line_1_34' title="bbox 376 1989 1907 2035; baseline -0.005 -6"><span class='ocrx_word' id='word_1_330' title='bbox 376 1995 522 2029; x_wconf 84' lang='lat' dir='ltr'>Poloniae</span> <span class='ocrx_word' id='word_1_331' title='bbox 548 1995 632 2028; x_wconf 78' lang='lat' dir='ltr'>clero</span> <span class='ocrx_word' id='word_1_332' title='bbox 658 1995 788 2028; x_wconf 78' lang='lat' dir='ltr'>facultas</span> <span class='ocrx_word' id='word_1_333' title='bbox 809 1995 881 2028; x_wconf 82' lang='lat' dir='ltr'>data</span> <span class='ocrx_word' id='word_1_334' title='bbox 898 1995 1073 2028; x_wconf 80' lang='lat' dir='ltr'>subsidium</span> <span class='ocrx_word' id='word_1_335' title='bbox 1094 1996 1160 2035; x_wconf 81' lang='lat' dir='ltr'>regi</span> <span class='ocrx_word' id='word_1_336' title='bbox 1179 1993 1349 2035; x_wconf 83' lang='lat' dir='ltr'>tribuendi,</span> <span class='ocrx_word' id='word_1_337' title='bbox 1368 1994 1430 2026; x_wconf 82' lang='lat'>445</span> <span class='ocrx_word' id='word_1_338' title='bbox 1449 2004 1477 2025; x_wconf 81' lang='lat' dir='ltr'>o.</span> <span class='ocrx_word' id='word_1_339' title='bbox 1494 1992 1661 2035; x_wconf 83' lang='lat' dir='ltr'>Episcopis</span> <span class='ocrx_word' id='word_1_340' title='bbox 1676 1993 1812 2034; x_wconf 84' lang='lat' dir='ltr'>potestas</span> <span class='ocrx_word' id='word_1_341' title='bbox 1828 1989 1907 2023; x_wconf 79' lang='lat' dir='ltr'>facta</span> 
     </span>
     <span class='ocr_line' id='line_1_35' title="bbox 462 2042 1909 2092; baseline -0.005 -10"><span class='ocrx_word' id='word_1_342' title='bbox 462 2049 654 2092; x_wconf 78' lang='lat' dir='ltr'>prorogandi</span> <span class='ocrx_word' id='word_1_343' title='bbox 681 2053 804 2091; x_wconf 87' lang='lat' dir='ltr'>tempus</span> <span class='ocrx_word' id='word_1_344' title='bbox 837 2059 892 2092; x_wconf 90' lang='lat' dir='ltr'>pro</span> <span class='ocrx_word' id='word_1_345' title='bbox 926 2049 1148 2081; x_wconf 82' lang='lat' dir='ltr'>communione</span> <span class='ocrx_word' id='word_1_346' title='bbox 1175 2047 1332 2090; x_wconf 85' lang='lat' dir='ltr'>paschali,</span> <span class='ocrx_word' id='word_1_347' title='bbox 1360 2047 1418 2080; x_wconf 87' lang='lat'><strong>451</strong></span> <span class='ocrx_word' id='word_1_348' title='bbox 1447 2056 1487 2085; x_wconf 85' lang='grc' dir='ltr'>α;</span> <span class='ocrx_word' id='word_1_349' title='bbox 1513 2046 1672 2089; x_wconf 81' lang='lat' dir='ltr'>episcopi,</span> <span class='ocrx_word' id='word_1_350' title='bbox 1698 2047 1731 2077; x_wconf 92' lang='lat' dir='ltr'>ut</span> <span class='ocrx_word' id='word_1_351' title='bbox 1755 2042 1794 2076; x_wconf 86' lang='lat' dir='ltr'>ad</span> <span class='ocrx_word' id='word_1_352' title='bbox 1819 2043 1909 2086; x_wconf 87' lang='lat' dir='ltr'>regni</span> 
     </span>
     <span class='ocr_line' id='line_1_36' title="bbox 464 2098 1716 2145; baseline -0.005 -10"><span class='ocrx_word' id='word_1_353' title='bbox 464 2104 589 2135; x_wconf 86' lang='lat' dir='ltr'>comitia</span> <span class='ocrx_word' id='word_1_354' title='bbox 613 2102 776 2141; x_wconf 70' lang='lat' dir='ltr'>accedant,</span> <span class='ocrx_word' id='word_1_355' title='bbox 803 2103 873 2145; x_wconf 73' lang='lat' dir='ltr'>cogi</span> <span class='ocrx_word' id='word_1_356' title='bbox 899 2106 1031 2145; x_wconf 79' lang='lat' dir='ltr'>possunt</span> <span class='ocrx_word' id='word_1_357' title='bbox 1055 2101 1094 2135; x_wconf 82' lang='lat' dir='ltr'>ab</span> <span class='ocrx_word' id='word_1_358' title='bbox 1119 2101 1360 2144; x_wconf 80' lang='lat' dir='ltr'>archiepiscopo</span> <span class='ocrx_word' id='word_1_359' title='bbox 1385 2100 1572 2141; x_wconf 80' lang='lat' dir='ltr'>Gncsnensi,</span> <span class='ocrx_word' id='word_1_360' title='bbox 1600 2098 1660 2131; x_wconf 77' lang='lat'>457</span> <span class='ocrx_word' id='word_1_361' title='bbox 1687 2108 1716 2129; x_wconf 83' lang='grc' dir='ltr'>α.</span> 
     </span>
    </p>

    <p class='ocr_par' dir='ltr' id='par_1_11' title="bbox 376 2147 1908 2256">
     <span class='ocr_line' id='line_1_37' title="bbox 376 2147 1908 2198; baseline -0.007 -7"><span class='ocrx_word' id='word_1_362' title='bbox 376 2157 596 2191; x_wconf 87' lang='lat' dir='ltr'>Portiunculae</span> <span class='ocrx_word' id='word_1_363' title='bbox 622 2156 819 2198; x_wconf 77' lang='lat' dir='ltr'>Indulgentia</span> <span class='ocrx_word' id='word_1_364' title='bbox 844 2156 1025 2189; x_wconf 78' lang='lat' dir='ltr'>extenditur</span> <span class='ocrx_word' id='word_1_365' title='bbox 1050 2155 1089 2188; x_wconf 86' lang='lat' dir='ltr'>ad</span> <span class='ocrx_word' id='word_1_366' title='bbox 1114 2164 1222 2187; x_wconf 88' lang='lat' dir='ltr'>omnes</span> <span class='ocrx_word' id='word_1_367' title='bbox 1247 2154 1378 2188; x_wconf 84' lang='lat' dir='ltr'>fratrum</span> <span class='ocrx_word' id='word_1_368' title='bbox 1402 2153 1558 2187; x_wconf 86' lang='lat' dir='ltr'>Minorum</span> <span class='ocrx_word' id='word_1_369' title='bbox 1587 2151 1739 2185; x_wconf 83' lang='lat' dir='ltr'>ecelesias</span> <span class='ocrx_word' id='word_1_370' title='bbox 1765 2151 1796 2183; x_wconf 92' lang='lat' dir='ltr'>in</span> <span class='ocrx_word' id='word_1_371' title='bbox 1821 2147 1908 2182; x_wconf 79' lang='lat' dir='ltr'>ltalia</span> 
     </span>
     <span class='ocr_line' id='line_1_38' title="bbox 467 2211 1210 2256; baseline -0.001 -12"><span class='ocrx_word' id='word_1_372' title='bbox 467 2213 649 2251; x_wconf 72' lang='lat' dir='ltr'>existentes,</span> <span class='ocrx_word' id='word_1_373' title='bbox 678 2211 738 2244; x_wconf 73' lang='lat'>233</span> <span class='ocrx_word' id='word_1_374' title='bbox 764 2222 792 2244; x_wconf 79' lang='lat' dir='ltr'>a.</span> <span class='ocrx_word' id='word_1_375' title='bbox 1205 2251 1210 2256; x_wconf 41' lang='lat'>·</span> 
     </span>
    </p>

    <p class='ocr_par' dir='ltr' id='par_1_12' title="bbox 378 2258 1911 2361">
     <span class='ocr_line' id='line_1_39' title="bbox 378 2258 1911 2308; baseline -0.005 -9"><span class='ocrx_word' id='word_1_376' title='bbox 378 2264 587 2307; x_wconf 83' lang='lat' dir='ltr'>Portugalliae</span> <span class='ocrx_word' id='word_1_377' title='bbox 611 2264 705 2307; x_wconf 83' lang='lat' dir='ltr'>regni</span> <span class='ocrx_word' id='word_1_378' title='bbox 731 2264 936 2298; x_wconf 73' lang='lat' dir='ltr'>eclesiasticis</span> <span class='ocrx_word' id='word_1_379' title='bbox 961 2263 1097 2308; x_wconf 84' lang='lat' dir='ltr'>quodam</span> <span class='ocrx_word' id='word_1_380' title='bbox 1122 2262 1257 2306; x_wconf 71' lang='lat' dir='ltr'>vectigal</span> <span class='ocrx_word' id='word_1_381' title='bbox 1282 2262 1463 2306; x_wconf 83' lang='lat' dir='ltr'>imponitur,</span> <span class='ocrx_word' id='word_1_382' title='bbox 1482 2260 1522 2294; x_wconf 84' lang='grc'><strong>43</strong></span> <span class='ocrx_word' id='word_1_383' title='bbox 1543 2259 1581 2300; x_wconf 76' lang='grc'>6,·</span> <span class='ocrx_word' id='word_1_384' title='bbox 1602 2259 1660 2292; x_wconf 83' lang='grc'><strong>11“1</strong></span> <span class='ocrx_word' id='word_1_385' title='bbox 1679 2259 1716 2299; x_wconf 70' lang='grc'>6,·</span> <span class='ocrx_word' id='word_1_386' title='bbox 1742 2267 1813 2292; x_wconf 90' lang='lat' dir='ltr'>cum</span> <span class='ocrx_word' id='word_1_387' title='bbox 1838 2258 1911 2292; x_wconf 90' lang='lat' dir='ltr'>Phi—</span> 
     </span>
     <span class='ocr_line' id='line_1_40' title="bbox 469 2316 1328 2361; baseline -0.003 -11"><span class='ocrx_word' id='word_1_388' title='bbox 469 2317 555 2361; x_wconf 88' lang='lat' dir='ltr'>lippo</span> <span class='ocrx_word' id='word_1_389' title='bbox 580 2326 656 2360; x_wconf 83' lang='lat' dir='ltr'>rege</span> <span class='ocrx_word' id='word_1_390' title='bbox 682 2319 876 2350; x_wconf 62' lang='lat' dir='ltr'>conveniunt</span> <span class='ocrx_word' id='word_1_391' title='bbox 899 2326 993 2360; x_wconf 80' lang='lat' dir='ltr'>supra</span> <span class='ocrx_word' id='word_1_392' title='bbox 1019 2317 1185 2357; x_wconf 73' lang='lat' dir='ltr'>donativis,</span> <span class='ocrx_word' id='word_1_393' title='bbox 1213 2316 1271 2348; x_wconf 85' lang='lat'><strong>141</strong></span> <span class='ocrx_word' id='word_1_394' title='bbox 1300 2326 1328 2348; x_wconf 79' lang='lat' dir='ltr'>a.</span> 
     </span>
    </p>

    <p class='ocr_par' dir='ltr' id='par_1_13' title="bbox 380 2366 1542 2413">
     <span class='ocr_line' id='line_1_41' title="bbox 380 2366 1542 2413; baseline -0.003 -11"><span class='ocrx_word' id='word_1_395' title='bbox 380 2369 622 2402; x_wconf 81' lang='lat' dir='ltr'>Praecedentiae</span> <span class='ocrx_word' id='word_1_396' title='bbox 648 2371 730 2403; x_wconf 79' lang='lat' dir='ltr'>inter</span> <span class='ocrx_word' id='word_1_397' title='bbox 754 2370 894 2404; x_wconf 80' lang='lat' dir='ltr'>Ordines</span> <span class='ocrx_word' id='word_1_398' title='bbox 920 2369 1083 2413; x_wconf 78' lang='lat' dir='ltr'>regulares</span> <span class='ocrx_word' id='word_1_399' title='bbox 1108 2370 1311 2409; x_wconf 87' lang='lat' dir='ltr'>deliniuntur,</span> <span class='ocrx_word' id='word_1_400' title='bbox 1339 2366 1396 2401; x_wconf 85' lang='lat'>631</span> <span class='ocrx_word' id='word_1_401' title='bbox 1427 2370 1457 2401; x_wconf 86' lang='lat' dir='ltr'>et</span> <span class='ocrx_word' id='word_1_402' title='bbox 1481 2377 1542 2411; x_wconf 79' lang='lat' dir='ltr'>seq.</span> 
     </span>
    </p>

    <p class='ocr_par' dir='ltr' id='par_1_14' title="bbox 380 2417 1912 2677">
     <span class='ocr_line' id='line_1_42' title="bbox 380 2417 1912 2460; baseline -0.003 -5"><span class='ocrx_word' id='word_1_403' title='bbox 380 2422 635 2456; x_wconf 74' lang='lat' dir='ltr'>praedicatorum</span> <span class='ocrx_word' id='word_1_404' title='bbox 660 2423 746 2457; x_wconf 90' lang='lat' dir='ltr'>Ordo</span> <span class='ocrx_word' id='word_1_405' title='bbox 766 2424 826 2457; x_wconf 80' lang='grc'><strong>453</strong></span> <span class='ocrx_word' id='word_1_406' title='bbox 846 2424 872 2456; x_wconf 83' lang='lat' dir='ltr'>b.</span> <span class='ocrx_word' id='word_1_407' title='bbox 898 2422 1058 2456; x_wconf 85' lang='lat' dir='ltr'>Fratribus</span> <span class='ocrx_word' id='word_1_408' title='bbox 1083 2424 1114 2455; x_wconf 91' lang='lat' dir='ltr'>in</span> <span class='ocrx_word' id='word_1_409' title='bbox 1136 2422 1233 2455; x_wconf 86' lang='lat' dir='ltr'>Indiis</span> <span class='ocrx_word' id='word_1_410' title='bbox 1253 2420 1521 2454; x_wconf 77' lang='lat' dir='ltr'>commorantibus</span> <span class='ocrx_word' id='word_1_411' title='bbox 1538 2422 1625 2453; x_wconf 74' lang='lat' dir='ltr'>extra</span> <span class='ocrx_word' id='word_1_412' title='bbox 1643 2420 1778 2452; x_wconf 83' lang='lat' dir='ltr'>claustra</span> <span class='ocrx_word' id='word_1_413' title='bbox 1794 2417 1912 2460; x_wconf 83' lang='lat' dir='ltr'>degere</span> 
     </span>
     <span class='ocr_line' id='line_1_43' title="bbox 468 2471 1912 2518; baseline -0.004 -10"><span class='ocrx_word' id='word_1_414' title='bbox 468 2478 615 2517; x_wconf 71' lang='lat' dir='ltr'>vetitum,</span> <span class='ocrx_word' id='word_1_415' title='bbox 644 2477 701 2508; x_wconf 80' lang='lat'>454</span> <span class='ocrx_word' id='word_1_416' title='bbox 720 2487 749 2510; x_wconf 72' lang='lat' dir='ltr'>a.</span> <span class='ocrx_word' id='word_1_417' title='bbox 775 2477 905 2509; x_wconf 76' lang='lat' dir='ltr'>Nonnisi</span> <span class='ocrx_word' id='word_1_418' title='bbox 930 2478 961 2509; x_wconf 85' lang='grc'>111</span> <span class='ocrx_word' id='word_1_419' title='bbox 987 2475 1197 2509; x_wconf 54' lang='lat' dir='ltr'>consentibus</span> <span class='ocrx_word' id='word_1_420' title='bbox 1229 2486 1284 2518; x_wconf 87' lang='lat' dir='ltr'>pro</span> <span class='ocrx_word' id='word_1_421' title='bbox 1310 2476 1462 2507; x_wconf 64' lang='lat' dir='ltr'>nox-itiam</span> <span class='ocrx_word' id='word_1_422' title='bbox 1487 2473 1659 2514; x_wconf 78' lang='lat' dir='ltr'>designatis</span> <span class='ocrx_word' id='word_1_423' title='bbox 1683 2471 1912 2515; x_wconf 83' lang='lat' dir='ltr'>professionem</span> 
     </span>
     <span class='ocr_line' id='line_1_44' title="bbox 470 2524 1912 2572; baseline -0.004 -11"><span class='ocrx_word' id='word_1_424' title='bbox 470 2530 613 2562; x_wconf 78' lang='lat' dir='ltr'>emittere</span> <span class='ocrx_word' id='word_1_425' title='bbox 645 2534 787 2572; x_wconf 80' lang='lat' dir='ltr'>possunt,</span> <span class='ocrx_word' id='word_1_426' title='bbox 822 2531 883 2563; x_wconf 87' lang='lat'>464</span> <span class='ocrx_word' id='word_1_427' title='bbox 909 2541 945 2565; x_wconf 79' lang='grc' dir='ltr'>α,-</span> <span class='ocrx_word' id='word_1_428' title='bbox 971 2530 1061 2562; x_wconf 87' lang='lat' dir='ltr'>aliter</span> <span class='ocrx_word' id='word_1_429' title='bbox 1086 2529 1219 2572; x_wconf 82' lang='lat' dir='ltr'>professi</span> <span class='ocrx_word' id='word_1_430' title='bbox 1244 2528 1282 2560; x_wconf 88' lang='lat' dir='ltr'>ad</span> <span class='ocrx_word' id='word_1_431' title='bbox 1309 2537 1421 2560; x_wconf 69' lang='lat' dir='ltr'>noram</span> <span class='ocrx_word' id='word_1_432' title='bbox 1447 2525 1654 2560; x_wconf 86' lang='lat' dir='ltr'>emittendum</span> <span class='ocrx_word' id='word_1_433' title='bbox 1683 2524 1912 2568; x_wconf 86' lang='lat' dir='ltr'>professionem</span> 
     </span>
     <span class='ocr_line' id='line_1_45' title="bbox 469 2578 1911 2627; baseline -0.004 -13"><span class='ocrx_word' id='word_1_434' title='bbox 469 2581 673 2616; x_wconf 77' lang='lat' dir='ltr'>admittuntur</span> <span class='ocrx_word' id='word_1_435' title='bbox 693 2583 814 2627; x_wconf 77' lang='lat' dir='ltr'>absque</span> <span class='ocrx_word' id='word_1_436' title='bbox 840 2593 921 2617; x_wconf 64' lang='lat' dir='ltr'>nova</span> <span class='ocrx_word' id='word_1_437' title='bbox 946 2584 1162 2626; x_wconf 80' lang='lat' dir='ltr'>acceptatione</span> <span class='ocrx_word' id='word_1_438' title='bbox 1187 2582 1355 2621; x_wconf 61' lang='lat' dir='ltr'>vocalium,</span> <span class='ocrx_word' id='word_1_439' title='bbox 1376 2581 1438 2614; x_wconf 81' lang='lat'>464</span> <span class='ocrx_word' id='word_1_440' title='bbox 1464 2579 1490 2612; x_wconf 84' lang='lat' dir='ltr'>b.</span> <span class='ocrx_word' id='word_1_441' title='bbox 1506 2579 1632 2612; x_wconf 79' lang='lat' dir='ltr'>Nemini</span> <span class='ocrx_word' id='word_1_442' title='bbox 1656 2578 1798 2611; x_wconf 82' lang='lat' dir='ltr'>Fratrum</span> <span class='ocrx_word' id='word_1_443' title='bbox 1814 2585 1911 2619; x_wconf 85' lang='lat' dir='ltr'>nego-</span> 
     </span>
     <span class='ocr_line' id='line_1_46' title="bbox 470 2629 1910 2677; baseline -0.006 -8"><span class='ocrx_word' id='word_1_444' title='bbox 470 2635 553 2669; x_wconf 81' lang='lat' dir='ltr'>cium</span> <span class='ocrx_word' id='word_1_445' title='bbox 577 2635 702 2677; x_wconf 79' lang='lat' dir='ltr'>aliquod</span> <span class='ocrx_word' id='word_1_446' title='bbox 728 2638 758 2670; x_wconf 89' lang='lat' dir='ltr'>in</span> <span class='ocrx_word' id='word_1_447' title='bbox 784 2646 912 2670; x_wconf 82' lang='lat' dir='ltr'>romana</span> <span class='ocrx_word' id='word_1_448' title='bbox 942 2638 1028 2670; x_wconf 79' lang='lat' dir='ltr'>curia</span> <span class='ocrx_word' id='word_1_449' title='bbox 1059 2634 1234 2670; x_wconf 85' lang='lat' dir='ltr'>inconsulto</span> <span class='ocrx_word' id='word_1_450' title='bbox 1267 2637 1467 2677; x_wconf 73' lang='lat' dir='ltr'>procuratore</span> <span class='ocrx_word' id='word_1_451' title='bbox 1492 2631 1642 2676; x_wconf 84' lang='lat' dir='ltr'>generale</span> <span class='ocrx_word' id='word_1_452' title='bbox 1667 2634 1802 2665; x_wconf 87' lang='lat' dir='ltr'>tractare</span> <span class='ocrx_word' id='word_1_453' title='bbox 1826 2629 1910 2669; x_wconf 83' lang='lat' dir='ltr'>licet,</span> 
     </span>
    </p>
   </div>
  </div>
 </body>
</html>
