2226 3235
120 254 171 283 An.
187 255 216 281 C.
235 254 301 281 1629

119 316 160 337 dux
184 318 205 337 et
227 315 302 341 guber—

119 345 204 363 natm-es
219 343 240 362 in
255 347 303 362 cen·

118 375 180 390 suras
203 368 303 389 incurris-

119 398 177 419 seut,

167 795 198 815 Ab
215 795 254 815 illis
271 799 306 814 eos

122 821 217 869 fiontit‘ex
237 821 306 841 absol·

156 2133 242 2154 Necnon
251 2134 314 2154 etiam

131 2165 214 2184 omnes,
236 2161 271 2186 qui
294 2161 314 2180 in

131 2187 168 2207 tati
186 2187 271 2212 negotio
293 2193 314 2208 se

131 2214 269 2238 ingesserunt.

928 257 1071 281 [memus
1096 257 1151 280 vm
1177 258 1224 281 rr.

318 301 518 345 Reipublicae
535 303 708 341 Ianuensis,
723 304 806 346 quod
834 304 891 347 ipsi
917 304 948 336 in
974 308 1079 348 prae-'

319 354 459 388 sentibus
481 355 554 388 belli
579 356 732 396 motibus,
757 360 791 390 ut
818 357 1000 390 fortalitium
1029 357 1058 391 S.

320 408 476 441 Laurentii
504 413 534 441 et
564 409 657 441 situm
679 410 707 442 5
740 410 888 453 Stephani
917 410 947 442 in
976 410 1060 443 Vado

319 468 536 507 nuncupatum
550 464 718 505 munirent,
730 465 831 508 glebis
841 465 960 508 absque
973 464 1060 498 Sedis

319 517 515 560 Apostolicae
540 518 725 552 auctoritate
750 519 886 562 acceptis
908 529 944 551 ex
970 518 1061 551 bonis

320 569 436 611 partim
460 569 499 602 ad
523 570 713 604 Saonensern
735 576 763 604 et
788 571 901 615 partim
920 571 958 603 ad
978 571 1060 604 Nau-

320 623 439 655 lensem
469 633 593 657 mensas
622 625 818 669 episcopales
849 624 1061 668 spectantibus

321 675 368 708 usi
393 676 518 719 fuerint,
544 688 692 711 censuras
713 683 743 711 et
766 688 884 722 poenas
909 678 1058 711 ecclesia—

322 730 414 763 sticas
439 736 608 775 propterea
634 732 766 765 inflictas
792 731 992 765 incurrendo.

366 784 380 826 ξ
406 783 435 816 Q.
460 784 535 818 Cum
554 790 669 826 autem,
687 786 766 819 sicut
779 785 887 818 cadem
907 785 1061 829 expositio

322 837 551 882 subiungebat,
584 840 644 884 ipsi
680 840 741 873 dux
772 845 802 872 et
833 840 1062 883 gubernatores

322 892 459 935 pretium
475 893 640 936 glebarum
662 893 842 927 huiusmodi
864 894 985 927 solvere
1010 904 1063 937 pa-

322 945 380 978 rati
413 946 564 987 existant,
597 951 626 981 et
659 952 827 991 propterea
852 958 948 991 super
980 947 1063 979 illius

322 998 559 1041 investimento,
579 1005 613 1033 ut
632 1000 728 1041 infra,
749 1011 872 1034 necnon
897 1005 959 1033 tam
986 1001 1062 1041 sibi,

322 1063 415 1095 quam
436 1054 635 1087 senatoribus
653 1060 683 1087 et
695 1055 774 1097 aliis,
786 1055 839 1100 qui
854 1055 884 1087 in
897 1055 1061 1098 glebarum

323 1105 503 1140 huiusmodi
521 1108 737 1151 occupatione,
754 1107 933 1141 detentione
950 1113 980 1141 et
992 1108 1063 1141 alie-

322 1159 447 1192 natione
481 1170 513 1192 se
545 1160 765 1203 ingesserunt,
796 1160 833 1193 de
867 1156 1063 1204 opportunae

323 1211 528 1246 absolutionis
552 1213 707 1247 beneficio
731 1224 787 1258 per
815 1224 873 1247 nos
903 1214 1063 1258 prouideri

324 1277 525 1311 summopere
541 1267 734 1301 desiderent:
752 1279 819 1308 nos,
836 1268 948 1301 ducem
966 1274 996 1301 et
1012 1279 1065 1311 gu-

325 1320 508 1355 bernatores
517 1321 694 1366 praedictos
705 1322 895 1366 specialibus
904 1322 1064 1355 favoribus

326 1379 356 1406 et
380 1374 488 1416 gratiis
519 1375 669 1419 prosequi
701 1375 860 1415 volentes,
893 1380 924 1408 ct
954 1386 1064 1408 eorum

327 1427 502 1470 singulares
526 1438 676 1471 personas
707 1439 724 1460 a
757 1428 916 1472 quibusvis
941 1438 1065 1461 excom-

328 1481 569 1523 municationis,
595 1482 808 1525 suspensionis
834 1487 863 1514 et
888 1482 1065 1521 interdicti,

328 1533 458 1577 aliisque
483 1534 703 1568 ecclesiasticis
723 1535 899 1575 sententiis,
924 1535 1065 1568 censuris

327 1592 355 1619 et
381 1588 501 1631 poenis,
519 1599 537 1621 a
556 1589 623 1621 iure
648 1589 696 1621 vel
720 1588 759 1620 ab
785 1588 932 1628 bomine,
957 1588 1066 1632 quavis

328 1641 492 1674 occasione
517 1642 565 1674 vel
590 1643 684 1675 causa
708 1641 787 1682 latis,
813 1642 838 1674 si
863 1642 977 1686 quibus
993 1653 1067 1686 quo-

328 1694 500 1728 modolibet
519 1695 685 1729 innodatae
702 1695 847 1736 existunt,
866 1695 904 1728 ad
921 1695 1066 1729 effectum

326 1749 538 1791 praesentium
565 1749 832 1793 consequendum,
850 1749 962 1782 barum
988 1750 1067 1782 serie

327 1801 524 1835 absolventes
548 1807 579 1835 et
602 1803 760 1835 absolutas
784 1803 851 1836 sore
883 1808 1045 1835 censentes
1060 1831 1067 1843 ,

328 1853 609 1898 supplicationibus
627 1856 752 1889 illorum
771 1856 896 1889 nomine
915 1856 1005 1889 nobis
1020 1867 1069 1889 su-

329 1918 385 1952 per
410 1909 470 1942 hoc
494 1908 656 1941 humiliter
680 1910 835 1952 porrectis
856 1909 1006 1951 inclinati,
1031 1910 1069 1942 de

330 1962 554 1995 venerabilium
579 1963 712 1996 fratrum
733 1968 914 1996 nostrorum
932 1963 960 1995 S.
983 1964 1016 1996 R.
1036 1964 1068 1996 E.

328 2015 534 2049 cardinalium
550 2016 684 2059 negotiis
698 2016 920 2059 episcoporum
940 2027 1071 2060 praepo-
1087 2029 1089 2040 >

328 2069 461 2102 sitorum
487 2069 634 2109 consilio,

374 2124 388 2165 ξ
412 2122 441 2156 3.
472 2123 590 2156 Ducem
620 2128 651 2156 et
681 2123 909 2166 gubernatores
939 2123 1089 2167 p1·aedi-‘

331 2181 412 2218 ctos,
438 2186 560 2210 necnon
586 2182 748 2210 senatores
772 2181 802 2209 et
826 2177 922 2217 alios,
955 2177 1008 2220 qui
1040 2177 1071 2209 in

331 2230 413 2262 dicta
425 2230 641 2274 occupatione,
651 2230 829 2263 detentione
842 2235 869 2263 et
884 2230 1070 2263 alienatione

331 2294 363 2316 se
389 2283 597 2326 ingesserunt,
623 2289 657 2317 ut
681 2284 868 2327 praefertur,
893 2294 910 2316 a
935 2284 1068 2327 quibus-

331 2347 466 2380 cumque
491 2337 633 2370 censuris
658 2342 688 2370 et
711 2338 821 2380 poenis
853 2337 1072 2370 ecclesiasticis

330 2400 388 2434 per
413 2400 466 2424 eos
490 2390 737 2433 praemissorum
758 2390 922 2423 occasione
943 2401 1073 2433 quomo-

330 2443 448 2477 dolibet
479 2444 633 2483 incursis,
664 2444 836 2487 apostolica
865 2444 1070 2486 auctoritate,

332 2503 440 2531 tenore
453 2498 676 2541 praesentium,
688 2497 880 2531 absolxiimus
893 2502 923 2530 et
937 2498 1073 2531 totaliter

331 2551 513 2592 liberamus,
538 2551 661 2595 illisque
674 2561 790 2595 poenas
807 2551 987 2584 huiusmodi
1005 2562 1074 2594 gra-

330 2605 411 2653 tiose
434 2605 625 2639 remittimus
650 2610 680 2637 et
704 2604 939 2645 condonamus,
965 2610 996 2637 et
1020 2605 1092 2638 in—÷

332 2669 429 2703 super
452 2658 508 2692 tibi
533 2657 760 2693 committimus
775 2663 805 2691 et
822 2658 1022 2701 mandamus,
1041 2664 1075 2693 ut

1763 247 1799 278 51

1097 307 1157 336 una
1181 314 1251 337 cum
1270 304 1391 336 dualms
1413 303 1523 347 primis
1544 303 1757 345 dignitatibus,
1776 304 1833 344 vel,

1095 357 1125 388 in
1152 357 1277 390 illarum
1302 357 1468 399 desectum,
1488 356 1719 400 antiquioribus
1745 367 1835 388 camo·

1077 411 1172 444 inicis
1198 412 1347 444 ecelesiae
1372 410 1557 449 Naulensis,
1582 410 1619 442 ad
1644 410 1718 442 dieti
1744 410 1835 453 pretii

1095 463 1348 497 investimentum
1374 464 1554 497 huiusmodi
1579 464 1740 507 procedas.

1139 517 1154 559 ξ
1179 517 1207 549 4.
1240 518 1308 551 Non
1339 517 1536 550 obstantibus
1568 516 1771 560 praemissis,
1802 527 1836 548 ae

1096 570 1193 603 felicis
1217 571 1445 604 recordationis
1470 571 1555 603 Pauli
1577 571 1676 613 Papae
1704 570 1726 602 ll
1752 580 1838 613 prac-

1096 622 1270 657 decessoris
1295 624 1394 657 nostri
1420 624 1457 656 dc
1483 624 1576 656 rebus
1602 623 1758 656 Ecclesiae
1776 634 1837 655 nou

1096 676 1277 719 alienandis,
1304 677 1435 721 aliisque
1453 677 1727 710 constitutionilms
1746 681 1772 709 et
1792 687 1839 708 or-

1096 730 1308 763 dinationibus
1326 731 1517 774 apostolicis,
1543 742 1577 763 ae
1603 731 1752 763 ecclesiae
1769 732 1839 763 Sao-

1096 784 1201 816 nensis
1234 789 1263 817 et
1295 785 1480 825 Naulensis,
1514 785 1607 817 etiam
1641 784 1837 825 iuramento⁷

1097 838 1335 871 confirmatione
1360 839 1551 882 apostolica,
1583 838 1631 870 rel
1657 838 1765 881 «piaris
1789 838 1840 869 lir-

1097 891 1204 924 mitatc
1229 892 1289 924 aliti
1312 892 1479 933 roboratis,
1492 891 1614 924 statutis
1632 897 1657 923 et
1678 898 1840 924 eonsuetu—

1097 945 1243 985 dinibus,
1284 945 1459 989 ceterisque
1500 945 1665 978 contrariis
1705 946 1839 988 quibus-

1098 1010 1242 1043 cumque.

1142 1053 1253 1085 Datum
1279 1054 1406 1093 Romae,
1430 1053 1512 1097 apud
1530 1054 1558 1085 5.
1576 1053 1711 1093 Petrum,
1724 1053 1842 1085 suban-

1098 1106 1173 1138 nulo
1196 1106 1381 1146 piscatoris,
1404 1106 1454 1139 die
1479 1116 1531 1139 xiv
1558 1106 1660 1138 martii
1682 1115 1840 1145 MltthXIX,

1098 1160 1299 1204 pontificatus
1323 1160 1422 1193 nostri
1448 1170 1530 1193 anno
1558 1170 1597 1192 vr.

1853 557 1905 575 stant
1912 556 1964 576 ilius,

1137 1222 1192 1249 Dat.
1210 1222 1253 1250 die
1272 1223 1303 1250 14
1323 1222 1415 1250 martii
1432 1223 1510 1256 16029,
1532 1223 1626 1259 pontis.
1645 1232 1713 1250 anno
1730 1230 1763 1249 Vt.

1389 1340 1558 1373 cccxxvi.

1102 1409 1312 1452 Confirmatio
1320 1411 1571 1453 privileg]iorum
1584 1411 1755 1453 religyiom's
1770 1411 1843 1443 Hie-

1143 1463 1399 1506 rosolymitanae
1439 1465 1525 1496 circa
1565 1464 1779 1496 alienationes
1815 1468 1844 1496 et

1142 1516 1414 1560 praescriptiones
1438 1527 1572 1549 suorum
1599 1517 1755 1549 [tonorum
1770 1516 1787 1548 ¹.

1297 1588 1434 1614 Urbanus
1456 1588 1534 1621 Papa
1554 1588 1634 1622 vul,

1227 1632 1262 1658 ad
1283 1634 1459 1666 perpetuam
1479 1632 1524 1659 rei
1544 1632 1722 1659 memoriam.

1146 1694 1306 1727 Militantis
1331 1694 1486 1727 Ecclesiae
1507 1694 1662 1737 reginum,
1682 1694 1800 1726 meritis
1814 1694 1845 1726 li-

1103 1753 1150 1780 cet
1171 1748 1354 1792 imparibus,
1380 1747 1484 1780 diviua
1510 1748 1705 1790 provi‹.lenti;'1
1732 1748 1846 1791 praesi-

1103 1801 1221 1841 dentes,
1248 1802 1328 1834 inter
1346 1807 1466 1834 ceteras
1485 1802 1673 1845 apostolieae
1689 1802 1846 1835 servitutis

1104 1866 1204 1896 curas,
1220 1855 1247 1888 ci
1261 1867 1331 1888 cum
1347 1855 1498 1899 peculiari
1513 1856 1615 1888 studio
1635 1855 1844 1898 invigilamus,

1105 1914 1137 1940 ut
1162 1909 1345 1941 militarium
1372 1909 1524 1942 Ordinum
1554 1909 1591 1941 ad
1624 1914 1748 1941 sauctae
1774 1909 1845 1941 titlei

1105 1962 1275 1995 catholicae
1301 1962 1515 1995 defensionem
1538 1969 1567 1995 et,
1583 1963 1846 2006 propagationem

1105 2015 1154 2058 pie
1174 2015 1404 2058 salubriterque
1419 2015 1633 2048 institutorum
1650 2016 1731 2048 bona
1750 2016 1779 2047 in
1793 2016 1848 2048 cis-

1105 2068 1175 2101 dem
1194 2068 1361 2101 Ordinibus
1380 2074 1616 2105 consei‘ventmx
1635 2074 1663 2101 et
1680 2074 1848 2112 propterea

1105 2133 1150 2161 ea,
1176 2133 1256 2166 quae
1281 2133 1298 2155 a
1324 2123 1472 2155 Romanis
1497 2123 1699 2156 Pontificibus
1721 2123 1848 2166 praede-

1889 1704 2008 1724 Exordium.

1087 2205 1089 2213 ,
1106 2175 1286 2208 cessoribus
1306 2176 1423 2209 nostris
1448 2177 1506 2208 bac
1524 2177 1554 2208 iu
1571 2180 1659 2220 parte
1684 2176 1799 2208 sancita
1819 2179 1848 2208 et

1106 2229 1232 2262 decreta
1257 2235 1338 2270 sunt,
1355 2235 1388 2262 ut
1405 2230 1547 2263 firmiora
1565 2235 1591 2262 et
1611 2230 1760 2262 validiora
1780 2240 1848 2272 per-

1106 2283 1225 2323 sistant,
1251 2284 1443 2328 apostolicae
1468 2284 1718 2317 confirmationis
1735 2283 1847 2315 r‹1›l›orc

1143 2400 1154 2426 t
1172 2399 1257 2426 Huius
1273 2398 1409 2434 religionis
1426 2399 1562 2434 privilegia
1579 2399 1745 2425 continuavit
1765 2398 1849 2424 l'rba-

1106 2452 1155 2469 nus
1172 2443 1333 2478 Constit.L1,
1354 2444 1537 2476 Universalis‚
1555 2448 1620 2469 tom.
1637 2449 1692 2473 xm,
1708 2450 1767 2478 pag.
1786 2443 1848 2474 ⁴.24;

1107 2488 1153 2523 qui
1173 2487 1253 2514 etiam
1274 2487 1423 2515 moderavit
1442 2487 1551 2514 Constit.
1567 2487 1645 2522 Greg.
1663 2486 1715 2519 XV,
1733 2487 1765 2513 de
1786 2496 1849 2513 eou-

1107 2532 1299 2566 servatoribus,
1316 2532 1427 2559 Constit.
1444 2539 1486 2562 xc,
1508 2533 1633 2566 EJ'pOtti‚
1651 2536 1716 2558 tom.
1734 2539 1780 2565 xu,
1803 2541 1850 2566 pa-

1106 2578 1170 2613 gina
1190 2578 1258 2609 7663
1275 2577 1383 2604 demum
1407 2577 1574 2604 confirmavit
1599 2576 1781 2603 ordinationes
1802 2585 1850 2611 pro

1108 2622 1240 2650 electione
1260 2621 1348 2657 magni
1368 2620 1498 2656 magistri,
1520 2620 1662 2648 Constitut.
1684 2627 1794 2655 ccxcvt,
1815 2621 1851 2648 In

1109 2667 1234 2702 specula,
1251 2670 1315 2693 tom.
1332 2672 1388 2700 xnl,
1406 2673 1467 2700 pag.
1484 2665 1546 2692 672.

1852 255 1898 281 An.
1920 255 1947 281 C.
1968 255 2033 282 1620

1894 529 1983 552 ”erugat
2001 536 2012 547 o
2022 537 2036 548 i<
