2248 3229
252 251 303 279 An.
320 251 348 280 c.
370 252 437 281 1634
482 243 548 278 434
1030 250 1212 277 nunLARmM
1233 250 1389 278 nonnum

452 302 594 341 societas,
610 310 703 344 quam
728 299 789 339 ille,
808 299 861 343 qui
878 309 931 332 eos
948 299 1085 343 hospitio
1103 308 1193 333 exce·
1227 299 1258 332 in
1289 304 1356 333 acta
1389 299 1503 334 notarii
1534 309 1589 333 seu
1623 300 1782 334 secretarii
1807 291 1965 336 societatis

451 355 512 398 pit,
541 363 635 397 super
665 353 725 385 hoc
750 353 936 385 sententiam
961 363 1049 386 suam
1078 353 1192 393 serant3
1210 396 1211 400 Ἰ
1228 352 1346 385 referre
1379 352 1521 393 curabit,
1551 352 1709 396 simulque
1743 353 1894 398 quidquid
1925 354 1964 387 ab

452 417 624 451 puerorum
650 411 753 440 autem
778 416 885 439 curam
912 410 1014 449 geret,
1040 417 1120 451 quos
1145 401 1535 440 so·ladminisuatoribus
1568 412 1598 439 et
1630 406 1786 440 rationum
1815 407 1965 441 collatore.

1980 252 2030 281 An.
2046 252 2075 282 G.
2095 252 2164 282 1634

305 2289 331 2309 Ca
349 2304 353 2308 .
373 2289 379 2308 l

264 2315 293 2335 De
307 2294 406 2338 eniienim
419 2320 446 2335 xre

264 2343 283 2361 et
300 2343 392 2367 reliquis.

452 456 555 492 cietas'
580 460 627 492 vel
660 460 697 492 ad
731 459 907 492 litterarum
943 460 1045 492 studia
1075 460 1123 493 vel
1156 460 1636 504 adgaeceptumvelexpensum
1648 459 1966 494 suerit.Conferentur

451 518 534 546 artes
558 512 733 554 destinavit,
751 512 807 546 an¹
825 512 855 545 in
881 523 938 546 suo
964 523 1095 546 munere
1114 513 1211 547 bene¹

452 577 483 599 se
498 571 609 609 gerant
625 576 682 599 nec
699 576 738 599 ne
766 572 944 609 cognoscet,
962 571 991 600 et
1020 566 1083 599 suis
1108 577 1195 610 prae-

451 672 545 712 desit,
570 673 668 716 patris
693 673 793 705 ricem
817 677 915 715 geret,

496 725 527 759 Si
545 725 649 770 aliqua
666 736 766 770 nuper
787 736 974 760 conversum
996 731 1124 769 urgeret
1144 735 1194 759 ne-

452 779 600 820 cessitas,
623 785 658 812 ut
691 783 823 813 statutus
848 779 1102 822 congregationis
1127 779 1193 813 dies

452 832 489 865 ad
521 832 744 866 sublevandam
773 833 839 866 eius
866 832 1003 877 inopiam
1035 833 1193 877 expectari

451 896 514 920 non
530 886 639 930 possit,
656 887 772 930 poterit
788 885 926 920 director
943 886 1135 930 praecipere,
1149 891 1193 926 ut,
1210 887 1212 927 ξ

451 939 534 984 quod
556 949 732 983 congruum
757 939 817 983 ipsi
841 939 1008 980 videbitur,
1028 939 1192 972 tribuatur.
1210 956 1211 960 =

451 992 652 1026 Tenebuntur
678 1003 751 1026 vero
777 992 981 1036 gubernator,
999 992 1194 1025 administra·
1228 993 1317 1034 alius,
1339 993 1391 1036 qui
1410 993 1509 1027 vicem
1526 992 1748 1036 gubernatoris
1766 996 1863 1036 gerat.

452 1051 535 1079 tores
554 1050 584 1079 et
601 1046 757 1079 rationum
777 1046 907 1079 collator
924 1045 1091 1079 directoris
1108 1056 1195 1090 prae·
1210 1053 1211 1058 ¹

452 1100 604 1143 scriptum
637 1099 769 1143 exequi,
802 1098 976 1132 dummodo
1009 1109 1043 1131 ex
1069 1100 1132 1131 una
1156 1098 1194 1131 ad
1210 1107 1212 1148 ξ
1229 1101 1457 1134 ministratores
1482 1106 1512 1134 et
1537 1111 1618 1134 unus
1647 1100 1805 1134 rationum
1838 1099 1970 1134 collator

453 1154 583 1186 alteram
610 1152 889 1196 congregationem
922 1152 1056 1185 duorum
1082 1162 1212 1186 aureo-¹

453 1217 524 1239 rum
549 1216 671 1239 summa
687 1216 746 1250 pro
763 1205 907 1249 quolibet
921 1215 985 1239 non
1010 1205 1193 1239 excedatur:

453 1260 524 1293 inde
550 1261 579 1292 in
605 1259 752 1304 proxima
784 1259 1030 1303 congregatione
1061 1259 1194 1293 societa-

452 1320 514 1347 tem
541 1313 579 1347 de
603 1313 705 1346 soluta
729 1312 863 1357 pecunia
888 1313 1056 1347 certiorem
1088 1313 1194 1346 saciet:

455 1474 586 1515 curabit3
600 1473 798 1507 subdirector
811 1478 916 1506 autem
933 1473 1058 1506 nonnisi
1072 1473 1197 1506 unicam

455 1527 567 1561 libram
592 1533 795 1561 turonensem
814 1526 995 1560 conserendi
1020 1526 1196 1560 facultatem
1213 1521 1215 1566 ἶ
1233 1528 1291 1562 bus
1312 1528 1350 1561 de
1372 1528 1440 1561 iure
1465 1532 1494 1561 et
1519 1527 1763 1562 consuetudine¹
1780 1527 1922 1570 reddent,
1942 1533 1971 1562 et

1213 1595 1214 1629 ξ
1232 1581 1291 1615 nisi
1310 1581 1483 1625 perfectam
1500 1581 1579 1614 hanc
1597 1580 1750 1615 rationem
1769 1580 1972 1623 reddiderint,

455 1635 500 1668 illi
525 1635 657 1669 societas
682 1634 776 1668 tribui
801 1634 916 1668 debere
936 1634 1113 1667 facultatem
1135 1636 1215 1667 aes-'³

456 1581 583 1615 habebit
607 1591 664 1625 pro
689 1581 840 1625 quolibet,
860 1580 919 1613 nisi
940 1581 1019 1614 forte
1045 1580 1197 1614 maiorem

457 1688 592 1721 timaret.

502 1741 533 1775 Si
547 1741 673 1785 quando
686 1740 842 1774 societatis
858 1740 1007 1774 officiales
1028 1740 1198 1774 convenire
1214 1748 1215 1755 ¹

459 1795 641 1840 expedierit,
659 1793 776 1838 poterit
792 1794 930 1827 director
947 1798 1033 1828 extra
1053 1793 1196 1827 ordinem

459 1858 643 1890 convocare,
659 1857 776 1891 eosque
801 1848 965 1881 consulere
982 1847 1020 1880 de
1040 1847 1076 1881 iis
1094 1848 1198 1888 rebus,
1214 1842 1215 1855 ³

460 1902 497 1936 de
523 1902 636 1946 quibus
660 1901 754 1934 totius
776 1901 931 1934 societatis
948 1901 1132 1935 sententiam
1152 1898 1216 1935 rost

460 1966 534 1998 gare
558 1965 621 1989 non
645 1960 692 1988 est
709 1965 845 1988 necesse.

504 2010 640 2043 Tandem
666 2010 692 2043 si
717 2015 778 2042 tam
804 2009 942 2043 director
967 2019 1060 2054 quam
1091 2009 1199 2042 subdi-

462 2225 632 2258 dceernere
657 2229 686 2257 ct
712 2225 778 2268 ipse
802 2224 927 2268 poterit.

462 2396 537 2429 gere
560 2384 677 2428 licebit)
711 2385 767 2418 erit
798 2385 949 2428 pecuniae
979 2390 1088 2419 mutuo
1113 2385 1201 2419 datae

466 2546 586 2586 lorum,
611 2546 664 2589 qui
689 2546 727 2579 ab
752 2546 1060 2580 administratoribus
1084 2546 1202 2591 aliquid

503 2661 512 2686 1
532 2659 600 2687 Edit.
618 2660 696 2688 Main.
713 2661 778 2697 legit
792 2670 825 2689 ac
840 2669 888 2696 pro
904 2670 942 2689 αη
958 2662 995 2696 (R.
1007 2661 1055 2695 τ.).

1227 512 1338 558 deinde
1356 512 1492 546 rationes
1511 524 1582 546 cum
1599 512 1713 546 notarii
1729 514 1966 554 commentario,

1209 565 1311 611 ,quod
1343 566 1437 609 vulgo
1469 566 1640 609 registrum
1672 565 1807 606 dicitur;
1839 567 1966 609 quae-si

452 619 632 662 ceptoribus
656 619 905 659 commendabit,
926 630 961 652 ac
986 620 1010 652 si
1033 619 1107 663 quid
1133 618 1212 653 illis*

1227 619 1309 652 inter
1323 629 1355 652 se
1368 620 1456 663 paria
1473 622 1573 659 erunt,
1591 622 1741 663 computa
1758 618 1967 662 subsignabst,

1228 677 1255 704 et
1281 682 1376 716 penes
1409 683 1440 705 se
1472 672 1600 705 habebit
1625 672 1787 716 exemplar
1819 671 1967 705 collatum

1228 736 1298 759 cum
1318 726 1474 769 originali,
1495 730 1734 770 extractumque
1747 725 1968 759 commentarii

1228 790 1282 812 seu
1306 779 1433 823 registri
1451 778 1576 820 notarii,
1593 779 1624 811 in
1641 789 1704 823 quo
1724 783 1786 813 tam
1803 783 1967 823 acceptum

1227 843 1322 876 quam
1347 842 1521 876 expensum
1547 832 1754 865 contineatur.

1271 886 1302 920 Si
1327 886 1532 929 gubernatori
1557 886 1639 919 ultra
1663 890 1725 919 tres
1742 894 1865 919 menses
1882 895 1899 918 a
1919 894 1968 919 so-

1228 940 1339 973 cietate
1363 940 1473 973 abesse
1497 938 1709 983 contingeret,
1734 938 1898 982 eligendus
1922 943 1967 972 est

1272 1047 1345 1081 Post
1368 1047 1614 1090 gubernatorem
1640 1051 1733 1080 erunt
1757 1050 1892 1090 quatuor
1916 1045 1968 1079 ad-

1228 1164 1283 1187 seu
1307 1154 1532 1195 controllator,
1567 1164 1702 1198 quorum
1736 1153 1797 1187 erit
1827 1153 1970 1197 recipere

1228 1207 1409 1249 destinatos,
1419 1207 1560 1248 donatos,
1574 1212 1604 1240 et
1616 1208 1735 1250 legatos
1749 1216 1896 1240 nummos
1910 1217 1970 1251 pro

1229 1261 1351 1293 noviter
1377 1261 1545 1303 conversis,
1572 1260 1704 1305 aliisque
1729 1259 1886 1294 societatis
1910 1260 1970 1292 mi-

1212 1329 1213 1354 ᾗ
1229 1312 1376 1355 nisteriis;
1387 1314 1424 1347 de
1442 1314 1556 1358 quibus
1577 1314 1635 1358 ipsi
1653 1314 1784 1358 propri0
1799 1324 1835 1348 ac
1847 1314 1971 1358 privato

453 1367 492 1400 ab
517 1366 554 1400 iis
578 1377 675 1408 vero,
695 1366 810 1411 quibus
834 1366 966 1410 pecunia
991 1367 1104 1400 collata
1129 1371 1214 1408 est„

455 1420 602 1454 schedam
636 1419 837 1464 obligationis
867 1430 922 1453 seu
948 1420 1102 1464 apocham
1127 1419 1214 1452 fieris

1229 1367 1358 1401 nomine
1382 1367 1581 1410 tenebuntur,
1602 1372 1632 1400 et
1652 1372 1713 1400 tam
1739 1367 1802 1400 dati
1816 1377 1910 1411 quam
1925 1377 1971 1401 ac-

1231 1421 1312 1465 cepti
1342 1420 1380 1453 ab
1413 1420 1488 1464 ipsis
1512 1420 1667 1454 rationem
1692 1419 1898 1464 gubernatori
1923 1421 1970 1454 vel

1233 1474 1507 1518 vieegubernatori
1531 1479 1560 1507 et
1584 1474 1735 1515 societati,
1755 1484 1791 1507 ac
1811 1474 1880 1507 aliis
1903 1474 1971 1519 qui-

1231 1634 1330 1668 sciant
1353 1645 1384 1668 se
1409 1634 1610 1678 obligatione,
1635 1645 1696 1678 qua
1720 1633 1862 1668 obstricti
1887 1639 1972 1677 sunt,

1231 1697 1393 1732 nunquam
1407 1687 1624 1729 absolvendos,
1638 1697 1718 1732 quae
1730 1686 1885 1721 absolutio
1898 1697 1972 1721 non-

1232 1741 1291 1774 nisi
1308 1741 1347 1774 ab
1367 1742 1433 1785 ipsa
1451 1741 1598 1774 societate
1613 1741 1728 1786 poterit
1746 1741 1911 1785 impertiri.

1276 1794 1443 1828 Rationum
1466 1795 1624 1829 collatoris
1654 1805 1708 1828 seu
1738 1794 1972 1828 controllatoris

1233 1860 1347 1882 munus
1371 1849 1439 1892 erit,
1464 1854 1589 1893 praeter
1614 1849 1645 1882 id
1662 1849 1747 1893 quod
1771 1849 1891 1882 dictum
1916 1854 1972 1890 est,

1233 1903 1376 1937 conferre
1400 1903 1536 1947 apochas
1561 1907 1623 1937 tam
1649 1903 1769 1947 accepti
1794 1912 1889 1947 quam
1921 1912 1972 1936 ex-

1232 1956 1331 2001 pensi,
1349 1957 1434 2000 quod
1451 1961 1556 1990 tamen
1581 1967 1711 1990 aureum
1737 1956 1874 1996 excedat;
1892 1966 1974 1990 cum-

1215 2021 1293 2055 ·que
1326 2011 1371 2044 illi
1404 2022 1421 2043 a
1452 2010 1664 2054 gubernatore
1695 2011 1742 2044 vel
1775 2010 1973 2044 administra-

461 2067 564 2098 rector
585 2074 602 2096 a
622 2062 769 2096 societate
788 2063 931 2107 pluribus
956 2063 1068 2096 diebus
1086 2063 1133 2095 vel
1150 2056 1217 2096 he-¹

460 2116 623 2151 bdomadis
643 2117 796 2159 abessent,
814 2117 1007 2160 gubernator
1028 2127 1138 2150 eorum
1159 2117 1217 2150 vi-‹

462 2180 528 2203 cem
554 2174 662 2213 geret,
690 2181 724 2203 ac
749 2170 787 2203 de
811 2170 925 2216 quibus
950 2170 993 2203 illi
1026 2169 1217 2214 potuissent

1234 2064 1355 2098 toribus
1380 2064 1487 2098 aliisve
1512 2064 1685 2105 tradentur,
1705 2065 1762 2098 sua
1788 2073 1882 2098 manu
1906 2064 1974 2098 sub-

1235 2118 1359 2152 scribet.

1279 2171 1472 2204 Secretarius
1494 2170 1618 2204 tandem
1644 2181 1699 2204 seu
1723 2171 1880 2205 societatis
1910 2181 1970 2206 no-

1216 2224 1332 2262 :tarius
1357 2224 1482 2258 debebit
1506 2224 1661 2258 conficere
1686 2230 1716 2258 et
1740 2224 1823 2269 apud
1847 2234 1880 2258 se
1904 2224 1974 2259 reti-

507 2278 732 2312 Gubernatoris
747 2288 860 2311 munus
874 2278 937 2320 (cui
951 2278 1027 2311 nihil
1042 2278 1108 2312 sine
1120 2288 1201 2311 com-
1215 2268 1217 2307 s

462 2332 550 2365 muni
574 2331 716 2365 omnium
749 2341 841 2364 sensu
873 2341 1090 2376 consensuque
1114 2325 1218 2375 pera-1¹
1235 2335 1334 2366 strum
1359 2331 1521 2365 nominum
1553 2332 1702 2373 illorum,
1733 2332 1788 2376 qui
1819 2331 1974 2367 societatis

1235 2387 1330 2429 opera
1340 2385 1377 2418 ad
1392 2385 1577 2419 catholicam
1589 2386 1683 2419 fidem
1694 2385 1809 2420 fuerint
1821 2385 1973 2425 conversi;

462 2439 599 2483 apochas
636 2443 664 2473 ct
701 2438 831 2472 schedas
852 2438 1063 2483 ⁴obligationis
1094 2428 1218 2474 omnes*¹

463 2493 627 2536 perlegere
653 2498 745 2536 atque
771 2493 966 2533 examinare,
991 2504 1042 2527 cas
1067 2504 1141 2527 vero
1166 2493 1218 2526 il-'

1235 2288 1309 2310 nere
1323 2283 1349 2310 et
1366 2277 1524 2311 custodire
1549 2277 1812 2311 commentarium
1825 2287 1881 2311 seu
1895 2277 1974 2322 regi-

1235 2438 1479 2482 promissionum
1498 2439 1627 2483 insuper
1640 2444 1669 2472 et
1686 2439 1843 2473 rationum
1856 2439 1974 2483 accepti

1236 2497 1264 2525 ct
1291 2493 1418 2536 expensi
1432 2503 1439 2533 3
1465 2492 1690 2537 cuiuscumque
1716 2493 1788 2525 item
1813 2492 1869 2533 rei,
1894 2503 1973 2536 quae

1218 2540 1219 2590 J
1236 2546 1473 2589 quomodolibet
1493 2544 1632 2579 societati
1650 2545 1772 2579 addicta
1791 2550 1844 2578 aut
1860 2545 1975 2579 donata

465 2603 670 2641 acceperunt,
696 2601 751 2631 sua
778 2609 870 2632 manu
901 2599 1098 2640 subscribet,
1131 2595 1219 2633 inde]

1236 2599 1329 2631 suerit
1354 2599 1392 2632 ad
1416 2609 1591 2642 pauperum
1609 2608 1836 2632 conversorum
1860 2598 1975 2633 benefi-

1218 2666 1220 2695 ᾗ
1273 2662 1283 2688 1
1301 2660 1403 2689 Deesse
1418 2660 1523 2688 vicletur
1538 2660 1651 2688 verbum
1664 2660 1797 2696 competit
1811 2661 1849 2695 (n.
1866 2661 1915 2696 12).

1998 1057 2028 1078 De
2037 1057 2168 1078 administra·

1985 1084 2072 1105 toribus.

2015 1802 2044 1823 De
2060 1803 2173 1824 contrella·

1988 1831 2040 1850 (υῐθ.

2009 2180 2039 2202 Do
2048 2180 2171 2202 secretario.
