2248 3229
215 198 264 226 An.
280 198 309 226 C.
331 197 397 227 1631
446 190 510 225 206

415 246 493 291 qua¹
511 246 578 279 dari
594 246 728 285 licuerit,
741 246 864 284 dentur,
879 244 918 277 de
938 244 1152 288 praelatorum

415 304 520 332 tamen
545 299 707 338 mandato,
731 303 785 330 aut
808 297 947 337 licentia,
971 307 1007 329 ac
1032 297 1154 329 servata

415 353 518 386 soi-ma
531 350 759 386 constitutionis
778 349 944 384 Clementis
962 349 1026 383 Vlll
1043 349 1080 382 de
1097 349 1155 382 lar-

416 406 543 449 gitione,
564 415 747 445 munerum⁷
773 414 961 448 semperque
985 403 1048 444 rei,
1074 413 1154 447 quae

416 458 516 501 datur,
531 458 673 502 qualitas,
686 457 849 502 quantitas,
864 463 903 498 et,
920 457 945 490 si
959 457 1028 490 fieri
1045 457 1154 501 possit,

416 512 509 545 etiam
526 512 653 545 nomina
678 521 797 553 eorum,
817 511 933 555 quibus
958 511 1081 551 dantur,
1102 515 1154 544 aut

415 576 471 609 per
492 577 570 610 quos
593 565 856 605 transmittuntur,
877 565 909 598 in
932 564 1013 598 libro
1038 565 1101 597 dati
1126 570 1155 597 et

415 619 535 662 accepti
551 619 685 652 fideliter
705 619 898 652 scribantur:
920 618 1005 661 quod
1022 618 1047 651 si
1064 628 1155 662 prae-

416 671 468 705 lati
492 673 652 717 praedicta
684 678 737 705 aut
772 673 875 716 aliqua
907 682 1017 706 eorum
1042 682 1100 715 per
1123 682 1155 704 se

416 725 510 769 ipsos,
523 730 553 760 et
571 736 634 759 non
652 726 798 759 adhibitis
814 726 975 765 ministris,
986 725 1089 758 facere
1106 735 1157 757 au-

415 777 440 810 si
464 778 590 820 suerint,
616 784 689 812 tunc
715 779 747 811 in
771 789 834 819 eos,
856 784 1016 822 tamquam
1036 777 1155 810 fraudis

415 835 446 864 et
461 841 573 875 parum
591 832 732 865 sincerae
756 832 1035 865 administrationis
1053 841 1156 874 suspe-

416 889 492 925 ctos,
515 890 578 918 tam
603 886 774 929 capitulum
805 896 899 930 quam
923 885 1100 919 visitatores
1126 889 1156 917 et

415 938 558 982 regimen
575 939 755 984 procedant.

460 992 491 1026 Si
508 993 578 1036 quis
604 993 761 1037 praelatus
779 998 831 1026 aut
848 992 1015 1035 religiosus
1034 992 1155 1036 privato

415 1046 544 1079 nomine
567 1056 664 1090 equos
689 1051 719 1081 et
742 1047 894 1088 iumenta,
919 1046 1066 1090 pecudes,
1090 1046 1156 1078 fru-

416 1103 529 1141 menta,
555 1099 656 1140 blada,
680 1100 853 1143 legumina,
878 1103 930 1133 aut
954 1099 1031 1132 alios
1055 1109 1153 1142 quos-

416 1162 552 1196 cumque
581 1153 702 1185 sructus
735 1163 771 1185 ex
796 1154 881 1185 terra
915 1152 1154 1195 provenientes,

416 1208 533 1245 tenere,
553 1205 724 1248 possidere,
745 1210 797 1238 aut
818 1215 835 1237 a
855 1205 1054 1238 monasteriis
1072 1215 1156 1238 eme-

417 1267 461 1298 re,
471 1258 519 1290 vel
536 1258 567 1290 in
580 1258 768 1291 solutionem
786 1259 930 1302 accipere
944 1269 1038 1291 ausus
1052 1258 1156 1299 fuerit,

417 1310 452 1350 is,
470 1316 597 1354 praeter
613 1311 814 1345 amissionem
831 1315 906 1345 usu's
924 1322 1032 1344 earum
1049 1322 1157 1344 rerum

418 1363 559 1396 omnium
584 1370 614 1397 et
639 1365 843 1408 singularum,
869 1366 894 1398 si
918 1366 1076 1409 praelatus
1101 1365 1156 1405 sit,

419 1479 485 1514 cap.
511 1480 589 1504 xxm
614 1471 871 1505 constitutionum
895 1475 1029 1505 taxatam
1054 1472 1158 1504 incur-

418 1528 476 1563 rat3
501 1524 664 1564 monachi,
689 1524 741 1568 qui
766 1530 1016 1567 transgressores
1040 1524 1159 1568 reperti

418 1575 552 1618 fuerint,
584 1587 705 1620 poenae
737 1577 942 1610 inhabilitatis
981 1577 1019 1610 ad
1057 1577 1178 1620 officia,

420 1630 524 1662 omnia
549 1635 579 1663 et
602 1630 768 1674 dignitates
792 1631 986 1671 subiaceant;
1015 1630 1159 1664 conversi

419 1682 553 1726 denique
572 1693 629 1727 per
646 1694 762 1716 annum
783 1684 901 1717 carceri
913 1683 1160 1727 emancipentur,

420 1741 451 1769 et
474 1736 620 1781 deinceps
644 1738 683 1770 ab
708 1738 793 1771 omni
818 1738 985 1781 temporali
1011 1737 1160 1770 adminis-

420 1790 554 1823 tratione
570 1796 746 1824 arceantur.
763 1791 810 1824 Ad
830 1791 975 1825 effectum
996 1801 1070 1824 vero
1087 1801 1161 1834 pro-

420 1843 514 1877 bandi
544 1845 724 1888 quempiam
750 1845 872 1888 privato
901 1845 1028 1878 nomine
1058 1845 1161 1888 aliqua

421 1898 655 1942 praedictorum
669 1899 804 1932 tenuisse
821 1904 874 1932 aut
897 1898 1085 1942 possedisse,
1103 1898 1162 1931 sus-

422 1951 506 1985 ficiat
535 1953 697 1996 probare,
729 1953 813 1996 quod
843 1963 860 1985 a
891 1953 941 1985 die
973 1952 1160 1995 emptionis,

423 2059 579 2099 tentionis,
594 2060 625 2091 in
640 2060 729 2093 libris
744 2060 878 2103 publicis
891 2059 1073 2093 monasterii
1089 2059 1164 2092 scri-

424 2116 477 2155 pta
496 2122 558 2145 non
575 2113 698 2145 suerint.

469 2165 502 2199 In
515 2166 708 2200 visitatorem
723 2167 877 2200 minorem
891 2167 1007 2200 assumi
1020 2176 1082 2199 non
1095 2176 1164 2210 pos-

426 2220 474 2260 sit,
491 2220 544 2263 qui
562 2220 759 2262 trigesimum
777 2221 885 2253 aetatis
902 2231 1018 2253 annum
1035 2229 1099 2253 non
1117 2230 1163 2251 ex-

426 2274 567 2317 pleverit,
584 2274 659 2306 alias
676 2274 786 2307 electio
799 2274 884 2306 nulla
901 2274 940 2306 sit
956 2274 1023 2317 ipso
1041 2274 1117 2306 iure.

471 2327 514 2359 Ex
532 2327 674 2370 patribus
687 2327 741 2370 qui
761 2327 941 2360 immediate
959 2327 990 2359 in
1007 2326 1163 2369 regimine

394 2415 397 2419 ,
428 2380 613 2413 resederunt
638 2391 700 2413 non
721 2381 840 2424 possint
868 2386 1010 2424 tempore
1035 2378 1164 2423 capituli

428 2434 545 2466 assumi
576 2434 608 2466 in
632 2434 812 2467 definitores
844 2434 903 2467 nisi
935 2434 974 2466 ad
1006 2442 1164 2466 summum

429 2485 491 2520 duo
508 2492 626 2520 tantum
646 2498 704 2530 pro
725 2487 856 2530 singulis
876 2487 1063 2530 provinciis3
1081 2485 1164 2529 quod

431 2539 455 2572 si
478 2545 588 2582 agatur
612 2540 729 2573 directe
754 2541 801 2573 vel
826 2540 976 2574 indirecte
1007 2540 1044 2572 de
1074 2549 1166 2581 nego-

467 2603 478 2627 1
496 2601 566 2630 Edit.
583 2601 663 2630 Main.
679 2603 743 2638 legit
758 2611 828 2638 quae
842 2604 881 2637 (n.
898 2604 945 2637 Ἀ).
1155 2588 1158 2591 .

999 196 1178 221 BULLARIUM
1202 196 1356 221 ROMANUM

1188 243 1238 276 tiis
1262 243 1300 275 ad
1323 251 1501 286 personam,
1525 242 1573 275 vel
1597 243 1756 286 regimen,
1783 252 1840 276 seu
1862 242 1924 275 ad-

1188 295 1451 328 ministrationem
1476 294 1607 328 alicuius
1637 305 1675 328 ex
1706 295 1923 329 definitoribus

1187 348 1424 394 pertinentibus,
1448 353 1523 382 tunc
1545 348 1622 392 ipse,
1647 348 1685 382 de
1709 349 1797 382 cuius
1819 358 1920 392 nego-

1188 402 1249 443 tiis,
1263 407 1297 435 ut
1314 412 1420 446 supra,
1433 402 1547 446 agitur,
1562 401 1674 435 debeat
1694 402 1821 436 omnino
1839 402 1923 436 exire

1188 467 1205 489 a
1229 456 1416 490 definitorio.

1232 510 1266 542 ln
1301 509 1480 543 definitorio
1517 510 1629 544 habeat
1659 509 1787 543 omnino
1819 509 1923 542 locum

1188 573 1269 596 unus
1289 563 1398 596 saltem
1415 574 1451 597 ex
1471 562 1614 597 discretis
1631 573 1690 607 pro
1707 561 1837 605 singulis
1856 571 1926 606 pro-

1189 616 1308 650 vinciis.
1326 616 1432 650 Patres
1449 616 1612 660 regiminis
1627 615 1769 649 eamdem
1793 615 1926 648 habeant

1189 671 1220 704 in
1245 670 1398 714 regimine
1427 670 1624 704 durationem
1655 675 1686 703 et
1714 669 1925 709 vacationem,

1189 735 1282 767 quam
1296 724 1411 757 habent
1419 724 1550 768 praelati
1564 723 1595 756 in
1609 722 1762 766 gubernio
1775 726 1927 756 monaste-

1189 778 1320 818 riorum,
1329 774 1391 810 'nisi
1404 777 1484 810 sorte
1495 776 1700 810 assumendus
1714 776 1753 809 sit
1765 775 1877 819 aliquis
1890 785 1925 808 ex

1189 830 1279 864 dictis
1296 830 1438 874 patribus
1454 831 1485 863 in
1497 829 1683 874 praesidem.

1235 884 1338 917 Liceat
1362 883 1510 928 praesidi,
1535 887 1605 927 post
1629 882 1753 916 finitum
1778 881 1926 921 officium,

1189 937 1305 980 eligere
1323 937 1381 970 sibi
1410 936 1495 981 quod
1512 936 1658 970 maluerit
1678 947 1714 969 ex
1731 934 1928 969 monasteriis

1190 1001 1263 1024 suae
1287 990 1467 1035 provinciae
1492 989 1747 1033 gubernandum,
1774 988 1927 1032 exceptis,

1189 1056 1247 1088 pro
1278 1045 1442 1089 provincia
1476 1044 1701 1085 Lombardiae,
1731 1041 1929 1077 monasteriis

1190 1098 1386 1132 Claraevallis
1410 1097 1584 1139 Mediolani,
1598 1097 1627 1130 S.
1652 1096 1810 1130 Ambrosii
1834 1095 1930 1129 maio-

1190 1151 1233 1183 ris
1250 1151 1425 1192 Mediolani,
1439 1150 1468 1183 S.
1483 1150 1606 1183 Martini
1623 1149 1800 1183 Parmensis
1814 1153 1844 1181 et
1860 1157 1929 1181 san-

1191 1209 1257 1236 ctae
1275 1203 1382 1237 Crucis
1399 1203 1431 1236 in
1447 1203 1642 1236 Hierusalem
1659 1202 1698 1235 de
1711 1201 1804 1242 Urbe,
1817 1205 1857 1242 et,
1870 1211 1929 1246 pro

1191 1257 1354 1301 provincia
1386 1257 1525 1297 Tusciae,
1554 1256 1753 1290 monasteriis
1782 1255 1928 1300 Septimi,

1191 1310 1315 1350 Cistelli‚
1340 1310 1521 1343 Florentino
1546 1315 1576 1343 et
1598 1310 1707 1342 Trium
1729 1309 1875 1342 Fontium
1892 1308 1931 1342 de

1174 1363 1285 1404 ¹Urbe,
1302 1363 1340 1396 ad
1365 1374 1501 1407 quorum
1524 1363 1789 1396 monasteriorum
1813 1361 1931 1405 guber-

418 1426 552 1460 poenam
588 1424 697 1451 contra
733 1423 913 1452 exercentes
947 1424 1176 1451 mercaturam‘

1192 1417 1361 1458 nationem,
1386 1417 1466 1450 sicut
1490 1422 1519 1450 et
1543 1417 1575 1449 in
1598 1421 1838 1460 procuratorem
1861 1425 1932 1459 pro-

1193 1471 1312 1504 vinciae
1329 1471 1359 1503 in
1372 1470 1464 1504 Curia
1477 1470 1627 1510 Romana,
1641 1469 1676 1512 is,
1690 1469 1744 1513 qui
1756 1468 1931 1513 praesiden-

1193 1529 1274 1558 tatus
1288 1534 1418 1557 munere
1431 1524 1573 1567 proxime
1586 1523 1752 1556 defunctus
1775 1527 1830 1565 est,
1845 1521 1932 1556 nullo

1193 1582 1285 1620 pacto
1309 1577 1382 1620 eligi
1406 1577 1516 1610 valeat.
1541 1576 1651 1610 Nullus
1681 1575 1830 1609 abbatum
1858 1575 1931 1618 eligi

1194 1630 1292 1674 possit
1314 1630 1353 1663 ad
1377 1631 1445 1663 loca
1469 1629 1642 1673 regiminis,
1664 1629 1725 1663 nisi
1749 1629 1857 1662 saltem
1876 1637 1933 1672 per

1195 1683 1364 1716 triennium
1382 1683 1476 1717 suerit
1496 1682 1600 1716 abbas.

1938 194 1989 222 An.
2004 193 2034 223 G.
2051 194 2118 223 1631

1238 1737 1425 1781 Superiores
1456 1747 1586 1778 omnes,
1611 1736 1797 1780 praesertim
1825 1744 1932 1768 mona—

1195 1790 1373 1831 steriorum,
1387 1791 1419 1823 in
1431 1790 1545 1834 quibus
1562 1790 1646 1833 viget
1658 1788 1814 1832 regularis
1830 1788 1935 1822 obser·

1195 1844 1314 1885 vanua,
1340 1845 1430 1877 enixe
1459 1844 1625 1877 hortamur
1655 1842 1688 1876 in
1718 1842 1868 1885 Domino,
1898 1852 1933 1876 ac

1195 1897 1288 1930 etiam
1313 1897 1357 1930 eis
1382 1896 1595 1940 praecipimus
1619 1900 1650 1929 et
1674 1895 1876 1937 mandamus,
1900 1899 1934 1928 ut

1178 1984 1179 1993 ,
1196 1950 1227 1982 in
1251 1950 1477 1994 frequentando
1496 1955 1591 1983 noctu
1626 1949 1742 1993 diuque
1780 1948 1913 1982 chorum
1927 1975 1934 1988 ,

423 2004 616 2048 adeptionis,
643 2011 695 2038 aut
726 2011 833 2049 captae
857 2005 1082 2049 possessionis,
1108 1994 1180 2037 seu⁴

1196 2004 1259 2037 vita
1287 2004 1446 2037 communi
1470 2004 1503 2036 in
1526 2003 1692 2037 refectorio
1716 2002 1856 2046 agenda,
1884 2012 1935 2035 ce-

1197 2057 1334 2100 terisque
1364 2056 1570 2090 observantiis
1594 2056 1749 2097 omnibus,
1774 2065 1854 2099 quae
1877 2064 1934 2099 per

1179 2111 1181 2135 t
1197 2111 1338 2153 regulam
1357 2116 1387 2144 et
1411 2110 1647 2144 constitutiones
1666 2108 1936 2153 praescribuntur,

1197 2169 1302 2197 exacte
1327 2164 1479 2197 obeundis
1494 2191 1501 2204 ,
1525 2163 1657 2197 subditis
1688 2163 1834 2206 exemplo
1864 2161 1934 2195 sint.

1196 2218 1306 2251 Nullus
1332 2217 1431 2260 possit
1459 2217 1532 2259 eligi
1560 2216 1599 2249 ad
1627 2215 1800 2250 exercenda
1824 2214 1952 2255 officia,-

1197 2270 1260 2314 qui,
1274 2275 1398 2314 praeter
1415 2270 1490 2303 alias
1506 2270 1700 2304 conditiones
1722 2274 1752 2303 et
1775 2268 1935 2313 requisita,

1197 2333 1259 2356 non
1276 2323 1421 2366 habuerit
1436 2323 1544 2356 decem
1558 2333 1656 2357 annos
1674 2323 1846 2366 completos
1865 2330 1937 2366 pro—

1197 2377 1350 2417 fessionis,
1365 2376 1440 2410 alias
1453 2377 1564 2410 electio
1582 2377 1620 2410 sit
1631 2376 1726 2417 nulla,
1740 2380 1770 2409 et
1786 2375 1937 2408 electores

1198 2430 1343 2463 facultate
1360 2430 1495 2473 eligendi
1508 2430 1655 2474 deinceps
1674 2433 1810 2463 careant.
1831 2427 1936 2462 Officia

1198 2483 1365 2526 prioratus,
1391 2484 1606 2517 cellerariatus
1631 2488 1661 2516 et
1685 2481 1825 2525 magistri
1849 2481 1937 2515 novi-

1199 2537 1315 2570 tiorum
1334 2547 1398 2571 non
1417 2542 1526 2570 vacent
1542 2537 1673 2580 singulis
1689 2535 1786 2577 annis,
1801 2534 1854 2568 sed
1878 2534 1939 2567 sint

1199 2591 1371 2633 triennalia,
1388 2597 1423 2625 ut
1440 2591 1515 2626 olim
1532 2590 1769 2625 observabatur.
