2248 3229
149 198 199 228 Aa.
216 197 244 227 C.
267 197 334 226 1633

169 368 272 389 accenset
280 372 331 394 quo-

148 400 188 420 que
213 398 331 419 impositam

148 423 263 447 praeterito
277 426 331 441 anno

148 447 250 467 decimam
259 453 331 473 quani·

148 474 195 494 dam
210 480 274 498 suver
288 480 330 494 oni—

147 505 184 520 nes
217 500 331 526 Hispania·
348 511 353 516 ·

147 532 192 555 rum
220 528 330 549 ecclesias-

148 555 208 574 ticos.

168 1809 326 1831 Ecclesiasticis

141 1842 252 1863 regnorum
286 1837 326 1857 Ca-

140 1864 214 1884 stellae
224 1865 243 1884 et
251 1863 326 1889 Legio·

140 1891 180 1913 nis,
195 1890 211 1910 si
228 1890 278 1916 quid
289 1896 324 1910 no-

140 1916 195 1936 mine
211 1916 272 1936 huius
287 1917 325 1937 de-

141 1943 208 1963 cimae
217 1943 324 1965 solverint.

141 1970 222 1990 restitui
238 1970 307 1995 iubet,

956 190 1098 215 URBANUS
1122 188 1179 214 vm
1203 188 1251 213 ΓΡ.

346 243 455 278 haberi
472 242 617 277 volumus
633 251 691 287 pro
709 241 865 286 expressis
877 250 913 274 ac
933 239 971 273 de
991 239 1086 272 verbo

347 297 386 331 ad
408 297 540 331 verbum
566 295 690 329 insertis
718 295 863 340 plenius,
896 293 1084 327 continetur.

390 352 405 395 ς
430 351 458 384 ⁶2.
485 350 625 394 Cumque
651 350 737 391 alias,
763 349 855 382 etiam
879 347 953 381 dicti
978 346 1086 380 Ferdi-

345 404 440 438 nandi
455 404 539 448 regis
553 404 584 437 in
598 404 822 448 imperatorem
840 402 930 435 electi
951 405 1087 435 contem-

346 458 485 502 platione
509 462 539 491 et
568 457 703 497 intuitu,
731 466 767 489 ac
804 454 1086 500 supplicationibus

345 512 444 556 ipsius
470 510 606 554 Philippi
622 509 706 553 regis
724 508 851 542 nomine
875 508 967 542 nobis
992 517 1086 550 super

345 564 406 598 hoc
419 564 581 598 humiliter
598 555 754 607 porrectis
771 562 921 604 inclinati,
938 571 994 605 per
1011 559 1087 592 alias

346 618 490 651 similiter
514 621 637 650 nostras
658 616 716 649 sub
740 615 790 649 die
815 626 833 648 v
860 613 1008 648 februarii
1034 613 1083 645 di·-

346 673 386 707 cti
404 671 476 705 anni
493 681 643 705 Mncxxxu
660 670 820 714 expeditas
837 668 973 702 litteras¹
991 677 1085 700 unam

345 725 441 758 semel
465 724 706 768 persolvendam
742 723 918 765 decimam,
949 732 1028 765 quae
1056 720 1086 753 in

344 783 447 812 totum
471 778 510 811 ad
534 788 691 811 summam
716 781 936 811 sexcentorum
954 774 1086 808 millium

344 832 531 865 ducatorum
556 835 699 864 monetae
725 829 947 874 Hispaniarum
979 837 1087 862 ascen-

344 885 454 925 deret,
486 885 571 918 iuxta
602 890 704 917 taxam
729 894 784 917 seu
808 882 1044 927 repartitionem
1070 890 1086 913 a

344 939 516 973 venerabili
550 940 646 971 tratre
670 938 800 971 Caesare
826 935 1006 980 patriarcha
1030 936 1087 968 An-

345 993 501 1033 tiocheno,
525 997 635 1025 nostro
660 996 690 1024 et
713 990 911 1034 Apostolicae
936 989 1024 1023 Sedis
1055 989 1086 1022 in

344 1047 450 1090 regnis
475 1045 696 1089 Hispaniarum
732 1043 863 1085 nuncio,
889 1043 1085 1085 faciendam,

343 1100 485 1134 omnium
508 1100 678 1141 fructuum,
700 1097 879 1131 reddituum
901 1102 932 1130 et
956 1107 1087 1141 proven-

344 1160 442 1195 tuum,
459 1153 683 1186 obventionum
702 1156 731 1184 et
748 1152 1034 1185 emolumentorum
1051 1162 1086 1184 ac

343 1207 601 1242 distributionum
645 1205 900 1250 quotidianarum
920 1233 926 1247 ,
963 1215 1085 1239 necnon

342 1261 531 1306 pensionum
567 1270 743 1293 annuarum
772 1260 848 1292 cleri
876 1259 1026 1292 secularis
1056 1265 1085 1292 et

342 1314 528 1360 quorumvis
553 1313 716 1353 Ordinum,
734 1313 959 1355 institutorum,
978 1318 1007 1345 et
1034 1323 1084 1346 so-

343 1369 508 1409 cietatum,
533 1378 569 1400 ac
598 1366 781 1400 militiarum
812 1376 1085 1410 quarumcumque

343 1423 420 1465 (nou
445 1425 548 1456 tamen
571 1421 738 1465 hospitalis
756 1420 853 1454 sancti
872 1420 997 1453 Ioannis
1016 1421 1085 1453 llic-

342 1476 577 1521 rosolymitani)
594 1475 758 1519 regularis,
774 1484 837 1508 non
855 1475 955 1507 solum
974 1475 1085 1508 Castel-

342 1531 389 1563 lae
413 1534 444 1563 et
468 1529 635 1573 Legionis,
660 1528 714 1562 sed
739 1528 830 1561 etiam
856 1528 989 1561 aliarum
1014 1539 1084 1572 pro-

341 1584 517 1617 vinciarum
552 1588 582 1616 et
616 1582 772 1616 ditionum
808 1582 1030 1626 Hispaniarum
1054 1587 1084 1615 et

341 1637 516 1671 insularum
541 1637 602 1670 illis
626 1636 846 1676 adiacentium,
863 1646 900 1669 ac
924 1636 1000 1669 alias
1025 1635 1083 1669 sub

341 1691 434 1725 certis
458 1691 553 1725 modo
577 1695 608 1724 et
631 1690 733 1724 forma
763 1689 908 1723 similiter
932 1694 1005 1724 tunc
1030 1700 1082 1723 ex-

340 1745 460 1790 pressis
484 1745 690 1778 indixerimus
713 1748 743 1779 et
767 1744 1029 1789 imposuerimus:

385 1800 401 1843 g
419 1799 449 1832 3.
467 1799 707 1833 Considerantes
727 1798 903 1842 praefatum
921 1798 1082 1831 servitium

341 1852 404 1886 sive
429 1851 605 1886 subsidium
636 1851 744 1885 decem
776 1856 806 1884 et
830 1861 944 1886 novem
969 1852 1082 1885 millio-

340 1916 415 1938 num
439 1915 645 1939 nummorum
665 1915 835 1938 aureorum
860 1916 930 1938 cum
952 1905 1082 1939 dimidio

339 1960 468 1993 alterius
503 1959 654 1992 millionis
689 1958 871 1992 huiusmodi
899 1969 963 1992 non
987 1959 1082 1993 modo

338 2013 510 2058 praefatam
537 2012 775 2046 concessionem
808 2022 901 2056 super
927 2012 1082 2046 similibus

338 2067 532 2101 millionibus
549 2077 566 2100 a
590 2067 683 2100 nobis
707 2067 745 2099 de
769 2076 851 2100 anno
868 2076 1008 2100 imcxxix
1028 2067 1082 2100 sed

338 2121 430 2154 ctiam
455 2131 669 2165 quascumque
701 2120 778 2153 alias
810 2120 1028 2153 concessiones
1053 2125 1082 2154 et

337 2175 454 2218 gratias
479 2185 573 2219 super
597 2173 665 2207 aliis
681 2173 863 2207 milionibus
880 2184 937 2218 per
954 2174 1081 2218 quosvis

337 2229 495 2262 Romanos
526 2227 691 2261 Pontifices
720 2228 979 2271 praedecessores
1008 2238 1080 2261 nos-

338 2288 404 2315 tros
432 2281 563 2324 regibus
594 2281 817 2325 Hispaniarum
848 2281 989 2314 eiusdem
1015 2282 1081 2314 Phi-

338 2335 416 2379 lippi
451 2335 536 2378 regis
570 2334 867 2378 praedecessoribus
905 2345 940 2368 ac
979 2335 1080 2368 eidem

338 2389 484 2433 Philippo
508 2388 575 2431 regi
598 2389 774 2432 respective
799 2389 894 2422 factas
919 2390 1080 2431 excedere,

338 2454 373 2476 ac
398 2441 608 2476 sublevationi
633 2442 708 2475 cleri
732 2452 905 2485 regnorum
931 2443 1081 2477 Castellae

338 2502 368 2529 et
391 2495 537 2539 Legionis
562 2495 737 2536 consulere,
754 2501 793 2535 et,
810 2506 849 2528 ne
867 2497 970 2530 clerus
994 2508 1081 2541 prae-

337 2549 439 2584 dictus
463 2548 582 2593 duplici
603 2549 827 2593 excessivoque
847 2560 952 2592 onere,
970 2551 1081 2584 millio-

376 2614 386 2640 1
404 2612 474 2644 Quas
491 2611 550 2638 vide
566 2620 626 2646 sup.
642 2619 705 2647 pag.
721 2611 772 2639 27⁹2
787 2612 825 2647 (a.
839 2613 886 2648 Τ.>.

449 2665 526 2694 Bull.
542 2666 626 2694 Rom.
640 2681 673 2686 —
692 2665 752 2695 Vol.
770 2666 846 2694 XIV.
1009 2668 1043 2695 42

1772 171 1836 206 3029

1119 248 1195 271 num
1212 235 1331 270 scilicet
1348 238 1376 268 et
1393 232 1532 267 deeImae
1548 230 1740 274 huiusmodi,
1759 240 1866 274 grave—

1122 298 1181 333 tur,
1206 290 1338 336 provida
1359 288 1480 322 ratione
1498 296 1690 332 praecavere
1714 285 1864 327 volentes,

1122 350 1220 385 motu,
1238 343 1367 377 scientia
1389 347 1418 375 et
1435 340 1659 375 deliberatione
1677 350 1713 373 ac
1730 343 1864 384 potesta-

1121 398 1158 430 tis
1177 395 1373 441 plenitudine
1395 394 1562 434 similibus,
1581 397 1680 426 ratam
1700 397 1729 425 et
1746 391 1865 435 quanti-

1122 456 1227 491 tatem,
1245 460 1338 494 quam
1356 449 1400 481 illi
1418 448 1456 481 de
1473 447 1557 481 dicto
1576 448 1661 480 clero
1678 445 1863 480 eorumdem

1120 513 1292 547 regnorum
1317 502 1467 535 Castellae
1493 506 1522 534 et
1546 501 1692 544 Legionis
1715 500 1865 544 (exceptis

1120 564 1224 591 tamen
1250 555 1470 599 infrascriptis)
1488 555 1640 588 hactenus
1665 559 1696 587 et
1720 554 1866 598 imposte-

1121 622 1192 645 rum
1218 610 1338 645 ratione
1362 608 1518 653 praefata¹
1539 608 1679 642 decimae
1704 608 1864 648 solverint,

1120 665 1223 699 eidem
1248 665 1333 697 clero
1350 673 1523 706 regnorum
1541 662 1690 696 Castellae
1709 667 1738 695 et
1758 662 1865 705 Legio-

1120 719 1178 761 nis,
1201 718 1320 751 seilicet
1340 716 1489 761 praefatis
1515 716 1567 760 qui
1593 716 1677 749 illam
1703 715 1863 756 solverint,

1121 772 1216 805 modo
1240 777 1345 804 tamen
1365 777 1396 805 et
1415 771 1516 804 forma
1542 770 1756 815 sequentibus,
1777 770 1864 804 resti-

1121 825 1269 859 tuendam
1302 835 1370 858 esse
1402 829 1432 857 et.
1455 825 1576 858 restitui
1609 824 1724 858 debere
1754 824 1863 857 decer-

1120 879 1224 912 uimus
1255 884 1285 912 et
1310 878 1515 919 mandamus3
1547 889 1689 922 onusque
1721 878 1862 911 eamdem

1121 938 1220 967 ratam
1249 938 1283 966 ut
1307 933 1484 976 praefertur
1516 933 1722 974 restituendi,
1754 937 1864 966 tenore

1120 987 1346 1031 praesentium,
1371 997 1467 1031 super
1487 987 1572 1020 clero
1590 988 1725 1020 aliorum
1750 998 1864 1030 regno-

1120 1052 1202 1082 rum,
1227 1041 1474 1085 provinciarum,
1493 1051 1547 1073 seu
1571 1040 1735 1081 ditionum,
1753 1052 1789 1074 ac
1809 1042 1863 1073 in-

1121 1096 1261 1129 sularum
1286 1095 1445 1140 praefatae
1469 1094 1610 1128 decimae
1635 1095 1783 1129 solutioni
1811 1095 1865 1128 ob-

1119 1149 1297 1190 noxiarum,
1316 1149 1370 1192 qui
1387 1149 1417 1181 in
1437 1149 1592 1182 solutione
1617 1149 1747 1182 subsidii
1776 1159 1864 1194 prae-

1120 1203 1276 1237 dictorum
1290 1213 1403 1236 novem
1425 1207 1454 1235 et
1471 1203 1579 1236 decem
1598 1203 1774 1237 millionum
1792 1214 1863 1236 cum

1120 1256 1250 1290 dimidio
1282 1257 1411 1290 alterius
1446 1257 1596 1290 millionis
1631 1257 1862 1291 nihilomnino

1119 1311 1293 1353 conferunt,
1312 1310 1505 1354 iniungimus
1530 1316 1559 1344 et
1584 1311 1788 1355 imponimus.

1163 1365 1178 1407 g
1203 1364 1231 1397 li.
1258 1364 1411 1403 Quocirca
1442 1364 1544 1397 eidem
1576 1365 1700 1398 Caesari
1729 1365 1862 1409 patriar-

1119 1418 1196 1450 chae
1221 1418 1373 1451 moderno
1403 1422 1431 1450 et
1460 1429 1518 1462 pro
1551 1423 1694 1462 tempore
1718 1419 1862 1453 existenti

1118 1471 1234 1505 nuncio
1258 1472 1439 1505 huiusmodi
1472 1483 1529 1516 per
1561 1478 1744 1516 praesentes
1769 1484 1862 1507 com-

1118 1525 1272 1559 mittimus
1290 1531 1320 1559 et
1338 1526 1531 1567 mandamus,
1550 1531 1584 1560 ut
1601 1527 1743 1561 eamdem
1760 1533 1860 1561 ratam

1117 1579 1268 1622 decimae,
1288 1579 1373 1612 iuxta
1393 1580 1528 1613 formam
1553 1581 1766 1624 praefatarum
1784 1582 1862 1615 litte-

1117 1645 1225 1667 rarum
1256 1635 1450 1678 persolutam
1479 1639 1508 1667 et
1534 1635 1775 1679 persolvendam
1804 1647 1862 1681 per

1116 1689 1272 1732 praefatos
1290 1689 1328 1721 de
1349 1689 1434 1723 clero
1458 1689 1599 1734 ipsorum
1620 1700 1793 1734 regnorum
1809 1692 1863 1726 Ca-

1117 1743 1224 1776 stellae
1249 1747 1279 1776 et
1303 1743 1466 1787 Legionis,
1491 1754 1508 1776 a
1533 1744 1618 1778 clero
1646 1745 1860 1788 praefatorum

1117 1796 1251 1830 aliorum
1268 1807 1451 1840 regnorum,
1470 1797 1706 1841 provinciarum
1724 1804 1754 1832 et
1771 1799 1861 1832 ditio-

1116 1860 1191 1883 num
1217 1861 1253 1883 ac
1279 1850 1453 1884 insularum
1477 1851 1618 1884 eiusdem
1643 1852 1783 1886 decimae
1813 1863 1860 1887 so-

1116 1904 1228 1938 lutioni
1253 1904 1389 1938 obnoxio
1404 1932 1412 1946 ,
1438 1904 1523 1938 iuxta
1548 1910 1650 1939 taxam
1675 1910 1704 1941 et
1727 1907 1861 1951 reparti-

1117 1957 1234 1991 tionem
1252 1958 1290 1990 ab
1309 1958 1419 1992 eodem
1444 1959 1555 1993 nuntio
1573 1959 1761 2003 faciendam,
1782 1961 1859 1994 iuris

1115 2023 1151 2045 ac
1175 2012 1248 2046 faeti
1272 2013 1432 2054 remediis,
1449 2024 1485 2047 ac
1510 2014 1567 2046 sub
1592 2015 1764 2057 sententiis,
1790 2025 1860 2049 cen-

1116 2066 1198 2099 suris
1223 2071 1253 2099 et
1276 2067 1385 2110 poenis
1417 2067 1483 2100 eius
1517 2068 1649 2102 arbitrio
1680 2068 1859 2113 infligendis

1116 2125 1146 2152 et
1166 2119 1377 2163 moderandis,
1397 2121 1489 2155 etiam
1508 2123 1704 2166 exequutive,
1721 2134 1756 2156 ac
1773 2124 1858 2158 omni

1115 2178 1145 2206 et
1169 2184 1367 2218 quacumque
1393 2176 1613 2219 appellatione,
1634 2177 1858 2211 reclamatione

1115 2231 1144 2261 et
1169 2238 1301 2261 recursu
1333 2229 1463 2262 remotis
1495 2235 1525 2263 et
1561 2230 1712 2272 sublatis,
1737 2242 1794 2275 per
1825 2242 1857 2265 se

1115 2291 1251 2325 suosque
1275 2281 1437 2325 delegatos
1462 2283 1564 2326 exigat
1589 2289 1618 2316 et
1643 2284 1722 2327 exigi
1748 2285 1856 2327 faciat,

1115 2335 1263 2380 illamque
1287 2336 1389 2382 eidem
1414 2338 1499 2370 clero
1518 2337 1658 2381 ipsorum
1683 2349 1855 2381 regnorum

1114 2390 1264 2423 Castellae
1296 2395 1326 2423 et
1357 2390 1524 2433 Legionis,
1550 2391 1668 2425 seilicet
1698 2392 1776 2433 illis,
1802 2393 1855 2436 qui

1115 2444 1266 2488 <exceptis
1293 2447 1404 2485 tamen,
1430 2448 1463 2478 ut
1487 2445 1673 2488 praefertur,
1698 2446 1856 2480 infrascri-

1114 2499 1187 2542 ptis>
1212 2498 1296 2530 illam
1321 2498 1482 2538 solverint,
1503 2499 1662 2540 restituat,
1680 2510 1715 2533 ac
1732 2500 1854 2533 restitui

1113 2551 1204 2585 saciat
1228 2550 1355 2584 realiter
1379 2555 1410 2583 et
1434 2562 1505 2584 cum
1530 2551 1653 2585 effectu.

1151 2616 1161 2642 t
1179 2614 1276 2650 Aptius
1287 2615 1442 2650 praefatae
1455 2617 1492 2649 (a.
1509 2614 1556 2649 T.).

1881 180 1930 210 Aa.
1943 180 1973 210 C.
1996 179 2065 209 1633

1947 884 2064 910 Totamque

1879 910 1982 932 decimam
2000 917 2065 937 super

1878 940 1961 958 ceteros
1987 938 2063 963 Hispa-

1878 965 1960 985 niarum
1993 965 2064 984 ecele-

1879 992 1976 1013 siasticos
1991 990 2064 1013 dividi.

1904 1367 2004 1388 Mandata
2020 1367 2063 1388 liae

1878 1393 1903 1414 de
1932 1400 1954 1415 re
1984 1396 2062 1416 nuncto

1878 1422 1996 1447 apostolico
2007 1421 2050 1443 dat.
