2248 3229
118 226 168 253 An.
187 224 217 253 C.
234 224 302 253 ¹634

927 228 1070 254 URBANUS
1095 228 1152 253 vm
1176 229 1225 254 PP.

318 273 687 318 (exceptislocationibus
701 275 827 310 illorum
843 276 1057 321 praediorum,

317 338 396 371 quae
419 334 579 372 ponuntur
613 330 754 374 quolibet
782 331 937 372 triennio,
973 336 1003 364 et
1026 331 1058 364 in

316 380 430 424 quibus
464 392 561 415 unum
595 383 763 417 triennium
800 390 964 428 reputatur
999 395 1057 428 pro

317 444 379 468 uno
401 436 495 480 anno)
514 436 739 480 impignorare,
765 438 947 482 anticipare,
966 448 1057 482 pecu-

317 489 368 521 nia
393 489 517 532 locare,
543 491 602 524 nisi
634 491 670 524 de
702 491 829 525 licentia
855 498 884 525 et
909 494 1056 536 expressa

317 543 502 576 auctoritate
515 544 644 587 capituli
661 545 827 587 generalis:
841 545 926 590 quod
943 546 967 578 si
982 545 1057 588 quid

317 606 406 629 secus
431 597 546 630 factum
568 598 662 630 suerit
686 598 717 630 in
741 599 808 631 aliis
836 604 1056 643 praeterquam

318 648 348 681 in
366 649 478 693 supra¹
496 651 652 694 expressis
670 657 700 684 et
720 652 917 696 specificatis,
931 652 1057 685 irritum

316 705 346 734 et
370 701 471 744 inane,
497 713 534 736 ex
557 713 650 745 nunc,
679 709 772 748 prout
798 715 834 738 ex
859 704 1058 746 tunc,decla-

317 764 431 788 ramus.
459 755 490 788 Si
515 756 585 800 quis
601 763 705 790 autem
724 759 881 791 contraire
898 768 1058 802 praesum-

316 809 423 852 pserit,
449 809 488 842 ab
515 810 618 844 officio
642 822 699 855 per
724 812 903 855 generalem
920 817 973 844 aut
991 811 1059 844 visi-

316 865 448 896 tatorem
475 863 661 908 deponatur,
676 871 705 899 et
723 866 881 898 subiaceat
898 865 966 898 aliis
987 875 1059 909 poe-

315 915 362 949 nis
375 916 413 949 de
438 917 506 950 iure
529 923 558 951 et
575 929 611 952 ex
625 919 847 952 constitutione
864 919 1058 952 Sanctissimi

315 970 438 1003 Domini
458 972 572 1004 nostri:
592 973 637 1006 De
656 973 750 1006 rebus
770 973 978 1017 reyicla⁷·1'mn
994 983 1059 1006 non

315 1023 512 1058 alienandis.

359 1078 390 1112 Si
415 1079 484 1122 quis
509 1089 546 1112 ex
570 1080 720 1113 fratribus
742 1080 773 1113 in
800 1085 921 1114 tantum
940 1082 1060 1114 malum<

315 1142 502 1175 progressus
525 1133 627 1175 fuerit,
651 1138 696 1174 ut,
713 1139 822 1167 contra
852 1140 1056 1179 praeceptum

316 1185 454 1227 Domini,
485 1186 532 1219 vel
564 1191 673 1220 contra
705 1192 812 1220 votum
843 1188 1057 1232 paupertatis,

314 1239 464 1282 pecunias
487 1239 535 1272 vel
560 1239 678 1283 aliquid
702 1240 786 1273 aliud
812 1241 906 1274 fuerit
927 1242 1056 1282 furatus,

315 1292 438 1325 occulte
453 1293 619 1336 receperit,
638 1293 815 1335 retinuerit,
832 1295 879 1327 vel
900 1294 1059 1338 impende-

315 1345 365 1387 rit,
390 1356 448 1390 per
473 1357 515 1387 se,
540 1347 588 1379 vel
612 1357 669 1390 per
694 1348 808 1389 alium,
834 1348 917 1392 apud
942 1359 985 1389 se,
1011 1349 1058 1382 vel

315 1399 398 1443 apud
422 1400 534 1440 alium,
558 1399 803 1444 praemissisque
828 1401 976 1444 legitimis
1005 1402 1055 1434 in-

316 1452 555 1486 formationibus
576 1454 736 1487 convictus
761 1455 855 1488 fuerit
880 1455 964 1496 furti,
983 1455 1059 1488 iudi-

316 1507 364 1540 cio
392 1507 637 1548 condemnetur,
663 1508 687 1541 si
719 1509 863 1552 superior
887 1509 942 1549 sit,
967 1519 983 1541 a
1004 1520 1057 1552 ge-

316 1561 425 1601 nerali,
451 1561 476 1594 si
500 1561 682 1603 inferior,·a
707 1562 865 1606 superiori
886 1562 976 1596 locali
995 1574 1059 1596 car-

316 1614 442 1648 ceribus
466 1615 685 1659 mancipetur,
711 1616 810 1649 donec
834 1617 982 1660 pecunias
1006 1620 1059 1650 aut

316 1668 376 1701 alia
400 1669 555 1702 occultata
575 1669 758 1711 restituerit,
785 1681 865 1714 quae
890 1671 914 1703 si
935 1671 1056 1704 restitui

316 1728 490 1767 nequeant,
514 1725 640 1767 peracta
666 1724 858 1768 poenitentia
884 1734 900 1757 e
922 1724 1058 1758 carceri-

317 1775 376 1810 bus
399 1777 529 1810 liberari
561 1777 697 1821 poterit,
723 1778 777 1811 sed
802 1789 877 1812 voce
902 1779 1003 1812 activa
1029 1784 1058 1812 et

316 1829 438 1873 passiva
455 1835 560 1862 eareat
581 1831 680 1864 donec
699 1841 756 1875 per
773 1832 945 1875 capitulum
968 1843 1059 1875 gene-

317 1882 383 1915 rale
412 1883 646 1923 rehabilitetur;
676 1884 701 1916 si
734 1889 838 1917 autem
864 1896 1057 1927 conversus,

317 1940 371 1969 aut
395 1935 526 1969 donatus
550 1937 654 1977 fuerit,
672 1938 831 1971 coniectus
848 1938 880 1970 in
897 1949 1057 1972 carcerem

318 1988 435 2022 ieiunet
448 1990 496 2023 bis
512 1990 544 2022 in
561 1990 759 2024 hebdomada
777 1991 808 2024 in
825 2001 904 2035 pane
921 1997 950 2025 et
967 1994 1058 2036 aqua,

318 2042 426 2087 ibique
450 2043 625 2078 detineatur
646 2056 703 2089 pro
725 2045 769 2078 rei
790 2046 941 2088 gravitate
958 2046 996 2078 ad
1014 2056 1060 2079 ar-

319 2096 448 2130 bitrium
469 2098 651 2142 superioris,
672 2099 724 2143 qui
750 2105 879 2143 propter
899 2100 1060 2143 poeniten-

319 2150 393 2183 tiam
419 2152 534 2195 poterit
558 2163 629 2186 cum
655 2163 691 2186 eo
717 2153 824 2186 mitius
843 2163 948 2196 agere.

364 2204 564 2248 Superiores,
591 2207 675 2240 iuxta
704 2207 957 2241 constitutionem
991 2207 1059 2241 Cle-

320 2258 433 2291 mentis
454 2258 518 2292 VllI
532 2259 578 2293 De
591 2260 819 2303 reformatione
843 2260 1060 2304 reqularium,

320 2311 495 2345 abstineant
519 2323 538 2346 a
557 2324 725 2347 munerum
750 2314 928 2357 largitione,
954 2314 995 2347 ita
1027 2319 1061 2348 ut

320 2376 384 2399 non
408 2366 499 2400 liceat
523 2367 567 2400 eis
587 2378 714 2411 quoquo
732 2368 825 2402 modo
845 2368 995 2412 pecunias
1008 2374 1061 2402 aut

320 2430 371 2453 res
388 2420 462 2453 alias
476 2422 711 2455 communitatis
725 2433 857 2466 erogare
870 2422 1060 2464 autdonare‚

321 2474 379 2507 sub
403 2474 513 2518 quovis
538 2479 701 2519 praetextu
726 2477 774 2509 vel
800 2477 904 2518 causa,
930 2477 1061 2520 proprio

321 2527 392 2561 vel²
416 2529 649 2563 communitatis
672 2530 817 2572 nomine,
840 2534 1062 2575 praeterquam

358 2603 367 2628 1
387 2600 457 2628 Edit.
472 2601 553 2630 lllain.
569 2601 633 2638 legit
647 2610 785 2637 suprema
798 2603 836 2636 (a.
854 2604 903 2636 Τ.).

356 2645 373 2674 2
387 2646 521 2676 Particula
535 2648 578 2677 vel
592 2655 641 2677 nos
655 2647 779 2676 addimus
793 2649 832 2684 (a.
848 2648 898 2684 T.)-

1738 219 1802 253 397

1093 287 1225 310 munera
1239 276 1400 320 religionis
1410 282 1536 310 nostrae
1550 276 1754 310 benemeritis
1766 278 1834 310 sieri

1093 331 1197 373 solita,
1223 331 1332 364 decem
1364 336 1450 364 scuta
1483 336 1586 364 tamen
1610 341 1668 375 pro
1693 331 1835 375 quolibet

1092 394 1155 417 non
1180 384 1370 424 excedentia,
1396 389 1449 417 aut
1473 394 1552 428 quae
1577 383 1657 417 iusta
1682 384 1719 417 dc
1741 385 1835 418 causa

1092 447 1150 481 pro
1167 437 1249 471 bono
1264 437 1426 480 religionis
1441 444 1533 471 erunt
1547 437 1696 480 facienda,
1712 440 1835 471 servata

1093 495 1194 524 tamen
1210 492 1310 524 forma
1323 491 1553 525 constitutionis
1575 492 1671 525 felicis
1689 492 1836 526 recorda-

1093 544 1184 578 tionis
1198 545 1364 578 Clementis
1379 545 1479 589 Papae
1501 546 1565 578 Vttt
1590 546 1726 590 desuper
1743 545 1834 578 edita.

1136 597 1170 630 In
1196 596 1379 641 sequentes¹
1405 597 1620 632 ordinationes
1646 598 1835 642 apostolicas

1092 650 1269 691 statuimus,
1295 656 1329 683 ut
1354 651 1485 684 fratrum
1512 652 1641 685 restitus
1666 657 1695 684 et
1715 652 1836 696 suppel-

1093 703 1141 736 lex
1166 704 1320 737 cellarum
1346 715 1382 737 ex
1408 705 1567 738 communi
1592 706 1726 749 pecunia
1748 716 1835 738 com-

1093 757 1269 800 parentur²,
1285 757 1454 791 etomnino
1471 758 1636 791 uniformis
1647 759 1685 791 sit
1702 759 1833 792 fratrum

1093 815 1123 843 et
1139 820 1415 854 quorumcumque
1441 812 1653 855 superiorum,
1672 813 1765 845 etiam
1786 822 1837 855 ge-

1092 864 1218 905 neralis,
1244 865 1398 908 statuique
1424 866 1628 909 paupertatis,
1652 876 1747 910 quam
1765 871 1836 898 sunt

1094 917 1235 961 professi,
1261 918 1433 960 conveniat,
1462 919 1502 952 ita
1524 924 1556 951 ut
1580 919 1657 952 nihil
1683 919 1835 963 superflui

1093 970 1285 1011 admittatur,
1303 971 1380 1003 nihil
1406 971 1498 1005 etiam
1524 972 1608 1015 quod
1634 972 1673 1005 sit
1697 982 1837 1005 necessa-

1093 1024 1176 1057 rium
1202 1024 1287 1058 iuxta
1307 1025 1450 1068 regulam
1476 1021 1624 1058 nostram
1638 1026 1730 1060 alicui
1747 1026 1838 1059 dene-

1093 1083 1194 1121 getur.

1138 1132 1290 1176 Superior
1322 1137 1351 1165 et
1383 1132 1541 1176 quisque⁸
1573 1132 1713 1166 officialis
1744 1132 1835 1166 unica

1094 1185 1181 1226 cella,
1200 1185 1292 1219 nudis
1324 1186 1453 1219 omnino
1487 1186 1678 1230 parietibus,
1703 1187 1783 1220 lecto
1807 1193 1835 1219 et

1094 1241 1203 1272 mensa
1227 1239 1422 1279 humilibus,
1459 1240 1671 1284 uniformique
1705 1241 1836 1284 supelle-

1093 1293 1156 1327 ctili
1183 1294 1221 1326 sit
1246 1293 1439 1326 contentus⁴.
1466 1293 1618 1337 Superior
1647 1299 1749 1327 tamen
1776 1304 1833 1337 ge-

1093 1347 1217 1387 neralis,
1243 1351 1295 1380 aut
1319 1347 1469 1387 visitator,
1486 1347 1586 1390 possit
1609 1348 1702 1381 alicui
1726 1358 1762 1380 ex
1783 1358 1836 1380 su-

1094 1401 1295 1444 perioribus,
1326 1400 1350 1433 si
1384 1411 1494 1433 eorum
1525 1401 1664 1434 muneris
1689 1406 1718 1434 et
1742 1401 1835 1434 officii

1092 1455 1307 1488 necessitatem
1335 1454 1363 1487 id
1390 1454 1517 1497 exigere
1542 1455 1734 1498 cognoverit,
1760 1455 1834 1488 alte-

1093 1518 1160 1540 ram
1185 1508 1297 1541 cellam
1319 1508 1501 1541 concedere.

1136 1562 1212 1596 Cum
1238 1563 1348 1605 regula
1372 1568 1480 1595 nostra
1504 1563 1676 1607 praecipiat
1693 1574 1731 1595 ne
1748 1563 1834 1596 habi<

1092 1621 1141 1649 tus
1166 1622 1273 1650 noster
1298 1617 1336 1650 sit
1360 1617 1517 1658 notabilis,
1548 1617 1631 1661 quod
1663 1618 1834 1651 debeamus

1092 1671 1236 1704 moribus
1260 1672 1386 1716 placere
1410 1682 1473 1704 non
1498 1672 1658 1713 vestibus,
1683 1672 1753 1705 ideo
1779 1677 1836 1705 sta-

1093 1724 1218 1765 tuimus,
1235 1730 1269 1758 ut
1287 1725 1420 1758 fratrum
1439 1725 1628 1758 clericorum
1646 1729 1745 1759 vestes
1762 1725 1837 1759 flant

1092 1777 1130 1811 de
1154 1788 1259 1822 panno
1283 1778 1367 1821 nigri
1393 1778 1509 1811 coloris
1522 1778 1645 1819 humili,
1664 1778 1781 1812 scilicet
1798 1778 1835 1811 dc

1093 1831 1210 1865 cadisio
1235 1832 1267 1864 in
1292 1832 1369 1865 locis
1394 1831 1508 1875 quibus
1540 1832 1706 1865 commode
1727 1832 1836 1865 haberi

1092 1885 1217 1929 poterit,
1233 1885 1371 1929 alioquin
1388 1885 1461 1918 huic
1476 1885 1650 1919 simillimo:
1669 1891 1740 1928 toga
1758 1896 1833 1918 vero

1093 1939 1157 1971 sive
1182 1939 1285 1979 vestis,
1310 1949 1371 1983 qua
1396 1939 1497 1972 solent
1519 1939 1704 1983 superindui
1722 1940 1835 1972 fratres

1093 1992 1215 2037 hyeme,
1236 1993 1274 2025 sit
1291 1992 1328 2026 de
1345 2003 1449 2036 panno
1465 1993 1588 2026 fortiori
1606 2003 1668 2026 non
1686 1994 1836 2037 pretioso,

1093 2046 1182 2079 cuius
1207 2046 1323 2079 collare
1348 2047 1386 2080 sit
1410 2052 1542 2087 rectum,
1568 2052 1598 2080 et
1622 2046 1745 2080 tunicae
1771 2047 1836 2080 col-

1094 2099 1178 2132 lare⁵
1210 2089 1398 2141 cohaereat,
1432 2100 1563 2143 eiusque
1598 2100 1739 2133 manicae
1775 2100 1837 2133 sint

1094 2153 1298 2196 longitudinis
1331 2158 1360 2186 et
1393 2153 1566 2187 latitudinis
1590 2153 1773 2188 sufficientis
1798 2152 1836 2186 ad

1094 2217 1204 2240 manus
1225 2206 1385 2250 tegendas.

1138 2261 1252 2294 Forma
1276 2260 1410 2293 vestium
1442 2261 1481 2293 sit
1510 2261 1676 2295 uniformis
1705 2265 1735 2296 et
1765 2262 1837 2294 sim-

1094 2314 1175 2358 plex,
1201 2316 1323 2347 servata
1347 2314 1501 2357 decentia,
1526 2325 1565 2348 ne
1589 2315 1775 2360 cuiusquam
1796 2314 1836 2348 os-

1094 2368 1261 2402 sendantur
1282 2373 1436 2412 aspectus.

1132 2469 1143 2495 1
1162 2467 1262 2494 Forsan
1278 2468 1422 2503 legendum
1438 2467 1624 2502 Insequentes
1641 2469 1678 2501 (n.
1692 2467 1740 2503 τ.).

1130 2513 1147 2539 2
1167 2513 1265 2548 Aptius
1280 2513 1399 2548 legerem
1418 2517 1598 2547 comparetur
1619 2513 1655 2548 (n.
1676 2513 1724 2548 T.).

1131 2557 1146 2585 3
1162 2557 1231 2585 Edit.
1248 2557 1327 2585 Main.
1345 2558 1410 2592 legit
1425 2558 1490 2593 quis
1504 2559 1544 2592 (a.
1561 2558 1611 2591 T.).

1130 2603 1147 2629 4
1161 2602 1280 2630 Pessime
1296 2602 1359 2630 edit.
1378 2603 1456 2630 ltlaiut
1475 2602 1556 2629 habet
1571 2611 1724 2632 consensus
1738 2604 1774 2639 (T.
1786 2606 1836 2638 ἢ),

1130 2647 1147 2676 5
1162 2647 1232 2676 Edit.
1249 2647 1327 2677 tttain.
1345 2647 1410 2684 legit
1424 2647 1527 2677 collari
1542 2647 1580 2683 (n.
1597 2648 1646 2683 7.).

1849 230 1900 258 An.
1919 230 1947 257 C.
1968 232 2033 259 1634

1878 598 1908 619 De
1925 599 1998 619 habitu
2015 602 2035 619 et

1851 626 2000 652 suppellectili.
