2221 3224
174 197 219 222 An.
232 196 259 223 (ἶ.
283 195 350 223 1630

205 1974 286 2004 Causae
301 1970 363 2002 11111119

180 2006 331 2022 concessionis.

396 186 460 220 148

369 244 470 277 tiamsi
498 244 535 277 de
560 244 630 286 illis,
657 254 829 287 corumque
855 243 925 275 totis
945 243 1106 275 tenoribus

368 297 519 342 specialis,
544 297 698 341 specifica,
724 306 869 340 expressa
887 300 916 329 et
936 295 1105 336 individua,

367 361 430 384 non
454 356 556 384 autem
581 360 638 394 per
661 349 815 382 clausulas
840 349 1002 392 generales
1022 349 1104 382 idem

367 404 582 447 importantes,
608 402 725 435 mentio
750 412 803 435 seu
828 402 954 446 quaevis
978 402 1038 434 alia
1055 413 1123 435 eii-¹

366 458 487 502 pressio
511 457 653 490 habenda
677 462 729 489 aut
757 456 860 500 aliqua
876 456 935 489 alia
952 457 1106 500 exquisita

367 511 467 544 forma
485 510 522 542 ad
540 510 599 543 hoc
616 509 767 542 servanda
787 510 875 551 foret,
896 510 1021 543 illorum
1039 521 1106 543 om-

367 563 452 595 nium
479 568 605 596 tenores
633 563 850 606 praesentibus
879 574 937 606 pro
961 564 1053 607 plene
1076 568 1106 596 et

367 617 556 650 sufficienter
581 616 748 660 expressis,
773 627 809 649 ac
833 616 871 649 ad
896 617 1027 650 verbum
1052 617 1103 649 in-

367 669 458 702 sertis
482 669 642 711 habentes,
668 669 730 702 illis
755 669 829 702 alias
853 669 885 702 in
910 680 966 702 suo
990 669 1105 702 robore

365 722 592 766 permansuris,
613 722 651 755 ad
675 716 924 766 praemissorum
949 722 1105 764 effectum,

366 775 424 808 hac
450 775 515 808 vice
540 775 701 808 dumtaxat
721 775 897 820 specialiter
914 779 943 810 ct
959 786 1106 820 expresse

366 828 571 871 derogamus3
593 829 768 873 ceterisque
792 829 959 863 contrariis
978 829 1107 874 quibus-

367 893 509 926 cumque.

411 936 562 969 Volumus
587 940 690 969 autem
715 936 799 980 quod
824 935 1024 977 earumdem,
1047 941 1105 970 etc.

410 989 520 1022 Datum
546 990 673 1030 Romae,
697 989 782 1033 apud
810 989 838 1022 S.
864 989 991 1022 Mariam
1016 990 1108 1023 Maio-

367 1053 433 1075 rem
448 1070 456 1084 ,
486 1043 542 1075 sub
568 1043 684 1076 annulo
708 1042 894 1085 Piscatoris,
919 1043 969 1076 die
993 1053 1015 1076 11
1041 1043 1107 1076 iulii

367 1106 505 1137 nncxxx,
529 1096 728 1140 pontificatus
752 1096 851 1129 nostri
877 1107 958 1130 anno
975 1106 1028 1130 vn.

403 1158 460 1186 Dat.
482 1158 525 1186 die
544 1158 560 1185 2
579 1158 636 1185 iulii
657 1158 734 1193 1630,
757 1157 852 1194 pontif.
873 1166 918 1185 an.
941 1164 986 1185 vti.

661 1267 826 1301 CCCval.

371 1332 532 1365 Concessio
546 1331 717 1374 plenariae
733 1330 960 1373 inclnlyentiae
972 1329 1009 1362 in
1029 1328 1111 1362 Urbe

413 1385 456 1418 (nl
475 1385 618 1428 ayenclas
634 1384 762 1427 gyratias
776 1384 840 1416 Deo
855 1394 914 1426 pro
927 1393 1111 1426 praeserva-

415 1439 499 1471 lione
516 1438 621 1470 clt'clae
641 1438 743 1477 Urbis,
761 1437 908 1469 ulia-rum
926 1437 1107 1476 civitatum,

415 1502 451 1523 ac
465 1490 713 1534 provinciamwn
732 1490 853 1523 Italiae
877 1500 897 1522 a
916 1489 991 1521 (lira
1013 1489 1112 1532 epidi-

415 1544 502 1576 miac
525 1554 580 1576 seu
602 1543 702 1588 pestis
722 1543 902 1581 veoealione,
921 1546 948 1575 cl
967 1542 1009 1574 ml
1029 1542 1112 1574 (liri-

371 1600 374 1602 ’
416 1608 494 1630 nam
519 1607 608 1640 opem
634 1595 881 1639 implorandam
896 1606 956 1639 pro
977 1606 1109 1628 earnm-

418 1651 489 1683 dem
514 1650 762 1690 conservatione,
791 1654 819 1682 el
842 1649 989 1682 allorum
1009 1649 1114 1682 dictae

418 1704 582 1737 vexationi
601 1703 815 1736 obnoxiarum
836 1702 1035 1735 liberatione.

569 1767 705 1794 Urbanus
733 1766 811 1799 Papa
840 1766 920 1799 VIII,

375 1821 499 1850 Dilectis
509 1821 580 1848 filiis
591 1822 670 1848 clero
686 1823 717 1846 et
730 1820 840 1853 populo
851 1820 990 1850 Romano,
1001 1826 1035 1846 ac
1047 1818 1115 1846 aliis

412 1865 668 1897 christifidelibus,
680 1865 810 1892 salutem
821 1867 852 1891 et
867 1863 1116 1898 apostolicamhe-

412 1910 622 1939 nedietionem.

423 1965 513 1998 Pater
530 1962 818 1996 misericordiarum
839 1967 869 1995 et
888 1961 982 1995 totius
1004 1971 1115 1994 conso-

379 2019 503 2053 lationis
527 2019 608 2051 Deus
633 2017 713 2050 votis
737 2017 852 2050 nostris
878 2016 1048 2049 clementer
1067 2025 1117 2047 an-

379 2083 488 2115 nuens,
509 2072 623 2104 almam
646 2070 760 2103 Urbem
783 2075 933 2109 nostram,
954 2075 983 2102 et
1004 2069 1117 2101 multas

380 2126 455 2159 alias
481 2125 585 2158 ltaliae
610 2124 749 2157 civitates
771 2128 800 2156 ct
820 2122 998 2166 provincias
1015 2132 1031 2154 a
1049 2121 1117 2154 dira

380 2178 545 2222 epidimiae
570 2179 631 2217 lue,
648 2177 781 2220 aliisque
805 2176 879 2209 belli
893 2180 922 2208 et
935 2175 1024 2208 samis
1042 2175 1119 2207 cala-

381 2232 539 2265 mitatibus
564 2237 593 2264 et
614 2230 763 2274 periculis
789 2229 943 2262 immunes
966 2229 1118 2261 hactenus

381 2284 586 2318 conservavit.
603 2283 815 2322 Quamobrem
838 2282 994 2315 cumulata
1011 2282 1042 2314 in
1062 2292 1119 2315 nos

381 2338 562 2371 caelestium
593 2337 767 2379 gratiarum
791 2335 872 2368 dona
897 2335 1025 2368 omnino
1050 2335 1117 2367 cxi-

949 195 1125 219 mmmmm!
1150 195 1303 220 Romnum

1139 243 1245 285 dictas,
1267 243 1467 286 reliquasque
1491 243 1585 277 totius
1609 242 1771 276 christiani
1788 241 1873 275 orbis

1138 301 1243 339 partes
1256 305 1468 339 praeservare,
1480 295 1547 328 illas
1560 305 1645 336 vero,
1659 306 1738 339 qnae
1752 294 1875 339 praedi-

1139 349 1195 381 ctis
1209 348 1429 382 afflictionibus
1442 348 1594 382 obnoxiae
1604 349 1748 391 existunt,
1758 349 1874 382 libera-

1138 413 1183 443 re,
1196 413 1232 435 ac
1245 402 1462 446 praesentibus
1473 402 1629 436 Ecclesiae
1639 398 1876 436 nee'essitatibus

1139 455 1305 488 subvenire
1322 455 1478 498 dignetur,
1491 461 1535 497 ut,
1549 456 1573 489 si
1589 455 1711 489 divinae
1723 455 1875 499 placuerit

1139 508 1280 549 bonitati,
1298 509 1456 542 orationes
1473 509 1687 552 exaudiantur,
1708 514 1738 542 et
1754 508 1807 543 fiat
1823 519 1875 541 su·

1122 584 1123 596 1
1138 572 1195 605 per
1211 572 1268 595 nos
1285 562 1504 595 misericordia
1521 562 1671 596 Altissimi
1687 561 1828 606 speciosa
1845 561 1874 593 in

1139 620 1281 659 tempore
1306 615 1524 649 tribulationis.
1545 615 1611 649 Hoc
1627 620 1731 649 autem
1756 621 1790 648 ut
1809 615 1875 648 sru-

1139 669 1276 702 ctuosius
1301 674 1330 702 et
1354 669 1467 703 maiori
1498 680 1569 703 cum
1600 669 1729 714 spiritus
1762 668 1875 702 ardore

1138 727 1324 766 peragatur,
1351 733 1387 756 ex
1412 723 1509 756 veteri
1533 723 1689 756 Ecclesiae
1719 723 1875 756 Romanae

1140 776 1280 808 omnium
1306 776 1413 809 matris
1438 782 1468 809 et
1491 776 1661 819 magistrae
1684 786 1784 816 more,
1798 775 1877 808 eius-

1139 829 1210 862 dem
1234 830 1391 863 Ecclesiae
1412 831 1587 871 thesauros,
1604 840 1739 874 quorum
1756 829 1879 873 dispen-

1140 887 1259 916 satores
1283 894 1299 916 a
1324 883 1457 917 Domino
1481 883 1641 917 constituti
1665 893 1783 925 sumus,
1808 893 1879 927 pro-

1140 935 1222 969 ferre
1246 941 1277 969 et
1300 947 1432 980 erogare
1456 937 1663 970 decrevimus.

1185 990 1200 1033 g
1224 990 1253 1023 1.
1278 991 1395 1035 Itaque,
1411 991 1448 1024 de
1473 991 1697 1035 omnipotentis
1718 990 1771 1024 Dei
1790 990 1880 1023 mise-

1141 1043 1278 1076 ricordia
1306 1054 1342 1077 ac
1363 1044 1526 1077 beatorum
1548 1043 1631 1077 Petri
1653 1048 1683 1076 et
1702 1043 1787 1076 Pauli
1808 1053 1880 1087 apo-

1142 1096 1294 1130 stolorum
1320 1097 1386 1130 eius
1410 1098 1595 1131 auctoritate
1620 1097 1739 1139 confisi,
1765 1108 1803 1130 ex
1826 1097 1879 1129 illa

1124 1149 1258 1193 ·ligandi
1290 1155 1383 1194 atque
1415 1151 1554 1184 solvendi
1586 1155 1760 1194 potestate,
1785 1160 1879 1194 quam

1142 1203 1233 1236 nobis
1249 1204 1410 1247 Dominus,
1429 1204 1550 1238 meritis
1566 1204 1695 1237 minime
1708 1204 1880 1247 suffragan-

1143 1256 1236 1297 tibus,
1251 1257 1391 1299 contulit,
1401 1257 1555 1291 universis
1569 1263 1600 1291 et
1612 1257 1743 1301 singulis
1761 1257 1880 1291 christi-

1143 1310 1299 1352 fidelibus,
1324 1311 1376 1355 qui
1397 1312 1497 1356 spatio
1521 1312 1616 1345 trium
1637 1310 1792 1345 mensium
1813 1322 1882 1355 pro-

1145 1363 1226 1396 xime
1251 1364 1522 1398 decurrendorum
1546 1366 1578 1398 in
1603 1365 1706 1408 aliqua
1729 1375 1766 1398 ex
1790 1364 1883 1398 sextis

1145 1417 1230 1450 seriis
1245 1418 1411 1452 cuiuslibet
1432 1419 1649 1452 hebdomadae
1667 1418 1882 1459 ieiunaverint‚

1145 1481 1180 1503 ac
1199 1472 1332 1504 confessi
1361 1476 1390 1505 ct
1417 1474 1506 1505 sacra
1537 1472 1760 1506 communione
1781 1472 1813 1504 in
1833 1471 1883 1504 die

1146 1524 1303 1558 dominica
1324 1526 1504 1559 immediate
1525 1532 1673 1569 sequente
1694 1525 1801 1558 resecti
1820 1525 1884 1557 sue-

1146 1577 1218 1619 rint,
1236 1578 1462 1622 propriamque
1479 1579 1703 1622 parochialem,
1717 1589 1771 1611 seu
1789 1588 1882 1611 unam

1147 1642 1182 1663 ex
1196 1631 1403 1675 infrascriptis
1416 1631 1516 1665 tribus
1530 1631 1670 1665 ecclesiis
1679 1631 1781 1672 Urbis,
1795 1641 1882 1664 nem-

1147 1694 1185 1727 pe
1206 1684 1455 1727 Lateranensem,
1482 1685 1635 1729 Principis
1659 1685 1884 1728 apostolorum,

1149 1743 1177 1770 et
1194 1738 1225 1770 in
1242 1740 1278 1771 ea
1297 1739 1390 1771 situm
1407 1740 1505 1772 altare
1530 1739 1626 1772 sancti
1651 1738 1810 1771 Michaelis
1827 1738 1884 1771 Ar-

1149 1791 1293 1834 changeli
1316 1797 1541 1836 nuncupatum,
1558 1796 1611 1825 aut
1631 1796 1755 1825 sanctae
1772 1791 1886 1824 Mariae

1149 1845 1274 1878 Maioris
1298 1846 1455 1887 basilicas,
1476 1847 1540 1879 sive
1567 1845 1730 1879 ecclesiam
1751 1845 1887 1878 nationa-

1150 1898 1222 1940 lem,
1243 1899 1346 1942 quoad
1364 1900 1462 1943 ipsius
1476 1899 1626 1933 ecclesiae
1643 1898 1824 1939 nationales,
1835 1899 1887 1931 ea-

1150 1951 1221 1984 dem
1254 1952 1451 1986 liebdomada
1483 1953 1655 1997 respective
1686 1951 1885 1989 visitaverint,

1151 2005 1256 2048 ibique
1281 2011 1314 2038 ut
1338 2017 1443 2050 supra,
1457 2017 1492 2040 ac
1509 2007 1603 2040 etiam
1624 2011 1684 2049 pro
1705 2005 1888 2038 christiano-

1151 2070 1221 2092 rum
1245 2059 1425 2103 principum
1450 2060 1628 2100 concordia,
1650 2060 1816 2092 haeresum
1834 2069 1886 2092 ex-

1152 2112 1336 2156 tirpatione,
1369 2124 1404 2146 ac
1435 2118 1558 2146 sanctae
1591 2112 1696 2145 Matris
1732 2112 1888 2145 Ecclesiae

1151 2166 1337 2211 exaltatione
1350 2167 1417 2210 pias
1430 2166 1469 2199 ad
1481 2167 1578 2200 Deum
1589 2176 1699 2210 preces
1712 2165 1888 2205 effuderint,

1152 2220 1426 2264 eleemosynasque
1438 2220 1496 2252 sibi
1506 2219 1668 2252 benevisas
1682 2218 1889 2262 erogaverint,

1153 2273 1324 2317 plenariam
1354 2273 1495 2306 omnium
1527 2278 1729 2317 peccatorum
1760 2264 1890 2306 suorum

1154 2326 1378 2369 indulgentiam
1404 2332 1434 2360 et
1458 2327 1676 2361 remissionem
1709 2326 1890 2360 misericor-

1154 2381 1234 2413 diter
1258 2379 1289 2412 in
1313 2380 1446 2413 Domino
1471 2380 1680 2413 concedimus.

1891 191 1981 219 Aac.
2004 192 2072 220 ⁴630

1920 998 2034 1019 Concessio
2048 998 2078 1018 in·

1893 1026 1970 1048 bilsen,
1989 1025 2015 1045 {le
2035 1030 2077 1050 quo

1895 1054 1914 1073 in
1932 1053 2023 1073 rubrica.

382 2397 468 2434 gunt,
486 2396 519 2424 ut
536 2391 682 2431 maiores,
700 2400 777 2433 quas
801 2398 978 2432 possumus,
998 2387 1121 2420 divinae

384 2446 535 2478 maiestati
561 2444 677 2487 gratias
702 2442 913 2475 concordibus
938 2447 968 2473 ct
993 2441 1122 2473 efficaci-

385 2500 443 2531 bus
456 2497 618 2530 ass'ectibus
637 2506 777 2539 agamus,
791 2505 926 2538 eumque
947 2493 1122 2526 humillime

385 2551 602 2594 deprecemur,
614 2555 645 2581 ut
664 2548 855 2593 praedictam
873 2548 987 2580 almam
1005 2546 1121 2579 Urbem

387 2610 535 2643 nostram,
557 2614 591 2636 ac
617 2603 755 2636 civitates
779 2607 807 2634 et
832 2601 1008 2646 provincias
1033 2609 1124 2643 prae-

1948 2431 2092 2459 Praescriptio

1906 2461 1994 2482 ulterius
2011 2460 2090 2480 forman

1199 2434 1214 2477 ἓ
1238 2433 1266 2466 2.
1292 2434 1340 2475 lis⁷
1359 2434 1412 2477 qui
1433 2440 1596 2477 praeterea
1613 2434 1694 2466 intra
1709 2433 1809 2466 dictos
1829 2436 1892 2466 tres

1157 2497 1278 2520 menses
1319 2493 1440 2530 septem
1481 2487 1751 2520 hebdomadarum
1799 2484 1891 2518 sextis
1906 2493 1947 2535 1352
1956 2486 2091 2539 effssssiffissffi

1155 2540 1241 2573 seriis
1266 2540 1480 2581 ieiunaverint‚
1497 2546 1527 2573 et
1540 2540 1676 2583 aliquam
1689 2539 1892 2572 ecclesiarum
1906 2540 2017 2561 sessanum
2043 2543 2092 2559 0⁰¹¹*

1907 2567 1927 2587 sa
1965 2569 1970 2587 1
1987 2565 2017 2587 tb
2035 2571 2054 2591 s,
2069 2567 2091 2585 ut

1157 2607 1211 2630 seu
1235 2595 1434 2628 basilicarum
1460 2588 1669 2637 praefatarum
1697 2591 1807 2626 iisdem
1831 2591 1890 2624 he-
1907 2567 2002 2616 Mil-’¹³¹
2019 2571 2032 2588 u
