2248 3229
225 241 273 270 An.
291 241 320 272 C.
336 241 406 269 ‘1636

280 1734 404 1754 Intimatmni

222 1767 258 1787 per
279 1760 405 1786 publicatio-

221 1793 268 1808 nem
300 1786 405 1806 monitui-ti

222 1813 332 1834 faciendae
354 1813 405 1832 eita-

221 1843 284 1860 tionis
305 1844 405 1866 persona-

221 1866 247 1887 lis
263 1867 302 1887 iim
318 1866 385 1887 addit.

452 233 519 267 558·
997 238 1175 263 numentum

417 296 451 323 ut
466 290 653 334 praefertur,
670 288 731 320 sint
747 287 794 319 vel
810 286 936 326 suerint,
955 296 1051 329 super
1067 297 1158 329 prae·
1176 289 1177 296 ¹

417 343 528 381 missis,
553 342 711 382 rebusque
736 339 804 372 aliis
830 339 861 371 in
886 339 963 371 actis
988 349 1101 371 causae
1127 344 1156 371 et

417 404 582 427 causarum
615 393 797 425 huiusmodi
828 393 920 426 latius
952 392 1094 424 deductis
1126 396 1156 423 et

417 447 615 488 deducendis,
641 457 713 479 cum
738 446 803 479 suis
821 450 850 478 ct
867 445 991 478 illarmu
1018 444 1157 478 inciden-

417 500 508 541 tibus7
534 499 800 543 dependentibus,
825 498 1070 540 emergentibus,
1095 507 1154 529 an-

416 554 566 596 nexisque
601 558 631 585 et
665 553 835 593 connexis,
865 556 992 595 totoque
1023 551 1174 596 negociQ

416 606 590 649 principali,
609 606 710 638 eidem
729 605 967 648 congregationi
982 604 1154 638 confinium
1172 631 1174 644 ,

416 669 498 692 nunc
523 664 553 691 et
577 670 635 703 pro
664 663 805 702 tempore
826 659 970 692 existenti
987 657 1156 691 committi-

416 722 485 745 mus
510 717 540 744 et
564 712 760 753 mandamus,
778 717 821 751 ut,
838 717 900 744 tam
919 722 1046 744 suarum
1064 711 1156 744 sacul-

418 771 513 798 tatum
539 766 746 807 generalium,
764 775 858 809 quam
880 764 1095 808 praesentium
1116 763 1157 796 vi-

416 829 511 861 gore,
537 819 622 851 illam
647 824 677 852 et
702 819 770 851 illas
794 823 983 862 cognoscat,
1009 817 1155 857 termine,

416 876 446 904 et
480 877 576 915 prout
602 872 679 904 iuris
710 871 805 904 suerit
836 871 982 912 decidat,
1015 870 1101 904 omni
1127 874 1157 904 et

416 934 615 968 quacumque
647 925 878 968 appellatione,
911 923 1174 963 reclamationest

416 988 558 1019 recursu,
583 979 736 1018 nullitate,
762 978 855 1011 etiam
880 988 917 1011 ex
942 978 1053 1018 tribus,
1077 977 1157 1010 aliis-

416 1042 477 1075 que
500 1031 648 1065 remediis
667 1031 836 1064 ordinariis
853 1036 882 1064 et
899 1030 1156 1064 extraordinariis

417 1085 542 1129 penitus
559 1090 588 1119 et
605 1085 734 1118 omnino
759 1085 900 1125 remotis,
921 1095 994 1117 cum
1011 1084 1156 1118 facultate

416 1139 572 1182 praefatos
596 1139 768 1171 Marianum
793 1144 823 1171 et
847 1137 1006 1179 Iacobum7
1032 1147 1157 1170 omnes·

418 1202 477 1234 que
494 1192 572 1225 alios
590 1192 620 1224 in
643 1191 853 1235 exequutione
870 1191 1084 1235 praesentium
1105 1201 1159 1224 no-

417 1245 582 1277 minandos
593 1248 622 1278 et
635 1245 915 1288 cognominandos,
931 1245 1158 1288 cuiuscumque

417 1298 592 1340 qualitatis,
618 1303 733 1339 status,
758 1298 892 1340 gradus,
919 1297 1106 1331 conditionis
1131 1302 1161 1330 et

417 1351 588 1393 dignitatis,
605 1351 698 1384 etiam
717 1351 957 1393 ecclesiastieae,
983 1351 1077 1384 etiam
1095 1361 1161 1394 spe-

419 1404 489 1436 ciali
510 1405 584 1437 nota
606 1410 636 1437 et
659 1405 860 1448 expressione
881 1404 1003 1447 dignos,
1020 1409 1055 1437 ut
1072 1414 1161 1448 prae-

420 1458 527 1497 fertur,
552 1458 744 1501 quicumque
769 1461 798 1491 et
822 1461 1035 1501 quotcumque
1053 1457 1114 1490 sint
1131 1462 1161 1489 et

419 1511 555 1552 suerint,
580 1512 717 1553 citandi,
743 1512 836 1544 etiam
858 1522 915 1555 per
939 1511 1076 1544 edictum
1101 1522 1160 1555 pu-

418 1564 534 1597 blicum
550 1591 557 1603 ,
582 1565 716 1598 eonstito
742 1565 834 1597 ctiam
860 1565 1031 1598 summarie
1057 1569 1086 1597 et
1111 1574 1160 1596 ex-

420 1619 672 1660 traiudieialiter,
702 1624 731 1652 et
754 1625 906 1663 quantum
932 1619 990 1652 sibi
1016 1618 1159 1652 sufficere

420 1672 587 1711 ridebitur,
612 1672 651 1706 de
675 1682 737 1705 non
762 1677 828 1705 tuto
853 1682 981 1705 accessu

465 1725 479 1768 ἓ
495 1725 525 1757 li.
544 1726 707 1768 (Volumus
725 1730 839 1765 autem,
857 1730 900 1765 ut,
919 1725 999 1758 sacta
1020 1735 1077 1768 per
1098 1724 1160 1756 affi-

421 1777 545 1811 xionem
559 1779 668 1811 saltem
682 1779 779 1811 semel
791 1778 985 1811 intimatione
998 1777 1158 1810 monitorii

420 1831 555 1874 desuper
575 1831 759 1874 expediendi
786 1831 817 1863 in
834 1831 931 1863 valvis
954 1830 1157 1863 ecclesiarum

420 1884 646 1916 cathedralium
670 1884 833 1917 lmolensis
862 1889 891 1916 et
915 1883 1158 1923 Faventinensis,

420 1937 507 1970 acin
531 1937 626 1969 valvis
646 1937 793 1970 basilicae
818 1937 972 1980 Principis
997 1937 1159 1980 Apostolo-

420 2000 505 2031 rum,
530 1995 559 2023 et
583 1990 613 2022 in
638 1990 703 2022 acie
727 1990 833 2033 Campi
859 1990 969 2023 Florae
994 1989 1032 2022 de
1058 1989 1175 2029 libe„

419 2043 524 2076 onmia
548 2047 616 2076 aeta
640 2043 751 2075 deinde
781 2048 889 2076 eontra
919 2043 1076 2086 praefatos
1099 2043 1159 2075 Ma-

419 2097 543 2130 rianum
568 2102 597 2129 et
622 2097 787 2136 Iacobum,
812 2106 984 2139 omnesque
1016 2097 1094 2128 alios
1126 2097 1175 2128 ut*

419 2150 595 2193 praefertur
612 2150 830 2192 nominandos,
857 2150 1006 2190 facienda,
1027 2150 1158 2190 valeant,
1174 2173 1175 2199 ἦ

421 2203 608 2247 plenamque
634 2203 757 2237 roboris
782 2203 963 2236 firmitatem
988 2203 1175 2247 obtineant‚}

420 2262 513 2300 prout
538 2267 575 2290 cx
599 2267 681 2289 nunc
706 2257 806 2289 valida
831 2257 1031 2289 decernimus
1056 2261 1086 2288 et
1106 2252 1176 2288 (le-³

420 2310 585 2351 elaramus,
603 2309 732 2353 perinde
750 2320 785 2342 ac
803 2310 827 2342 si
849 2310 907 2353 ipsi
925 2315 955 2342 et
971 2309 1099 2353 quilibet
1126 2309 1160 2341 il-

420 2363 523 2395 lorum
542 2363 572 2395 in
592 2363 734 2406 quolibet
753 2368 823 2395 actu
841 2363 1048 2406 personaliter
1065 2362 1159 2401 citati,
1175 2336 1176 2385 l

420 2416 528 2448 moniti
554 2421 583 2448 et
607 2416 739 2449 intimati
765 2416 917 2459 fuissent),
943 2416 1065 2459 illisque
1083 2425 1159 2458 quo-

421 2470 476 2502 ties
494 2475 523 2502 et
540 2470 664 2513 quando
682 2481 761 2514 opus
779 2470 882 2510 suerit,
903 2470 997 2502 etiam
1021 2469 1078 2502 sub
1093 2478 1177 2518 sen-2

422 2523 533 2563 tentiis,
558 2523 698 2556 censuris
724 2528 754 2555 et
777 2523 886 2567 poenis
912 2523 970 2554 sibi
995 2522 1177 2562 benevisis,'

422 2575 582 2608 inhibendi
607 2580 637 2608 et
660 2576 888 2619 praecipiendi,
912 2576 1043 2618 aliisque
1068 2575 1161 2608 facul-

423 2627 536 2661 tatibus
552 2629 736 2662 necessariis
754 2633 783 2662 et
795 2629 991 2672 opportunis.

1195 237 1350 263 ROMANUM

1192 338 1405 372 stitutionibus
1423 344 1453 371 et
1472 338 1721 371 ordinationibus
1738 339 1928 383 apostolicis,

1191 401 1227 424 ae
1251 391 1344 423 etiam
1369 391 1399 423 in
1431 390 1572 424 conciliis
1603 391 1803 433 generalibus
1827 391 1927 432 editis,

1191 448 1220 478 et
1233 444 1420 488 praesertim
1438 444 1587 477 Bonisacii
1605 444 1707 488 Papae
1720 443 1785 476 VIII
1802 444 1839 477 de
1855 448 1928 485 una,

1191 502 1220 530 et
1251 498 1375 530 concilii
1407 497 1564 540 generalis
1594 497 1633 530 de
1667 496 1789 530 duabus
1818 497 1908 530 dietis
1922 525 1929 537 ,

1191 551 1367 594 ceterisque
1393 551 1558 584 contrariis
1582 550 1845 595 quibuscumque,
1875 555 1931 583 sta-

1191 609 1257 636 tum
1276 604 1340 636 litis
1356 609 1387 636 ct
1402 604 1504 636 litium
1528 613 1810 648 quarumcumque,
1828 613 1863 636 ac
1878 613 1932 636 no-

1191 657 1276 690 mina
1301 662 1331 690 et
1355 657 1544 700 cognomina
1563 657 1712 699 iudicum,
1729 656 1930 700 litigantium,

1191 710 1389 754 aliorumque
1409 710 1641 744 contrariorum
1659 715 1689 743 et
1712 710 1763 743 hic
1783 710 1875 742 etiam
1893 709 1931 741 de

1190 764 1374 797 necessitate
1400 764 1677 808 exprimendorum
1701 769 1731 797 et
1754 762 1933 797 inserendo-

1190 829 1261 851 rum
1280 823 1406 852 tenores
1426 824 1457 851 et
1481 817 1670 862 compendia
1689 828 1747 862 pro
1771 817 1863 861 plene
1883 826 1932 849 ex-

1191 872 1310 915 pressis
1336 876 1366 906 ct
1389 872 1514 904 insertis
1538 871 1705 912 habentes,
1729 870 1843 914 quibus
1867 880 1933 904 om-

1190 925 1283 958 nibus
1301 931 1331 958 et
1347 925 1478 968 singulis
1497 924 1679 969 plenissime
1696 924 1897 967 derogamus.

1234 978 1346 1010 Datum
1356 979 1484 1020 Romae,
1499 978 1580 1022 apud
1591 978 1620 1011 S.
1633 977 1762 1010 Mariam
1773 977 1932 1017 Maiorem,

1191 1031 1248 1064 sub
1274 1032 1389 1065 annulo
1419 1031 1607 1072 piscatoris,
1633 1030 1682 1064 die
1705 1042 1722 1063 x
1746 1029 1933 1074 septembris

1191 1095 1368 1126 nncxxxvl,
1382 1086 1582 1130 pontificatus
1598 1085 1699 1118 nostri
1716 1095 1797 1118 anno
1823 1094 1887 1119 xlv.

1227 1148 1286 1175 Dat.
1305 1147 1348 1175 die
1366 1147 1398 1175 10
1413 1147 1575 1183 septembris
1592 1147 1670 1180 1636,
1686 1146 1782 1183 pontif.
1795 1154 1864 1174 anno
1879 1152 1931 1173 xlv.

1524 1290 1607 1324 DLV.

1198 1370 1421 1405 Coutmz'tlilur
1437 1375 1525 1404 rotae
1542 1371 1661 1404 decano
1675 1371 1835 1404 absolutio
1849 1381 1931 1415 qua-

1241 1428 1313 1456 tuor
1326 1425 1606 1467 portz'ouariorum
1629 1429 1657 1457 cl
1675 1424 1816 1458 duorum
1842 1424 1934 1457 hene-

1238 1477 1425 1518 ficialorum
1441 1477 1589 1510 ecclesiae
1611 1478 1936 1520 Caesaraugyustanae

1239 1540 1259 1562 (ι
1284 1531 1428 1562 censuris
1453 1534 1481 1562 ct
1498 1531 1611 1573 poeuis
1628 1530 1780 1569 incursis,
1797 1540 1830 1562 eo
1850 1529 1936 1573 quod

1237 1583 1436 1615 recurrerint
1460 1582 1503 1614 cul
1527 1582 1649 1615 iudices
1666 1582 1765 1615 laicos
1786 1592 1846 1626 pro
1864 1591 1934 1614 exc-

1238 1637 1396 1678 quutz'oue
1412 1635 1564 1668 mamlctli
1583 1635 1699 1668 rotalis
1712 1634 1730 1667 ¹.

1242 1715 1356 1743 Dilecto
1376 1715 1438 1743 filio
1458 1715 1562 1743 loanni
1583 1715 1737 1749 Baptistae
1758 1715 1892 1750 coccino,

1211 1767 1369 1788 causarum
1394 1761 1473 1788 sacri
1492 1760 1600 1794 palatii
1627 1760 1756 1787 auditori
1785 1761 1915 1794 decano,

1397 1813 1533 1840 Urbanus
1554 1813 1633 1846 Papa
1652 1813 1729 1840 VIII.

1409 1874 1528 1902 Dilecte
1545 1875 1589 1902 fili
1603 1877 1718 1907 noster,

1236 1919 1366 1947 satutem
1382 1922 1412 1947 et
1428 1920 1624 1954 apostolicam
1639 1920 1888 1948 benedictionem.

1236 1990 1250 2034 ἓ
1276 1991 1304 2023 fl.
1330 1991 1450 2035 Exponi
1467 1991 1557 2024 nobis
1577 2001 1678 2035 nuper
1702 1991 1844 2025 fecerunt
1860 1991 1935 2024 dile·

1192 2044 1233 2076 cti
1257 2044 1313 2076 tilii
1337 2044 1513 2077 Ludovieus
1539 2045 1644 2085 Pueio,
1670 2045 1878 2089 Hieronymus
1895 2044 1933 2077 de

1192 2097 1314 2137 Funes,
1339 2098 1474 2130 Thomas
1498 2097 1536 2130 de
1569 2097 1725 2130 Zaumada
1750 2103 1780 2131 et
1804 2098 1934 2131 Ioannes

1192 2150 1323 2182 Mielia'el
1337 2150 1466 2194 Crospo,
1480 2150 1678 2194 portionarii,
1692 2161 1728 2184 ac
1741 2150 1933 2195 Iliacynthus

1194 2202 1288 2235 Perez
1313 2208 1343 2235 et
1368 2203 1497 2236 Ioannes
1522 2203 1676 2246 Mercado,
1693 2203 1869 2237 beneficiati
1893 2203 1936 2236 in-

1194 2260 1301 2298 tegrae
1325 2256 1556 2289 distributionis
1587 2257 1736 2290 ecclesiae
1760 2257 1934 2291 Caesarau-

1194 2315 1354 2351 gustanae,
1371 2310 1455 2353 quod
1472 2310 1503 2342 in
1521 2310 1608 2343 Bulla
1625 2311 1723 2344 felicis
1747 2310 1936 2344 recordatio-

1193 2363 1241 2396 nis
1270 2364 1437 2396 Clcmentis
1458 2364 1558 2407 Papae
1587 2364 1653 2397 vlll
1683 2362 1935 2408 praedecessoris

1193 2416 1307 2458 nostri⁷
1333 2426 1395 2460 qua
1419 2416 1501 2449 dicta
1539 2417 1671 2450 eeclesia
1701 2417 1931 2458 Caesaraugus-

1194 2474 1266 2501 tana
1291 2480 1307 2501 e
1332 2474 1414 2501 statu
1439 2469 1578 2512 regulari
1602 2469 1727 2502 redacta
1755 2474 1801 2502 est
1827 2469 1867 2501 ad
1892 2478 1935 2501 se-

1195 2522 1360 2564 cularem,
1394 2522 1517 2554 fuerant
1552 2527 1770 2566 praeservatae
1805 2521 1935 2554 cuilibet

1194 2575 1391 2618 portionario
1409 2580 1439 2607 et
1454 2575 1641 2608 beneficiato
1658 2573 1839 2608 huiusmodi
1861 2583 1935 2618 quo-

1231 2638 1241 2662 1
1266 2636 1301 2662 Ex
1322 2636 1428 2671 Regest.
1450 2636 1475 2662 in
1496 2636 1597 2665 Secret.
1619 2635 1695 2663 Bret‘.

1942 237 1991 264 An.
2010 237 2037 264 C.
2059 236 2129 265 1636

1237 287 1252 329 g
1266 286 1294 318 5.
1309 286 1377 318 Non
1395 285 1588 318 obstantibus
1604 286 1794 328 praemissis,
1810 295 1846 319 ae
1860 295 1930 320 con·
1944 298 2053 320 eontmua
2065 298 2127 320 toltit.

1977 1996 2036 2017 Facti
2051 1996 2125 2017 series.
