2221 3224
180 262 228 287 An.
245 262 275 288 c.
294 261 360 288 1629
407 251 447 285 68

187 1144 190 1147 γ
204 1116 316 1138 Decretum
330 1117 356 1137 ir-

174 1147 246 1164 rimus.

223 2073 364 2099 Transumptis

183 2102 241 2122 credi
256 2102 320 2121 iubet.

378 310 518 342 censuris
538 315 568 342 et
592 309 711 353 poenis,
729 319 746 341 a
767 308 833 340 iure
851 308 897 339 vel
918 307 956 339 ab
977 307 1113 349 homine,

376 364 485 406 quavis
510 363 672 395 occasione
698 362 743 393 vel
770 362 863 393 causa
889 360 979 399 latis,
1005 360 1029 392 si
1050 360 1114 404 qui-

952 259 1130 283 nULLAntUM
1153 259 1306 283 ROMANUM

1897 259 1950 286 An.
1967 258 1995 286 C.
2011 258 2080 287 1629

1399 306 1622 341 CCCXXXVIII.

375 416 434 448 bus
458 416 693 459 quomodolibet
715 414 880 447 innodatae
905 413 1050 453 existunt,
1075 413 1113 445 ad
1149 397 1358 439 confirmabo
1372 398 1885 442 resmuhonisprovmfflae3⁰2⁰·

375 469 518 501 effectum
555 468 765 511 praesentium
802 467 962 499 dumtaxat
998 477 1109 500 conse-

375 522 542 566 quendum,
568 522 679 553 harum
705 521 785 553 serie
805 520 998 554 absolventes
1016 523 1045 554 et
1063 520 1113 552 ab·

375 576 490 608 solutas
514 576 580 607 sore
598 579 769 614 censentes,
795 573 973 606 huiusmodi
999 574 1113 617 suppli-

374 629 546 662 cationibus
568 628 716 667 inclinati,
738 627 975 661 constitutiones
992 627 1113 671 praein-

375 687 472 714 sertas
497 681 687 721 huiusmodi,
709 681 883 724 apostolica
908 680 1111 720 auctoritate,

374 739 480 767 tenore
491 734 714 777 praesentium,
729 739 882 777 perpetuo
897 733 1111 777 approbamus

373 792 403 821 et
426 787 659 825 confirmamus,
684 787 808 829 illisque
832 786 1020 819 inviolabilis
1041 796 1112 829 apo-

373 840 500 873 stolicae
535 839 690 873 firmitatis
722 840 820 872 robur
853 839 1040 879 adiicimus,
1077 850 1112 872 ac

373 903 481 925 omnes
505 899 534 925 et
559 893 698 935 singulos
723 898 785 925 tam
822 893 898 925 iuris
922 903 1015 936 quam
1041 892 1111 926 facti

372 951 402 977 et
425 946 501 978 alios
526 956 742 989 quoscumque
767 945 926 986 defectus,
951 945 975 978 si
1001 945 1054 988 qui
1080 945 1111 977 in

372 999 554 1042 praemissis
586 1004 638 1032 aut
663 1010 772 1032 eorum
802 999 907 1042 aliquo
939 998 1112 1043 quomodo-

371 1052 447 1084 libet
471 1052 704 1092 intervenerint,
729 1052 921 1096 supplemus.

415 1105 476 1149 §4
495 1106 701 1139 Decernentes
729 1106 854 1139 easdem
876 1105 1113 1139 constitutiones

372 1169 407 1192 ac
431 1166 611 1203 praesentes
643 1160 760 1194 litteras
792 1160 926 1200 validas,
951 1159 1059 1192 firmas
1083 1164 1113 1191 et

372 1213 512 1245 efficaces
537 1214 670 1246 existere
694 1219 724 1246 et
748 1213 825 1253 sore,
851 1223 986 1256 suosque
1010 1212 1114 1255 plena—

372 1266 435 1299 rios
451 1271 481 1299 et
495 1267 632 1309 integros
650 1267 778 1299 effectus
796 1266 902 1299 sortiri
917 1271 946 1298 et
959 1266 1111 1307 obtinere⁷

372 1326 463 1363 atque
495 1321 533 1353 ab
565 1321 682 1353 eisdem
708 1320 856 1353 fratribus
887 1329 970 1352 nunc
1001 1324 1031 1352 et
1054 1329 1112 1362 pro

371 1378 513 1417 tempore
537 1374 741 1406 existentibus
766 1373 898 1406 firmiter
923 1378 952 1405 et
976 1372 1108 1405 inviola-

371 1425 477 1459 biliter
501 1432 656 1470 perpetuo
681 1427 841 1460 observari
871 1432 899 1459 et
926 1426 1111 1469 adimpleri;

373 1479 479 1523 sicque
515 1486 544 1512 et
575 1491 637 1513 non
668 1481 758 1513 aliter
787 1480 817 1512 in
848 1479 1030 1523 praemissis
1055 1489 1113 1522 per

373 1543 588 1576 quoscumque
622 1533 739 1566 indices
764 1533 941 1566 ordinarios
974 1537 1003 1565 et
1033 1532 1113 1564 dele—

373 1591 482 1628 gam,
511 1586 602 1618 etiam
631 1597 797 1618 causarum
820 1585 925 1630 palatii
950 1585 1112 1629 apostolici

372 1640 540 1681 auditores,
559 1651 595 1673 ac
612 1640 640 1673 S.
664 1641 695 1672 R.
716 1640 747 1673 E.
767 1640 950 1681 cardinales,
965 1639 1057 1672 etiam
1075 1638 1113 1671 de

373 1692 468 1725 latere
486 1694 614 1736 legatos,
635 1694 799 1737 dictaeque
815 1693 896 1726 sedis
916 1692 1051 1732 nuntios,
1072 1692 1114 1724 iu-

374 1746 470 1779 dicari
502 1753 532 1779 et
563 1747 686 1779 definiri
711 1748 845 1788 debere,
871 1746 1059 1789 irritumque
1085 1751 1115 1778 et

373 1799 474 1839 inane,
491 1801 515 1833 si
531 1800 605 1843 quid
624 1811 713 1833 secus
731 1811 824 1844 super
846 1800 893 1832 liis
911 1810 927 1832 a
944 1810 1114 1843 quoquam,

375 1839 483 1897 qti'aris
497 1854 692 1894 auctoritate,
707 1854 841 1886 scienter
855 1854 902 1886 vel
922 1853 1114 1896 ignoranter,

376 1907 544 1949 contigerit
559 1907 713 1939 attentari.
742 1907 809 1939 Non
834 1906 1030 1939 obstantibus
1047 1916 1117 1939 con-

377 1960 590 1993 stitutionibus
607 1966 637 1993 et
653 1959 904 1993 ordinationibus
929 1959 1116 2003 apostolicis,

379 2013 553 2056 ceterisque
578 2013 743 2046 contrariis
768 2013 1029 2056 quibuscumque.

424 2068 438 2110 §
458 2068 486 2100 5.
510 2068 658 2100 Volumus
673 2072 787 2107 autem,
802 2066 885 2110 qnod
906 2065 1117 2110 praesentium

381 2122 594 2164 transumptis,
615 2122 706 2153 etiam
725 2120 896 2163 impressiS,
915 2130 1009 2152 manu
1027 2119 1120 2151 alieu-

382 2175 429 2207 ius
454 2175 566 2207 notarii
595 2174 710 2217 publici
741 2173 936 2216 subscriptis,
958 2178 986 2205 et
1015 2173 1118 2215 sigillo

382 2239 534 2271 personae
556 2229 586 2260 in
603 2228 753 2269 dignitate
774 2227 982 2260 ecclesiastica
1007 2226 1120 2259 consti-

382 2286 464 2314 tutae
482 2282 620 2319 munitis,
637 2281 745 2313 eadem
764 2290 895 2323 prorsus
911 2279 1026 2322 ubique.
1044 2278 1120 2311 tides

383 2334 576 2373 adhibeatur,
587 2344 666 2377 quae
679 2333 894 2377 praesentibus
908 2332 1120 2374 adhiberetur,

385 2388 409 2419 si
434 2388 531 2420 foi-ent
560 2387 715 2420 exhibitae
742 2388 787 2419 vel
814 2390 966 2419 ostensae.

429 2440 538 2472 Datum
565 2442 692 2480 Itoniae,
718 2439 800 2483 apud
826 2439 855 2472 S.
881 2439 1009 2471 Mariam
1033 2437 1124 2471 Maio-

388 2503 464 2533 rem,
495 2494 551 2525 sub
579 2495 693 2527 annulo
724 2493 908 2533 Pis-catoris,
929 2492 979 2525 die
1000 2502 1022 2525 11
1047 2491 1123 2524 iunii

390 2556 539 2588 nncxxix,
558 2548 757 2590 pontificatus
773 2547 871 2580 nostri
890 2556 971 2579 anno
989 2555 1030 2579 Vl.

427 2609 485 2635 Dat.
506 2610 550 2636 die
569 2610 586 2636 2
605 2610 670 2636 iunii
692 2610 769 2643 1629,
791 2609 887 2645 pontif.
908 2617 980 2636 anno
1000 2614 1036 2635 vt.

1189 451 1265 483 niae
1277 451 1419 493 fratrum
1429 451 1465 483 M
1467 451 1596 484 [norum
1609 451 1647 484 de
1662 451 1883 491 Obseruantia,

1190 503 1353 536 mediante
1375 505 1616 547 recuperatione
1638 509 1853 538 conventuum
1870 515 1884 536 e

1189 556 1341 589 manibus
1367 556 1614 597 haereticorum,
1630 562 1684 591 ete.
1698 557 1717 590 ¹.

1357 646 1493 673 Urbanus
1509 647 1587 681 Papa
1600 647 1676 681 VIII,

1265 699 1300 726 ad
1320 702 1496 733 perpetuam
1515 700 1559 727 rei
1579 700 1759 736 memoriam.

1189 785 1204 829 g
1229 785 1257 818 1.
1283 786 1402 829 Exponi
1425 786 1515 819 nobis
1539 797 1638 830 nuper
1659 787 1732 820 secit
1752 787 1883 820 dilectus
1926 802 2036 831 Decretum
2047 807 2082 822 ea-

1146 838 1227 871 filius
1245 839 1397 882 Iosephus
1419 840 1593 882 Bergaigne
1610 840 1733 874 Ordinis
1750 841 1883 874 fratrum
1898 829 2080 855 ''⁵¹⁰¹'⁸²“⁹'³¹¹⁵'

1146 892 1298 925 Minorum
1313 892 1341 925 S.
1357 892 1514 926 Francisci
1531 893 1569 926 de
1590 892 1792 926 Observantia
1809 904 1885 927 nun·

1145 952 1329 990 eupatorum
1356 946 1502 980 definitor
1532 947 1705 990 generalis,
1731 958 1767 980 ac
1791 958 1886 992 super

1147 999 1324 1043 provincias
1348 1000 1544 1041 Germaniae,
1563 1000 1673 1043 Belgii,
1698 1000 1884 1045 Hyberniae,

1145 1053 1296 1095 Angliae,
1329 1053 1450 1086 Scotiae
1483 1058 1513 1086 et
1540 1053 1616 1086 alias
1651 1054 1886 1087 commissarius

1146 1105 1238 1138 etiam
1264 1105 1434 1148 generalis,
1460 1106 1544 1149 quod
1574 1106 1663 1148 alias,
1689 1106 1720 1138 in
1750 1107 1885 1150 capitulo

1146 1158 1284 1201 generali
1302 1158 1440 1192 eiusdem
1455 1158 1579 1192 Ordinis
1593 1159 1704 1192 ultimo
1718 1160 1885 1199 celebrato,

1146 1216 1295 1244 statutum
1322 1216 1351 1244 et
1376 1211 1538 1244 decretum
1558 1212 1626 1252 fuit,
1643 1217 1677 1244 ut
1692 1212 1886 1256 postliminio

1145 1265 1324 1307 provinciae
1342 1264 1492 1298 Saxoniae
1513 1265 1542 1298 S.
1563 1265 1670 1298 Crucis
1689 1265 1886 1309 nuncupata²

1146 1317 1220 1350 dicti
1237 1317 1361 1350 Ordinis
1382 1318 1612 1359 restitueretur,
1629 1322 1724 1362 prout
1744 1319 1886 1352 restituta

1147 1371 1259 1403 existit.
1275 1371 1372 1411 Unde,
1385 1374 1532 1404 concessa
1546 1372 1747 1415 postmodum
1762 1382 1819 1416 per
1830 1382 1887 1405 nos

1147 1424 1247 1457 eidem
1266 1424 1399 1468 Iosepho
1418 1436 1475 1468 per
1500 1425 1575 1457 alias
1597 1430 1720 1457 nostras
1742 1425 1771 1457 in
1793 1424 1887 1457 simili

1146 1478 1246 1511 forma
1272 1478 1380 1511 Brevis
1405 1478 1564 1522 expeditas
1595 1478 1714 1510 litteras
1743 1478 1888 1511 facultate

1148 1542 1257 1564 omnes
1281 1532 1431 1564 nimirum
1461 1532 1622 1574 regulares
1654 1531 1765 1564 domus
1789 1531 1889 1575 ipsius

1148 1585 1272 1618 Ordinis
1295 1585 1326 1617 in
1343 1585 1484 1628 partibus
1507 1584 1691 1618 Germaniae
1712 1584 1887 1626 existentes,

1149 1643 1179 1671 et
1208 1638 1239 1670 in
1264 1643 1353 1670 antea
1384 1648 1441 1681 per
1466 1638 1640 1670 haereticos
1665 1648 1719 1670 seu
1744 1637 1822 1671 alios
1846 1637 1889 1670 in-

1148 1691 1250 1724 debite
1276 1696 1453 1734 occupatas,
1478 1690 1705 1734 recuperandi,
1731 1696 1759 1724 et
1777 1690 1887 1723 exinde

1149 1745 1293 1788 plurimis
1319 1745 1518 1787 regularibus
1541 1744 1687 1778 domibus
1707 1744 1888 1778 huiusmodi

1150 1798 1353 1842 recuperatis,
1371 1798 1475 1830 divina
1496 1798 1615 1831 favente
1641 1798 1820 1838 clementia,
1845 1797 1889 1830 di-

1150 1857 1217 1884 ctus
1242 1852 1393 1895 Iosephus
1411 1850 1569 1883 dominica
1589 1853 1675 1883 sexta
1693 1856 1763 1895 post
1783 1850 1890 1884 Pente-

1150 1910 1267 1938 costem
1285 1905 1357 1937 anni
1374 1903 1517 1948 proxime
1541 1904 1702 1947 praeteriti
1723 1914 1889 1937 nncxxvln

1151 1959 1345 2003 praedictum
1377 1958 1547 2001 capitulum
1576 1958 1768 2001 provinciale
1793 1958 1889 2001 ipsius

1152 2012 1333 2056 provinciae
1365 2011 1393 2044 S.
1426 2011 1532 2044 Crucis
1566 2011 1596 2043 in
1625 2011 1718 2044 domo
1750 2011 1888 2053 regulari

1153 2065 1268 2099 montis
1288 2066 1316 2099 S.
1338 2065 1451 2098 Mariae
1473 2075 1572 2109 prope
1592 2064 1722 2097 Fuldam
1748 2064 1888 2098 eiusdem

1153 2119 1277 2153 Ordinis
1302 2118 1479 2152 celebravit.

1199 2173 1213 2216 ἓ
1237 2173 1266 2205 ⁶2.
1284 2172 1360 2206 Cum
1378 2177 1492 2211 autem,
1511 2171 1592 2204 sicut
1611 2171 1719 2204 eadem
1738 2171 1891 2215 expositio
1906 2178 2091 2232 galgssipfflllffi

1154 2224 1377 2267 subiungebat,
1402 2223 1580 2267 praedictus
1611 2224 1760 2267 Iosephus
1778 2224 1891 2267 ,pluri-
1907 2232 2090 2281 ffiffiggnaegg

1155 2288 1241 2310 mum
1258 2277 1361 2321 cupiat
1377 2277 1570 2320 provinciam
1585 2277 1767 2310 huiusmodi
1781 2277 1819 2310 ad
1837 2276 1891 2310 Dei
1906 2286 2024 2333 ggltffituissri
2036 2285 2090 2310 pom

1155 2331 1288 2374 gloriam
1314 2331 1358 2363 sic
1382 2331 1567 2371 restitutam,
1588 2341 1650 2374 quo
1675 2330 1797 2363 firmius
1822 2330 1892 2363 sub·
2029 2327 2034 2332 ”

1156 2385 1252 2425 sistat,
1277 2384 1381 2417 onmia
1405 2384 1537 2428 pristina
1554 2384 1620 2416 eius
1637 2384 1706 2417 iura
1722 2384 1782 2417 sibi
1805 2394 1891 2417 com-

1157 2437 1293 2481 petentia
1306 2447 1362 2480 per
1373 2447 1430 2470 nos
1443 2437 1614 2480 apostoliea
1627 2437 1811 2471 auctoritate
1824 2446 1893 2469 con-

1157 2491 1277 2524 firmari
1286 2502 1293 2531 3
1318 2491 1388 2525 ideo
1412 2491 1503 2524 nobis
1530 2491 1693 2524 humiliter
1723 2490 1894 2535 supplicari

1193 2573 1205 2598 1
1228 2570 1265 2597 Ex
1285 2571 1392 2605 Regest.
1412 2571 1439 2598 in
1458 2571 1560 2598 Secret.
1581 2571 1657 2598 Brev.

1193 2616 1210 2642 2
1224 2616 1273 2643 Vel
1293 2615 1436 2651 legendum
1454 2619 1650 2652 nuncupatae,
1670 2615 1711 2644 vel
1729 2618 1808 2644 antea
1826 2623 1895 2651 pro-

1159 2660 1256 2689 vincia
1269 2661 1328 2689 loco
1340 2661 1507 2696 provinciae
1521 2662 1560 2697 (n.
1572 2661 1620 2694 τ.).
