2248 3229
78 221 130 250 An.
153 221 182 250 G.
201 220 269 250 1639

890 219 1033 244 URBANUS
1057 219 1114 243 vm
1137 219 1185 243 rr.

279 279 296 302 a
312 267 402 302 nobis
418 268 545 313 potitur,
567 268 790 313 approbamus,
808 267 932 312 illisque
950 278 1019 312 per·
1034 271 1037 291 ¹

278 328 391 367 petuae
424 322 580 356 firmitatis
611 322 710 355 robur
738 321 912 355 adiicimus.
938 322 1018 355 Sane

279 386 338 420 pro
363 381 450 419 parte
475 376 664 409 venerabilis
689 375 794 408 fratris
819 375 917 409 nostri
939 374 1018 415 Lau·

279 429 378 462 rentii·
398 429 537 474 episcopi
563 429 725 473 Seguntini
743 428 834 463 nobis
848 439 949 472 nuper
966 439 1019 462 ex-

280 482 378 515 hibita
402 483 510 527 petitio
535 482 732 523 continebat,
752 482 836 526 quod
861 482 947 522 alias,
967 492 1019 514 su-

280 535 438 579 pradictae
472 536 710 579 congregationi
744 546 802 580 pro
834 540 921 579 parte
945 534 1019 567 dicti

280 588 438 622 Laurentii
456 590 595 634 episcopi
613 590 766 634 exposito,
783 588 967 633 quod-cum
989 588 1019 620 in

279 643 438 676 nonnullis
451 643 576 687 oppidis
589 643 778 686 Seguntinae
789 642 952 681 dioecesis,
963 641 1021 674 sub

279 695 420 729 dominio
435 697 600 740 temporali
620 696 773 738 nobilium
785 696 832 729 xel
851 695 1020 728 illustrium

279 747 432 782 laicorum
443 750 659 790 existentibus,
670 750 822 794 quaedam
837 749 1020 792 collegiatae
1038 758 1039 770 ³

279 807 308 834 et
324 803 521 846 parochiales
531 804 681 837 ecclesiae
696 803 1022 848 1·eperiuntur‘,prae-

279 854 354 888 dicti
379 855 460 894 laiei,
482 862 543 889 tam
569 857 733 890 occasione
759 856 941 900 temporalis
965 855 1021 888 do-

280 908 367 941 minii
399 909 599 950 huiusmodi,
631 921 725 954 quam
758 910 1021 953 iurispatronatus

279 961 364 1004 quod
389 962 420 995 in
444 963 535 996 dietis
560 963 700 996 ecclesiis
728 963 844 996 babere
869 968 1018 1006 praeten-

279 1014 377 1055 dunt,
401 1016 663 1060 quotiescumque
693 1016 836 1061 episcopi
858 1015 896 1048 ad
921 1015 1020 1048 eccle-

279 1068 341 1101 sias
366 1069 540 1113 praedictas
558 1081 616 1114 pro
632 1069 745 1103 divinis
761 1069 874 1103 officiis
897 1069 1022 1102 audien-

279 1121 327 1154 dis
361 1123 573 1164 accedebant,
609 1123 777 1157 canonicos
816 1129 846 1156 et
889 1123 1022 1157 elericos

279 1175 434 1208 dictarum
448 1176 663 1217 ecelesiarum,
677 1177 729 1220 qui
748 1177 807 1209 iltis
824 1176 937 1210 diebus
957 1177 1023 1220 plu-

280 1228 412 1262 vialibus
437 1235 466 1262 et
491 1230 605 1274 sceptis
631 1230 854 1271 induerentur,
880 1229 918 1262 ad
943 1230 1021 1270 loca,

280 1281 332 1314 ubi
357 1282 495 1326 episcopi
521 1288 551 1315 et
575 1293 684 1317 corum
711 1294 826 1316 uxores
850 1287 879 1317 et
903 1282 958 1316 filii
977 1293 1023 1316 sc-

280 1335 364 1376 dent‚
389 1347 460 1369 cum
485 1342 635 1380 apparatu
661 1343 689 1370 et
710 1337 919 1370 caeremoniis
933 1347 1039 1370 acce-¹

280 1389 366 1430 dere,
379 1400 425 1431 ac,
440 1392 517 1424 saeta
532 1391 620 1435 prius
637 1391 793 1436 profunda
811 1391 1021 1431 inclinatione,

281 1444 508 1478 consessionem
534 1446 724 1488 generalem,
742 1451 782 1487 et,
803 1445 929 1489 quando
951 1445 1023 1478 inei-

279 1497 371 1540 piunt
396 1497 522 1538 Gloria,
550 1498 660 1539 Credo,
685 1498 876 1542 Maqnifieat
901 1503 930 1531 et
947 1498 1022 1531 alias

280 1550 420 1585 diversas
445 1553 619 1592 orationes,
651 1558 793 1596 tempore
817 1563 880 1597 quo
905 1553 935 1585 in
960 1552 1021 1586 eis-

280 1603 351 1637 dem
378 1606 520 1639 ecclesiis
546 1606 651 1639 divina
683 1606 786 1639 otiicia
815 1606 964 1639 dicuntur
993 1612 1021 1639 et

281 1663 456 1699 cantantur,
470 1669 576 1692 coram
595 1669 628 1692 se
646 1659 778 1693 recitare
788 1659 809 1700 ²,
823 1664 853 1691 et
871 1659 931 1692 illis
947 1659 1024 1692 reci-

282 1711 362 1750 tatis,
380 1712 522 1756 factaque
537 1712 649 1747 iterum
660 1713 877 1753 inclinatione,
894 1712 933 1746 ad
950 1713 1023 1746 eho—

282 1775 352 1798 rum
368 1765 510 1808 reversi³,
523 1777 560 1799 ac
572 1766 656 1801 dicto
669 1767 842 1810 evangelio,
855 1766 1021 1800 diaconum

283 1819 420 1853 vestibus
444 1820 542 1853 sacris
566 1820 709 1854 indutum
734 1821 778 1854 eis
800 1821 916 1854 librum
937 1820 1025 1854 deos-

282 1872 450 1906 culandum
475 1872 612 1914 offerre,
637 1884 673 1907 ac
696 1884 755 1918 per
778 1874 925 1907 eumdem
955 1874 1022 1907 dia-

282 1937 397 1960 conum
422 1927 487 1960 suis
511 1927 580 1960 loco
597 1930 627 1961 et
645 1932 789 1971 tempore
813 1927 976 1961 incensum
994 1933 1024 1960 et

282 1991 393 2025 pacem
419 1981 477 2013 sibi
503 1981 570 2014 dari
599 1981 766 2021 x·olebant;
796 1986 1024 2025 praetereaque

282 2034 372 2067 sedes
389 2035 471 2067 intra
488 2035 644 2068 cancellos
661 2039 691 2069 et
703 2034 893 2068 clericorum
909 2035 1025 2068 choros

283 2087 438 2122 dictarum
463 2088 668 2122 ecclesiarum
695 2088 724 2121 in
746 2088 1023 2132 praeeminentiori

283 2141 353 2176 loco
377 2143 543 2176 existentes
559 2142 598 2176 ab
611 2142 762 2186 episcopo
775 2142 938 2186 deputatas
952 2147 1026 2175 tam-

284 2206 377 2239 quam
402 2196 460 2229 sibi
486 2196 631 2240 proprias
649 2196 741 2229 etiam
760 2195 840 2228 inter
857 2195 1025 2229 canonicos

284 2249 495 2294 occupabant;
513 2249 606 2291 unde,
624 2260 695 2284 cum
721 2249 797 2283 liaec
823 2249 926 2283 minus
951 2259 1024 2283 con-

284 2302 439 2335 venientia
471 2303 675 2343 viderentur,
708 2303 810 2336 dietus
840 2302 1026 2336 Laurentius

285 2356 452 2401 episcopus
477 2357 558 2391 scire
582 2356 791 2398 desiderabat,
810 2366 848 2389 an
866 2357 942 2390 tales
958 2367 1026 2390 eac-

320 2456 332 2483 t
351 2455 448 2491 Aptius
463 2455 521 2490 lege
538 2456 725 2491 reperiantur
740 2457 779 2490 (a.
792 2456 841 2486 τ.).

320 2501 337 2526 2
351 2500 393 2527 Sic
410 2505 473 2535 puto
490 2501 635 2536 tegendum
651 2508 698 2536 pro
715 2501 828 2528 recitate
847 2499 919 2536 quod
939 2499 1024 2527 liabe-

287 2549 329 2572 tur
343 2544 370 2572 iu
386 2544 450 2571 edit.
468 2544 548 2571 nain.
563 2548 601 2577 (a.
614 2545 662 2579 T.>.

320 2589 338 2617 3
352 2589 451 2617 Forsan
467 2589 610 2626 tegendum
625 2591 745 2619 reversis
760 2598 857 2627 nempe
877 2590 1024 2619 canonicis

286 2639 312 2668 el
323 2637 434 2667 clericis
448 2636 489 2672 (n.
505 2636 553 2671 T.).

1052 267 1211 300 remoniae
1236 265 1327 299 dictis
1351 265 1449 305 laicis,
1469 265 1562 298 etiam
1587 264 1792 298 ecclesiarum

1052 319 1233 354 huiusmodi
1259 319 1411 364 patronis,
1428 318 1629 358 deberentur,
1647 317 1694 350 vel
1720 317 1794 350 satis

1052 379 1133 407 esset
1157 384 1267 417 pacem
1285 378 1315 407 et
1337 373 1499 406 incensum
1512 372 1573 405 iltis
1586 382 1643 416 per
1656 371 1792 415 aliquem

1053 428 1273 472 cappellanum
1293 427 1433 461 vestibus
1453 426 1550 460 sacris
1567 436 1629 458 non
1651 425 1794 458 indutum

1053 482 1120 514 dari
1135 482 1245 522 faeere,
1264 487 1294 514 et
1307 491 1345 514 an
1363 480 1480 514 eisdem
1500 480 1585 513 laicis
1602 479 1796 523 episcopales

1036 535 1100 573 ¹vel
1126 536 1202 568 alias
1233 535 1323 568 sedes
1349 535 1429 567 intra
1446 534 1601 567 cancellos
1626 538 1656 566 et
1680 532 1796 565 clioros

1037 589 1234 630 gliuiusmodi
1268 599 1422 632 occupare
1455 588 1583 620 liceret:
1615 587 1716 619 suerat
1740 596 1796 629 per

1054 642 1333 684 congregationem
1353 641 1545 679 huiusmodi,
1566 640 1643 673 tates
1663 644 1750 673 aetus
1767 645 1794 672 et

1054 695 1268 727 caeremonias
1279 705 1341 728 non
1356 694 1458 727 solum
1477 694 1563 726 nullo
1583 693 1676 726 modo
1689 703 1795 726 coram

1054 747 1145 780 dietis
1172 748 1276 788 laicis,
1301 748 1355 781 sed
1380 759 1436 781 nee
1461 758 1566 782 coram
1596 757 1796 791 quocumque

1054 801 1196 845 principe
1222 802 1369 842 seculari,
1395 802 1441 834 vel
1467 802 1560 835 etiam
1578 801 1797 835 ecclesiasticis

1054 855 1202 899 praelatis
1227 856 1376 899 episcopo
1403 856 1576 889 maioribus
1601 855 1691 895 sieri,
1724 865 1796 888 cum

1055 908 1112 942 soli
1131 909 1279 953 episeopo
1293 910 1370 942 liaeo
1384 909 1414 942 iu
1428 913 1483 942 sual
1501 909 1635 942 dioecesi
1653 908 1798 942 existenti

1055 963 1256 1003 conveniant;
1283 963 1445 996 incensum
1473 974 1546 996 vero
1563 969 1593 996 et
1613 973 1720 1006 pacem
1742 962 1799 995 eis-

1055 1015 1126 1049 dem
1152 1016 1239 1049 laicis
1263 1027 1320 1060 per
1345 1017 1516 1057 ministros,
1542 1017 1594 1060 qui
1621 1017 1651 1049 in
1677 1017 1729 1049 itta
1750 1027 1798 1050 ca-

1055 1069 1177 1103 nonicis
1201 1070 1276 1102 dare
1301 1076 1543 1109 consueverunt,
1566 1070 1660 1103 tribui
1681 1080 1736 1102 seu
1757 1070 1799 1103 ot'-

1056 1123 1130 1156 ferri
1155 1129 1319 1167 oportere,
1345 1123 1472 1157 sedente
1497 1129 1602 1156 tamen
1627 1123 1797 1167 episeopo,

1056 1176 1116 1209 illis
1140 1177 1228 1210 nullo
1253 1177 1347 1210 modo
1371 1177 1559 1217 eonvenirc;
1585 1177 1661 1221 quin
1694 1176 1798 1220 potius

1055 1239 1167 1262 eorum
1192 1229 1282 1264 sedes
1294 1240 1357 1263 non
1371 1230 1462 1271 intra,
1483 1230 1537 1263 scd
1555 1235 1643 1263 extra
1664 1230 1797 1263 eliorum

1055 1284 1361 1326 ecclesiastieorum,
1388 1284 1418 1316 iu
1443 1284 1579 1327 digniori
1601 1289 1704 1317 tamen
1729 1284 1799 1317 loco

1055 1337 1255 1371 collocandas
1275 1348 1352 1379 esse,
1371 1338 1533 1371 decretum
1559 1343 1588 1371 et
1613 1338 1796 1370 resolutum.

1055 1390 1131 1424 Cum
1155 1396 1270 1433 autem,
1296 1391 1376 1424 sieut
1401 1391 1508 1424 eadem
1534 1391 1643 1435 petitio
1669 1390 1797 1423 subiun-

1055 1444 1157 1487 gebat,
1182 1450 1216 1477 ut
1240 1445 1447 1488 imposterum
1472 1445 1510 1478 de
1534 1445 1662 1478 decreto
1690 1443 1798 1477 liuius-

1057 1499 1139 1532 modi
1149 1505 1307 1542 appareat,
1319 1499 1458 1543 illudque
1477 1499 1606 1531 maioris
1619 1499 1657 1531 sit
1672 1498 1797 1531 roboris

1056 1556 1086 1586 et
1110 1552 1277 1593 efficaciae,
1302 1558 1332 1586 et
1357 1563 1414 1596 per
1433 1553 1590 1586 dictorum
1609 1551 1798 1596 oppidorum

1056 1616 1114 1649 pro
1140 1611 1281 1650 tempore
1307 1606 1475 1640 existentes
1499 1606 1644 1640 dominos
1676 1610 1798 1649 tempo-

1058 1659 1138 1692 rales
1162 1660 1274 1693 melius
1299 1659 1495 1702 observetur,
1520 1664 1549 1706 ct
1571 1659 1686 1703 ubique
1706 1659 1800 1692 fidem

1059 1712 1168 1745 saciant
1180 1712 1199 1754 ¹,
1223 1723 1325 1757 neque
1349 1713 1467 1757 aliquid
1492 1718 1600 1746 contra
1629 1712 1802 1756 praemissa

1059 1766 1122 1798 ullo
1139 1777 1291 1810 umquam
1311 1772 1453 1811 tempore
1469 1766 1613 1801 attentari
1630 1766 1802 1809 contingat,

1059 1819 1141 1852 idem
1165 1821 1352 1854 Laurentius
1377 1820 1546 1865 episcopus
1564 1820 1669 1865 cupiat
1693 1820 1802 1853 decre-

1059 1878 1124 1906 tum
1142 1874 1341 1918 praedictum
1365 1880 1476 1908 nostro
1501 1879 1531 1907 ct
1554 1874 1642 1908 Sedis
1666 1875 1802 1917 Aposto-

1058 1926 1136 1960 licae
1159 1928 1335 1961 munimine
1366 1933 1395 1961 et
1427 1927 1604 1972 patrocinio
1634 1927 1802 1967 roborari,

1059 1991 1116 2023 pro
1140 1986 1230 2024 parte
1254 1981 1329 2014 dicti
1353 1981 1513 2014 Laurentii
1544 1981 1686 2025 episcopi
1711 1980 1802 2014 nobis

1059 2033 1118 2066 suit
1137 2034 1298 2068 humiliter
1315 2034 1536 2078 supplicatum,
1554 2039 1708 2078 quatenus
1725 2033 1803 2066 desi-

1059 2086 1148 2120 derio
1166 2098 1224 2120 suo
1247 2088 1278 2120 in
1302 2088 1485 2132 praemissis
1504 2098 1643 2121 annuere
1660 2087 1698 2120 de
1719 2086 1803 2120 beni-

1059 2140 1176 2183 gnitate
1189 2141 1362 2185 apostolica
1380 2141 1595 2184 dignaremur.
1615 2142 1678 2174 Nos
1696 2140 1801 2183 igitur,

1059 2194 1205 2228 eumdem
1220 2195 1423 2228 Laurentium
1439 2195 1622 2239 episcopum
1639 2204 1656 2227 a
1673 2194 1801 2237 quibus-

1060 2248 1105 2281 vis
1139 2249 1491 2291 excommunicationis,
1524 2248 1737 2292 suspensionis
1773 2251 1803 2281 et

1061 2302 1227 2343 interdicti,
1241 2302 1372 2346 aliisque
1389 2302 1609 2336 ecclesiasticis
1630 2301 1801 2341 sententiis,

1059 2355 1201 2388 censuris
1218 2360 1249 2388 et
1268 2356 1389 2400 poenis,
1407 2366 1424 2388 a
1445 2355 1512 2389 iure
1537 2356 1583 2389 vel
1605 2355 1643 2388 ab
1664 2354 1802 2394 homine,

1059 2409 1168 2453 quavis
1193 2409 1357 2443 occasione
1382 2410 1429 2442 vel
1455 2411 1548 2443 causa
1573 2409 1658 2449 latis,
1683 2409 1708 2442 si
1734 2409 1803 2452 qui-

1060 2463 1119 2496 bus
1143 2463 1383 2507 quomodolibet
1407 2463 1573 2497 innodatus
1606 2463 1731 2506 existit,
1764 2462 1802 2495 ad

1059 2516 1205 2551 effectum
1215 2517 1426 2561 praesentium
1440 2517 1602 2551 dumtaxat
1612 2525 1803 2562 consequen-

1099 2635 1106 2662 t
1125 2633 1219 2663 Potius
1233 2634 1292 2671 tege
1306 2634 1396 2670 saciat
1411 2633 1448 2671 (a.
1460 2634 1508 2670 τ.).

1698 206 1761 240 709
1808 215 1859 242 An.
1881 215 1910 242 c..
1928 214 1995 243 1630
