2248 3229
251 236 301 265 An.
312 236 339 265 C.
364 236 431 265 1636

272 1995 367 2022 impediti
383 2002 423 2022 quc

241 2025 303 2047 pacto
326 2024 423 2049 suppleri·-

241 2049 334 2095 ξέῑςείηι,
354 2050 423 2071 decla-

477 229 540 262 542

449 285 649 325 visitaverint,
667 284 770 328 ibique
787 284 907 325 devote,
922 289 956 317 ut
970 295 1073 328 supra,
1088 286 1184 318 Deum

448 338 622 375 oraverint,
646 347 767 370 necnon
792 337 869 370 seria
895 340 1006 381 quarta
1039 343 1068 370 et
1099 340 1185 371 sexta

447 402 482 423 ac
506 391 634 423 sabbato
668 389 806 423 eiusdem
840 391 888 423 vel
921 391 1078 434 sequentis
1112 392 1186 424 heb-

447 443 595 476 domadae
616 443 835 484 ieiunaverint,
863 448 955 487 atquc
984 449 1111 487 peecata
1131 454 1185 477 sua

447 496 578 528 confessi
598 496 739 539 sequenti
756 497 863 529 saltem
878 496 927 529 die
941 496 1099 530 dominico
1120 507 1186 530 san-

446 548 619 581 ctissimum
646 549 861 582 Eucharistiae
886 555 1118 583 sacramentum
1141 561 1184 583 re-

445 607 589 634 verenter
618 603 829 645 sumpserint,
854 608 884 636 et
909 604 1122 647 eleemosynas
1147 604 1183 636 ad

445 655 565 688 libitum
583 660 678 698 prout
699 656 833 688 charitas
847 656 978 699 singulis
993 658 1185 700 suggesserit

444 708 587 749 fecerint,
606 709 717 742 ceteris
738 719 812 742 vero
829 710 976 743 omnibus
1000 715 1030 743 ct
1054 710 1184 753 singulis

443 761 587 795 fidelibus
606 766 692 796 extra
705 763 821 796 Urbem
839 764 1053 804 existentibus,
1075 765 1104 796 in
1120 765 1185 810 qui-

442 814 548 848 busvis
573 816 759 858 civitatibus,
778 818 870 850 terris
887 823 915 850 et
931 818 1018 859 locis,
1041 819 1095 862 qui
1110 829 1184 862 pro-

443 869 575 902 cessioni
590 869 628 902 ab
653 869 826 904 Ordinariis
844 871 986 904 locorum
1004 872 1051 904 vel
1073 882 1181 905 eorum

444 922 588 964 vicariis,
618 933 673 956 seu
697 925 902 966 officialibus,
928 926 975 958 vel
1005 925 1042 958 de
1072 935 1181 959 eorum

443 975 599 1019 mandato,
625 982 664 1017 et,
689 977 764 1021 ipsis
787 978 1015 1022 deficientibus,
1040 989 1097 1023 per
1117 990 1181 1021 eos,

443 1030 497 1073 qui
511 1030 587 1063 inibi
597 1041 705 1064 curam
719 1031 896 1065 animarum
912 1037 1068 1074 exercent,
1078 1033 1179 1076 prima

442 1083 489 1115 vel
510 1084 646 1117 secunda
675 1085 870 1118 hebdomada
890 1091 1056 1130 postquam
1074 1087 1112 1118 ad
1134 1097 1182 1119 eo-

443 1147 513 1169 rum
527 1137 669 1170 notitiam
687 1138 745 1170 bae
769 1144 894 1172 nostrae
909 1139 1028 1173 litterae
1049 1139 1181 1172 devene-

442 1190 504 1222 rint
534 1190 716 1224 indicendae
741 1197 771 1223 et
794 1191 931 1234 agendae
961 1192 1180 1233 interfuerint,

442 1244 489 1276 vel
519 1245 683 1277 ecelesiam
715 1255 769 1277 seu
795 1246 942 1278 ecelesias
973 1256 1030 1289 per
1054 1246 1180 1279 eosdem

441 1296 647 1339 designandas
668 1298 776 1330 saltem
795 1299 891 1331 semel
910 1299 1112 1339 visitaverint,
1129 1299 1181 1331 ibi-

442 1360 511 1392 que,
537 1355 571 1382 ut
595 1361 702 1394 supra,
728 1352 824 1384 Deum
850 1352 1018 1395 oraverint,
1044 1363 1079 1385 ac
1104 1353 1180 1386 feria

442 1405 563 1446 quarta,
581 1405 668 1436 sexta
689 1409 718 1436 et
743 1405 871 1438 sabbato
893 1405 1037 1438 alterius¹
1057 1416 1091 1439 ex
1110 1406 1181 1439 dua-

441 1455 499 1488 bus
532 1456 738 1490 hebdomadis
770 1458 808 1490 ab
840 1458 957 1491 eisdem
994 1459 1181 1503 deputandis

442 1509 656 1551 ieiunaverint,
672 1511 853 1554 pariterque
873 1517 1000 1555 peccata
1025 1523 1080 1545 sua
1101 1523 1178 1546 eon-

442 1562 510 1594 sessi
534 1573 569 1595 ac
597 1563 792 1596 sanctissima
821 1565 1044 1598 communione
1074 1566 1180 1598 resecti

440 1615 565 1656 suerint,
589 1620 619 1648 et
643 1616 857 1661 eleemosynas
888 1618 1030 1651 similiter
1054 1629 1113 1662 pro
1136 1630 1182 1651 ar-

440 1668 534 1702 bitrio
559 1680 615 1703 suo
640 1670 779 1713 fecerint,
799 1671 1014 1715 plenissimam
1040 1673 1179 1706 omnium

442 1727 644 1765 peccatorum
670 1734 802 1757 suorum
826 1725 1053 1767 indulgentiam
1079 1732 1108 1758 ct
1132 1736 1180 1759 re-

442 1775 632 1819 missionem,
649 1777 729 1810 sicut
746 1777 777 1809 in
794 1788 874 1811 anuo
888 1779 1013 1811 iubilaei
1032 1779 1181 1811 visitanti-

440 1828 498 1861 bus
522 1834 624 1862 certas
641 1831 788 1864 ecclesias
813 1831 893 1864 intra
913 1836 942 1866 et
962 1837 1047 1865 extra
1065 1832 1180 1865 Urbem

442 1882 569 1914 concedi
601 1884 780 1925 consuevit,
804 1889 914 1918 tenore
947 1886 1155 1929 [tiracsentimn
1172 1912 1179 1926 ,

441 1935 641 1968 concedimus
658 1940 687 1970 et
704 1937 884 1980 elargimur.

484 1988 499 2030 g
523 1987 551 2020 5.
577 1989 764 2032 Navigantes
781 2001 865 2031 vero,
886 1997 938 2024 aut
959 1992 1018 2024 iter
1041 1996 1178 2035 agentes,

440 2045 483 2081 ut,
507 2052 577 2074 cum
603 2042 741 2085 primum
767 2043 804 2076 ad
832 2054 887 2076 sua
911 2055 943 2077 se
969 2056 1000 2077 se
1021 2045 1179 2078 domicilia

440 2095 626 2138 receperint,
645 2097 866 2140 suprascriptis
883 2098 1028 2141 peractis,
1049 2104 1088 2139 et,
1109 2099 1178 2132 loco

441 2149 632 2182 interventus
652 2150 682 2182 in
706 2151 917 2194 processione,
939 2152 1060 2185 visitata
1082 2153 1178 2185 eccle-

439 2201 483 2235 sia
508 2203 688 2245 cathedrali,
715 2205 760 2237 vel
786 2205 915 2245 maiore,
933 2210 983 2238 aut
1004 2205 1176 2249 parochiali

440 2255 499 2287 loci
518 2255 658 2288 eiusdem
675 2256 836 2298 domicilii,
858 2258 998 2290 eamdem
1017 2258 1177 2301 indulgen-

440 2307 512 2340 tiam
534 2309 683 2352 consequi
707 2310 827 2353 possint
847 2315 876 2343 et
901 2311 1031 2351 valcant,
1056 2312 1177 2354 regula-

438 2360 524 2393 ribus
564 2367 667 2394 autem
703 2363 846 2406 personis
881 2364 1046 2407 utriusque
1085 2374 1176 2396 sexus

437 2415 528 2447 etiam
558 2416 589 2448 in
624 2416 767 2449 claustris
790 2421 944 2461 perpetuo
970 2418 1175 2460 degentibus,

438 2479 493 2501 nec
518 2480 579 2502 non
610 2470 679 2503 aliis
708 2471 961 2515 quibust-uinspie
994 2477 1057 2504 tam
1090 2472 1175 2504 laicis

438 2532 530 2564 quam
549 2524 769 2557 ecclesiasticis
794 2526 988 2559 secularibus
1014 2526 1061 2558 vel
1085 2536 1175 2568 regu-

438 2574 565 2616 laribus,
583 2577 675 2609 etiam
701 2577 731 2609 in
757 2588 893 2619 earcere,
919 2583 969 2611 aut
996 2578 1025 2610 in
1047 2578 1174 2621 captivi—

479 2640 483 2663 1
510 2637 608 2674 Nempe
629 2641 799 2669 alterutrius
819 2648 857 2675 tn.
875 2642 921 2675 Ti),

1028 237 1207 262 BULLARIUM
1230 236 1383 262 Romanam

1222 289 1280 319 tate
1294 284 1509 326 existentibus,
1523 286 1571 319 vet
1587 286 1691 330 aliqua
1710 288 1852 332 corporis
1872 287 1957 320 infir-

1220 338 1324 371 mitate
1350 349 1405 371 seu
1425 338 1485 371 alio
1510 349 1708 383 quocumque
1733 341 1956 384 impedimento

1220 391 1362 434 detentis,
1383 392 1435 435 qui
1453 402 1548 435 supra
1574 402 1731 436 expressa,
1749 393 1864 427 scilicet
1882 394 1956 427 ieiu-

1219 445 1317 486 nium,
1335 446 1578 490 eleemosynam,
1597 446 1809 489 ecclesiaeque
1833 457 1886 480 seu
1912 458 1957 480 ec-

1220 499 1387 532 clesiarum
1406 499 1627 542 visitationem,
1645 510 1680 532 ac
1696 499 1903 532 interventum
1927 501 1957 532 in

1220 552 1419 595 processione
1432 558 1462 585 et
1472 553 1656 593 orationem,
1667 553 1714 585 vel
1726 551 1835 586 eorum
1845 553 1956 596 aliqua,

1220 611 1380 649 praestare
1395 606 1601 650 nequiverint,
1620 612 1652 639 ut
1670 606 1721 638 illa
1738 606 1956 647 confessarius,

1219 670 1323 702 quem,
1342 664 1375 691 ut
1392 659 1482 699 infra,
1500 659 1662 702 elegerint,
1681 659 1725 692 eis
1742 659 1772 691 in
1790 658 1849 691 alia
1866 659 1958 701 pieta-

1220 711 1257 743 tis
1275 722 1371 755 opera
1395 717 1601 753 commutare,
1622 713 1668 745 vel
1693 712 1724 744 in
1744 711 1828 744 aliud
1852 711 1958 755 proxi-

1219 775 1306 798 mum
1325 770 1446 809 tempus
1465 776 1640 810 prorogare
1664 765 1771 809 possit,
1793 775 1891 808 eaque
1907 765 1956 797 in-

1218 818 1358 861 iungere,
1376 829 1455 862 quae
1476 819 1535 862 ipsi
1553 819 1748 862 poenitentes
1761 819 1886 852 efficere
1905 829 1958 862 po-

1219 877 1333 914 terunt,
1350 873 1468 916 pariter
1485 873 1687 906 concedimus
1701 877 1731 906 et
1748 872 1954 915 indulgemus,

1262 927 1276 970 ξ
1308 926 1336 959 e.
1362 927 1527 970 Cupientes
1559 931 1662 960 autem
1692 936 1801 960 omnes
1825 925 1956 959 christi-

1217 980 1324 1013 tideles
1356 980 1525 1023 participes
1555 980 1624 1013 sieri
1649 979 1742 1012 huius
1765 978 1955 1023 pretiossimi

1218 1034 1373 1074 thesauri,
1398 1033 1552 1066 universis
1584 1038 1613 1066 et
1638 1033 1769 1076 singulis
1792 1033 1956 1076 utriusque

1217 1097 1308 1119 sexus
1335 1092 1395 1119 tam
1426 1087 1513 1119 laicis
1544 1097 1638 1130 quam
1664 1086 1883 1119 ecclesiasticis
1908 1096 1955 1119 se-

1217 1140 1374 1173 cularibus
1396 1145 1425 1172 et
1450 1140 1648 1182 regularibus
1668 1140 1804 1173 cuiusvis
1821 1139 1955 1179 Ordinis,

1216 1193 1469 1235 congregationis
1490 1199 1517 1225 et
1544 1193 1685 1234 instituti,
1707 1192 1863 1226 licentiam
1881 1202 1955 1226 con—

1216 1245 1356 1278 cedimus
1382 1251 1411 1278 et
1435 1246 1613 1279 facultatem
1638 1246 1758 1286 damus,
1776 1251 1810 1278 ut
1834 1245 1892 1278 sibi
1917 1245 1954 1277 ad

1216 1299 1299 1331 hunc
1325 1299 1453 1332 effetum
1480 1299 1597 1342 eligere
1621 1299 1741 1343 possint
1771 1309 1954 1342 quemeum-

1215 1363 1275 1396 que
1296 1353 1516 1396 presbyterum
1541 1353 1765 1386 confessarium
1792 1358 1853 1385 tam
1872 1363 1955 1385 seeu-

1216 1407 1314 1439 larem
1339 1417 1433 1450 quam
1458 1406 1594 1439 cuiusvis
1618 1406 1742 1439 Ordinis
1766 1407 1955 1449 regularem,

1216 1470 1251 1492 cx
1277 1460 1457 1503 approbatis
1482 1470 1499 1492 a
1526 1460 1668 1493 locorum
1694 1459 1877 1500 Ordinariis,
1902 1458 1955 1502 qui

1215 1525 1268 1547 eos
1292 1514 1331 1546 ab
1355 1514 1502 1547 omnibus
1523 1514 1868 1554 excommunicationis,
1893 1523 1956 1546 sus-

1215 1567 1373 1610 pensionis
1397 1573 1427 1600 et
1451 1568 1519 1600 aliis
1545 1567 1764 1600 ecclesiasticis
1795 1567 1955 1600 sententiis

1216 1625 1245 1654 et
1269 1621 1420 1662 censuris,
1438 1631 1456 1653 a
1476 1621 1543 1653 iure
1564 1621 1611 1654 vel
1636 1621 1674 1653 ab
1692 1621 1829 1660 homine,
1847 1620 1955 1663 quavis

1216 1676 1307 1706 causa
1335 1674 1413 1714 latis,
1432 1684 1486 1707 seu
1504 1674 1639 1716 inflictis,
1657 1683 1779 1706 necnon
1796 1673 1834 1706 ab
1853 1673 1953 1706 omni-

1215 1727 1273 1759 bus
1286 1727 1432 1770 pcccatis,
1447 1727 1635 1769 excessibus,
1651 1726 1835 1759 criminibus
1857 1731 1886 1759 et
1904 1725 1955 1758 dc-

1215 1781 1305 1821 lictis,
1323 1781 1523 1824 quantumvis
1543 1780 1691 1823 gravibus
1710 1786 1741 1813 et
1761 1780 1953 1820 enormibus,

1215 1835 1307 1866 etiam
1333 1835 1476 1867 locorum
1508 1834 1681 1867 Ordinariis
1713 1834 1777 1866 sive
1809 1833 1899 1866 nobis
1925 1837 1954 1865 et

1215 1887 1285 1920 Sodi
1310 1888 1507 1931 Apostolicae
1528 1887 1620 1920 ctiam
1638 1887 1669 1919 in
1686 1887 1798 1920 litteris
1818 1886 1866 1919 die
1883 1886 1954 1919 Coe-

1214 1951 1271 1974 nae
1297 1941 1421 1974 Domini
1446 1942 1508 1984 legi
1533 1941 1630 1975 solitis
1647 1940 1811 1983 contentis,
1831 1945 1860 1973 et
1879 1940 1954 1973 alias

1214 2005 1269 2038 per
1286 2006 1500 2039 quascumque
1518 2000 1640 2030 nostras
1662 2000 1714 2028 aut
1738 1996 1953 2029 Romanorum

1214 2049 1399 2082 Pontificum
1408 2049 1685 2093 praedecessorum
1694 2052 1873 2082 nostrorum
1884 2058 1954 2080 con-

1213 2101 1404 2142 stitutiones,
1430 2112 1564 2145 quarum
1590 2106 1712 2135 tenores
1737 2101 1953 2145 praesentibus

1213 2154 1321 2187 haberi
1339 2156 1483 2188 volumus
1508 2166 1565 2198 pro
1590 2154 1757 2198 expressis,
1782 2153 1953 2198 quomodo-

1212 2218 1346 2252 cumque
1372 2208 1554 2248 reservatis,
1579 2208 1611 2240 in
1634 2208 1703 2240 soro
1725 2206 1951 2245 conscientiae,

1211 2265 1241 2294 et
1260 2261 1317 2294 hae
1338 2261 1404 2294 vice
1421 2267 1551 2302 tantuin,
1572 2271 1634 2295 non
1654 2266 1757 2294 tamen
1777 2272 1793 2293 a
1819 2260 1951 2294 crimine

1211 2314 1366 2356 haeresis,
1391 2315 1552 2348 absolvere
1583 2321 1613 2347 et
1645 2314 1779 2347 liberare
1812 2314 1949 2350 valcant&

1210 2373 1240 2399 ct
1260 2367 1387 2410 insuper
1408 2371 1477 2402 vota
1495 2378 1711 2411 quaecumque.
1729 2367 1904 2410 (religionis
1921 2371 1949 2397 et

1211 2420 1358 2454 eastitatis
1375 2421 1523 2464 exceptis)
1546 2421 1575 2453 in
1596 2421 1655 2454 alia
1675 2420 1725 2464 pia
1751 2424 1780 2452 et
1805 2418 1950 2452 salutaria

1210 2483 1305 2516 opera
1330 2479 1533 2516 commutare,
1560 2474 1698 2506 iniuncta
1726 2479 1827 2506 tamen
1853 2472 1896 2504 cis
1921 2477 1951 2503 et

1209 2537 1320 2559 corum
1339 2528 1467 2560 cuilibet
1485 2528 1514 2560 in
1532 2527 1720 2572 supradictis
1738 2526 1884 2560 omnibus
1904 2536 1950 2558 ea—

1210 2579 1295 2611 sibus
1310 2581 1499 2623 poenitentia
1513 2581 1650 2621 salutari,
1665 2580 1794 2623 aliisque
1810 2579 1948 2612 eiusdem

1210 2634 1390 2667 contessarii
1407 2633 1537 2666 arbitrio
1559 2633 1754 2676 iniungendis

1976 238 2025 267 An.
2039 238 2065 267 C.
2085 238 2154 267 1636

2019 966 2022 969 ι
2035 938 2155 969 Facultates

1972 968 2107 986 contessarns
2133 972 2155 986 ε-

1972 991 2064 1017 largitur.
