2248 3229
229 234 279 262 An.
300 235 329 262 c.
351 235 419 263 1634
464 226 530 260 374

257 617 366 637 Exsrdiuvii

222 1016 228 1019 x
257 989 315 1008 savii
328 994 399 1009 sei-10².

427 283 597 312 Venerabili
616 282 704 310 fratri
730 281 892 309 Laurentio
913 281 1052 314 episcopo
1074 279 1164 307 Seno-

464 328 620 363 9aliiensi,
641 329 743 353 nostro
763 329 793 353 et
818 325 901 353 Sedis
925 324 1114 359 Apostolicao
1135 325 1166 351 in

462 372 561 407 regnis
582 371 790 405 Hispaniarum
809 370 926 403 nuncio,

620 425 757 452 Urbanus
786 425 864 458 Papa
892 424 970 451 vm.

637 492 824 520 Venerabilis
844 491 952 524 frater,

462 533 591 561 salutem
611 535 642 560 et
662 532 860 566 apostolicam
878 530 1128 559 benedictionem.

471 603 671 647 Apostolatus
685 602 833 644 officium,
847 601 1017 635 humilitati
1030 606 1167 643 nostrae,

429 656 548 689 meritis
566 656 638 689 licet
654 656 838 700 imparibus,
852 655 957 688 divina
970 654 1167 699 providentia

428 710 652 751 commissum,
677 710 792 752 iugiter
817 719 874 742 nos
898 709 1057 752 compellit
1081 707 1167 741 omni

428 763 637 797 sollicitudine
672 763 834 806 invigilare
849 790 856 804 ‚
888 773 928 796 ne
947 762 1168 798 ,immunitatis

428 817 655 851 ecclesiasticae
678 817 748 850 iura
767 821 797 850 et
821 816 986 861 privilegia
1001 816 1168 856 violentur,

429 870 482 904 sed
505 870 649 914 personis
674 870 891 904 ecclesiasticis
916 870 998 902 salva
1017 874 1046 902 et
1063 870 1169 902 illaesa

429 930 662 958 conserventur.

474 979 488 1022 ἓ
508 978 537 1011 1.
558 978 638 1011 Sane
659 988 695 1010 ex
715 978 803 1021 gravi
822 977 1010 1011 dilectorum
1028 977 1167 1010 filiorum

429 1032 505 1064 cleri
525 1042 698 1075 regnorum
716 1032 865 1065 Castellae
883 1036 912 1064 et
932 1031 1077 1074 Legionis
1097 1040 1169 1074 que-

429 1085 564 1118 rimonia
582 1085 770 1129 accepimus,
786 1084 1038 1118 commissarium
1053 1084 1171 1117 crucia-

431 1145 478 1172 tae
489 1139 527 1172 ad
539 1139 726 1172 concordiae
738 1138 846 1171 initae¹
858 1139 938 1171 inter
949 1138 1169 1171 charissimum

430 1193 461 1225 in
481 1192 603 1226 Christo
629 1192 727 1225 fitium
752 1196 895 1225 nostrum
922 1191 1102 1235 Philippum
1120 1191 1172 1224 Hi-

430 1245 609 1289 spaniarum
634 1255 743 1288 regem
768 1245 957 1278 catholicum
981 1255 1018 1277 ex
1043 1245 1107 1277 una
1136 1254 1172 1277 ac

430 1300 557 1333 eosdem
585 1300 705 1333 clerum
738 1310 773 1333 ex
803 1300 901 1332 altera
931 1299 1072 1342 partibus
1100 1300 1167 1341 (su-

430 1365 485 1397 per
498 1354 655 1387 solutione
669 1353 881 1387 concessionis
898 1353 1019 1396 primae
1032 1352 1172 1385 decimae

430 1407 584 1440 universis
609 1406 781 1451 parochis*2
806 1407 836 1438 in
866 1406 972 1449 regnis
1003 1411 1033 1438 ct
1064 1405 1170 1438 domi-

431 1461 489 1493 niis
506 1461 727 1504 Hispaniarum
745 1470 781 1492 ac
798 1459 907 1492 insulis
928 1459 1045 1492 eisdem
1067 1458 1173 1501 regnis

431 1514 644 1547 adiacentibus
668 1514 706 1546 ad
730 1513 885 1546 rationem
910 1513 1119 1546 ducentorum
1144 1517 1174 1544 et

432 1567 660 1612 quinquaginta
678 1567 810 1599 millium
825 1567 1011 1599 ducatorum
1028 1571 1172 1599 monetae

432 1621 653 1665 Hispaniarum
668 1621 771 1665 quoad
788 1622 927 1665 praefata
942 1631 1041 1663 regna
1057 1620 1173 1653 Castel-

433 1675 478 1707 lae
510 1680 540 1707 et
571 1674 715 1717 Legionis
747 1674 907 1707 annuatim
936 1673 1173 1715 solvendorum)

433 1732 462 1761 et
484 1738 501 1760 a
523 1728 615 1760 nobis
639 1728 824 1761 auctoritate
853 1727 1025 1771 apostolica
1058 1726 1174 1759 confir-

434 1786 534 1814 matae
551 1781 794 1824 exequutionem
814 1780 998 1824 procedere,
1014 1779 1087 1812 licet
1104 1789 1174 1812 con-

434 1834 540 1867 cordia
565 1839 593 1867 et
618 1834 816 1868 confirmatio
833 1833 1012 1877 praedictae
1029 1833 1067 1866 ad
1083 1833 1174 1876 quin-

434 1898 494 1931 que
518 1897 615 1920 annos
640 1888 701 1920 iam
719 1898 736 1919 a
752 1887 896 1931 pluribus
921 1887 1080 1920 mensibus
1097 1887 1174 1919 citra

435 1942 556 1985 elapsos
580 1941 743 1974 restrictae
765 1946 795 1974 et
818 1941 968 1974 limitatae
986 1941 1056 1981 sint,
1074 1950 1174 1983 neque

436 1995 548 2028 solutio
573 1994 753 2027 huiusmodi
772 1994 889 2037 absque
906 1996 987 2027 nora
1005 1994 1174 2027 concordia

436 2054 464 2080 et
488 2050 569 2082 nova
595 2048 682 2082 Sedis
707 2048 903 2092 Apostolicae
934 2048 1059 2080 licentia
1092 2048 1174 2090 exigi

435 2102 543 2145 possit,
569 2101 824 2146 quandoquidem
848 2101 951 2145 prima
975 2101 1096 2134 decima
1121 2101 1176 2133 liu-

436 2155 572 2188 iusmodi
592 2165 654 2188 non
671 2165 730 2199 pro
747 2156 833 2187 certa
858 2156 991 2194 summ-¹⁴1,
1008 2155 1175 2198 minusque

436 2219 493 2252 pro
518 2208 621 2241 dicta³
644 2210 767 2241 summa
791 2208 997 2241 ducentorum
1021 2208 1175 2251 quinqua-

437 2262 523 2304 ginta
535 2262 668 2295 millium
683 2262 868 2295 ducatorum
882 2262 1128 2305 praedictorum,
1138 2261 1176 2293 ab

437 2316 546 2350 cadem
572 2316 651 2350 Sede
670 2316 879 2357 concedatur,
908 2316 962 2349 sed
986 2315 1092 2359 poti-us
1116 2325 1176 2359 pro

437 2370 560 2403 decima
584 2370 705 2403 ditioris
736 2370 848 2403 domus
881 2369 1047 2402 cuiuslibet
1077 2379 1173 2412 paro-

438 2423 525 2457 chiae
538 2433 709 2467 regnorum
721 2428 748 2456 et
760 2423 972 2457 dominiorum
985 2421 1177 2462 huiusmodi,

476 2517 484 2541 i
502 2515 578 2542 Hanc
594 2514 653 2541 vide
668 2522 750 2550 supra
764 2522 826 2549 pag.
844 2513 894 2540 166
909 2521 986 2549 seqq.
1004 2515 1041 2543 (Β.
1057 2514 1104 2547 τ.).

473 2561 489 2586 2
507 2560 599 2587 Potius
616 2560 676 2595 lege
694 2559 729 2587 ab
747 2559 796 2595 (vel
814 2558 859 2594 in)
876 2559 1017 2587 universis
1031 2558 1178 2593 parochiis

440 2610 476 2639 KR.
490 2605 537 2639 T.).

990 231 1169 256 BULLARIUM
1193 231 1347 256 ROMANUM

1200 279 1242 312 ita
1258 285 1302 322 ut,
1320 279 1426 323 elapso
1442 280 1631 328 concordiae
1646 285 1676 314 et
1692 280 1939 315 confirmationis

1200 332 1391 376 apostolicae
1415 337 1576 377 tempore,
1601 333 1706 367 clerus
1728 334 1796 378 ipse
1820 333 1859 367 ad
1882 333 1939 367 ali-

1201 386 1290 420 cuius
1315 397 1458 420 summae
1482 386 1669 434 ducatorum
1693 387 1881 423 solutionem
1900 398 1938 421 eo

1203 445 1367 483 praetextu
1382 440 1469 474 nullo
1486 440 1582 474 modo
1599 445 1752 482 teneatur,
1771 441 1939 486 minusque

1202 493 1241 525 ad
1258 493 1289 526 id
1315 493 1385 536 cogi
1401 494 1501 537 possit
1517 504 1573 527 seu
1589 494 1710 535 debeat,
1730 494 1785 528 s'ed
1801 504 1838 527 ea
1853 494 1940 527 dum-

1202 551 1286 580 taxat
1308 546 1430 584 ditioris
1455 547 1568 581 domus
1591 547 1758 581 cuiuslibet
1773 547 1940 592 parochiae

1203 599 1325 633 decima
1349 599 1431 643 exigi
1447 600 1559 634 debeat
1575 612 1634 645 pro
1650 606 1794 645 tempore
1819 606 1941 635 tantum

1203 663 1265 697 quo
1289 653 1390 686 eidem
1415 653 1560 698 Philippo
1583 654 1651 698 regi
1671 654 1855 689 auctoritate
1871 664 1943 699 apo-

1204 704 1315 740 stolica
1339 717 1488 741 concessa
1507 708 1674 752 reperitur.
1799 713 1802 716 ⁴

1247 761 1262 804 ἓ
1278 760 1307 794 2.
1325 760 1436 804 Quare,
1451 761 1528 794 cleri
1543 761 1776 805 praedictorum
1794 761 1943 795 indemni-

1204 814 1256 848 tati
1271 841 1278 854 ,
1303 814 1389 847 iuxta
1412 814 1567 847 creditum
1591 814 1682 848 nobis
1706 814 1842 859 desuper
1865 824 1942 859 apo·

1203 868 1331 901 stolicac
1350 868 1509 901 servitutis
1525 867 1674 911 officium,
1700 873 1852 912 quantum
1870 878 1942 901 cum

1203 921 1336 954 Domino
1367 931 1556 965 possumus,
1589 922 1754 955 consulere
1784 922 1943 962 volentes,

1204 975 1259 1008 tibi
1284 986 1340 1019 per
1364 980 1545 1019 praesentes
1569 975 1796 1009 committimus
1811 980 1842 1008 et
1861 985 1945 1008 man-

1203 1029 1325 1069 damus,
1350 1035 1384 1062 ut
1409 1029 1511 1062 eidem
1536 1029 1755 1063 commissario
1775 1028 1944 1072 significes,

1204 1083 1287 1126 quod
1312 1082 1380 1126 ipse
1404 1082 1651 1123 commissarius,
1676 1093 1748 1116 cum
1768 1082 1887 1115 nullam
1906 1081 1945 1114 ad

1205 1136 1234 1168 id
1259 1136 1372 1168 habeat
1395 1136 1593 1175 facultatem,
1618 1136 1699 1169 male
1724 1141 1754 1169 et
1777 1145 1944 1180 perperam

1205 1189 1276 1222 fecit
1297 1189 1456 1232 gravando
1481 1189 1608 1223 eosdem
1629 1189 1760 1231 clerum,
1778 1189 1871 1222 etiam
1888 1187 1946 1221 sub

1205 1243 1356 1286 censuris7
1382 1243 1420 1276 ad
1448 1243 1629 1277 solvendum
1647 1248 1717 1287 post
1733 1243 1853 1287 lapsum
1871 1241 1946 1275 dicti

1205 1297 1410 1341 quinquennii
1435 1297 1623 1331 concordiae
1643 1302 1674 1330 et
1696 1296 1945 1330 confirmationis

1206 1351 1395 1394 apostolicae
1413 1350 1604 1391 huiusmodi,
1622 1349 1769 1393 quodque
1785 1349 1822 1382 de
1840 1354 1945 1382 cetero

1207 1414 1224 1436 a
1256 1404 1440 1447 praemissis
1470 1403 1616 1437 omnibus
1648 1403 1822 1444 abstineat,
1847 1402 1946 1436 donec

1207 1458 1266 1490 alia
1292 1468 1363 1490 cum
1383 1457 1499 1490 eisdem
1518 1458 1602 1491 clero
1627 1456 1798 1490 concordia
1813 1456 1948 1500 desuper

1208 1512 1283 1544 inita
1309 1516 1338 1544 et
1362 1511 1534 1554 apostolica
1559 1510 1745 1543 auctoritate
1764 1509 1948 1543 confirmata

1207 1564 1309 1606 suerit,
1336 1569 1374 1606 et,
1401 1564 1440 1597 ob
1465 1573 1634 1606 gravamen
1659 1562 1778 1596 eisdem
1801 1562 1888 1596 clero
1912 1562 1947 1595 il-

1208 1618 1303 1650 latum
1322 1628 1357 1651 ac
1373 1627 1522 1650 censuras
1538 1622 1568 1649 et
1586 1626 1703 1660 poenas
1723 1616 1947 1649 ecclesiasticas

1207 1682 1263 1715 per
1288 1681 1359 1704 eum
1384 1675 1553 1715 propterea
1578 1670 1719 1704 incursas
1736 1668 1946 1703 conscientiae

1208 1735 1281 1758 suae
1306 1725 1457 1758 consulat.

1253 1780 1268 1822 g
1291 1779 1320 1812 3.
1339 1779 1547 1812 Decernentes
1563 1783 1747 1822 praesentes
1763 1777 1883 1810 litteras
1900 1787 1949 1810 va-

1208 1833 1295 1874 lidas,
1321 1832 1428 1865 firmas
1452 1838 1482 1865 et
1506 1832 1648 1865 efficaces
1664 1832 1799 1865 existere
1818 1835 1849 1865 et
1871 1831 1948 1871 sore,

1209 1897 1345 1930 suosque
1362 1886 1521 1930 plenarios
1535 1890 1564 1918 et
1581 1886 1720 1929 integros
1737 1885 1866 1920 effectus
1885 1895 1950 1918 sor—

1210 1940 1261 1973 tiri
1283 1945 1313 1973 et
1337 1940 1491 1981 obtinere,
1517 1940 1623 1984 sicque
1647 1943 1677 1974 et
1699 1949 1763 1973 non
1786 1939 1877 1972 aliter
1892 1949 1948 1983 per

1209 2004 1426 2038 quoscumque
1451 1993 1571 2027 iudices
1595 1993 1773 2026 ordinarios
1803 1998 1832 2026 et
1857 1992 1948 2025 dele-

1211 2053 1321 2091 gatos,
1347 2048 1439 2081 etiam
1465 2057 1631 2080 causarum
1655 2046 1762 2091 palatii
1786 2045 1949 2090 apostolici

1211 2102 1380 2144 auditores,
1407 2112 1442 2134 ac
1467 2101 1496 2134 S.
1521 2101 1557 2134 R.
1585 2101 1618 2133 E.
1644 2100 1829 2141 cardinales,
1854 2099 1949 2133 etiam

1210 2155 1248 2187 de
1272 2155 1369 2188 latere
1383 2155 1503 2197 legatos
1520 2159 1550 2186 et
1562 2153 1704 2195 nuncios,
1721 2153 1830 2197 quavis
1846 2157 1950 2186 aucto-

1210 2208 1301 2241 ritate
1332 2208 1520 2251 fungentes,
1551 2207 1672 2240 sublata
1702 2206 1747 2239 eis
1778 2210 1805 2239 et
1837 2216 1949 2239 eorum

1210 2262 1337 2295 cuilibet
1360 2261 1469 2304 quavis
1493 2261 1583 2294 aliter
1611 2259 1770 2293 iudicandi
1794 2264 1824 2292 et
1847 2259 1945 2292 inter--

1210 2315 1353 2359 pretandi
1378 2315 1523 2348 facultate
1547 2318 1578 2347 et
1601 2313 1787 2347 auctoritate
1801 2340 1808 2354 ,
1831 2312 1948 2356 ubique

1211 2368 1343 2402 iudicari
1367 2378 1404 2401 ac
1428 2367 1554 2401 definiri
1573 2367 1700 2408 debere,
1723 2377 1760 2400 ac
1777 2366 1902 2399 irritum
1919 2369 1947 2398 et

1211 2422 1312 2464 inane,
1330 2422 1356 2455 si
1374 2433 1464 2455 secus
1481 2431 1576 2466 super
1591 2421 1641 2454 his
1657 2431 1674 2453 a
1691 2430 1860 2466 quoquam,
1878 2429 1951 2463 qua-

1211 2476 1256 2509 vis
1280 2472 1483 2519 auctoritate,
1516 2471 1722 2509 scienter‘vel
1748 2475 1948 2517 ignoranter,

1211 2530 1377 2573 eontigerit
1402 2529 1558 2563 attentari.

1255 2584 1269 2626 ξ
1284 2583 1313 2616 4.
1334 2584 1402 2616 Non
1420 2583 1615 2617 obstantibus
1629 2580 1904 2617 constitutionibus
1919 2585 1950 2614 et

475 2649 490 2674 3
501 2649 549 2676 Ed.
562 2648 637 2677 Main.
652 2649 836 2684 apraedicm
853 2649 913 2676 loco
922 2657 976 2683 pro
992 2648 1069 2676 dictet
1086 2647 1176 2683 (aad.
1209 2637 1461 2684 ordinationibus
1485 2637 1681 2682 apostolicis,
1706 2646 1741 2670 ac
1765 2634 1928 2681 quibusvis
1939 2663 1948 2679 7

1944 230 1995 261 An.
2015 230 2045 259 C.
2065 230 2134 259 1634

1977 772 2106 796 Commissio.
2114 772 2141 793 de

1957 805 1999 828 qua
2010 800 2030 821 in
2045 799 2139 821 rubrica,

1990 1785 2109 1808 Clausulas.
2214 1804 2216 1807 ,
2243 1808 2248 1815 ⁴

2230 1886 2248 1914 ¹⁴¹:

2231 2137 2248 2200 *t

2231 2230 2248 2304 ‘t

2230 2286 2248 2324 ἲ.

2229 2323 2239 2347 1

2226 2364 2238 2406 ἓ

2230 2439 2237 2459 ιΙ

2034 2584 2149 2611 Dei-ozano
2234 2596 2237 2600 -

1965 2612 2125 2635 contrariorum.
2226 2606 2239 2642 ζ
