2248 3229
248 251 296 277 An.
308 250 337 277 Cr
359 248 427 278 1634

275 633 303 653 lte
320 633 429 657 rlrpwtisa-

265 667 292 679 ,ι-

292 1378 320 1399 [le
347 1379 434 1399 avlttltnt-

251 1408 351 1435 stialiune
385 1408 434 1425 teni-

348 1439 367 1452 η.
403 1438 434 1452 10-
451 1417 688 1457 confusionem,
714 1426 808 1460 quam
835 1414 938 1449 ordini
971 1420 1001 1447 et
1032 1414 1194 1448 communi

252 1462 388 1479 monastello.

445 297 540 330 inissa
557 299 680 329 tueatur
697 293 777 325 etde
797 290 996 335 praescripto
1012 280 1186 333 superioris

445 349 621 390 distribuat,
647 345 828 379 linteamina
853 343 947 377 etiam
972 342 1131 376 refectorii
1157 347 1187 375 et

446 402 567 435 culinae
593 403 691 433 mutet
715 398 827 432 diebus
851 396 1020 437 consuetis,
1039 396 1087 429 vel
1111 396 1187 429 rese-

447 455 537 488 etorii
560 453 703 486 ministro
721 451 907 496 apponenda
930 450 1093 494 largiatur.
1111 450 1187 484 Gra-

445 518 559 542 norum
591 507 728 551 pariter,
755 516 835 550 quae
868 509 960 538 erunt
991 504 1022 537 in
1052 504 1186 546 horreo,

446 572 554 595 euram
576 566 674 603 geret.

489 615 690 659 Dispensator
710 613 875 646 universae
897 612 1005 646 domui
1023 612 1061 645 de
1080 621 1188 645 neces-

446 669 536 702 sariis
560 667 664 712 quoad
688 667 846 701 esculenta
863 671 891 699 et
909 666 1086 710 poculenta,
1104 675 1189 698 man-

446 723 538 755 dante
563 720 738 765 superiore,
757 730 820 753 non
834 718 1004 753 secundum
1020 718 1187 763 proprium

446 776 593 809 affectum
608 802 615 815 ,
640 771 694 807 sed
718 774 802 807 iuxta
827 772 990 806 charitatis
1023 772 1165 815 regulam
1180 798 1188 812 ,

447 829 541 862 x‘eluti
566 828 669 862 bonus
693 828 901 871 dispensator,
916 825 953 859 de
967 825 1062 859 rebus
1079 826 1111 858 in
1128 825 1189 859 ccl-

447 882 525 915 lario
550 881 688 926 acceptis
708 880 882 924 provideat,
909 890 1018 913 curam
1036 879 1132 913 cellae
1150 878 1190 911 vi-

446 935 553 968 nariae
578 940 607 968 et.
631 934 797 978 panariae,
827 933 987 967 refectorii
1012 938 1042 965 ct
1067 931 1189 966 culinae

448 989 629 1022 utensilium
646 987 784 1030 habebit,
800 992 830 1020 et
846 987 883 1020 dc
901 986 972 1029 illis,
990 986 1071 1019 sacto
1087 985 1191 1018 inven—

448 1043 544 1084 tario,
570 1042 725 1076 rationem
750 1041 907 1086 superiori
932 1040 1042 1074 reddet
1051 1051 1059 1080 3
1084 1038 1189 1083 provi-

449 1097 552 1130 siones
582 1106 657 1130 vero
693 1095 789 1128 diales
822 1100 852 1128 et
885 1094 1024 1128 minores
1055 1093 1092 1127 de
1125 1093 1190 1126 cius

448 1151 559 1184 ordine
583 1150 659 1183 sient
672 1150 710 1183 ab
728 1153 880 1193 emptore,
905 1148 959 1192 qui
983 1147 1112 1192 quidem
1130 1157 1192 1180 em-

450 1210 521 1247 ptor
553 1214 571 1236 a
605 1208 812 1247 procuratore
849 1201 999 1246 pecunias
1034 1200 1073 1233 ad
1108 1200 1191 1234 hunc

449 1257 595 1291 effectum
617 1256 766 1299 accipiat,
792 1255 899 1298 illique
925 1253 1055 1297 singulis
1079 1253 1192 1287 diebus

449 1310 487 1343 ‹le
512 1309 655 1353 expensis
679 1308 835 1342 rationem
859 1307 979 1341 reddet.

494 1364 571 1397 Cum
582 1363 793 1397 certissimum
804 1363 843 1395 sit
856 1373 892 1394 ex
907 1361 1106 1395 multitudine
1116 1361 1193 1395 oriri

452 1470 639 1504 concordiae
660 1470 797 1503 maxime
822 1469 1013 1503 contrariam
1032 1478 1127 1502 nemo
1144 1478 1195 1501 ne-

453 1525 521 1566 scit,
540 1528 570 1557 et
589 1524 674 1557 illam
699 1524 797 1557 vitare
821 1522 950 1557 omnino
970 1522 1194 1564 necessarium,

453 1583 486 1611 ut
503 1578 606 1612 omnis
626 1577 737 1611 devota
751 1577 955 1621 congregatio
973 1576 1051 1609 ordo
1065 1576 1114 1617 sit,
1132 1586 1195 1609 non

453 1632 558 1672 ‹ffltaos3
573 1637 752 1676 propterea,
767 1631 893 1674 cognita
905 1630 999 1663 huius
1012 1629 1195 1663 monasterii

454 1686 552 1730 (quod
577 1690 623 1719 cst
647 1685 772 1719 Ordinis
790 1685 895 1729 caput)
914 1683 1147 1727 multiplicitate
1164 1683 1195 1716 in

454 1739 519 1773 dies
533 1739 763 1782 emergentium
781 1737 993 1781 negotiorum,
1010 1747 1069 1780 pro
1083 1736 1197 1780 quibus

453 1791 641 1836 peragendis
671 1796 849 1825 contractus
873 1790 1001 1834 quidam
1031 1789 1142 1823 modus
1167 1794 1197 1822 et

455 1845 678 1890 compendiosa
703 1844 806 1888 aliqua
832 1844 911 1877 ratio
929 1843 1115 1876 assumenda
1128 1843 1196 1884 fuit,

455 1911 494 1933 ne
518 1904 602 1932 totus
627 1903 799 1932 conventus
813 1908 871 1942 per
884 1897 1132 1941 frequentiorem
1147 1907 1197 1930 ca-

457 1953 548 1998 pituli
566 1952 824 1986 convocationem
837 1951 875 1984 ab
890 1951 927 1985 iis
938 1951 1197 1995 occupationibus

458 2007 647 2047 retrahatur,
665 2005 782 2039 idcirco
804 2005 934 2049 praefati
952 2004 1135 2038 monasterii
1152 2015 1197 2037 ca—

457 2061 592 2105 pitulum
628 2059 831 2093 conventuale
868 2058 1030 2103 deputabit
1061 2063 1124 2091 tres
1160 2058 1198 2091 de

457 2113 662 2158 peritioribus
694 2112 854 2156 patribus,
887 2122 966 2155 quos
1001 2112 1198 2145 consultores

457 2167 655 2207 nominabit,
684 2166 722 2199 de
752 2177 888 2210 quorum
914 2165 1045 2199 consilio
1071 2170 1100 2198 et
1124 2175 1198 2198 con-

457 2231 560 2262 sensu,
584 2220 783 2265 praesidente
808 2219 914 2264 priore
939 2219 1114 2260 claustrali,
1135 2219 1197 2260 vel,

457 2286 494 2309 eo
508 2275 646 2316 absente,
657 2274 890 2318 subsupcriore,
903 2273 1008 2307 omnia
1022 2273 1106 2306 illius
1115 2272 1197 2306 bona

457 2329 643 2374 temporalia
669 2333 698 2361 et
722 2329 854 2371 negocia
882 2333 1071 2372 procurator
1099 2327 1197 2360 adini-

458 2382 623 2423 nistrabit,
650 2381 794 2415 tractabit
825 2387 855 2414 et
885 2385 1035 2425 peraget,
1062 2380 1198 2424 exceptis

458 2441 561 2470 tamen
587 2435 753 2469 vicariatus
778 2435 900 2475 litteris,
922 2433 1198 2479 procurationibus

459 2490 669 2532 generalibus,
695 2489 903 2523 locationibus
928 2499 983 2522 seu
1007 2487 1199 2522 affictationi-

458 2543 516 2576 bus
541 2554 621 2587 quae
645 2543 781 2587 pretium
815 2543 1021 2576 ducentarum
1045 2542 1197 2575 librarum

459 2597 607 2629 excedent
621 2624 628 2637 ,
665 2597 842 2630 debitorum
880 2596 1115 2630 dimissionibus
1144 2605 1197 2628 seu

459 2650 638 2694 quietantiis
650 2651 859 2695 generalibus,
877 2650 1135 2685 conventionibus
1148 2659 1199 2684 su-

1026 242 1205 267 BULLARxUM
1230 241 1385 267 Romnum

1221 299 1278 333 per
1313 288 1514 332 reparatione
1547 289 1594 321 vel
1629 288 1845 322 aedificatione
1878 298 1960 332 quae

1221 342 1357 386 pretium
1375 346 1500 374 centum
1520 340 1673 373 librarum
1692 341 1852 385 excedent,
1869 341 1960 375 obae-

1222 395 1396 429 rationibus
1420 394 1467 428 vel
1492 394 1740 428 mutuationibus
1763 405 1857 439 supra
1877 405 1960 428 sexa-

1221 448 1308 492 ginta
1330 448 1440 491 libras,
1465 447 1699 492 provisionibus
1722 447 1959 488 beneficiorum,

1222 501 1403 534 officialium
1428 500 1618 533 secularium
1642 499 1899 542 institutionibus,
1919 500 1962 533 di-

1222 554 1450 588 minutionibus
1474 553 1698 588 affictationum
1722 558 1753 586 et
1777 553 1960 597 emphyteu-

1223 619 1314 652 sum,
1343 618 1423 653 quae
1454 608 1514 652 ipsi
1546 607 1682 652 capitulo
1716 607 1962 641 reservabuntur

1223 674 1359 708 semper.

1267 717 1469 751 Consultores
1493 715 1645 761 praedicti
1659 715 1901 750 deliberationes
1913 725 1963 748 su-

1223 781 1281 815 per
1298 770 1569 804 administratione
1585 770 1682 803 saetas
1691 768 1868 802 scribentin
1880 768 1963 801 libro

1225 824 1401 858 exhibendo
1420 823 1557 868 capitulo
1574 823 1666 857 locali
1687 833 1758 857 cum
1775 822 1864 855 libris
1880 832 1964 856 acce-

1224 878 1267 922 pti
1293 883 1322 911 et
1338 877 1468 922 expensi
1487 887 1544 921 per
1561 882 1623 910 tres
1641 876 1752 910 fratres
1770 875 1964 909 administra-

1226 937 1308 965 tores
1332 930 1566 975 temporalium,
1591 935 1621 963 et
1638 929 1668 963 id
1684 929 1739 962 siat
1758 928 1847 962 initio
1864 928 1965 962 cuius-

1225 994 1285 1028 que
1302 984 1429 1025 mensis,
1446 988 1480 1017 ut
1499 983 1570 1017 inde
1587 981 1831 1028 quoquomodo¹
1849 987 1965 1026 tempo-

1226 1039 1291 1072 rale
1315 1043 1455 1082 regatur,
1480 1048 1497 1071 a
1522 1037 1659 1082 capitulo
1684 1036 1832 1081 cognosci
1856 1035 1965 1080 possit,

1226 1098 1276 1134 et,
1302 1096 1398 1137 prout
1422 1092 1482 1125 erit
1505 1101 1654 1133 necesse,
1679 1091 1719 1125 ab
1744 1090 1855 1126 eodem
1879 1090 1964 1124 ordi-

1225 1145 1345 1180 nario?
1487 1141 1490 1143 ’

1270 1200 1414 1234 Ceterum
1451 1205 1660 1244 procurator,
1692 1198 1902 1243 depositarius
1937 1203 1967 1233 et

1226 1254 1423 1298 dispensator
1453 1259 1516 1286 tam
1549 1253 1682 1298 impensi
1717 1263 1810 1296 quam
1846 1252 1966 1296 accepti

1227 1308 1360 1352 singulis
1384 1307 1544 1340 mensibus
1569 1306 1724 1351 superiori
1748 1306 1852 1347 locali,
1878 1305 1966 1339 adlii-

1227 1361 1300 1394 bitis
1317 1361 1457 1395 eiusdem
1475 1361 1589 1394 domus
1606 1360 1794 1400 senioribus,
1811 1359 1966 1394 rationem

1228 1414 1374 1455 reddant3
1393 1414 1544 1459 denique³
1561 1414 1628 1458 ipsc
1649 1412 1805 1457 superiori
1829 1412 1969 1456 generali

1228 1469 1277 1502 vel
1306 1468 1477 1508 visitatori,
1504 1468 1632 1501 demum
1661 1467 1729 1511 ipse
1756 1466 1912 1510 generalis
1939 1470 1969 1499 et

1229 1522 1370 1558 visitator
1387 1522 1418 1556 in
1435 1521 1577 1566 quolibet
1592 1521 1730 1565 capitulo
1747 1520 1897 1564 generali,
1913 1520 1969 1553 sal-

1230 1581 1291 1610 tem
1317 1586 1425 1611 coram
1446 1575 1549 1609 tribus
1569 1574 1724 1608 iudicibus
1744 1573 1783 1607 ab
1799 1574 1868 1618 ipso
1888 1573 1970 1618 capi-

1230 1631 1295 1664 tulo
1312 1629 1479 1674 deputatis,
1492 1629 1620 1663 illorum
1637 1627 1778 1662 omnium
1794 1627 1970 1660 universae-

1230 1695 1291 1728 que
1322 1694 1396 1717 suae
1428 1681 1708 1716 administrationis
1735 1685 1797 1715 tam
1824 1680 1970 1725 publicae

1230 1748 1324 1781 quam
1349 1736 1488 1780 privatae
1512 1735 1667 1769 rationem
1691 1734 1824 1768 reddere
1848 1739 1970 1767 tenean-

1230 1794 1291 1831 tur,
1309 1788 1398 1822 cuius
1415 1788 1507 1822 etiam
1528 1787 1657 1822 rationis
1680 1787 1820 1831 exempla
1844 1785 1970 1819 authen-

1231 1843 1292 1876 tica
1317 1842 1347 1875 in
1372 1841 1520 1875 archiviis
1545 1844 1752 1885 reponantur.

1275 1897 1442 1930 Decretum
1467 1894 1597 1929 Concilii
1616 1894 1789 1928 Tridentini
1807 1893 1971 1938 insequen-

1233 1955 1295 1991 tes,
1321 1949 1486 1982 statuimus
1517 1953 1547 1981 et
1576 1948 1776 1989 inhibemus,
1800 1957 1838 1980 ne
1862 1947 1970 1992 plures

1232 2004 1262 2036 in
1287 2002 1433 2037 domibus
1462 2002 1578 2036 nostris
1612 2006 1770 2046 ponantur
1799 2004 1852 2035 aut
1882 2001 1970 2035 insti-

1232 2062 1359 2090 tuantur
1383 2056 1516 2097 fratres,
1540 2065 1635 2100 quam
1659 2055 1712 2099 qui
1737 2065 1773 2088 ex
1797 2054 1971 2089 redditibus

1231 2110 1371 2155 propriis
1388 2110 1615 2153 cuiuscumque
1631 2109 1744 2142 domus
1761 2109 1891 2142 honeste
1908 2119 1971 2142 sus-

1232 2165 1361 2207 tentari,
1387 2169 1416 2197 et
1440 2164 1478 2197 de
1503 2163 1688 2197 necessariis
1711 2162 1871 2207 provideri
1896 2173 1969 2207 pos-

1232 2219 1302 2252 sint.

1276 2270 1405 2303 Omnem
1433 2270 1525 2303 etiam
1546 2268 1670 2303 Ordinis
1695 2268 1969 2313 perturbationem

1232 2325 1329 2358 vitare
1358 2324 1514 2364 volentes,
1539 2322 1740 2363 ordinamus,
1765 2328 1799 2355 ut
1829 2332 1909 2366 quae
1933 2332 1970 2355 ex

1231 2378 1379 2412 domibus
1413 2388 1468 2411 seu
1498 2377 1723 2422 praeceptoriis
1758 2376 1874 2410 nostris
1902 2375 1971 2409 lites

1232 2432 1439 2476 imposterum
1465 2441 1520 2464 seu
1545 2441 1653 2464 causas
1677 2430 1715 2464 ad
1740 2429 1890 2464 iudicium
1915 2429 1970 2462 ha-

1231 2486 1349 2519 bebunt
1373 2484 1531 2519 ducendas
1545 2513 1552 2527 ,
1578 2495 1686 2518 earum
1716 2483 1892 2519 tractationi
1915 2493 1969 2517 ne-

1269 2568 1278 2593 1
1299 2566 1393 2594 Potius
1408 2566 1465 2602 lege
1482 2566 1622 2601 quomodo
1638 2567 1676 2600 (n.
1693 2565 1741 2601 τ.).

1267 2612 1284 2638 ‘2
1300 2611 1455 2647 Legendum
1470 2611 1539 2639 foi-et
1554 2611 1691 2638 ordinari
1705 2610 1744 2645 (R.
1756 2610 1804 2645 T.).

1267 2657 1284 2685 3
1299 2657 1390 2686 Potius
1405 2657 1523 2693 legerem
1537 2657 1603 2685 dein
1620 2656 1657 2692 (n.
1669 2655 1718 2690 τ.).

1974 239 2024 267 An.
2037 238 2064 266 C.
2089 237 2157 267 1634
