2248 3229
228 228 279 255 An.
302 228 330 256 C.
347 228 414 256 1637

463 220 524 253 576

427 278 575 321 impensis
600 289 658 320 pro
684 278 804 315 itinere,
823 278 904 309 victu
930 283 956 309 et
990 277 1073 318 aliis,
1099 278 1123 309 si
1148 280 1183 309 a*

427 332 559 373 collegio
584 330 835 363 subministratae
864 331 988 363 suerint.
1014 331 1161 363 Eleemo-

427 395 528 428 synae,
553 394 632 427 quae
649 394 666 415 a
683 384 824 426 quolibet
849 389 910 416 tam
937 384 1162 417 ossiciarioruin

425 448 518 480 (100111
544 436 734 469 studentium
765 436 952 478 colligentur
977 447 1013 469 ex
1037 436 1181 469 concio-¹

424 489 515 521 nibus
540 489 770 521 dominicarum
795 494 825 521 et
848 490 998 523 festorum
1024 500 1080 532 per
1112 500 1163 521 an-

424 552 508 580 num,
534 548 596 574 tam
621 542 701 574 infra
725 542 835 574 0111001
853 552 947 585 quam
965 543 1031 575 ruri
1057 542 1087 574 in
1113 553 1180 585 pa-¹

424 594 546 634 roeciis,
567 594 646 626 sicut
670 595 749 627 aliae
773 605 882 627 omncs
906 606 1106 638 quocumque
1128 596 1161 627 ti-

424 648 487 680 tulo
512 651 668 690 erogatae,
689 647 800 680 cedent
816 647 976 681 10110000]
998 648 1159 691 11111111011111

423 700 516 733 1011115
541 700 674 742 collegii.

467 763 538 786 111111.
565 753 641 792 Quia
671 764 806 796 aequum
830 758 895 796 est,
928 759 962 786 ut
985 765 1002 786 a
1027 754 1160 797 00110310

422 807 544 839 summa
565 807 641 839 cura
658 811 687 839 et
704 807 855 839 charitate
880 807 1025 840 omnibus
1046 818 1160 850 aequa-

420 859 500 900 liter,
514 864 576 891 tam
590 859 760 900 officiariis,
775 870 828 892 500
842 859 1159 900 administratoribus,

420 913 622 953 consiliariis,
648 913 881 946 consessoribus
905 919 935 946 et
959 914 1159 947 concionato—

420 966 507 998 ribus
531 966 666 1008 eollegii,
684 977 778 1009 quam
804 966 1000 999 studentibus
1025 967 1108 999 sanis
1130 972 1159 999 et

419 1019 565 1062 aegrotis,
576 1030 634 1063 pro
649 1019 742 1059 victu,
752 1025 782 1052 et
796 1020 899 1059 etiam,
911 1020 936 1052 si
950 1020 1019 1052 fieri
1033 1020 1158 1063 poterit,

418 1083 475 1115 pro
500 1072 622 1112 vestitu,
640 1073 851 1113 calefactione,
873 1073 998 1112 chartis,
1020 1073 1157 1113 calamis,

419 1125 516 1166 libris,
534 1131 604 1165 ete,
621 1125 914 1165 subministrentur,
936 1126 1040 1158 nullus
1061 1126 1159 1169 impo-

417 1184 536 1211 sterum
562 1179 593 1211 in
618 1179 751 1220 00110310
774 1178 957 1212 admittatur
981 1179 1019 1210 ad
1046 1179 1157 1219 studia,

418 1242 476 1274 pro
501 1241 564 1274 (100
587 1231 789 1274 provincialis
814 1237 844 1263 01
867 1232 977 1274 111-101,
1002 1242 1019 1263 a
1044 1232 1158 1276 quibus

417 1285 578 1324 mittetur,
603 1295 666 1317 non
697 1286 796 1317 solvat
820 1295 876 1328 per
902 1285 1155 1328 anticipationem

416 1338 551 1371 mediam
577 1338 761 1381 pensionem
786 1338 833 1370 bis
858 1338 890 1370 in
914 1348 1011 1379 anno,
1039 1338 1157 1370 scilieet

416 1391 446 1423 in
470 1392 547 1423 sesto
567 1391 768 1424 Exaltationis
786 1391 915 1423 Sanctae
940 1391 1058 1431 1110015,
1076 1397 1105 1424 01
1125 1391 1156 1423 111

414 1445 492 1478 sesto
516 1444 674 1477 Paschatis
694 1444 874 1477 Dominicae
892 1445 1155 1483 Resurrectionis,

415 1508 473 1540 pro
495 1497 711 1530 sacerdotibus
735 1497 942 1540 quadraginta
966 1498 1104 1541 quinque
1125 1498 1157 1530 li-

415 1551 488 1584 bras
513 1561 585 1583 cum
609 1551 741 1593 5111311115
765 1551 892 1584 illorum
922 1551 1025 1583 missis
1040 1578 1047 1590 ‚
1079 1561 1156 1594 quas

414 1603 553 1647 (1110111110
566 1615 624 1647 pro
637 1604 770 1646 00110310
788 1605 948 1637 celebrare
967 1605 1156 1638 tenebuntur

414 1658 498 1690 iuxta
511 1657 748 1691 constitutiones
762 1658 1004 1699 reformationis,
1019 1668 1076 1701 pro
1092 1667 1155 1690 non

414 1711 628 1744 sacerdotibus
653 1712 849 1754 septuaginta
872 1711 1010 1755 quinque
1041 1711 1153 1751 libras,

414 1763 665 1806 tenebunturqne
707 1763 848 1805 singulae
883 1774 933 1796 sex
974 1763 1154 1807 provinciae

413 1827 484 1849 011111
503 1818 537 1848 ea
552 1816 701 1859 pensione
715 1817 823 1848 saltem
842 1822 978 1859 quatuor
995 1816 1154 1849 studentes

412 1869 564 1902 Lutetiam
598 1869 721 1901 mittere
753 1869 897 1902 studendi
928 1871 1031 1902 causa.
1058 1870 1150 1903 Pote-

413 1927 486 1955 runt
512 1927 615 1954 tamen
642 1927 748 1965 patres
773 1922 952 1964 consiliarii,
978 1923 1002 1955 si
1028 1923 1153 1966 quando

412 1975 546 2017 collegio
570 1976 651 2008 Deus
675 1985 752 2018 opes
769 1975 978 2008 abundantius
996 1976 1154 2018 impertie-

411 2028 461 2069 rit,
479 2028 593 2061 dictam
617 2028 801 2071 pensionem
827 2029 1028 2061 imminuere:
1055 2029 1152 2061 immo

412 2087 554 2125 optamus
564 2082 731 2124 collegium
745 2082 782 2114 ad
799 2082 889 2115 talem
900 2081 905 2097 ¹
918 2086 1032 2115 statum
1046 2093 1152 2125 quam-

413 2135 551 2178 primum
577 2134 742 2178 pervenire
765 2140 799 2166 ut
818 2135 903 2167 nulla
921 2136 1059 2168 solvatur
1075 2146 1151 2178 pen-

412 2187 457 2221 sio
482 2188 590 2219 saltem
616 2198 675 2230 pro
700 2187 802 2227 victu,
828 2188 881 2220 sed
907 2193 993 2220 certo
1017 2198 1151 2220 numero

412 2241 570 2273 studentes
585 2251 621 2273 ex
638 2241 768 2283 5111311115
782 2241 951 2284 provinciis
966 2241 1064 2283 gratis
1082 2252 1153 2284 pro-

410 2294 627 2337 portionaliter
652 2294 856 2337 recipiantur,
882 2306 908 2327 v.
934 2305 962 2337 3.
989 2295 1097 2327 decem
1115 2306 1150 2327 ex

412 2350 598 2391 unaquaque
617 2347 788 2390 provincia,
803 2354 832 2379 01
848 2347 986 2390 triginta,
1000 2348 1149 2391 quamdiu

411 2400 500 2433 aliter
524 2411 587 2433 non
611 2400 803 2443 disposuerit
819 2401 984 2443 generalis,
1003 2411 1039 2433 ex
1057 2402 1151 2433 Turo-

412 2454 510 2494 nensi,
538 2455 588 2487 cui
613 2454 736 2496 collegii
769 2465 844 2487 cura
869 2459 898 2488 et
922 2454 1150 2487 administratio

413 2508 579 2540 commissa
602 2513 657 2541 est.
679 2508 818 2549 Interim,
837 2509 862 2541 si
883 2508 983 2541 dictus
1007 2509 1096 2552 prior
1122 2513 1151 2541 et

413 2561 614 2603 provincialis
644 2572 707 2594 non
731 2562 859 2594 solverit
883 2563 1068 2605 pensionem
1094 2573 1150 2605 per

997 230 1175 253 BULLAntUM

449 2623 459 2648 1
479 2621 549 2650 Edit.
565 2622 644 2650 nain.
662 2623 726 2658 legit
741 2625 797 2651 tale
814 2626 849 2656 (n.
867 2624 915 2659 T.).

1200 229 1354 253 0001000

1198 287 1349 317 mensem,
1366 288 1382 310 e
1400 277 1533 320 collegio
1552 279 1752 313 remittantur
1767 280 1935 320 studentes,

1197 340 1255 363 nec
1272 329 1438 373 quisquam
1461 330 1608 374 deinceps
1631 331 1773 365 mittatur
1791 333 1845 377 qui
1868 343 1932 367 non

1197 382 1236 414 sit
1260 382 1298 414 de
1319 383 1464 415 omnibus
1487 383 1670 416 necessariis
1693 385 1853 427 provisus,
1881 386 1934 419 lio-

1196 440 1345 478 nesteque
1366 441 1396 468 et
1415 436 1562 479 religiose
1576 436 1607 468 in
1625 437 1771 469 omnibus
1795 439 1932 479 vestitus,

1196 493 1225 520 et
1241 489 1338 520 semel
1359 488 1468 521 decem
1485 499 1598 522 aureos
1614 490 1819 532 ingrediendo
1836 491 1933 524 solvat

1195 551 1252 583 pro
1277 541 1496 583 suppellectili,
1514 552 1607 585 quam
1632 543 1798 585 collegium
1828 548 1934 586 postea

1196 593 1352 625 tenebitur
1380 594 1534 627 resarcire
1557 600 1587 628 et
1612 606 1797 628 conservare
1821 596 1852 628 in
1877 598 1934 629 cel-

1196 646 1266 679 lulis
1287 657 1304 679 a
1329 647 1446 690 priore,
1464 648 1630 691 subpriore
1647 654 1677 682 ct
1693 649 1836 682 clavariis
1849 650 1933 683 iuxta

1195 701 1337 742 regulam
1370 701 1499 734 cuilibet
1526 703 1730 745 assignandis.
1762 704 1838 736 Item
1870 714 1933 737 non

1195 753 1358 786 mittantur
1383 755 1589 798 imposterum
1622 767 1656 789 ex
1681 757 1850 800 provinciis
1874 761 1934 791 stu-

1194 806 1312 846 dentes,
1338 807 1397 839 nisi
1415 808 1447 839 in
1465 809 1659 852 temporibus
1683 809 1856 842 Nativitatis
1872 810 1932 843 Do-

1195 859 1292 899 mini,
1318 860 1476 893 Pascbatis
1500 861 1749 894 Resurrectionis
1780 868 1810 894 et
1834 863 1932 895 saneti

1194 913 1337 956 Remigii,
1356 924 1428 946 eum
1445 914 1590 948 videlicet
1606 915 1802 959 interruptus
1818 916 1933 949 studio-

1193 976 1262 997 rum
1278 976 1389 999 cursus
1409 967 1450 1000 011
1468 967 1634 1000 conciones
1651 968 1802 1002 adventus
1815 974 1846 1001 et
1861 980 1932 1012 qua-

1193 1018 1388 1061 dragesimae
1420 1026 1450 1052 et
1482 1021 1522 1053 ob
1553 1021 1729 1054 vacationes
1760 1032 1777 1054 a
1809 1021 1930 1054 decima

1193 1072 1242 1104 (110
1267 1073 1454 1116 septembris
1487 1085 1585 1118 usque
1614 1074 1652 1107 ad
1676 1075 1790 1116 finem,
1816 1075 1929 1109 iterum

1192 1126 1362 1169 aperietur.

1237 1189 1321 1211 axin.
1346 1180 1423 1218 Quia
1448 1191 1522 1214 vero
1546 1182 1707 1224 provincia
1731 1182 1930 1222 Turonensis,

1192 1237 1225 1263 ut,
1238 1232 1454 1275 superioribus
1468 1234 1705 1277 obsequeretur,
1717 1235 1930 1279 obediretque,

1192 1289 1221 1316 ct
1247 1285 1504 1319 reformationem
1540 1288 1613 1320 dicti
1640 1288 1764 1330 collegii
1789 1288 1929 1325 iuvaret,

1173 1345 1174 1353 ¹
1192 1337 1333 1379 ingentes
1358 1339 1429 1371 t'ecit
1444 1350 1605 1383 expensas,
1623 1345 1653 1372 et
1669 1341 1759 1373 saciet
1784 1341 1931 1383 imposte-

1190 1401 1276 1430 rum,
1304 1396 1466 1435 totumque
1490 1403 1568 1426 onus
1594 1393 1871 1426 adniinistrationis
1901 1399 1931 1426 et

1190 1443 1377 1487 praecipuas
1402 1451 1507 1488 partes
1540 1447 1751 1488 regularitatis
1780 1447 1928 1486 sustinet;

1191 1496 1336 1529 volumus
1361 1502 1394 1531 ut
1418 1510 1455 1531 cx
1479 1499 1531 1532 illa
1556 1499 1720 1543 provincia
1745 1500 1846 1533 solum
1870 1511 1929 1543 pro

1191 1549 1299 1582 decem
1325 1550 1522 1584 studentibus
1538 1556 1640 1586 taxata
1656 1552 1764 1595 pensio
1781 1553 1929 1592 solvatur,

1191 1603 1341 1645 quamdiu
1366 1604 1548 1638 huiusmodi
1565 1606 1733 1648 pensiones
1749 1616 1812 1639 non
1830 1607 1928 1639 extin-

1190 1662 1335 1698 guentur,
1353 1663 1383 1689 et
1405 1657 1489 1700 quod
1513 1658 1625 1701 reliqui
1650 1668 1758 1691 omnes
1775 1664 1808 1691 01
1826 1669 1929 1692 00005-

1190 1709 1263 1741 sarii
1285 1720 1344 1752 pro
1369 1710 1593 1743 reformatione
1618 1711 1648 1743 in
1674 1711 1807 1754 collegio
1832 1713 1928 1754 gratis

1189 1761 1403 1802 admittantur,
1420 1763 1563 1796 videlicet
1579 1763 1689 1806 viginti
1706 1769 1841 1807 quatuor
1857 1776 1929 1797 con-

1189 1814 1296 1846 siliarii
1322 1825 1358 1847 ex
1383 1825 1581 1858 quacumque
1604 1816 1722 1848 suerint
1745 1817 1927 1860 provincia,

1189 1867 1426 1900 concionatores
1451 1869 1523 1908 duo,
1541 1873 1633 1912 atque
1658 1870 1840 1902 confessarii
1857 1881 1929 1913 qua-

1189 1925 1269 1962 tuor,
1286 1921 1345 1953 nisi
1370 1921 1461 1954 aliter
1486 1922 1569 1955 circa
1585 1923 1745 1966 praedicta
1768 1929 1858 1967 pater
1877 1935 1929 1966 ge-

1187 1975 1302 2007 neralis
1331 1975 1456 2008 Ordinis
1490 1986 1548 2019 pro
1581 1981 1722 2019 tempore
1751 1976 1927 2010 faciendum

1188 2028 1381 2061 iudicaverit.
1400 2029 1460 2062 Pro
1477 2029 1654 2073 hospitibus
1672 2040 1708 2062 ex
1723 2035 1843 2073 septem
1856 2041 1927 2074 pro-

1188 2081 1306 2121 vinciis,
1323 2082 1348 2114 si
1373 2083 1456 2115 ultra
1481 2088 1544 2116 tres
1568 2083 1633 2115 dies
1658 2083 1690 2115 in
1714 2083 1848 2126 collegio
1877 2095 1926 2116 re-

1187 2135 1373 2175 manserint,
1397 2146 1454 2179 per
1478 2135 1618 2178 singulos
1643 2136 1708 2168 dies
1732 2147 1791 2179 pro
1816 2147 1924 2169 eorum

1187 2188 1269 2220 victu
1300 2194 1326 2221 et
1361 2189 1545 2232 supellectili
1581 2190 1740 2222 solventur
1769 2189 1924 2222 sexdecim

1186 2252 1280 2281 asses,
1299 2241 1437 2284 alioquin
1462 2242 1668 2283 dimittantur,
1690 2242 1871 2286 eisdemque
1887 2243 1925 2275 de

1167 2301 1169 2308 '
1186 2294 1298 2327 vestitu
1311 2295 1488 2337 sumptibus
1502 2295 1681 2338 provinciae
1698 2295 1924 2338 providebitur,

1185 2347 1332 2390 pecunias
1358 2353 1462 2381 autem
1487 2358 1614 2389 omnes,
1639 2348 1664 2380 si
1690 2358 1767 2391 quas
1791 2349 1873 2392 apud
1893 2359 1924 2381 se

1185 2401 1363 2442 habuerint,
1381 2402 1412 2433 in
1438 2412 1532 2434 manu
1556 2402 1773 2445 procuratoris
1798 2408 1828 2434 et
1855 2402 1920 2435 cla·

1186 2455 1347 2487 rariorum
1372 2454 1591 2488 custodiendas
1615 2455 1781 2499 deponent,
1805 2466 1924 2488 omnes-

1185 2518 1245 2551 que
1269 2508 1502 2541 retormationis
1526 2514 1556 2541 01
1579 2509 1703 2552 001103·11
1728 2509 1923 2542 00051110110-

1184 2572 1239 2594 nes
1264 2567 1370 2595 exacte
1394 2562 1628 2606 observabunt,
1656 2561 1794 2605 alioquin
1817 2561 1923 2594 dimit-

1185 2619 1298 2647 tentur.

1946 231 1998 257 An.
2019 231 2046 257 C.
2067 231 2131 258 1637
