2248 3229
219 214 273 241 An.
288 213 317 241 0.
339 212 407 242 1635
451 203 515 238 496

247 962 353 988 Exposiuo
372 967 402 981 re-

221 991 284 1008 ctoris
302 991 321 1007 01
340 988 403 1008 culle-

221 1015 314 1039 qualium,

259 1812 407 1835 Confirmatio,

223 1839 249 1859 da
269 1844 311 1865 qua
332 1839 352 1859 in
374 1844 407 1859 ru-

223 1866 288 1886 brica.

418 260 468 294 die
489 270 555 294 xvii
573 258 761 303 septembris
778 267 938 296 uncxxxv,
958 256 1158 300 pontificatus

417 313 517 347 nostri
541 322 622 345 anno
642 321 706 344 11111.

455 376 511 404 Dat⁴
530 375 573 402 die
590 376 621 403 17
637 374 800 410 septembris
817 374 895 407 1635,
907 374 1002 409 pontif.
1014 382 1084 401 anno
1100 381 1156 401 xui.

732 516 834 550 nxxv

419 597 629 638 Confirmatio
665 597 781 629 statute?
814 596 944 640 001109ίὶ
979 597 1011 630 S.
1047 597 1158 631 Crucis

467 648 736 682 Vallisolelaneae
752 677 760 688 ,
791 659 854 692 quo
879 653 1020 688 cavetur,
1039 659 1080 682 oze,
1107 649 1159 681 ul-

464 702 514 734 lus
539 701 718 744 collegiatis
741 702 790 734 ibi
813 701 903 734 ultra
923 712 1036 734 novem
1055 712 1158 735 annos

463 759 491 787 et
515 754 594 787 duos
618 764 740 787 menses
762 753 984 797 permaneat&

622 834 757 861 Urbanus
778 834 855 868 Papa
875 834 951 866 vul,

560 879 596 906 ad
615 879 747 906 futuram
767 878 810 906 rei
830 878 1008 906 memoriam.

464 949 478 991 g
504 949 531 981 ·1.
557 949 665 993 ‘Nuper
697 960 756 993 pro
785 954 873 993 parte
905 949 1090 983 dilectorum
1121 950 1157 982 fi-

419 1002 534 1034 liorum
566 1002 699 1035 rectoris
734 1007 765 1035 et
793 1003 1003 1046 collegialiuin
1035 1003 1158 1046 collegii

419 1056 447 1088 S.
473 1055 579 1088 Crucis
604 1055 840 1088 vallisoletanae
865 1056 954 1089 nobis
983 1057 1159 1100 expositum

419 1108 495 1150 suit,
529 1108 613 1151 quod
644 1108 779 1151 quadam
815 1108 890 1142 dicti
923 1110 1048 1152 collegii
1084 1119 1158 1142 con—

420 1161 601 1201 stitutione,
626 1171 680 1194 seu
704 1166 841 1201 statuto,
867 1162 947 1194 inter
972 1162 1032 1194 alia
1056 1172 1159 1195 cavea-

420 1221 470 1248 tur
494 1224 665 1258 expresse,
698 1218 731 1247 ut
766 1215 870 1247 nullus
906 1215 1079 1258 collegialis
1102 1227 1159 1259 per

419 1268 544 1310 longius
560 1277 654 1311 quam
670 1277 782 1300 novem
802 1278 957 1301 annorum
975 1274 1003 1301 et
1023 1269 1159 1302 duorum

420 1322 575 1355 mensium
590 1327 724 1365 tempus,
743 1327 925 1366 computato
939 1327 1080 1366 tempore
1097 1334 1159 1367 quo

420 1376 491 1420 quis
515 1375 688 1418 collegialis
712 1376 892 1408 huiusmodi
913 1376 1100 1410 durantibus
1117 1377 1160 1410 di-

421 1429 478 1462 ctis
494 1439 607 1462 novem
624 1429 714 1461 annis
732 1434 761 1462 et
778 1429 901 1462 duobus
914 1430 1075 1463 mensibus
1091 1431 1160 1464 abe-

420 1483 472 1523 rit,
498 1483 530 1515 in
554 1482 636 1516 dicto
661 1483 796 1525 collegio
823 1494 1010 1527 permanere
1041 1485 1158 1528 possit,

420 1546 479 1580 pro
504 1535 592 1570 cuius
617 1536 722 1569 statuti
747 1536 881 1569 firmiori
906 1536 1107 1570 subsistentia
1124 1538 1160 1571 il·

421 1589 475 1622 lud
504 1600 521 1622 a
545 1588 657 1629 nobis,
689 1589 879 1633 apostolicae
911 1590 1160 1625 confirmationis

421 1642 536 1676 robore
561 1643 760 1684 communiri,
783 1648 814 1676 et
836 1643 981 1688 desuper,
1012 1649 1045 1678 ut
1068 1645 1160 1686 infra,

422 1702 599 1741 opportune
634 1696 802 1740 providere
837 1707 1037 1741 summopere
1073 1698 1157 1731 desi-

423 1750 541 1784 derant.

467 1803 482 1846 g
501 1803 530 1836 ΞΣ.
549 1803 620 1844 Nos,
639 1808 796 1836 rectorem
813 1809 843 1836 et
861 1804 1039 1847 collegiales
1055 1805 1160 1838 huius-

423 1856 509 1890 modi
532 1857 722 1900 specialibus
738 1857 896 1890 savoribus
916 1862 945 1892 et
961 1858 1160 1902 gratiis-pro-

423 1910 511 1953 sequi
536 1910 684 1951 volentes,
703 1915 732 1942 et
756 1920 866 1942 eorum
892 1910 1068 1953 singulares
1092 1922 1160 1955 per-

423 1973 515 1996 sonas
530 1973 547 1995 a
564 1962 725 2006 quibusvis
742 1964 1083 2005 excommunicationis,
1097 1975 1160 1997 sus-

422 2016 580 2060 pensionis
605 2021 635 2049 et
658 2016 833 2057 interdicti,
858 2017 989 2061 aliisque
1014 2018 1159 2051 ecclesia-

422 2069 506 2104 sticis
526 2070 697 2111 sententiis,
715 2070 856 2103 censuris
874 2076 904 2103 et
919 2071 1040 2114 poenis,
1057 2082 1074 2104 a
1091 2071 1160 2105 iure

423 2123 470 2157 vel
482 2123 521 2156 ab
537 2123 674 2164 homine,
692 2123 801 2167 quavis
820 2124 984 2157 occasione
1002 2124 1049 2157 vel
1067 2127 1159 2158 causa

422 2177 513 2217 latis,
540 2177 565 2210 si
590 2177 704 2220 quibus
734 2177 972 2220 quomodolibet
995 2177 1160 2211 innodatae

422 2229 566 2272 existunt,
583 2229 622 2263 ad
642 2229 788 2263 effectum
808 2230 1021 2274 praesentium
1040 2231 1161 2264 dumta-

423 2289 473 2317 xat
500 2284 778 2328 consequendum,
803 2284 916 2318 harum
946 2284 1028 2318 serie
1051 2284 1157 2318 absol-

423 2343 539 2378 ventes,
566 2343 595 2371 et
619 2338 777 2372 absolutas
802 2339 869 2372 fore
893 2344 1065 2380 censentes,
1085 2350 1160 2383 sup-

421 2391 642 2435 plicationibus
666 2403 775 2426 eorum
799 2393 927 2427 nomine
950 2393 1041 2427 nobis
1065 2404 1161 2438 super

423 2445 484 2478 hoc
506 2445 670 2479 humiliter
693 2446 847 2490 porrectis
872 2446 1020 2489 inclinati,
1046 2447 1161 2481 consti-

424 2499 588 2541 tutionem,
610 2500 673 2533 sive
698 2504 847 2533 statutum
872 2500 1063 2542 huiusmodi,
1084 2511 1161 2545 apo-

461 2613 471 2638 1
494 2611 531 2639 Ex
550 2612 656 2648 Regest.
676 2613 703 2640 in
722 2614 824 2642 secret.
845 2613 922 2642 Brev.

991 209 1170 233 BULLARIUM
1194 209 1350 233 Romanum

1938 210 1989 238 Ani
2010 210 2039 239 C.
2056 210 2125 239 1635

1191 255 1301 289 stolica
1326 256 1526 298 auctoritate,
1555 261 1665 290 tenore
1699 258 1927 302 praesentium,

1191 309 1416 342 confirmamus
1440 314 1470 342 et
1493 309 1725 353 approbamus,
1751 311 1858 355 illique
1885 312 1927 344 in-

1191 363 1345 396 violabilis
1365 364 1557 407 apostolicae
1570 364 1726 396 firmitatis
1742 364 1839 397 robur
1855 364 1928 397 adii-

1191 416 1309 457 cimus,
1337 426 1372 449 ac
1400 426 1508 449 omnes
1536 422 1566 449 et
1593 416 1734 459 singulos
1761 421 1823 449 tarn
1850 418 1928 450 iuris

1192 480 1286 512 quam
1308 469 1381 502 sacti
1405 470 1552 511 defectus,
1571 471 1596 503 si
1620 470 1673 514 qui
1697 470 1831 514 desuper
1851 481 1929 516 quo-

1192 523 1365 556 modolibet
1389 523 1625 564 intervenerint,
1649 524 1851 567 supplemus;

1236 577 1250 619 §3
1274 575 1303 609 3.
1329 576 1547 617 Decernentes,
1565 576 1648 620 quod
1664 577 1769 609 nullus
1786 577 1929 620 collegia·
1971 589 2089 613 clausulae.

1192 629 1229 661 lis
1254 629 1446 670 huiusmodi,
1463 629 1521 662 sub
1545 634 1709 673 praetextu
1725 630 1809 673 quod
1833 637 1930 664 recto-

1192 683 1235 715 ris
1261 689 1313 715 aut
1337 682 1421 715 aliud
1446 682 1521 715 dicti
1540 683 1663 725 collegii
1684 683 1822 716 officium
1840 694 1928 716 exer-

1193 741 1270 776 ceat,
1295 735 1327 768 in
1351 745 1388 768 eo
1413 735 1495 768 ultra
1518 735 1618 768 dictos
1641 746 1753 768 novem
1778 746 1876 769 annos
1901 741 1931 769 et

1192 789 1270 821 duos
1295 798 1419 821 menses
1442 788 1618 832 praedictos
1643 799 1845 832 permanere,
1873 799 1929 832 ac,

1192 842 1245 885 qui
1271 847 1342 875 octo
1367 852 1465 875 annos
1485 846 1515 876 et
1533 841 1612 875 duos
1632 852 1755 875 menses
1772 842 1849 874 inibi
1864 853 1931 886 per—

1194 896 1351 936 manserit,
1369 896 1407 929 ad
1432 896 1564 930 rectoris
1589 900 1642 929 aut
1665 895 1749 928 aliud
1772 895 1845 929 dicti
1871 895 1932 929 col-

1193 949 1266 992 legii
1292 949 1431 983 officium
1454 950 1632 983 nullatcnus
1657 949 1729 992 eligi
1755 949 1873 989 valeat,
1895 960 1930 982 ac

1193 1002 1319 1035 irritum
1344 1007 1374 1037 et
1397 1003 1487 1036 inane
1503 1030 1510 1043 ,
1534 1003 1559 1036 si
1591 1013 1681 1036 secus
1711 1012 1805 1046 super
1833 1002 1882 1035 his
1913 1012 1930 1035 3

1193 1065 1360 1099 quoquam,
1386 1056 1495 1099 quavis
1519 1055 1713 1096 auctoritate,
1731 1055 1865 1089 scienter
1882 1056 1930 1088 vel

1193 1109 1383 1151 ignoranter,
1408 1110 1576 1153 contigerit
1599 1110 1752 1143 attentari.

1236 1163 1251 1206 ἓ
1275 1163 1304 1196 4.
1330 1164 1397 1197 Non
1427 1164 1626 1197 obstantibus
1656 1163 1930 1198 constitutionibus
1958 1173 2128 1210 Defogatiocon-

1193 1220 1223 1248 et
1246 1216 1498 1250 ordinationibus
1519 1217 1708 1261 apostolicis,
1725 1228 1761 1249 30
1780 1217 1854 1250 dicti
1871 1217 1931 1250 001-
1944 1201 2064 1223 tranorum.

1193 1269 1277 1312 legii,
1291 1269 1385 1302 etiam
1399 1262 1584 1312 iuramento,
1605 1270 1845 1303 confirmatione
1858 1280 1930 1314 apo-

1193 1323 1313 1363 stolica,
1333 1324 1377 1356 vel
1392 1323 1500 1367 quavis
1516 1323 1663 1357 firmitate
1681 1324 1742 1356 3113
1763 1323 1929 1365 roboratis,

1193 1376 1314 1409 statutis
1353 1381 1383 1409 et
1421 1377 1721 1417 consuetudinibus,
1756 1377 1931 1421 ceterisque

1193 1429 1358 1463 contrariis
1381 1430 1643 1473 quibuscumque.

1237 1483 1349 1516 Datum
1360 1483 1488 1524 Romae,
1501 1483 1583 1527 apud
1593 1483 1621 1517 S.
1632 1483 1760 1516 Mariam
1770 1483 1929 1525 Maiorem,

1194 1537 1252 1570 sub
1265 1537 1381 1571 annulo
1396 1537 1573 1578 Piscatoris,
1587 1537 1637 1570 die
1655 1547 1731 1571 xxm
1744 1537 1930 1581 septembris

1194 1601 1354 1633 mcxxxv,
1369 1591 1568 1635 pontificatus
1593 1591 1691 1624 nostri
1716 1601 1798 1624 anno
1820 1600 1883 1624 11111.

1229 1654 1289 1681 Dat.
1307 1654 1350 1680 die
1366 1654 1399 1681 26
1414 1653 1578 1688 septembris
1591 1653 1668 1687 1635,
1683 1653 1776 1689 pontif.
1789 1661 1860 1680 anno
1870 1660 1929 1680 xm.

1496 1795 1622 1829 DXXVI.

1196 1876 1288 1916 Quod
1311 1876 1459 1909 ecclesiae
1480 1876 1573 1919 regni
1591 1876 1786 1918 Htmyariae
1804 1875 1934 1908 missali

1238 1933 1267 1961 et
1291 1928 1449 1962 breviario
1464 1929 1559 1961 iuxta
1574 1929 1678 1961 ritum
1695 1928 1857 1962 Romanae
1876 1929 1934 1962 Ec-

1238 1982 1352 2015 etesiae
1375 1983 1425 2015 'uta'
1448 1980 1613 2015 debeanffl.

1383 2063 1518 2090 Urbanus
1552 2062 1631 2096 Papa
1663 2061 1739 2095 v111,

1341 2107 1377 2134 ad
1396 2107 1528 2135 futuram
1546 2107 1590 2134 rei
1610 2107 1788 2134 memoriam.

1238 2178 1253 2222 ξ,
1279 2178 1306 2210 1.
1333 2177 1454 2221 Exponi
1478 2177 1568 2210 nobis
1584 2187 1685 2220 nuper
1705 2176 1777 2210 fecit
1801 2175 1931 2210 dilectus
1946 2182 2130 2237 Pasmffiffdss'ss'ss’.

1194 2230 1276 2264 filius
1299 2234 1407 2264 noster
1424 2231 1534 2263 Petrus
1552 2230 1633 2263 tituli
1650 2230 1678 2263 S.
1696 2229 1879 2274 Hieronymi
1896 2229 1932 2263 11-
1946 2237 2002 2257 sino-

1195 2284 1365 2328 lyricorum
1389 2284 1553 2329 presbyter
1578 2283 1745 2317 cardinalis
1762 2284 1932 2317 Pasmanus

1195 2337 1344 2371 ecclesiae
1369 2337 1590 2380 Strigoniensis
1615 2348 1651 2370 ex
1676 2337 1879 2370 concessione
1903 2340 1932 2371 et

1194 2391 1426 2435 dispensatione
1443 2391 1615 2434 apostolica
1637 2391 1773 2435 praesul,
1790 2390 1883 2434 quod,
1898 2390 1932 2424 li-

1194 2450 1243 2477 0οῑ
1267 2445 1385 2479 iteratis
1409 2445 1544 2489 531101115,
1570 2450 1600 2478 et
1623 2455 1695 2478 cum
1719 2454 1858 2484 assensu,
1877 2454 1931 2477 ne-

1194 2498 1269 2531 dum
1294 2497 1565 2541 suffraganeorum
1590 2508 1737 2539 suorum,
1761 2508 1871 2532 verum
1899 2508 1930 2530 e—

1231 2614 1242 2640 1
1260 2613 1298 2641 Ex
1313 2613 1421 2649 aegest.
1437 2613 1464 2642 in
1479 2613 1580 2643 Secret,
1596 2612 1671 2641 Brev.
