2248 3229
135 225 186 254 An.
202 224 231 254 C.
253 224 318 253 ¹631

185 1402 200 1423 Λ
217 1401 329 1427 praedicta

145 1428 250 1449 solutione
288 1427 330 1448 exi-

146 1457 229 1475 muntur
246 1453 302 1475 bona
317 1460 329 1475 a

146 1481 239 1502 locorum
269 1480 330 1501 Ordi-

146 1508 211 1528 uariis
242 1512 342 1534 recupe-v

147 1536 201 1554 rata.

223 2251 338 2282 Derogatio

155 2281 317 2301 contrat-torum.

944 223 1085 248 URBANUS
1110 222 1166 248 vm
1190 222 1238 247 PP.

333 270 488 305 universis
507 262 666 305 bonorum
683 270 969 305 ecclesiasticorum
983 276 1074 304 antea

333 324 366 357 in
389 324 562 358 Palatinatu
586 324 742 368 superiori
767 329 797 357 et
821 324 961 358 inferiori
987 335 1076 358 oceu-
1110 342 1198 385 Confi

333 381 490 422 palorum,
505 377 597 410 aliam
613 377 776 411 dimidiam
797 377 923 412 illorum
942 383 1075 422 partem,

335 440 458 464 necnon
481 442 518 464 ex
544 431 700 464 fructibus
724 431 879 464 universis
913 436 1072 464 monaste-

336 483 457 517 riorum
490 484 678 517 Palatinatus
714 485 887 528 superioris
918 484 1077 517 dumtaxat

337 537 490 581 reliquam
505 537 629 571 tertiam
645 542 777 581 partem,
796 549 875 582 quas
892 537 1077 582 respective,

338 590 432 624 modo
449 594 479 625 et
498 591 599 624 forma
616 591 807 634 praemissis,
821 591 954 624 arbitrio
970 595 1078 623 nostro

338 643 572 677 distribuendas
581 644 699 677 servari
714 644 940 685 mandavimus,
950 649 983 677 ut
994 654 1080 687 prae-

339 696 448 737 fertur,
473 696 575 730 eidem
594 697 711 730 foederi
725 698 881 731 catholico
898 708 956 741 pro
975 706 1080 729 manu-

339 750 476 783 tentione
490 750 645 784 exercitus
657 751 694 784 ad
705 751 874 784 triennium
887 750 1079 794 proximum,

340 803 364 835 si
391 803 510 837 tamdiu
543 804 652 838 foedus
683 804 843 837 duraverit
867 808 898 836 et
924 803 1081 836 exercitus

340 856 522 891 huiusmodi
538 850 803 898 manutenebitur‚
818 862 847 890 et
861 867 932 890 cum
950 857 1021 897 hoc,
1037 861 1080 896 ut,

341 920 379 943 ex
411 910 479 954 ipsa
511 911 641 944 dimidia
672 911 1080 945 fructuum‘universorum

342 963 499 997 bonorum
525 964 810 998 ecclesiasticorum
835 965 999 1008 utriusque
1019 964 1078 996 Pa-

342 1016 488 1050 latinatus
513 1016 561 1050 et¹
586 1017 669 1050 dicta
694 1017 785 1051 tertia
809 1022 897 1061 parte
922 1017 1081 1050 fructuum

343 1071 607 1104 monasteriorum
625 1070 814 1104 Palatinatus
832 1070 1006 1114 superioris
1021 1076 1084 1103 tan-

343 1128 420 1165 tum,
437 1123 600 1168 impensae
624 1133 682 1168 pro
707 1123 856 1157 oneribus
877 1124 1082 1157 ecclesiarum

343 1177 374 1210 in
398 1183 534 1222 utroque
558 1178 732 1211 Palatinatu
760 1178 959 1211 existentium
980 1183 1010 1212 et
1029 1179 1083 1211 ad-

343 1230 573 1265 ministratione
598 1242 693 1265 curae
717 1231 894 1265 animarum
919 1236 949 1266 et
980 1242 1083 1265 sacra-

343 1288 522 1317 mentorum
558 1284 748 1318 sufficientes
782 1285 1083 1325 subministrentur,

343 1338 516 1382 apostolica
539 1339 725 1372 auctoritate
746 1338 907 1383 praedicta
933 1338 1084 1381 assignes.

388 1391 403 1435 ἓ
427 1391 456 1425 5.
481 1391 628 1426 Ceterum
644 1392 728 1425 bona
749 1403 766 1424 a
786 1393 931 1426 locorum
957 1391 1085 1425 Ordina-

344 1444 411 1486 riis,
426 1445 558 1490 aliisque
574 1446 715 1480 ecclesiis
732 1451 762 1480 et
778 1446 921 1490 personis
938 1446 1084 1479 ecclesia-

345 1497 431 1531 sticis
459 1504 655 1543 recuperata,
687 1504 717 1532 et
744 1509 855 1533 eorum
887 1498 1003 1532 mensis
1032 1509 1085 1532 seu

345 1552 486 1586 ecclesiis
517 1557 547 1586 et
579 1553 740 1586 beneficiis
769 1554 995 1597 incorporata,
1028 1552 1085 1585 sub

345 1606 502 1649 praesenti
526 1606 748 1640 commissione
765 1606 894 1640 minime
912 1599 1087 1649 intelligan-

346 1663 398 1692 tur
421 1660 659 1704 comprehensa,
686 1660 740 1693 sed
765 1660 882 1693 eisdem
900 1659 1085 1700 ordinariis,

347 1712 487 1746 ecclesiis
511 1718 542 1746 et
563 1713 726 1747 beneficiis
743 1714 831 1747 salva
855 1718 885 1746 et
910 1713 1086 1755 illibata,ac

347 1765 489 1808 singulae
512 1766 634 1800 litterae
669 1771 796 1800 nostrae
829 1766 1029 1810 praedictae,
1056 1766 1087 1799 in

347 1818 488 1863 reliquis,
513 1820 545 1852 in
569 1819 716 1853 omnibus
733 1825 763 1853 et
779 1830 836 1864 per
856 1820 961 1854 omnia
977 1821 1088 1853 firmae

348 1876 378 1906 et
401 1872 433 1905 in
457 1883 514 1907 suo
538 1874 655 1907 robore
679 1875 853 1918 respective
874 1877 1087 1918 permaneant,

348 1926 390 1960 ita
414 1931 529 1968 tamen,
558 1932 608 1968 ut,
638 1927 721 1962 dicto
745 1928 881 1961 triennio
906 1928 1033 1971 elapso,
1060 1932 1090 1960 et

348 1979 476 2013 interim
500 1980 525 2014 si
550 1981 660 2014 foedus
684 1981 882 2026 praedictum
901 1991 965 2015 non
988 1981 1086 2013 dura-

350 2033 430 2066 verit
453 2038 484 2066 et
506 2034 688 2078 praedictus
713 2035 870 2068 exercitus
893 2044 957 2067 non
985 2044 1092 2066 manu-

352 2086 521 2128 tenebitur,
545 2087 676 2120 dimidia
692 2093 721 2121 et
741 2088 864 2132 reliqua
878 2088 970 2121 tertia
986 2092 1091 2132 partes

351 2141 527 2185 respective
557 2140 717 2174 fructuum
746 2141 927 2174 huiusmodi
963 2140 1092 2174 omnino

353 2193 471 2227 liberae
494 2200 687 2228 remaneant.

398 2247 455 2291 ἓὸ.
476 2248 545 2282 Non
558 2248 754 2282 obstantibus
768 2248 915 2282 omnibus
932 2248 1003 2289 illis,
1013 2258 1093 2292 quae

355 2301 385 2333 in
416 2300 507 2335 dictis
529 2301 642 2336 litteris
666 2302 824 2335 voluimus
855 2312 918 2335 non
947 2302 1093 2341 obstare,

355 2354 531 2398 ceterisque
554 2355 720 2389 contrariis
744 2355 1005 2400 quibuscumqtie.

398 2407 509 2441 Datum
534 2409 660 2451 Romae,
685 2408 767 2452 apud
780 2409 809 2442 S.
824 2409 961 2449 Petrum,
974 2408 1032 2441 sub
1046 2418 1096 2440 an-

355 2462 430 2495 nulo
457 2462 642 2504 Piscatoris,
674 2462 723 2495 die
751 2472 761 2496 1
797 2462 900 2495 martii
931 2472 1094 2502 nncxxxl,

356 2515 557 2559 pontificatus
571 2516 671 2549 nostri
687 2525 769 2549 anno
791 2525 856 2549 vni.

393 2567 450 2596 Dat.
468 2568 511 2596 die
529 2570 539 2596 1
558 2568 647 2596 martii
664 2568 742 2603 1631,
763 2569 858 2605 pontif.
879 2576 948 2596 anno
965 2575 1021 2596 vni.

395 2633 407 2659 1
429 2630 496 2660 Male
515 2631 579 2660 edit.
600 2631 679 2661 Main.
700 2631 764 2667 legit
782 2640 819 2659 ecc
836 2632 877 2667 (a.
892 2632 940 2665 r.).

1416 269 1539 304 CCCXC.

1202 343 1319 375 rmatio
1329 341 1566 375 nonnullorum
1575 344 1772 373 statutorum
1782 350 1851 372 con-

1153 396 1381 438 qreyalz'onum
1413 394 1628 427 Lombardz'ae
1658 398 1685 426 et
1718 393 1850 426 Tusciae

1156 449 1387 481 monachormn
1399 447 1534 482 Ordinis
1549 447 1779 486 Ce‘slerciensis,
1793 457 1851 489 pro

1155 502 1385 544 reformatione
1404 502 1437 534 in
1453 502 1497 534 eis
1514 500 1686 534 statuenda
1701 499 1718 532 ¹.

1324 581 1457 608 urbanus
1475 581 1552 614 Papa
1562 581 1640 612 VIII,

1241 625 1276 652 ad
1296 628 1471 659 perpetuam
1491 625 1534 652 rei
1555 625 1734 652 memoriam.

1157 696 1190 728 ln
1215 695 1293 729 Sede
1318 696 1474 739 Principis
1498 696 1734 739 apostolorum,
1760 695 1854 728 nullis

1113 750 1185 783 licet
1209 749 1324 782 nostris
1342 749 1588 791 suffragantibus
1607 749 1737 788 meritis,
1751 749 1854 782 divina

1113 803 1313 847 providentia
1346 803 1528 843 constituti,
1561 803 1642 835 inter
1667 802 1855 846 multiplices

1115 856 1280 900 pastoralis
1304 856 1399 889 officii
1424 866 1530 896 curas,
1556 855 1594 888 ad
1620 867 1669 897 ea,
1695 867 1752 899 per
1776 866 1855 900 quae.

1115 910 1270 953 regularis
1295 909 1477 953 disciplinae
1502 909 1700 942 observantia
1725 909 1755 941 in
1781 909 1852 952 qui-

1115 962 1253 996 buslibet
1287 962 1456 996 Ordinibus
1493 966 1522 996 et
1558 961 1856 1004 roi‘igregationibus

1116 1021 1335 1059 conservetur,
1363 1017 1545 1060 maioraque
1566 1016 1595 1048 in
1617 1016 1683 1047 dies
1709 1015 1857 1058 suscipiat

1116 1070 1330 1111 incrementa,
1359 1069 1577 1103 sollicitudinis
1602 1074 1727 1101 nostrae
1751 1073 1857 1112 partes

1117 1124 1225 1157 sedulo
1251 1123 1450 1163 intendimus,
1476 1127 1505 1156 et
1530 1123 1576 1163 iis,
1595 1134 1674 1166 quae
1690 1126 1858 1166 propterea

1116 1177 1166 1221 pie
1191 1182 1221 1210 et
1244 1177 1375 1221 provide
1400 1181 1514 1209 statuta
1543 1179 1636 1216 sunt,
1669 1175 1858 1225 apostolicae

1117 1231 1367 1264 confirmationis
1393 1231 1491 1263 robur
1517 1230 1650 1264 libenter
1682 1229 1859 1270 adiicimus,

1118 1289 1213 1328 prout
1237 1284 1451 1328 conspicimus
1477 1284 1507 1316 in
1532 1283 1666 1316 Domino
1692 1281 1859 1315 salubriter

1119 1338 1276 1382 expedire.

1163 1392 1177 1435 ‘g
1212 1392 1242 1424 1,
1277 1391 1353 1424 Cum
1386 1391 1511 1434 itaque,
1544 1390 1623 1423 sieut
1659 1389 1859 1433 accepimus,

1118 1455 1176 1488 pro
1191 1445 1270 1477 felici
1284 1454 1504 1488 prosperoque
1518 1442 1859 1476 dilectorutii-filiorum

1119 1498 1350 1538 monachorum
1371 1495 1598 1531 ‘Cistereiensis
1623 1496 1748 1529 Ordinis
1780 1506 1857 1529 con-

1119 1540 1340 1595 grffiationum
1365 1551 1572 1584 Lombardiae
1597 1555 1627 1584 et
1651 1550 1791 1591 Tusciae,
1818 1550 1861 1582 in-

1120 1595 1212 1638 5111111]
1238 1605 1408 1645 unitarum,
1429 1609 1520 1645 statu,
1538 1609 1568 1637 et
1588 1603 1813 1638 reformatione
1831 1602 1862 1634 in

1120 1659 1164 1692 eis
1181 1658 1420 1700 introducenda,
1434 1659 1603 1692 nonnullae
1621 1657 1860 1691 constitutiones

1121 1717 1150 1746 et
1175 1718 1290 1746 statuta
1315 1712 1407 1752 edita,
1433 1717 1462 1744 et
1486 1722 1503 1744 a
1528 1712 1641 1745 dilecto
1662 1712 1728 1744 silio
1752 1714 1861 1743 nostro

1120 1766 1259 1799 Roberto
1282 1765 1363 1798 tituli
1388 1765 1417 1798 S.
1444 1765 1542 1797 Alexii
1559 1764 1743 1808 presbytero
1763 1762 1863 1796 cardi-

1121 1820 1183 1852 nali
1203 1819 1358 1852 Ubaldino
1376 1823 1565 1862 nuncupato,
1581 1817 1721 1850 eiusdem
1738 1816 1864 1850 Ordinis

1122 1873 1203 1917 apud
1232 1883 1288 1905 nos
1320 1878 1350 1905 et
1375 1872 1587 1916 Apostolicam
1612 1871 1724 1904 Sedem
1750 1875 1861 1915 prote-

1123 1932 1229 1968 ctore,
1260 1937 1296 1959 ac
1327 1926 1450 1959 duobus
1475 1925 1543 1958 aliis
1568 1925 1725 1958 Romanae
1759 1924 1864 1957 curiae

1123 1980 1269 2024 praelatis
1282 1980 1405 2024 pietate,
1418 1979 1561 2013 doctrina
1580 1985 1610 2012 et
1625 1978 1786 2021 religionis
1800 1978 1865 2010 zelo

1123 2034 1374 2077 praestantibus,
1400 2033 1513 2067 auditis
1542 2033 1635 2065 etiam
1661 2038 1691 2065 et
1715 2031 1865 2065 consultis

1124 2087 1246 2120 dilectis
1270 2087 1342 2120 filiis
1366 2086 1526 2130 praeside,
1550 2085 1812 2130 procuratoribus
1837 2089 1867 2117 et

1125 2140 1247 2173 duobus
1272 2150 1307 2173 ex
1332 2140 1564 2183 antiquioribus
1589 2139 1755 2172 abbatibus
1772 2137 1866 2170 dicta—

1125 2204 1196 2226 rum
1222 2193 1515 2235 congregationum,
1541 2192 1741 2225 demandato
1758 2196 1867 2224 nostro

1126 2247 1192 2280 visa
1215 2251 1244 2280 et
1268 2247 1442 2279 examinata
1465 2246 1590 2287 fuerint,
1617 2246 1734 2280 tenoris
1760 2245 1867 2277 subse-

1126 2301 1260 2345 quentis,
1285 2300 1445 2333 videlieet:

1172 2355 1302 2388 Praelati
1327 2365 1437 2389 omnes
1460 2363 1737 2398 quorumcumque
1763 2361 1869 2385 mona-

1167 2456 1176 2480 l
1195 2453 1386 2480 cistercienses
1401 2452 1554 2487 provinciae
1565 2452 1679 2478 Tusciae
1696 2454 1721 2477 et
1737 2450 1870 2477 Lonibar-

1128 2497 1188 2524 diae
1204 2497 1289 2524 univit
1304 2498 1332 2524 in
1347 2505 1428 2524 unam
1444 2496 1688 2530 Congregationem
1704 2496 1789 2522 sancti
1808 2495 1869 2521 Ber-

1129 2541 1206 2569 nardi
1229 2541 1255 2568 in
1283 2541 1359 2568 Italia
1380 2540 1589 2576 nuncupandam
1612 2540 1765 2566 Alexander
1785 2539 1817 2565 VI
1843 2538 1870 2565 in

1129 2586 1221 2613 Const.
1237 2592 1264 2618 x,
1280 2585 1444 2619 plantatus,
1462 2589 1528 2612 tom.
1544 2592 1571 2619 v,
1587 2592 1649 2619 pag.
1665 2584 1733 2618 3723
1749 2583 1832 2610 Iulius
1849 2582 1869 2609 ll

1129 2629 1219 2659 const.
1235 2636 1320 2664 xxxii,
1337 2630 1384 2659 Eae
1395 2633 1538 2666 paternae
1550 2651 1557 2664 ,
1574 2629 1639 2658 ibid.
1656 2637 1717 2665 pag.
1737 2628 1796 2657 196.

1758 212 1820 245 ⁶203
1867 221 1913 247 Au.
1927 221 1956 248 c.
1981 221 2043 248 1631

1897 708 2036 729 rronomium.

1903 1400 1984 1420 Causae
2002 1399 2061 1419 istius

1877 1426 2043 1447 Constitutionis.

1924 2361 2010 2381 suatum
2037 2365 2069 2380 ro·

1884 2389 2003 2408 censentur.
