2248 3229
402 235 467 271 770
947 239 1122 265 numinum
1147 237 1299 262 ROMANUM

356 299 505 333 Nicolaus
531 296 736 332 Tornabonus
760 295 929 338 episcopus
953 293 1050 336 Burgi
1075 292 1175 325 sancti
1200 289 1378 334 Sepulchri,
1404 287 1468 322 495
1491 298 1521 320 α.

356 351 474 388 Notarii
500 355 588 385 extra
613 349 729 383 Urbem
753 350 862 390 creati,
885 351 1054 391 antequam
1079 354 1172 378 suum
1196 343 1335 377 officium
1359 341 1542 375 adoriantur
1566 348 1728 382 exercere,
1742 339 1889 374 examine

445 415 480 439 se
503 404 620 439 debent
643 401 802 436 subiicere
827 400 886 435 sub
911 408 1014 444 poena
1034 398 1185 432 nullitatis
1211 400 1243 431 et
1267 395 1348 437 salsi,
1375 395 1435 429 266
1461 405 1490 427 α,

1109 554 1138 591 Ο

360 669 546 706 Oblatorum
572 666 772 711 praepositus
797 667 923 709 praeest
949 663 1097 706 regimini
1121 659 1283 694 seminarii
1308 657 1463 693 Helvetici
1487 656 1748 695 Mediolanensis‚
1774 655 1835 690 604
1861 655 1888 688 b.

360 723 569 759 Observantia
595 720 659 763 (de)
686 720 799 753 fratres
824 719 961 752 Minores
987 717 1017 750 S.
1043 715 1213 754 Francisci‚
1238 713 1310 746 vide
1334 711 1491 746 Minorum
1516 710 1545 744 S.
1571 710 1729 744 Francisci
1750 708 1849 743 Ordo.

360 776 513 812 Octavius
532 774 792 816 archiepiscopus
810 772 983 811 Tarsensis,
1002 770 1184 813 provinciae
1203 764 1428 800 Romandiolae
1447 773 1586 808 praeses,
1607 762 1647 797 28
1668 772 1706 802 a;
1729 760 1894 795 facultates

449 828 493 862 illi
519 836 690 860 concessae
717 836 771 869 pro
795 825 993 858 derivatione
1019 823 1157 856 fluminis
1181 820 1293 857 Rheni,
1320 818 1361 851 29
1386 828 1405 850 a
1430 821 1460 851 et
1483 827 1545 860 seq.

361 882 513 918 Octavius
539 879 708 917 Pierleoni‚
734 879 797 912 302
822 879 857 913 b:
883 885 1060 920 pauperum
1085 874 1267 914 edicemus,
1293 871 1355 905 303
1381 881 1409 904 α.

361 934 529 970 olivetana
554 934 767 975 congregatio,
794 931 864 963 ride
888 930 1109 972 CongregatiO.

361 987 497 1024 Oratorii
523 987 728 1029 congregatio
754 984 972 1027 Neapolitana,
999 983 1060 1015 614
1087 981 1122 1020 b;
1148 981 1176 1013 ei
1202 977 1426 1012 communicati
1451 975 1620 1020 privilegia
1636 983 1717 1019 quae
1733 973 1896 1009 Romanae

453 1048 604 1073 concessa
630 1042 711 1078 sunt,
740 1037 815 1069 ibid.
842 1041 872 1070 et
896 1048 956 1080 seq.

362 1092 498 1128 Oratorii
524 1094 729 1133 congregatio
755 1089 911 1129 Rotnana,
938 1088 1000 1120 012
1025 1087 1057 1120 b:
1083 1096 1101 1120 a
1125 1087 1256 1119 summis
1286 1084 1488 1129 pontificibus
1517 1082 1707 1127 approbata,
1732 1083 1896 1127 variisque

450 1149 540 1179 aucta
566 1143 753 1187 privilegiis,
777 1142 839 1174 ote
865 1146 896 1175 et
919 1152 980 1184 seq.

362 1198 449 1234 Ordo
474 1198 505 1231 B.
532 1197 647 1231 Mariae
672 1197 711 1228 de
736 1194 882 1228 Mercede
911 1193 1149 1236 Redemptionis
1180 1192 1393 1235 captivorum,
1419 1191 1436 1224 6
1465 1191 1500 1230 b;
1525 1188 1674 1223 fratribus
1706 1189 1897 1224 Reformatis

450 1251 534 1286 illius
559 1249 744 1282 conceditur
770 1257 844 1281 usus
869 1247 981 1280 domus
1007 1251 1037 1279 et
1062 1245 1216 1278 ecclesiae
1242 1244 1272 1277 S.
1298 1244 1415 1278 Mariae
1440 1245 1470 1276 in
1497 1243 1527 1276 S.
1559 1243 1709 1276 loannino
1730 1244 1762 1275 in
1791 1243 1895 1286 capite

452 1304 490 1337 de
516 1302 609 1343 Urbe,
635 1303 653 1336 7
679 1313 717 1340 a;
743 1301 976 1345 quamplurima
1003 1300 1046 1333 illi
1072 1298 1185 1334 Ordini
1211 1307 1362 1331 concessa
1388 1297 1556 1341 privilegia
1580 1299 1783 1335 asseruntur,
1809 1295 1849 1329 25
1873 1305 1895 1328 a

452 1360 482 1390 et
507 1357 542 1395 b;
568 1357 717 1397 magister
744 1354 905 1397 generalis
934 1353 1150 1386 Calceatorum
1180 1352 1315 1385 electum
1336 1351 1489 1383 vivarium
1513 1348 1696 1393 generalem
1719 1347 1899 1381 Discalcea-

452 1413 553 1444 torum
569 1435 576 1449 ‚
602 1408 682 1442 iufra
711 1407 896 1451 quindecim
921 1406 990 1439 dies
1015 1406 1201 1439 confirmare
1224 1405 1330 1445 debet,
1349 1404 1410 1437 177
1432 1414 1450 1436 a
1471 1407 1501 1436 et
1526 1413 1587 1447 seq.
1608 1401 1732 1435 Fratres
1756 1400 1829 1434 laici
1848 1399 1899 1434 vel

453 1463 598 1497 conversi
624 1463 757 1495 transire
784 1470 844 1493 non
871 1464 1002 1503 possunt
1022 1459 1060 1492 ad
1081 1463 1195 1493 statum
1216 1457 1407 1498 clericalem,
1426 1457 1487 1490 28⁶.)
1514 1456 1540 1488 b.

363 1535 407 1543 ==
430 1516 554 1550 Fratres
575 1515 764 1549 Discalccati
785 1513 956 1547 Recollecti
974 1514 1157 1556 nuncupati,
1179 1513 1218 1545 66
1237 1512 1272 1550 b‚·
1298 1513 1437 1554 ipsorum
1459 1510 1697 1544 constitutiones
1714 1509 1901 1542 confirman-

452 1573 513 1610 tur,
538 1569 577 1601 07
596 1568 629 1607 b;
648 1568 788 1611 ipsorum
806 1569 944 1600 vicarius
968 1566 1127 1609 generalis
1152 1566 1331 1598 confirmari
1356 1564 1451 1598 debet
1474 1573 1492 1598 a
1516 1562 1659 1608 generali
1683 1562 1899 1597 Calceatorum

453 1622 533 1655 infra
559 1620 742 1664 quindecim
769 1620 837 1654 dies
863 1619 902 1653 ab
927 1621 1093 1660 electione,
1120 1619 1181 1652 177
1207 1628 1225 1650 (ι
1250 1622 1280 1652 et
1304 1628 1364 1661 seq.

365 1675 452 1711 Ordo
466 1673 765 1708 Camaldulensium.
781 1672 939 1706 Indultum
955 1671 1124 1706 abbatibus
1138 1672 1246 1705 utendi
1264 1670 1475 1705 baldaccbino
1493 1673 1524 1703 et
1537 1668 1768 1712 pontificalibus
1794 1669 1855 1702 299
1869 1679 1897 1701 α.

366 1727 452 1764 Ordo
477 1726 795 1770 Cappurciuorum,1
819 1737 857 1764 (1;
874 1726 913 1759 ad
929 1725 1081 1758 laxiorem
1102 1725 1257 1759 Ordinem
1280 1725 1413 1758 transire
1437 1726 1600 1766 nequeunt
1623 1720 1745 1766 absque
1766 1721 1899 1756 Romani

452 1781 597 1815 Pontitici
622 1779 766 1816 licentia,
796 1788 855 1812 nec
879 1778 917 1811 ad
944 1777 1203 1812 Cat-titusiensem
1228 1779 1297 1811 sine
1322 1776 1449 1810 licentia
1474 1775 1609 1809 ministri
1634 1774 1805 1818 generalis,
1826 1776 1841 1807 1
1863 1774 1899 1814 b,-

452 1833 523 1867 laici
550 1832 683 1875 professi
709 1832 906 1875 praecedunt
929 1831 1062 1864 clericos
1088 1841 1148 1864 non
1168 1830 1334 1873 professos
1365 1830 1427 1863 290
1456 1828 1482 1861 b.
1512 1828 1635 1861 Fratres
1655 1827 1748 1860 huius
1769 1826 1900 1861 Ordinis

453 1886 583 1919 Romam
609 1886 676 1917 sine
702 1886 901 1927 superiorum
927 1884 1124 1927 generalium
1150 1883 1276 1917 licentia
1309 1885 1472 1927 nequeunt
1501 1881 1655 1914 accedere
1678 1884 1900 1924 praeterquam

455 1948 472 1972 e
496 1940 658 1981 provincia
683 1937 832 1977 Romana,
860 1937 918 1970 241
948 1948 977 1977 a,
1003 1936 1075 1969 virle
1095 1936 1378 1980 Cappuccinorum.

367 1991 454 2027 Ordo
477 1992 743 2031 Cisterctensium,
760 1991 821 2024 179
839 2001 867 2022 a.
887 1990 1062 2023 Concordia
1079 1991 1155 2023 inita
1180 1992 1262 2023 inter
1286 1990 1557 2023 administratores
1573 1987 1759 2031 collegiatae
1776 1987 1806 2020 S.
1826 1986 1902 2021 Am-

455 2044 551 2079 brosii
576 2044 821 2078 Mediolanensis
846 2047 877 2076 et
904 2043 1092 2083 monachos,
1123 2042 1198 2076 ibid.
1224 2043 1343 2077 Statuta
1373 2052 1427 2086 pro
1455 2043 1611 2085 regimine
1645 2041 1900 2085 congregationis

454 2097 662 2132 Loinbardiae
680 2100 710 2131 et
730 2097 862 2130 Tusciae
879 2096 962 2130 edita
980 2100 1011 2130 et
1035 2097 1228 2139 confirmata,
1251 2097 1312 2131 203
1339 2097 1366 2129 b.
1388 2096 1434 2130 Ao
1457 2095 1574 2130 deinde
1598 2094 1776 2137 declarata,
1797 2093 1857 2128 361
1885 2093 1901 2127 b

458 2155 488 2185 et
512 2161 573 2194 seq.

369 2204 456 2241 Ordo
480 2205 608 2238 fratrum
633 2202 843 2237 Eremitarum
869 2203 899 2237 S.
924 2203 1110 2247 Augustini;
1136 2203 1207 2237 ride
1231 2203 1401 2247 Augustini
1427 2202 1495 2246 (5.).

369 2257 456 2293 Ordo
480 2258 680 2291 Minimorum
705 2259 806 2290 sancti
830 2257 991 2290 Francisci
1017 2257 1057 2290 de
1082 2257 1187 2298 Paula,
1213 2256 1285 2290 vide
1308 2257 1517 2291 Minimorum.

370 2311 457 2346 Ordo
482 2311 756 2352 Praedicatorum⁷
784 2310 852 2343 risle
877 2311 1145 2344 Praedicatorum.

371 2363 458 2399 Ordo
483 2364 511 2396 S.
539 2364 665 2398 Antonii
691 2364 730 2397 de
755 2364 784 2396 S.
809 2363 945 2396 Antonio
973 2362 1153 2403 Viennensi,
1182 2362 1251 2395 ride
1276 2362 1306 2396 S.
1324 2362 1454 2396 Antonii
1478 2361 1517 2394 de
1543 2360 1573 2394 S.
1599 2360 1735 2394 Antonio
1760 2359 1858 2396 Ordo.

371 2416 458 2453 Ordo
484 2417 513 2450 S.
535 2417 652 2450 Basilii.
678 2416 852 2460 Collegium
878 2427 934 2460 pro
959 2416 1071 2449 decem
1096 2415 1258 2449 monachis
1283 2415 1401 2449 Romae
1427 2416 1619 2455 institutum,
1646 2413 1707 2447 2¹57
1733 2424 1751 2446 a
1771 2417 1881 2458 etseq.

373 2468 460 2505 Ordo
484 2470 536 2503 SS.
561 2469 721 2503 Trinitatis
746 2470 984 2513 Redemptionis
1017 2471 1231 2512 captixorum,
1263 2469 1300 2502 96
1335 2469 1362 2501 b.
1394 2467 1603 2511 Congregatio
1635 2466 1923 2502 Discalceatorum-

461 2522 710 2556 Reformatorum
728 2524 758 2555 in
777 2522 886 2556 Galliis
900 2523 1052 2563 instituta⁷
1066 2522 1103 2555 96
1122 2532 1151 2554 a.
1168 2522 1311 2555 Ministro
1329 2525 1430 2555 tamen
1444 2520 1586 2565 generali
1603 2520 1733 2556 Ordinis
1750 2520 1902 2562 subiecta,

464 2575 501 2608 96
528 2575 553 2607 b.
579 2575 605 2609 A
637 2585 698 2619 quo
731 2577 825 2609 etiam
858 2575 1068 2619 provinciales
1099 2580 1170 2609 sunt
1202 2576 1427 2616 confirmandi,
1458 2575 1498 2609 98
1523 2575 1549 2608 b.
1575 2575 1645 2609 Alia
1678 2574 1789 2609 similis
1823 2573 1903 2608 Con-

463 2629 605 2671 gregatio
622 2630 654 2663 in
671 2628 833 2672 Hispania,
855 2628 916 2662 239
942 2639 974 2668 a,·
992 2630 1061 2662 eius
1084 2629 1195 2663 fratres
1219 2633 1351 2673 possunt
1368 2628 1586 2673 eleemosynas
1602 2631 1722 2672 petere,
1744 2626 1902 2670 etlegata‚
