2248 3229
126 204 180 232 An.
200 204 231 232 C.
247 201 315 232 ¹637

934 202 1076 227 mnaxus

327 250 492 293 servantia,
517 250 673 292 volumus,
692 255 727 285 ut
742 251 781 284 ab
798 252 865 285 eius
883 251 1066 295 provinciali
1084 254 1086 294 ξ

328 310 486 350 tamquam
511 305 728 339 commissario
763 306 879 350 prioris
912 297 1087 348 generalis'

327 368 386 403 pro
410 363 553 403 tempore
578 359 589 402 (j
599 358 658 391 nisi
682 358 722 391 ab
746 369 784 392 eo
817 359 896 392 alius
920 359 1067 392 commis-

327 411 429 445 sarius
452 412 547 446 suerit
575 411 757 456 deputatus)
789 423 860 445 cum
893 423 950 446 suo
982 411 1068 446 socio

327 463 488 498 ordinario
513 465 646 508 singulis
669 465 759 498 annis
783 465 937 505 visitetur,
958 465 1007 498 cui
1028 469 1070 497 ta·

328 527 401 550 men
424 527 481 562 per
506 517 609 561 ipsum
629 518 822 561 generalem,
839 517 963 562 quoties
983 517 1011 550 ei
1028 517 1087 550 ri-=

328 570 455 604 debitur
471 571 632 616 expedire,
648 571 727 605 alius
742 571 846 606 socius
866 582 904 606 ex
920 571 981 605 alia
999 581 1071 615 pro-

328 624 431 658 vincia
447 625 618 658 reformata
634 625 666 658 in
682 625 782 659 Gallia
799 626 927 670 adiungi
942 625 1069 670 poterit.

328 678 386 719 Et,
410 678 437 712 si
461 678 586 722 quando
617 679 718 723 priori
752 679 892 723 generali
916 679 1070 723 placuerit

328 732 465 776 aliquem
483 732 736 767 commissarium
757 743 793 767 ex
811 733 881 767 aliis
897 732 1070 778 provinciis

328 784 446 819 Galliae
469 786 649 820 reformatis
671 787 838 821 nominare
855 791 885 820 et
908 786 1089 830 assignare·

328 839 534 881 visitatorem,
547 851 673 885 semper
689 841 750 875 erit
761 840 1070 882 concommissarius,

328 893 389 927 nisi
406 894 497 928 aliter
513 894 707 940 disposuerit
723 895 790 940 ipse
808 895 965 939 generalis
982 899 1071 939 pater

328 947 532 992 provincialis
555 948 732 990 Turoniae,
765 949 874 982 saltem
905 958 1070 992 quousque

329 1001 408 1035 aliae
431 1001 464 1035 in
487 1001 586 1036 Gallia
606 1002 787 1047 provinciae
803 1002 866 1035 sint
881 1002 1071 1036 reformatae

330 1054 415 1088 iuxta
438 1065 537 1089 novas
561 1055 801 1089 constitutiones
824 1065 882 1099 pro
899 1054 1071 1100 provinciis

330 1108 509 1141 reformatis
533 1114 563 1141 et
587 1108 798 1142 reformandis
821 1108 1017 1152 compilatas,
1041 1113 1072 1141 et

329 1171 345 1193 a
363 1161 568 1194 Sanctissimo
587 1161 722 1195 Domino
746 1166 855 1195 nostro
876 1161 1002 1195 Urbano
1021 1161 1072 1194 Pa-

329 1224 368 1258 pa
392 1214 457 1247 vltl
482 1214 694 1255 confirmatas,
711 1220 742 1248 et
766 1225 819 1248 eas
835 1225 903 1248 esse
923 1215 1089 1249 reforma-=

331 1273 377 1301 tas
402 1267 609 1301 declaraverit
625 1273 715 1312 pater
732 1268 872 1308 Ordinis;
898 1274 972 1301 tnnc
988 1268 1071 1301 enim

330 1332 366 1354 ex
392 1321 452 1354 illis
476 1322 624 1356 omnibus
648 1322 721 1365 eligi
746 1322 863 1366 poterit
885 1322 923 1355 ad
948 1322 1070 1356 libitum

330 1385 347 1406 a
372 1375 510 1418 generali
528 1375 777 1416 commissarius,
794 1375 847 1419 qui
868 1375 954 1408 solus
974 1375 1073 1407 valeat

331 1428 449 1461 dictum
474 1428 643 1471 collegium
668 1428 808 1462 visitare:
834 1428 917 1472 quod
934 1428 958 1461 si
979 1428 1018 1461 ab
1035 1438 1073 1461 eo

331 1481 437 1514 nullus
456 1482 537 1514 alius
554 1482 647 1514 suerit
663 1482 832 1524 institutus,
846 1492 973 1526 semper
993 1492 1074 1515 com-

332 1534 495 1567 missarius
514 1540 541 1567 et
560 1534 702 1568 visitator
718 1534 785 1567 sine
801 1534 863 1567 alia
880 1534 1074 1567 institutione

331 1587 390 1621 erit
412 1593 501 1631 pater
525 1588 727 1632 provincialis
751 1588 917 1621 Turoniae.

375 1650 407 1674 11.
434 1641 472 1674 Ut
492 1641 610 1674 dictum
628 1641 798 1684 collegium
819 1651 944 1685 semper
963 1641 1091 1674 floreat*

331 1693 362 1727 in
386 1694 508 1737 studiis,
529 1695 694 1739 maiusque
710 1693 940 1728 incrementum
960 1695 990 1727 in
1007 1694 1074 1727 dies

331 1748 496 1792 suscipiat,
522 1748 724 1790 ordinamus,
748 1747 833 1792 quod
857 1748 888 1781 in
913 1757 950 1782 eo
975 1758 1070 1781 num-

333 1812 427 1847 quam
452 1802 554 1835 desint
577 1803 692 1836 classes
715 1802 847 1843 artium‚
870 1801 1003 1845 logicae,
1028 1802 1073 1835 vi-

332 1854 461 1897 delicet,
485 1854 715 1899 philosophiae,
740 1855 861 1889 inclusa
886 1855 979 1888 etiam
1006 1865 1073 1889 me-

333 1908 512 1953 taphysica,
533 1908 712 1952 theologiae
737 1918 773 1942 ac
797 1908 993 1942 diversarum
1018 1910 1092 1942 lin-›

333 1972 479 2005 guarum.

378 2024 422 2048 nt.
439 2015 485 2058 Et,
499 2015 573 2060 quia
589 2015 692 2049 solum
710 2015 802 2049 debet
819 2025 888 2049 esse
905 2015 1074 2059 collegium

333 2069 508 2103 studiorum
534 2073 563 2104 et
586 2079 644 2113 pro
668 2069 866 2103 studentibus
893 2074 928 2102 ut
955 2069 1073 2102 dictum

334 2128 390 2163 est,
415 2122 632 2164 decernimus,
656 2132 695 2156 ne
719 2123 750 2156 in
775 2122 828 2156 illo
848 2122 995 2166 deinceps
1019 2122 1075 2155 ad-

334 2177 498 2210 mittantur
521 2177 617 2221 aliqui
641 2176 680 2210 ad
701 2176 861 2217 habitum,
886 2177 933 2210 vel
950 2176 987 2209 ad
1006 2186 1094 2220 pro-=h

336 2230 520 2271 sessionem
545 2234 589 2272 et,
613 2231 637 2264 si
670 2230 723 2275 qui
754 2230 934 2275 superiores
966 2235 1076 2264 contra

335 2284 416 2318 istud
451 2284 611 2319 decretum
648 2285 750 2318 facere
784 2272 1094 2333 praesumpsei·int,{

336 2338 497 2372 incurrent
530 2338 561 2371 in
593 2338 779 2372 sententiam
815 2338 1094 2372 excommunica-'¹

337 2391 429 2424 tionis
453 2396 483 2424 et
510 2391 541 2424 in
566 2391 775 2435 privationem
801 2401 930 2425 suorum
956 2391 1076 2425 officio-

337 2455 418 2484 rum,
443 2454 564 2478 necnon
590 2445 620 2477 in
644 2450 829 2489 perpetuam
854 2428 1095 2478 inliabilitatio-i

337 2507 408 2530 nem
434 2497 471 2530 ad
497 2497 611 2530 similia
636 2503 666 2530 ct
689 2497 750 2530 alia
773 2497 876 2531 officia
900 2497 1073 2540 religionis.

382 2560 423 2584 iv.
449 2550 527 2585 Cum
544 2556 649 2584 autem
668 2561 725 2595 per
744 2550 862 2584 dictum
880 2556 1000 2595 patrem
1016 2552 1078 2584 An-

338 2604 457 2638 tonium
482 2614 500 2637 a
531 2606 561 2638 S.
587 2604 718 2638 Martino
745 2604 996 2639 commissarium
1021 2614 1096 2641 no-i

1099 201 1155 226 vm
1179 201 1227 226 rr.

1102 256 1202 283 strum
1226 248 1367 294 patribus
1385 248 1606 283 Observantiae
1626 247 1841 280 Rhedmiensis

1102 316 1176 337 rura
1202 311 1231 337 et
1256 303 1486 337 administratio
1517 302 1592 336 dieti
1617 301 1742 345 collegii
1767 311 1842 335 con-

1102 358 1220 391 credita
1245 357 1348 398 suerit,
1374 362 1405 390 et
1428 365 1465 390 ex
1489 356 1542 389 illa
1574 366 1632 400 pro
1656 355 1723 388 eius
1747 355 1842 388 resor-

1103 411 1239 445 mationc
1263 411 1353 444 multi
1375 409 1515 453 religiosi
1533 408 1761 442 subministrati
1782 408 1843 441 snc-

1103 463 1175 505 rint,
1199 463 1400 497 decernimus
1425 469 1455 497 ct
1480 463 1645 496 statuimus
1660 490 1667 503 ,
1691 467 1724 495 ut
1749 462 1842 496 eliam

1104 516 1320 560 imposterum,
1346 516 1445 550 donec
1461 516 1551 550 aliter
1570 516 1733 560 provisum
1751 514 1844 547 suerit

1103 579 1161 613 per
1181 575 1302 614 patrem
1315 570 1450 611 Ordinis,
1466 575 1572 614 patres
1587 568 1768 614 provinciae
1784 568 1845 600 Tu-

1104 623 1248 657 ronensis
1272 623 1304 657 in
1328 623 1411 658 dicta
1436 626 1512 657 cura
1530 627 1559 657 et
1574 622 1844 656 administratione

1104 683 1318 722 perseverent,
1343 678 1455 713 domus
1479 678 1624 721 regimen
1648 683 1710 710 tam
1727 682 1846 720 tempo-

1105 731 1169 764 rale
1194 741 1288 776 quam
1314 732 1479 776 spirituale
1502 731 1647 773 habeant,
1667 731 1845 764 litterarum

1104 783 1207 817 studia
1230 784 1386 828 dirigant,
1411 784 1628 829 regularisque
1652 785 1734 818 vitae
1757 783 1847 817 disci-

1105 837 1223 881 plinam
1248 838 1411 872 adstruant
1435 838 1473 872 ad
1494 848 1638 873 normam
1657 843 1687 872 et
1711 838 1846 873 sormam

1105 900 1177 924 mox
1203 891 1397 925 tradendam.

1149 954 1179 978 v.
1196 945 1365 978 Exhibcbit
1377 945 1474 989 igitur
1490 946 1572 980 dicta
1588 945 1751 990 provincia
1769 955 1846 980 sem-

1105 1007 1162 1042 per
1181 998 1316 1042 collegio
1329 999 1522 1034 Naubertino
1538 999 1719 1043 quindecim
1743 1005 1848 1044 patres

1105 1051 1302 1085 consiliarios
1326 1052 1412 1086 viros
1437 1052 1555 1093 doctos,
1580 1052 1698 1096 probos
1723 1058 1753 1086 et
1777 1063 1848 1097 pru-

1105 1104 1224 1146 dentes,
1236 1115 1298 1139 non
1313 1111 1417 1139 tamen
1432 1111 1503 1139 actu
1521 1106 1691 1147 studentes,
1705 1116 1763 1150 per
1779 1116 1849 1149 pro-

1106 1158 1270 1192 vincialem
1297 1165 1328 1192 et
1351 1159 1534 1193 definitores
1566 1159 1750 1203 provinciae
1774 1160 1850 1192 assi-

1107 1212 1287 1255 signandos,
1311 1213 1363 1256 qui
1382 1213 1412 1245 in
1430 1213 1585 1256 regimine
1604 1218 1633 1245 et
1650 1212 1849 1246 administra-

1107 1266 1192 1299 tione
1217 1266 1329 1299 domus
1361 1266 1460 1310 priori
1493 1267 1662 1306 assistant,
1687 1266 1766 1300 dnos
1790 1277 1848 1310 pro

1107 1319 1311 1353 concionibus
1336 1319 1504 1362 habendis,
1535 1325 1671 1363 quatuor
1694 1330 1753 1364 pro
1779 1330 1851 1353 con-

1107 1373 1295 1406 fessionibus
1327 1373 1508 1414 audiendis,
1534 1379 1564 1406 et
1595 1373 1714 1416 aliquot
1738 1373 1851 1406 fratres

1107 1427 1203 1461 laicos
1229 1438 1288 1471 pro
1313 1427 1498 1460 necessariis
1528 1426 1731 1467 ministeriis,
1756 1437 1850 1470 quem

1108 1485 1211 1514 lamen
1243 1490 1411 1513 numerum
1444 1485 1474 1513 et
1504 1489 1622 1523 augere
1654 1485 1684 1512 ct
1709 1479 1851 1513 minuere

1107 1534 1222 1578 poterit
1235 1539 1325 1578 pater
1338 1533 1516 1567 ordinarius
1530 1543 1588 1577 pro
1602 1534 1658 1566 sua
1672 1532 1850 1576 prudentia.

1152 1597 1194 1620 ri.
1221 1587 1257 1620 Et
1281 1587 1354 1631 quia
1379 1587 1416 1619 ad
1442 1587 1525 1619 hunc
1543 1587 1638 1619 finem
1664 1596 1740 1620 cura
1757 1591 1788 1619 ct
1802 1586 1853 1619 ad-

1109 1640 1298 1674 ministratio
1329 1640 1455 1684 collegii
1490 1639 1634 1684 patribus
1668 1639 1851 1684 provinciae

1108 1695 1263 1728 Turoniae
1280 1694 1466 1728 demandata
1484 1699 1540 1735 est,
1557 1704 1620 1738 qno
1639 1704 1696 1738 per
1714 1704 1768 1727 eos
1783 1704 1852 1738 per-

1108 1749 1188 1782 secta
1203 1749 1402 1783 observantia
1415 1748 1516 1782 dictae
1528 1748 1708 1792 provinciae
1726 1748 1758 1780 in
1775 1747 1852 1780 illud

1109 1802 1328 1836 introducatur
1353 1807 1384 1835 et
1407 1801 1587 1836 introducta
1611 1806 1765 1845 perpetuo
1782 1811 1853 1834 con-

1109 1861 1270 1897 servetur,
1290 1856 1486 1896 mandamus
1503 1860 1537 1889 ut
1558 1855 1768 1899 imposterum
1787 1864 1853 1888 om-

1108 1919 1164 1942 nes
1188 1909 1301 1943 fratres
1325 1919 1384 1954 pro
1404 1913 1549 1953 tempore
1566 1908 1598 1941 in
1616 1908 1751 1951 collegio
1769 1918 1852 1941 com-

1109 1967 1270 1995 morantes
1301 1962 1425 1996 vivendi
1461 1962 1616 1996 rationem
1652 1967 1682 1995 ct
1718 1961 1852 1994 sormam

1110 2015 1208 2058 ipsius
1241 2015 1421 2059 provinciae
1453 2015 1630 2055 Turoniae,
1661 2014 1723 2047 iam
1758 2014 1853 2057 longa

1110 2069 1303 2112 experientia
1320 2079 1392 2102 cum
1410 2079 1525 2112 magno
1546 2073 1673 2102 nostrae
1690 2067 1853 2111 religionis

1110 2122 1278 2165 splendore
1306 2121 1337 2154 in
1365 2122 1472 2155 multis
1499 2121 1617 2156 Galliac
1648 2121 1853 2155 conventibus

1110 2181 1139 2209 ct
1153 2175 1339 2220 praesertim
1355 2175 1495 2208 Lutetiae
1514 2175 1544 2208 in
1559 2179 1713 2208 conventu
1734 2174 1784 2207 SS.
1803 2174 1854 2207 Sa-

1092 2256 1094 2265 ,
1111 2229 1262 2262 eramenti
1283 2228 1530 2273 comprobatam,
1549 2229 1769 2272 amplexentur
1787 2227 1853 2260 sine

1111 2282 1175 2315 ulla
1207 2282 1445 2323 immutatione,
1477 2281 1635 2315 additione
1668 2281 1715 2314 vel
1747 2280 1853 2314 detra-

1111 2335 1224 2368 ctione.

1156 2398 1209 2421 νη.
1235 2388 1374 2433 Cumque
1398 2398 1482 2423 nunc
1506 2389 1537 2422 in
1561 2389 1695 2433 collegio
1720 2398 1854 2432 magnus

1111 2442 1150 2475 sit
1166 2442 1381 2486 professorum
1394 2452 1556 2484 numerus,
1572 2452 1708 2486 quorum
1723 2441 1853 2486 plurimi

1093 2534 1095 2541 y
1111 2495 1226 2528 dictam
1240 2495 1470 2529 observantiam
1485 2500 1631 2538 renuunt,
1645 2501 1673 2528 et
1685 2500 1854 2540 propterea

1093 2542 1182 2582 finde
1207 2555 1277 2582 sunt
1302 2549 1482 2592 amovendi,
1509 2549 1539 2582 in
1564 2549 1705 2593 aliosque
1730 2548 1854 2593 provin-

1112 2604 1231 2637 ciarum
1269 2604 1385 2636 Galliae
1422 2608 1593 2637 conventus
1626 2601 1853 2647 distribuendi,

1749 190 1808 224 571
1858 199 1908 226 An.
1928 198 2041 227 0.·1637
