2248 3229
124 257 172 283 An.
190 255 218 283 C.
241 255 309 282 ¹639

153 1009 214 1033 Quod
231 1010 312 1036 possint

127 1036 208 1062 erigere
217 1042 271 1056 noxa
282 1036 312 1057 lo-

126 1067 212 1086 ca.eum
220 1063 265 1084 sola
275 1064 312 1084 01·-

126 1091 203 1113 dinarii
219 1091 312 1112 licentia.

312 2452 435 2481 .torum
462 2446 645 2481 eorumdem
671 2446 817 2480 domibus
842 2446 910 2479 fieri
936 2446 1029 2488 solet,

171 2506 200 2528 Ae
219 2507 316 2534 recipere

131 2532 160 2554 nd
183 2533 278 2555 habttum
296 2536 317 2555 et

132 2559 293 2587 professionem.

933 256 1075 281 unnANus

324 307 496 346 censentes,
517 304 697 339 huiusmodi
723 305 1006 350 supplicationibus
1026 304 1069 338 in-

325 356 441 400 clinati,
459 358 613 402 praefatas
630 358 799 393 Clementis
815 358 1068 403 praedecessoris

324 410 445 444 litteras
470 411 500 444 in
526 412 664 445 favorem
686 411 867 456 provinciae
889 407 1068 455 praedictae

325 464 355 498 S.
383 465 508 498 loannis
532 465 688 509 Baptistae
712 465 837 499 Ordinis
862 466 995 499 fratrum
1016 465 1068 498 Mi-

324 528 437 552 norum
463 518 492 552 S.
518 519 676 552 Francisci
708 519 974 553 Discalceatorum
1003 519 1064 552 liu-

325 572 471 613 iusmodi,
492 583 563 606 cum
589 573 736 606 omnibus
760 579 791 606 et
815 573 947 616 singulis
972 573 1002 606 in
1023 573 1068 606 eis

325 625 501 667 contentis,
527 627 701 670 apostotica
737 627 934 666 auctoritate,
959 631 1086 660 tenorei

326 679 557 722 praesentium,
584 680 810 713 confirmamus
842 685 869 713 et
903 679 1064 724 approba-

326 742 405 775 mus,
431 733 555 777 illisque
580 734 769 767 inviolabilis
793 734 984 779 apostolicae
1014 734 1068 766 fir-

327 786 443 819 mitatis
470 787 567 820 robur
592 787 767 828 adiicimus‚
781 798 817 821 ac
836 797 946 820 omnes
963 792 992 820 et
1010 786 1069 819 sin-

325 839 417 882 gulos
449 845 510 872 tam
538 841 614 873 iuris
639 852 733 885 quam
759 841 829 874 facti
854 841 1015 881 defectus,
1043 840 1067 873 si

326 893 378 936 qui
404 893 539 938 desuper
564 895 801 938 quomodolibet
827 894 1068 933 intervenerint,

327 947 521 990 supplemus.

372 1000 427 1044 §²2
441 1001 474 1033 Et
491 1001 619 1045 insuper
635 1001 794 1034 modernis
811 1001 912 1034 eidem
927 1000 1069 1033 Micliaeli

328 1057 356 1087 et
370 1064 429 1097 pro
449 1059 592 1098 tempore
612 1054 816 1088 existentibus
838 1054 984 1087 ministro
1001 1064 1089 1097 pro-t

328 1106 462 1147 vinciati,
481 1107 613 1147 custodi,
627 1107 856 1147 definitoribus,
877 1106 1070 1149 guardianis,

328 1165 358 1193 et
374 1160 524 1194 fratribus
538 1161 638 1194 dictae
652 1161 842 1205 provinciae,
860 1166 893 1193 ut
907 1171 1072 1204 quascum-

327 1223 389 1256 que
414 1213 536 1254 domos,
560 1214 624 1247 sive
645 1214 837 1255 eremitoria‚
865 1225 918 1247 seu
946 1214 1024 1254 loca,
1046 1213 1070 1246 si

327 1266 407 1310 qua¹
433 1267 491 1300 sibi
510 1278 526 1300 a
544 1267 603 1312 piis
625 1267 883 1301 christifidelibus
909 1267 939 1300 in
964 1268 1072 1311 Hispa-

327 1321 396 1354 niae
421 1322 563 1366 partibus
581 1322 803 1362 concedantur,
821 1322 975 1365 recipere,
993 1326 1020 1354 et
1041 1321 1071 1353 in

327 1374 388 1408 illis
413 1382 584 1409 conventus
605 1376 652 1409 sui
671 1376 795 1409 Ordinis
820 1376 943 1418 erigere
961 1380 990 1408 ct
1007 1375 1072 1407 fun·
1088 1373 1089 1415 ξ

327 1427 412 1470 dare,
433 1431 556 1462 serrata
581 1435 683 1462 tamen
700 1429 776 1462 alias
793 1439 956 1462 sacrorum
978 1438 1068 1460 eano—

328 1491 403 1515 num
430 1487 457 1514 et
476 1482 677 1516 decretorum
700 1483 781 1516 sacri
798 1482 927 1516 Concilii
945 1480 1072 1514 Triden-

328 1535 382 1568 tini
403 1535 515 1576 forma,
533 1536 570 1569 dc
588 1536 655 1569 sota
672 1535 828 1569 Ordinarii
850 1535 909 1568 loci
934 1534 1070 1576 licentia,

327 1598 363 1622 ac
387 1589 474 1622 nullo
499 1590 683 1633 quarumvis
702 1589 834 1622 aliarum
861 1587 1091 1632 personarum*

327 1641 465 1675 cuiusvis
486 1642 620 1683 Ordinis,
646 1642 922 1685 congregationis,
947 1647 1000 1673 aut
1025 1640 1071 1673 in-

327 1695 424 1730 stituti
451 1696 644 1739 regularium
665 1696 801 1739 desuper
825 1695 977 1738 requisito
1002 1705 1091 1732 con-1

327 1759 431 1790 sensu,
448 1760 484 1783 ac
497 1748 548 1782 in⁹
567 1749 679 1783 domos
696 1750 743 1782 sui
761 1749 886 1783 Ordinis
903 1754 933 1782 et
947 1749 1073 1793 provin-

328 1803 394 1836 ciae
418 1803 596 1847 praefatae,
624 1813 695 1836 eum
729 1802 862 1836 ecclesia
878 1829 885 1843 ‚
910 1802 1091 1842 sacrarios

328 1858 479 1901 campana
510 1867 564 1890 seu
590 1857 750 1901 campanis
773 1856 968 1898 humilibus,
994 1866 1070 1889 coe-

328 1910 478 1951 meteriis,
490 1910 637 1950 claustro,
652 1910 830 1950 refectorio,
847 1910 944 1950 cellis,
962 1909 1072 1950 hortis,

329 1963 460 2008 aliisque
485 1964 618 1998 officinis
643 1969 673 1997 et
696 1963 846 1997 aedificiis
870 1963 1071 2004 necessariis,

329 2018 453 2061 erigere
470 2023 500 2050 ct
525 2017 671 2050 fabricari
696 2017 809 2057 facere,
827 2027 862 2050 ac
884 2017 914 2049 in
932 2016 993 2049 illis
1014 2017 1073 2049 fra-

329 2076 393 2105 tres
416 2071 464 2104 sui
489 2070 614 2104 Ordinis
638 2070 902 2104 Discalceatorum
935 2069 1074 2103 introdu-

330 2134 412 2165 cere,
426 2130 519 2168 atquc
533 2125 562 2157 in
578 2124 716 2168 ipsarum
731 2123 900 2160 domorum
919 2123 1072 2164 ecclesiis,

329 2185 496 2223 postquam
531 2183 653 2211 erectae
685 2183 715 2210 et
738 2177 906 2211 fabricatae
938 2176 1072 2218 fuerint,

330 2232 562 2265 sanctissimum
594 2231 809 2264 Eucharistiae
841 2236 1072 2264 sacramentum

330 2297 390 2331 pro
415 2286 549 2320 infirmis
573 2295 758 2326 asservare„
782 2295 818 2318 ac
842 2284 947 2318 divina
971 2284 1074 2318 officia

331 2340 502 2381 celebrare,
519 2345 549 2373 et
569 2339 778 2373 ecclesiastica
801 2343 996 2372 sacramenta
1020 2338 1075 2371 mi-

330 2393 475 2434 nistrare,
495 2397 529 2427 ut
554 2393 584 2426 in
610 2393 722 2427 ceteris
747 2392 878 2426 fratrum
904 2392 1076 2425 Discalcea-

375 2501 433 2546 §3
448 2503 490 2535 Ac
510 2501 651 2534 eiusdem
670 2500 851 2545 provinciae
867 2510 951 2533 nunc
968 2505 998 2533 et
1015 2510 1074 2544 pro

331 2560 475 2600 ternpore
499 2554 703 2588 existentibus
728 2553 880 2587 ministris
900 2553 1075 2597 provincia-

367 2629 378 2656 1
397 2626 468 2655 Edit.
485 2626 565 2655 Μαίη.
582 2626 647 2662 legit
662 2635 736 2662 quac
750 2625 790 2661 (u.
806 2625 856 2660 τ.).

365 2672 384 2701 2
398 2673 509 2702 Videtur
527 2672 672 2709 tegendum
692 2672 733 2700 ibi
752 2680 800 2708 pro
821 2671 852 2699 in
871 2670 912 2706 (n.
928 2670 977 2706 τ.).

1102 255 1158 280 rur
1182 256 1230 280 ιη».
1752 246 1810 280 731

1105 304 1199 347 libus,
1219 314 1274 338 seu
1291 303 1483 347 guardianis,
1500 304 1564 338 sive
1589 304 1650 338 alio
1669 303 1780 348 quovis
1794 313 1847 337 no-

1103 357 1188 391 mine
1221 358 1410 402 nuncupatis
1442 357 1612 402 praelatis,
1637 357 1675 391 ad
1705 366 1785 402 quos
1809 356 1847 389 de

1104 411 1171 445 iure
1196 417 1227 444 et
1251 411 1335 445 iuxta
1367 412 1524 455 regularia
1557 411 1697 445 eiusdem
1722 409 1847 444 Ordinis

1102 471 1217 499 statuta
1241 466 1413 510 apostolica
1444 465 1630 499 auctoritate
1662 464 1847 499 confirmata

1104 525 1224 563 spectat
1249 524 1278 554 et
1302 520 1449 564 pertinet,
1465 525 1500 553 ut
1524 529 1742 564 quoscumque
1759 529 1848 563 prae-

1104 572 1222 606 dictum
1249 573 1514 607 Discalceatorum
1544 572 1693 607 Ordinem
1725 571 1846 615 ingredi

1103 631 1133 659 et
1159 626 1302 670 profiteri
1329 627 1484 669 volentes,
1509 626 1682 660 dummodo
1707 626 1737 659 in
1763 635 1844 669 qua-

1084 690 1087 698 ’
1103 679 1179 713 libet
1191 680 1346 713 dictarum
1363 679 1530 713 domorum
1545 679 1768 723 erigendarum
1783 683 1846 711 tam

1104 734 1216 767 fratres
1249 734 1381 778 professi
1410 744 1503 778 quam
1536 733 1644 768 novitii
1678 743 1846 766 numerum

1105 787 1231 830 triginta
1244 798 1307 821 non
1321 787 1480 830 excedant,
1494 788 1579 820 iuxta
1591 787 1750 830 regularia
1769 786 1848 819 eius-

1103 841 1174 873 dem
1192 841 1318 875 Ordinis
1335 841 1476 874 instituta
1493 840 1531 874 ad
1558 840 1699 874 habitum
1725 845 1755 873 et
1774 850 1848 884 pro-

1105 894 1271 927 fessionem
1297 895 1440 938 recipere
1464 899 1495 927 et
1518 893 1694 935 admittere,
1714 904 1751 928 ac
1775 904 1846 927 cum

1104 947 1172 979 aliis
1186 947 1342 990 religiosis
1360 948 1509 991 professis
1529 947 1733 991 incorporare
1750 947 1848 980 libere

1105 1004 1133 1034 et
1158 1000 1242 1034 licite
1268 1001 1387 1034 valcant
1403 1028 1411 1042 ,
1431 1001 1589 1039 licentiam
1615 1007 1645 1034 et
1670 1001 1846 1034 facultatem

1105 1059 1259 1098 perpetuo
1284 1054 1496 1088 concedimus.

1149 1108 1164 1151 ξ
1181 1107 1210 1140 4.
1230 1108 1404 1148 Praeterea,
1420 1108 1503 1152 quod
1521 1108 1682 1152 provincia
1710 1109 1847 1152 praefata

1106 1161 1251 1206 illiusque
1282 1162 1393 1195 fratres
1411 1167 1439 1195 et
1459 1165 1630 1196 conventus
1647 1162 1712 1194 suis
1735 1162 1846 1195 arctio·

1105 1214 1193 1247 ribus
1218 1214 1494 1248 constitutionibus
1511 1220 1541 1248 et
1557 1215 1680 1248 statutis
1693 1242 1700 1256 ,
1721 1225 1801 1259 quae
1819 1215 1849 1247 in

1105 1268 1199 1311 pleno
1225 1268 1363 1312 capitulo
1388 1268 1573 1312 provinciali
1591 1279 1608 1301 a
1626 1268 1736 1302 maiori
1760 1274 1849 1313 parte

1106 1322 1235 1366 capituli
1268 1327 1394 1366 recepta
1419 1327 1449 1355 et
1473 1322 1608 1356 stabilita
1633 1322 1766 1363 fuerint,
1791 1332 1849 1365 gu-

1106 1376 1288 1417 bernentur,
1305 1386 1363 1409 nec
1384 1376 1421 1408 ad
1447 1376 1645 1410 observanda
1670 1380 1782 1410 statuta
1801 1386 1851 1419 ge-

1106 1429 1224 1462 neralia
1248 1440 1265 1462 a
1290 1430 1435 1473 capitulis
1467 1430 1514 1463 vel
1551 1429 1850 1473 congregationibus

1106 1483 1309 1526 generalibus
1323 1483 1447 1517 Ordinis
1461 1483 1592 1517 fratrum
1608 1483 1764 1517 Minorum
1782 1493 1849 1516 san-

1106 1537 1146 1570 cti
1172 1538 1329 1571 Francisci
1363 1537 1401 1571 de
1425 1537 1631 1571 Observantia
1654 1541 1850 1581 nuncupato-

1088 1608 1090 1614 ι
1106 1602 1176 1624 rum
1198 1592 1258 1624 iam
1281 1592 1369 1632 facta,
1388 1591 1435 1625 vel
1453 1603 1512 1635 pro
1530 1597 1674 1636 tempore
1698 1591 1849 1632 facienda,

1106 1655 1163 1677 nec
1183 1645 1221 1678 ad
1240 1645 1386 1689 specialia
1405 1645 1545 1678 eiusdem
1563 1644 1688 1679 Ordinis
1710 1644 1851 1689 superio-

1107 1708 1177 1731 rum
1204 1698 1370 1740 mandata,
1403 1709 1483 1742 quae
1508 1698 1643 1731 ministri
1668 1697 1851 1742 provinrin-

1107 1751 1204 1792 cialis,
1226 1751 1365 1785 custodis
1390 1756 1419 1786 et
1443 1751 1644 1785 definitorum
1670 1750 1851 1795 provinciae

1107 1804 1223 1838 iudicio
1247 1805 1365 1838 fuerint
1393 1805 1551 1839 dictorum
1577 1805 1710 1838 fratrum
1735 1803 1851 1838 Discal-

1107 1864 1268 1892 ceatorum
1287 1859 1504 1893 reformationi
1529 1864 1582 1893 aut
1603 1857 1771 1893 commodo
1791 1857 1852 1892 dis·

1107 1919 1264 1954 sentanea,
1289 1918 1472 1954 teneantur;

1152 1967 1167 2010 ἓ
1191 1967 1222 2001 5.
1243 1967 1330 2006 Quod
1348 1967 1484 2000 ministri
1502 1977 1557 2000 seu
1577 1966 1708 2011 praelati
1725 1966 1850 2011 provin·

1107 2019 1212 2060 ciales,
1237 2020 1499 2064 congregationes
1522 2020 1747 2064 particulares,
1772 2029 1850 2064 quas

1107 2072 1333 2106 definitoriales
1359 2077 1479 2113 vocant,
1499 2073 1625 2117 quando
1642 2077 1672 2107 et
1688 2072 1741 2106 ubi
1769 2083 1851 2107 com-

1109 2125 1233 2159 modius
1258 2126 1318 2159 sibi
1343 2127 1444 2159 visum
1466 2127 1570 2168 fuerit,
1591 2126 1690 2159 libere
1714 2131 1744 2160 et
1767 2126 1851 2161 licite

1108 2190 1282 2213 convocare
1307 2185 1338 2213 et
1361 2179 1532 2220 celebrare,
1549 2190 1586 2213 ac
1614 2181 1645 2212 in
1669 2179 1715 2213 eis
1738 2179 1852 2224 quasli-

1108 2233 1160 2266 bet
1183 2233 1369 2267 electionem
1394 2233 1642 2276 guardianorum
1665 2237 1695 2266 et
1715 2233 1850 2267 aliorum

1108 2286 1303 2320 officiorum¹
1323 2287 1435 2327 facere,
1455 2290 1485 2321 et
1501 2296 1716 2331 quascumque
1729 2296 1849 2328 causas,

1108 2339 1173 2373 sive
1198 2340 1304 2373 civiles
1328 2339 1392 2373 sive
1412 2340 1600 2382 criminaleS,
1619 2345 1650 2373 et
1668 2339 1794 2383 negotia
1811 2339 1850 2373 ad

1109 2392 1251 2426 eamdem
1276 2393 1470 2437 provinciam
1488 2393 1669 2437 spectantia,
1686 2393 1772 2426 iuxta
1793 2393 1851 2426 for-

1109 2457 1191 2479 mam
1217 2457 1382 2480 sacrorum
1407 2457 1564 2480 canonum
1589 2451 1621 2480 et
1654 2446 1850 2490 regularium

1109 2506 1298 2535 statutorum
1313 2506 1343 2535 et
1360 2511 1488 2535 suarum
1502 2501 1761 2535 constitutionum
1781 2510 1852 2544 pro-

1110 2554 1300 2597 vincialium,
1315 2560 1460 2596 tractare,
1474 2555 1606 2588 definire
1619 2559 1650 2588 et
1661 2553 1851 2588 sententiare

1090 2652 1096 2704 l
1146 2672 1156 2700 ¹
1176 2670 1278 2700 Forsan
1292 2670 1439 2708 legendum
1454 2670 1628 2708 officialium
1644 2671 1680 2709 (a.
1697 2669 1749 2707 τ.).

1862 255 1909 282 An.
1925 255 1953 282 C.
1977 255 2045 282 1639

1897 1115 1956 1140 Quod
1977 1115 2048 1136 mode-

1865 1146 1936 1163 rentur
1951 1148 1998 1163 curn
2015 1148 2049 1163 so-

1864 1169 1890 1190 lis
1912 1169 1995 1190 statuti·
2017 1174 2049 1190 re·

1864 1196 1966 1217 formatis.

1892 1969 1951 1999 Quod
1963 1974 2049 1996 congra-

1865 1999 1962 2023 gwtones
1972 2001 2050 2017 convw

1865 2029 1915 2045 care
1930 2025 2018 2050 possint.
