2221 3224
174 246 223 272 An.
240 246 267 272 c.
291 246 358 273 1629
404 237 446 271 64

203 309 285 338 Causae
296 309 360 338 liuius

175 338 319 362 exemptionis.

376 354 463 392 parte
487 347 591 380 dilecti
616 346 671 379 filii
696 345 830 378 ministri
856 342 1012 386 generalis
1039 342 1109 375 reli-

376 402 477 445 gionis
502 412 556 433 seu
576 397 826 442 congregationis
851 395 1040 428 clericorum
1064 405 1110 428 re-

376 454 531 497 gularium
556 453 660 485 Matris
690 450 744 483 Dei
774 449 959 482 Scholarum
984 448 1109 480 Piarum

377 512 630 550 nuncupatorum
657 503 765 547 petitio
797 502 995 542 continebat,
1019 501 1107 534 vide-

377 561 467 593 licet:

420 612 557 652 ¹Clerici,
582 609 768 654 presbyteri,
793 608 907 651 aliique
931 607 1111 651 superiores

376 673 406 700 et
423 674 575 710 personae
597 663 695 696 dictae
716 661 889 704 religionis,
909 671 965 694 seu
980 671 1112 703 congre-

377 718 531 763 gationis,
557 728 574 749 a
599 715 754 760 principio
782 714 922 748 eiusdem
950 713 1111 757 religionis

377 770 589 810 institutionis,
606 773 650 809 ut,
668 769 752 801 iuxta
776 768 864 812 pium
889 777 999 800 eorum
1024 767 1112 799 insti-

378 830 499 864 tutum,
530 834 547 855 a
575 822 826 866 quibuscumque
854 819 1112 864 occupationibus

377 876 534 921 expediti,
558 885 730 919 pueioium
762 874 793 906 in
822 873 913 906 bonis
945 872 1056 906 litteris
1084 878 1113 905 et

378 930 483 975 probis
519 928 660 961 moribus
695 937 731 960 ac
766 926 910 960 doctrina
944 926 1113 959 christiana

379 984 509 1027 aliisque
543 982 603 1026 piis
636 986 666 1014 et
702 980 881 1014 salubribus
918 962 1114 1013 documentis

379 1036 545 1071 eruditioni
581 1039 611 1069 et
645 1034 843 1067 instructIOni
876 1039 906 1066 et
937 1033 1113 1066 animarum

379 1092 470 1125 saluti
495 1089 658 1123 consulere
682 1093 712 1121 et
737 1087 901 1130 invigilare
925 1087 1056 1131 possint,
1076 1087 1115 1119 ad

378 1145 519 1189 publicas
544 1141 772 1186 processiones,
790 1151 869 1184 quae
888 1141 920 1172 in
938 1140 1115 1173 civitatibus

379 1205 409 1233 ct
432 1198 508 1231 locis
532 1198 563 1229 in
588 1197 704 1240 quibus
729 1195 796 1239 ipsa
819 1194 933 1237 religio
958 1204 1013 1227 seu
1045 1204 1134 1227 con-1

379 1252 521 1296 gregatio
557 1254 731 1294 propagata
766 1253 811 1281 est
843 1248 1060 1290 celebrantur,
1087 1252 1116 1280 et

380 1306 417 1338 ab
442 1304 614 1338 Ordinariis
630 1304 771 1336 locorum
790 1301 981 1341 indicuntur,
1007 1311 1117 1334 conve-

379 1360 447 1392 nire
476 1357 605 1390 minime
636 1354 877 1397 consueverint,
909 1353 1116 1386 nihilominus

380 1412 475 1457 ipsius
500 1410 661 1453 religionis
686 1420 741 1442 seu
766 1407 1018 1451 congregationis
1049 1407 1114 1440 cle-

382 1465 449 1505 rici,
475 1463 663 1508 presbyteri,
689 1462 803 1505 aliique
828 1460 1007 1505 superiores
1026 1470 1117 1504 prae-

381 1518 463 1559 dicti,
482 1517 611 1550 diversis
629 1516 660 1548 in
676 1515 763 1557 locis,
781 1515 818 1547 ab
836 1513 1020 1547 eorumdem
1037 1514 1118 1546 loco·
1134 1523 1136 1539 τ

380 1582 449 1605 rum
468 1569 650 1610 Ordinariis,
662 1567 917 1613 processionibus
926 1567 1117 1608 huiusmodi,

381 1629 489 1658 contra
507 1634 617 1656 eorum
634 1622 784 1664 instituta,
798 1621 892 1654 etiam
906 1620 963 1653 sub
977 1621 1118 1653 censuris

381 1677 609 1717 ecclesiasticis,
634 1676 794 1718 interesse,
813 1680 843 1707 et
863 1685 914 1707 eas
938 1674 1054 1718 passim
1071 1685 1119 1707 co-

381 1732 483 1766 mitari
509 1734 671 1774 cogantur,
688 1730 772 1762 unde
789 1739 852 1762 non
876 1729 978 1762 solum
1003 1729 1041 1761 ab
1066 1739 1119 1762 eo-

382 1798 451 1820 rum
464 1786 524 1830 piis
533 1784 689 1818 exercitiis
702 1794 765 1817 non
779 1794 892 1827 parum
905 1783 1118 1825 retrahuntur,

383 1840 536 1874 sedetiam
547 1838 733 1882 gravissima
751 1837 852 1880 iurgia
868 1842 896 1869 et
910 1836 1119 1869 dissensiones

383 1895 463 1927 inter
493 1904 545 1926 eos
574 1897 604 1924 et
634 1892 767 1924 aliarum
793 1890 984 1933 religionum
1008 1890 1120 1922 fratres

383 1958 437 1981 seu
462 1946 632 1980 monachos
655 1955 749 1989 super
771 1943 1019 1988 praeeminentia
1043 1943 1120 1976 oriri

384 2005 621 2039 consueverunt,
636 2009 707 2032 cum
725 2003 838 2038 autem,
856 1997 935 2031 sicut
948 1996 1056 2029 eadem
1070 2007 1122 2040 pe-

384 2054 451 2087 titio
476 2053 693 2096 subiungebat,
711 2051 895 2085 eorumdem
920 2050 1119 2092 clericorum,

385 2108 652 2152 presbyterorum,
663 2105 862 2149 superiorum
875 2109 903 2137 et
913 2114 1119 2148 personarum

385 2160 569 2193 institutioni
593 2170 655 2192 non
676 2159 840 2192 conveniat
861 2158 899 2190 ad
921 2157 1038 2190 similes
1051 2167 1122 2201 pro-

386 2214 540 2247 cessiones
564 2214 722 2253 accedere,
748 2218 777 2245 et
800 2212 931 2256 propria
951 2222 1062 2244 eorum
1079 2211 1122 2243 in-

385 2268 490 2301 stituta
506 2268 765 2311 praetermittere,
781 2266 912 2310 ipsique,
929 2275 987 2308 pro
1004 2264 1121 2307 fugien-

385 2321 432 2354 dis
456 2321 608 2353 seandalis
638 2331 717 2364 quae
746 2319 983 2364 praecedentiae
1012 2318 1119 2351 liuius-

386 2374 468 2407 modi
483 2376 575 2407 causa
586 2374 665 2407 inter
676 2384 728 2406 eos
743 2379 769 2406 et
785 2373 918 2405 aliarum
932 2372 1121 2414 religionum

386 2428 496 2460 fratres
521 2438 575 2460 scu
600 2427 770 2460 monachos
792 2425 973 2459 huiusmodi
993 2426 1123 2458 interce-

387 2481 461 2513 dere
485 2486 620 2523 possent,
646 2481 772 2524 cupiant
796 2480 834 2513 ab
855 2479 1073 2512 interessentia
1091 2479 1123 2511 in

388 2534 640 2577 processionibus
663 2534 797 2578 publicis
818 2532 1009 2574 huiusmodi,
1026 2537 1061 2565 ut
1080 2533 1123 2565 in-

405 2600 408 2604 ’
423 2605 436 2630 1
452 2604 571 2638 Syntaxis
586 2613 655 2640 quae
666 2605 799 2641 sequitur,
811 2604 961 2641 requireret
975 2603 1123 2639 particulas

391 2648 471 2682 Cum,
489 2648 552 2676 ticet
566 2649 606 2683 (n.
622 2651 669 2683 T.)'.

938 241 1130 272 ,BULLARIUM
1157 240 1312 264 ROMANUM

418 295 474 338 §l
501 294 644 327 Exhibita
660 291 814 337 siquidem
831 290 922 323 nobis
936 298 1038 332 nuper
1050 299 1108 332 pro
1125 291 1127 298 '

1141 288 1188 320 fra
1202 314 1209 328 ,
1234 287 1328 320 eximi
1351 293 1382 320 et
1405 287 1547 326 liberari;
1582 297 1680 332 quare
1708 297 1766 331 pro
1789 291 1880 331 parte

1143 341 1283 374 eiusdem
1308 341 1442 373 ministri
1457 341 1618 384 generalis
1641 340 1732 374 nobis
1750 340 1808 373 fuit
1827 340 1881 373 hu-
1902 380 1911 384 „

1143 394 1258 427 militer
1276 394 1496 438 supplicatum,
1514 399 1666 438 quatenus
1685 394 1716 426 in
1733 393 1881 437 praemis-

1126 447 1184 490 }sis
1214 452 1391 490 opportune
1424 447 1590 490 providere
1621 447 1659 480 de
1689 446 1880 489 benignitate

1126 493 1127 505 ³
1143 500 1315 544 apostolica
1340 500 1561 543 dignaremur:

1189 554 1203 597 ξ
1228 552 1256 586 2.
1282 553 1344 586 Nos
1369 553 1474 595 igitur,
1499 553 1552 596 qui
1576 553 1664 586 iustis
1689 558 1719 586 et
1743 552 1881 586 honestis

1144 606 1317 650 petentium
1337 606 1416 638 votis
1432 605 1566 638 libenter
1585 606 1763 646 annuimus,
1784 616 1882 648 eaque

1145 661 1304 694 favoribus
1327 659 1550 703 prosequimur
1573 660 1774 703 opportunis,
1799 659 1882 703 ipsos

1145 714 1323 747 ministrum
1348 713 1536 755 generalem,
1562 723 1596 745 ac
1621 713 1769 752 clericos,
1793 723 1881 756 pres-

1145 767 1282 811 byteros,
1299 765 1490 809 superiores,
1507 768 1537 799 et
1553 765 1715 808 religionis
1739 776 1794 798 seu
1813 775 1884 798 con-

1128 837 1130 854 ‹,
1147 819 1339 863 gregationis
1356 818 1542 852 Scholarum
1559 818 1685 851 Piarum
1704 818 1884 851 huiusmodi

1147 873 1322 916 singulares
1346 882 1498 916 personas
1527 882 1545 904 a
1573 871 1735 915 quibusvis
1758 881 1884 904 excom-

1148 925 1384 967 municationis,
1411 924 1627 968 suspensionis
1656 928 1685 956 et
1710 923 1884 964 interdicti,

1148 980 1280 1023 aliisque
1306 978 1525 1012 ecclesiasticis
1549 977 1719 1019 sententiis,
1745 977 1886 1010 censuris

1149 1039 1178 1066 et
1195 1033 1323 1079 poenis,
1346 1043 1363 1065 a
1388 1033 1455 1065 iure
1480 1032 1527 1064 vel
1552 1031 1590 1064 ab
1614 1031 1752 1071 homine,
1777 1031 1886 1075 quavis

1149 1087 1313 1120 occasione
1338 1087 1386 1119 vel
1411 1087 1503 1118 causa
1525 1085 1605 1126 latis,
1626 1085 1651 1118 si
1676 1085 1789 1128 quibus
1813 1095 1887 1128 quo-

1151 1140 1323 1173 modolibet
1347 1138 1485 1172 innodati
1511 1138 1654 1178 existunt,
1679 1137 1718 1170 ad
1741 1137 1886 1171 effectum

1149 1192 1362 1237 praesentium
1380 1192 1541 1224 dumtaxat
1558 1191 1823 1234 consequendum,
1837 1191 1888 1224 ha-

1150 1257 1221 1279 rum
1245 1245 1324 1278 serie
1349 1241 1544 1278 absol'ventes
1574 1249 1604 1277 et
1638 1244 1797 1277 absolutos
1820 1245 1888 1277 fore

1151 1303 1334 1340 censentes,
1366 1309 1402 1331 ex
1438 1303 1509 1331 voto
1541 1297 1799 1341 Congregationis
1829 1308 1885 1330 ve-

1150 1353 1339 1385 nerabilium
1375 1352 1508 1384 fratrum
1548 1356 1730 1384 nostrorum
1765 1356 1888 1384 sanctae

1152 1407 1310 1439 Romanae
1343 1405 1499 1438 Ecclesiae
1525 1404 1731 1437 cardinalium
1760 1404 1889 1437 Concilii

1151 1459 1324 1492 Tridentini
1353 1459 1582 1502 interpretum,
1612 1458 1712 1490 eidem
1744 1458 1889 1491 ministro

1152 1512 1301 1556 generali,
1316 1522 1351 1545 ac
1365 1511 1573 1556 primodictae
1583 1510 1739 1554 religioni,
1752 1521 1808 1543 seu
1821 1521 1891 1543 con-

1153 1565 1339 1609 gregationi,
1357 1565 1504 1609 illiusque
1529 1564 1661 1606 clericis,
1686 1564 1889 1609 presbyteris,

1153 1619 1371 1664 superioribus
1389 1624 1418 1652 et
1434 1618 1577 1662 personis
1593 1628 1676 1650 nunc
1693 1621 1723 1650 et
1739 1628 1798 1661 pro
1816 1622 1890 1650 tem-

1152 1683 1230 1717 pore
1247 1672 1459 1714 existentibus,
1478 1671 1562 1716 quod
1579 1671 1648 1715 ipsi,
1666 1676 1752 1704 extra
1772 1671 1889 1704 Urbem

1153 1727 1297 1759 videlicet
1317 1736 1353 1758 ex
1373 1735 1456 1758 nunc
1473 1725 1511 1758 de
1536 1730 1640 1758 cetero
1665 1724 1826 1768 perpetuis
1842 1725 1890 1757 su-

1136 1781 1231 1813 'turis
1256 1780 1462 1824 temporibus,
1488 1779 1520 1811 in
1544 1779 1629 1812 Urbe
1654 1789 1728 1811 vero
1760 1778 1890 1812 arbitrio

1153 1834 1257 1867 dilecti
1283 1834 1338 1866 filii
1362 1833 1463 1866 nostri
1480 1843 1564 1866 nunc
1581 1838 1611 1865 et
1634 1832 1766 1866 Romani
1790 1832 1892 1865 Ponti-

1154 1888 1221 1920 ficis
1250 1898 1310 1931 pro
1342 1890 1484 1930 tempore
1523 1885 1684 1919 existentis
1718 1885 1826 1918 vicarii
1860 1885 1891 1918 in

1154 1941 1236 1974 dicta
1256 1941 1340 1974 Urbe
1361 1941 1393 1973 in
1406 1940 1622 1984 spiritualibus
1640 1939 1805 1982 generalis
1826 1939 1893 1983 qui-

1154 1994 1350 2038 buscumque
1363 1993 1617 2037 processionibus
1637 1998 1667 2025 et
1684 1992 1752 2025 aliis
1768 1992 1892 2036 quibus-

1154 2047 1230 2081 libet
1247 2048 1366 2081 actibus
1383 2046 1517 2091 publicis
1534 2055 1733 2089 quocumque
1749 2050 1892 2088 tempo1e

1155 2101 1193 2134 de
1224 2112 1313 2134 more
1336 2101 1384 2133 vel
1409 2099 1633 2133 consuetudine
1657 2103 1710 2131 aut
1733 2099 1808 2131 alias
1833 2109 1892 2143 pro

1155 2160 1297 2199 tempoie
1322 2154 1470 2187 faciendis
1494 2158 1524 2186 et
1549 2142 1753 2194 ορἸΕὺιῑιῃάίε,
1778 2158 1831 2185 aut
1853 2151 1892 2184 ab

1155 2208 1327 2242 Ordinariis
1351 2208 1494 2241 locO1um
1519 2206 1680 2250 quibusxis
1709 2206 1891 2249 indicendis,

1155 2263 1305 2296 interesse
1331 2261 1459 2294 minime
1491 2266 1671 2301 teneantur,
1695 2271 1753 2294 nec
1776 2261 1893 2304 ubique

1154 2317 1297 2349 locorum
1322 2326 1379 2359 per
1403 2324 1619 2358 quoscumque
1637 2313 1820 2347 Ordinarios
1839 2314 1893 2346 hu-

1156 2369 1308 2410 iusmodi,
1333 2368 1472 2412 aliasque
1503 2377 1672 2412 personas,
1704 2367 1790 2400 inviti
1822 2367 1892 2410 cogi

1155 2428 1208 2455 aut
1232 2422 1379 2466 compelli
1403 2421 1534 2465 possint,
1559 2420 1744 2454 auctoritate
1767 2425 1892 2464 aposto-

1156 2477 1216 2510 lica
1239 2481 1392 2520 perpetuo
1410 2475 1610 2508 concedimus
1630 2479 1660 2507 et
1676 2474 1891 2517 indulgemus3

1156 2530 1304 2574 ipsosque
1329 2529 1465 2573 desuper
1500 2529 1539 2561 ab
1570 2528 1687 2561 eisdem
1719 2526 1892 2560 Ordinariis

1156 2584 1205 2616 vel
1228 2583 1296 2616 aliis
1319 2582 1463 2627 personis
1494 2581 1671 2622 molestari,
1695 2579 1891 2624 perturbari,

1157 2642 1209 2671 aut
1231 2637 1400 2682 inquietari
1423 2636 1600 2670 nullatenus
1624 2644 1762 2679 unquam
1788 2643 1891 2678 posse,

1894 238 1944 266 An.
1960 237 1988 266 C.
2010 238 2077 267 1629

1923 566 2040 592 Exemptio.
2054 565 2081 588 de

1898 599 1940 620 qua
1953 594 1974 614 in
1988 593 2080 614 rubrica.

2161 1844 2172 1855 Ι

2190 1578 2220 1891 ··w·mm«oe=›gm””
2189 1476 2213 1576 η’,ῆεωιι
2196 1414 2212 1462 ¹51⁶·
2193 1298 2210 1400 „mn
2199 1262 2204 1269 -
