2248 3229
97 211 148 240 An.
168 211 197 240 C.
213 211 283 240 1633

904 212 1046 237 ruamus
1069 211 1126 236 vlu
1149 212 1197 236 Pr.

297 258 501 299 vulneribus,
533 269 612 303 quae
644 259 828 294 eorumdem
859 266 1036 305 temporum

296 312 480 350 confusione
504 313 654 346 ecclesiae
681 314 766 358 ipsae
794 314 929 347 maxima
952 325 1038 348 acce-

295 371 419 412 perunt,
444 366 606 401 medendis
624 372 654 400 et
671 368 840 411 sanandis),
855 368 892 401 de
913 378 1037 401 venera-

295 417 406 452 bilium
431 419 564 452 fratrum
589 424 770 453 nostrorum
788 420 816 452 S.
836 420 870 453 R.
889 420 921 453 Ε,
939 419 1037 452 cardi-

295 471 414 505 nalium
427 472 589 515 negotium
603 473 827 517 propagandae
845 473 876 506 in
890 473 1036 506 universo

297 525 415 559 mundo
439 525 511 559 fidei
536 525 788 571 praepositorum
814 526 963 569 consilio,
988 527 1036 560 di-

254 596 255 599 *
296 580 377 613 lecto
390 580 455 613 filio
468 585 576 613 nostro
587 580 720 614 Ernesto
734 580 902 614 Adalberto
916 581 945 614 S.
956 581 990 614 R.
1003 580 1034 613 E.

295 633 481 678 presbytero
494 632 644 666 cardinali
659 633 696 665 ab
710 634 829 668 Ilarrae
846 640 1036 678 nuncupato,

296 686 447 720 ccclesiae
471 686 636 730 Pragensis
653 696 689 720 ex
707 688 908 721 concessione
933 692 962 720 et
980 686 1037 720 dis-

295 740 478 784 pensatione
498 741 672 785 apostoliea
686 742 833 786 praesuli,
850 751 972 775 necnon
988 751 1037 774 ve-

295 793 428 827 nerabili
454 794 542 827 fratri
568 795 674 828 Ioanni
694 795 850 839 Baptistae
868 794 1036 839 archiepis-

297 858 376 892 copo
388 847 668 891 Thessalonicensi,
680 854 789 882 nostro
807 854 837 882 et
854 848 941 882 Sedis
958 849 1038 892 Apo—

296 901 422 934 stolicae
447 901 624 947 praedictae
652 902 737 946 apud
761 902 906 935 eumdem
932 902 1038 935 Ferdi-

295 955 434 988 nandum
460 966 566 999 regem
592 956 623 988 in
648 955 870 1000 imperatorem
904 955 1035 988 electum

295 1008 421 1049 nuncio,
446 1019 543 1053 super
566 1008 679 1049 bonis,
705 1008 854 1049 decimis,
879 1008 1036 1052 primitiis,

295 1061 400 1103 rebus,
415 1061 536 1095 iuribus
552 1067 580 1094 et
598 1061 774 1095 actionibus
785 1061 1037 1106 quibuscumque

296 1115 514 1149 ecclesiasticis
524 1115 613 1159 regni
624 1115 791 1149 Boliemiae
800 1115 953 1160 praedicti
962 1116 1037 1159 (non

296 1174 399 1202 tamen
424 1169 462 1202 ad
487 1169 643 1214 hospitale
667 1169 695 1202 S.
715 1169 838 1203 Ioannis
862 1170 1038 1214 Hierosoly-

296 1223 404 1256 mitani
425 1223 662 1267 quomodolibet
681 1223 908 1267 spectantibus)
933 1224 1037 1257 cuius-

297 1287 431 1321 cumque
456 1276 636 1320 qualitatis,
661 1277 843 1320 quantitatis
868 1282 897 1309 et
922 1277 1037 1310 valoris

296 1330 422 1371 suerint,
436 1340 472 1363 ac
488 1341 687 1374 quocumque
704 1334 866 1374 praetextu
880 1330 927 1363 vel
945 1333 1037 1363 causa

297 1388 449 1427 occupata
481 1389 511 1416 et
542 1389 691 1427 usurpata
724 1384 784 1416 sint
819 1389 847 1417 et
880 1384 1038 1417 detinean-

298 1442 359 1477 tur,
377 1443 438 1470 tam
463 1443 571 1471 nostro
596 1443 625 1470 et
650 1437 788 1470 eiusdem
805 1437 934 1470 Sanctae
951 1438 1038 1470 Sedis

298 1502 391 1535 quam
410 1491 485 1524 cleri
506 1491 656 1524 secularis
674 1497 703 1524 et
719 1491 874 1534 regularis
898 1491 1036 1524 eiusdem

299 1545 387 1587 regni
412 1544 611 1585 nominibus,
637 1555 708 1577 cum
742 1544 903 1588 praedicto
934 1544 1036 1577 Fordi-

297 1597 401 1630 nando
418 1598 632 1630 Romanorum
658 1608 733 1640 rege
758 1597 788 1630 in
814 1597 1037 1641 imperatorem

298 1652 398 1684 electo
422 1651 638 1693 conveniendi,
668 1651 878 1684 concordandi
904 1657 933 1683 et
959 1657 1039 1684 tran-

298 1704 430 1748 sigendi,
455 1716 490 1738 ac
507 1705 544 1738 de
566 1704 705 1738 eiusdem
726 1704 816 1738 bonis
834 1704 1037 1748 disponendi,

300 1764 395 1803 prout
414 1758 451 1791 ad
476 1758 548 1791 fidei
573 1758 743 1792 catholicae
762 1758 792 1790 in
811 1758 920 1791 eodem
940 1768 1038 1801 regno

298 1812 558 1856 propagationem
577 1816 605 1846 et
630 1812 896 1845 manutentionem
920 1812 1038 1844 eisdem

300 1865 440 1909 expediri
477 1865 577 1898 risum
609 1865 701 1898 suerit
728 1866 910 1908 (reservata
937 1871 1039 1898 tamen

295 1919 390 1964 ¹nobis
414 1925 443 1951 et
467 1919 568 1951 eidem
594 1918 665 1952 Sedi
691 1919 728 1951 de
749 1919 850 1961 bonis,
870 1919 992 1952 iuribus
1010 1925 1039 1951 et

299 1972 473 2005 redditibus
492 1973 598 2015 vigore
615 1973 829 2016 praesentium
843 1972 1038 2016 assignandis

299 2031 407 2059 nostro
430 2031 460 2058 et
483 2025 584 2059 dictae
601 2026 689 2058 Sedis
705 2026 836 2060 arbitrio
852 2026 890 2058 ad
907 2026 961 2059 Dei
979 2036 1041 2058 ser-

300 2079 408 2112 x‘itium
434 2083 464 2113 et
489 2079 692 2112 ecclesiarum
719 2079 792 2112 dicti
819 2080 907 2123 regni
928 2080 1041 2112 utilita-

301 2140 361 2167 tem
397 2133 582 2178 disponendi
613 2134 794 2167 omnimoda
826 2139 979 2178 potestate
1011 2138 1041 2168 et

301 2189 459 2231 laenitate)
484 2188 607 2232 plenam
635 2193 664 2221 et
696 2188 829 2222 liberam
853 2194 1039 2232 potestatem

300 2249 328 2275 et
347 2241 575 2283 auctoritatem,
594 2242 766 2286 apostolica
784 2242 979 2285 auctoritate,
1001 2248 1041 2276 te-

300 2307 377 2330 nore
402 2295 625 2339 praesentium,
650 2295 852 2328 concedimus
870 2301 896 2329 et
925 2296 1041 2340 impar-

301 2350 405 2383 timur.
430 2349 498 2383 Non
523 2349 720 2382 obstantibus
742 2349 857 2383 nostris
882 2349 919 2383 de
944 2350 1038 2384 unio-

300 2403 392 2435 nibus
429 2401 661 2435 committendis
692 2402 729 2435 ad
764 2408 892 2447 partes,
924 2404 1040 2437 voeatis

300 2467 436 2500 quorum
456 2456 595 2496 interest,
609 2461 638 2489 et
655 2456 859 2500 exprimendo
873 2458 978 2491 valore
990 2458 1041 2491 be-

300 2510 499 2551 neficiorum,
516 2520 551 2543 ac
568 2509 606 2543 de
623 2520 686 2543 non
706 2511 844 2544 tollendo
863 2511 930 2545 iure
950 2523 1041 2556 quae-

302 2565 372 2606 sito,
400 2564 530 2608 aliisque
555 2564 760 2598 cancellariae
781 2565 970 2609 apostolicae
993 2577 1041 2600 re-

302 2618 393 2661 gulis,
418 2627 540 2652 necnon
564 2618 634 2662 piae
659 2618 830 2652 memoriae
854 2619 1038 2663 Sinimaehi,

1070 271 1150 304 quae
1174 260 1283 305 incipit
1306 258 1380 295 Non
1405 258 1510 301 liceat,
1533 269 1568 294 ae
1589 258 1674 294 Pauli
1691 260 1728 301 II,
1752 260 1810 294 Ro-

1070 324 1236 348 manorum
1257 314 1443 348 Pontificum
1462 313 1743 358 praedecessorum
1757 324 1809 348 no-

1070 374 1219 409 strorum,
1230 368 1371 401 derebus
1380 368 1537 402 Ecclesiae
1550 378 1613 402 non
1626 367 1809 409 alienandis,

1070 432 1106 455 ac
1130 421 1291 466 quibusvis
1315 422 1384 455 aliis
1407 422 1598 466 apostolicis,
1622 432 1680 456 nec
1697 422 1810 455 nonin

1069 474 1309 517 universalibus,
1335 475 1581 519 provincialilnis
1606 481 1635 509 et
1659 475 1812 521 synodali-

1070 528 1128 561 bus
1154 528 1294 561 conciliis
1319 528 1423 571 editis,
1449 529 1649 572 generalibus
1673 529 1720 562 vel
1746 539 1812 573 spe-

1070 581 1211 624 cialibus,
1223 581 1498 615 constitutionibus
1509 587 1539 615 et
1550 582 1812 624 ordinationibus,

1071 645 1106 668 ac
1124 645 1399 680 quarumcumque
1423 635 1640 677 ecclesiarum,
1660 641 1813 669 monaste-

1070 688 1191 722 riorum
1216 693 1246 722 et
1269 688 1444 722 bonorum¹
1470 689 1598 733 piorum
1628 689 1813 723 fundationi-

1070 741 1138 783 bus,
1164 753 1209 783 ae,
1234 742 1326 775 etiam
1354 742 1548 785 iuramento,
1574 743 1813 777 confirmatione

1071 795 1251 839 apostoliea,
1271 796 1317 829 vel
1338 796 1446 839 quavis
1469 796 1617 829 firmitate
1637 797 1697 830 alia
1715 798 1809 831 robo-

1071 849 1156 889 ratis,
1182 848 1304 881 statutis
1320 854 1350 881 et
1367 849 1662 891 eonsuetudinilnis,
1687 851 1813 895 privile-

1071 902 1131 945 giis
1148 912 1286 946 quoque,
1305 902 1434 935 indultis
1455 908 1484 935 et
1502 903 1614 936 litteris
1633 904 1813 947 apostolicis

1071 955 1101 988 in
1128 955 1320 989 contrarium
1345 955 1593 1000 praemissorum
1619 957 1813 1000 quomodoli-

1071 1009 1141 1050 bet,
1166 1009 1340 1049 concessis,
1372 1009 1566 1043 confirmatis
1588 1015 1617 1042 et
1643 1010 1812 1050 innovatis,

1071 1063 1185 1106 quibus
1202 1063 1350 1096 omnibus
1375 1067 1404 1097 et
1428 1063 1569 1106 singulis,
1587 1064 1714 1096 illorum
1732 1069 1815 1098 teno-

1071 1128 1122 1151 res
1138 1117 1358 1162 praesentibus
1372 1128 1431 1161 pro
1449 1117 1640 1150 sufficienter
1657 1118 1814 1162 expressis

1071 1171 1241 1211 habentes,
1266 1170 1327 1204 illis
1351 1170 1427 1203 alias
1452 1171 1482 1203 in
1507 1182 1564 1204 suo
1589 1171 1704 1204 robore
1734 1182 1811 1215 per-

1072 1225 1242 1265 mansuris,
1268 1225 1325 1257 liae.
1358 1224 1424 1258 vice
1453 1224 1614 1259 dumtaxat
1637 1225 1815 1269 specialiter

1072 1283 1100 1313 et
1113 1289 1260 1323 expresse
1277 1279 1482 1323 derogamus3
1501 1279 1676 1323 ceterisque
1695 1285 1815 1313 contra-

1072 1333 1126 1365 riis
1152 1333 1414 1376 quibuscumque.
1440 1333 1552 1366 Datum
1577 1333 1705 1373 Romae,
1732 1333 1815 1377 apud

1071 1386 1100 1420 S.
1112 1386 1240 1419 Mariam
1254 1386 1414 1427 Maiorem,
1432 1386 1489 1419 sub
1503 1387 1620 1419 annulo
1634 1386 1814 1427 PiscatoriS,

1054 1436 1122 1472 ,dic
1148 1449 1191 1472 vn
1216 1439 1331 1472 mensis
1357 1439 1424 1471 iulii
1445 1449 1597 1480 amcxmx,
1615 1439 1814 1483 pontificatus

1072 1493 1170 1525 nostri
1188 1503 1270 1525 anno
1296 1503 1336 1526 vt.
1360 1513 1404 1517 -
1429 1493 1464 1525 M.
1491 1494 1523 1525 A.
1550 1494 1739 1527 lllixnamus:

1117 1547 1153 1579 Et
1183 1546 1385 1579 illustrissimi
1421 1546 1540 1579 domini
1573 1547 1814 1580 Massimilianus

1072 1610 1178 1633 comes
1204 1600 1242 1633 de
1266 1600 1546 1634 Tliautmansdorff
1566 1601 1658 1644 (baro
1682 1601 1721 1634 de
1745 1601 1815 1634 Glzi-

1072 1653 1255 1695 chemberg,
1273 1654 1402 1696 Negars,
1420 1653 1556 1696 Burgass
1570 1657 1600 1687 et
1618 1653 1815 1687 Totzenbaeli

1072 1706 1104 1738 in
1129 1706 1371 1740 Bisclioffteinitz
1397 1706 1562 1739 Mirscliass
1590 1711 1620 1739 et
1645 1707 1815 1740 Iselcetzio-

1072 1759 1143 1799 nitz,
1158 1769 1265 1792 sacrae
1276 1769 1421 1792 cesareae
1436 1759 1606 1792 maiestatis
1616 1760 1814 1793 consiliarius

1073 1823 1206 1846 arcanus
1220 1813 1349 1846 actualis
1363 1819 1392 1846 et
1409 1814 1626 1858 camerarius),
1642 1814 1816 1848 Gulielmus

1073 1877 1199 1910 quoque
1214 1877 1320 1900 comes
1341 1866 1462 1899 Slavata
1479 1867 1688 1910 (gubernator
1704 1867 1816 1901 domus

1073 1920 1321 1953 Novodomensis
1352 1920 1486 1953 d'Nlum
1525 1925 1554 1955 et
1590 1921 1816 1966 Kosclemberg

1074 1973 1221 2007 dominus
1246 1974 1277 2007 in
1302 1974 1439 2007 Ileulaus
1465 1975 1546 2008 Platz
1571 1975 1815 2019 Skoselemberg

1074 2033 1103 2060 et
1120 2028 1233 2061 Teltscl
1250 2028 1494 2072 liypotliecarius
1507 2038 1671 2072 possessor
1685 2029 1816 2063 dominii

1074 2081 1296 2122 Sllelnicensis,
1313 2081 1470 2125 praefatae
1485 2092 1630 2115 caesarae
1647 2083 1816 2116 maiestatis

1075 2135 1271 2168 consiliarius
1296 2145 1428 2168 arcanus
1460 2136 1590 2169 actualis
1614 2141 1644 2169 et
1668 2147 1812 2171 eamera-

1076 2189 1150 2229 rius,
1176 2188 1378 2233 eiusdemque
1394 2189 1438 2222 uti
1456 2190 1539 2233 regis
1558 2190 1588 2222 in
1606 2190 1816 2225 haereditario

1076 2253 1174 2286 regno
1200 2243 1368 2276 Boliemiae
1393 2253 1565 2287 supremus
1590 2245 1815 2286 cancellarius,

1075 2306 1196 2329 necnon
1220 2307 1386 2341 supremus
1410 2297 1442 2329 in
1466 2298 1576 2330 eodem
1594 2309 1693 2341 regno
1711 2299 1817 2332 haere-

1076 2349 1207 2383 ditarius
1230 2350 1406 2395 pincerna),
1425 2356 1454 2383 et
1478 2350 1549 2385 Otto
1573 2351 1653 2384 liber
1677 2351 1754 2385 baro
1779 2352 1816 2386 de

1076 2404 1192 2437 llostitz
1217 2404 1374 2437 Insalibaff
1397 2405 1596 2448 Ileinrisgrin
1621 2409 1650 2440 ct
1673 2406 1817 2440 Schocha

1075 2464 1104 2492 et
1121 2459 1225 2492 Linair
1240 2459 1450 2503 (supradictae
1468 2471 1631 2493 caesareae
1646 2461 1816 2495 maiestatis

1075 2513 1272 2546 consiliarius
1283 2513 1466 2557 imperialis,
1475 2513 1604 2556 aulicus,
1612 2516 1816 2557 camerarius,

1075 2576 1197 2599 necnon
1222 2566 1422 2609 germanicus
1439 2567 1470 2600 in
1487 2567 1697 2602 haereditario
1717 2579 1816 2614 regno

1113 2630 1122 2656 1
1141 2629 1241 2658 Forsan
1257 2628 1402 2666 legendum
1418 2630 1545 2658 locorum
1561 2632 1598 2666 (a.
1611 2630 1660 2665 T.).

1709 202 1774 236 335
1819 211 1868 239 An.
1889 211 1917 240 C.
1940 212 2008 240 1633

1891 1557 2014 1579 Mandatum

1830 1585 1956 1606 ferdinandi
1978 1592 2015 1606 1¹11-

1830 1614 1935 1638 peratoris
1971 1618 2015 1633 suis

1830 1638 1940 1665 detegatis.
