2248 3229
918 218 1011 242 ixncx
1040 215 1238 241 nrumcmuu
1739 202 1799 235 801

398 271 475 305 alios
499 280 719 316 quoscumque
745 271 913 315 episcopos
930 273 960 305 in
984 271 1050 304 suis
1075 270 1078 309 Ι
1103 268 1178 302 DLl.
1204 267 1330 301 Erectio
1355 265 1470 299 montis
1495 262 1755 298 communitatum
1781 263 1846 297 Sta-

399 324 545 358 ecclesiis
563 334 623 358 non
643 324 833 364 residentes,
852 324 1004 370 procedat
1021 328 1052 357 et

398 377 438 411 ad
463 377 669 411 residendum
694 377 874 420 compellat,
902 378 976 410 527.

308 429 427 464 DXLll.
455 430 703 464 Poenitentiaria
721 430 898 464 Lauretana
917 432 1051 475 eiusque

399 485 634 527 poenitentiarii
668 485 778 517 maiori
808 485 1053 527 poenitentiario

354 542 362 548 ·
395 535 618 577 subiiciuntur,
644 547 715 570 cum
734 536 894 571 nonnullis
915 536 984 570 aliis
1003 536 1054 570 dc·
1079 558 1081 599 1

401 591 506 629 cretis,
533 590 606 623 528.

310 643 444 677 Dthtt.
481 643 632 677 Exteusio
664 646 899 678 constitutionis
932 645 1053 687 Grego-

401 698 439 731 rii
464 697 545 738 xm,
570 706 610 730 ne
628 697 894 732 subcolleetorum
919 702 948 731 et
971 707 1055 731 com-

399 752 617 784 missariorum
642 751 817 794 spoliorum
834 752 967 784 crimina
987 761 1056 795 pos-

399 805 462 837 sint
485 805 635 847 cognosci
660 806 720 837 nisi
747 814 764 838 a
790 805 916 838 nunciis
942 808 970 837 et
997 803 1056 836 col-

400 856 572 890 lectoribus
597 857 780 900 apostolicis
806 858 836 890 in
862 867 962 900 regno
979 856 1056 890 Nea-

402 910 563 954 politano,
598 909 637 943 ad
674 919 827 943 excessus
862 914 891 943 ct
923 911 1056 943 crimina

400 966 522 1007 patrata
548 965 578 996 in
604 963 675 996 aliis
700 964 807 1005 regnis
824 966 855 996 et
872 964 1055 1006 provinciis,

401 1017 496 1050 etiam
522 1015 660 1059 expletis
686 1025 795 1049 eorum
813 1016 938 1055 ot'tici1s,
959 1016 1032 1049 531.

314 1068 443 1104 DXLlV.
459 1069 603 1103 Facultas
619 1068 780 1102 collectori
795 1070 966 1112 spoliorum
981 1069 1056 1102 Por·
1080 1076 1084 1104 Ι

402 1123 553 1167 tugalliae
578 1123 775 1166 procedendi
803 1123 841 1156 ad
875 1123 1057 1167 promulga-

403 1179 522 1212 tionem
537 1186 745 1211 censurarum
760 1181 870 1210 contra
887 1177 1057 1211 violatores

402 1231 612 1264 immunitatis
637 1230 876 1263 ecclesiasticae
893 1231 923 1263 in
950 1232 1057 1273 regnis

404 1284 617 1327 Portugalliae
643 1287 672 1317 et
699 1283 932 1326 Algarbiorum,
951 1284 1024 1317 533.

314 1336 431 1370 Dva.
449 1336 654 1371 Confirmatio
668 1336 868 1370 decretorum
889 1348 944 1380 pro
961 1339 1058 1370 ret'or-

402 1392 539 1424 matione
555 1391 739 1433 provinciae
753 1390 909 1423 Turoniae
927 1389 1058 1424 Ordinis

402 1444 432 1477 S.
459 1444 618 1477 Francisci
644 1445 896 1478 Reformatorum
917 1453 975 1477 seu
999 1444 1058 1477 Re-

406 1497 609 1530 collectorum
636 1499 666 1530 in
695 1497 836 1537 Francia,
863 1498 936 1530 535.

315 1550 444 1584 Dxffl.
462 1551 640 1584 Facultates
654 1550 782 1593 collegii
796 1550 960 1584 doctorum
979 1552 1057 1584 cixi-

403 1605 476 1638 tatis
500 1603 610 1638 Urbini
635 1613 732 1647 super
752 1605 932 1645 cognitione
953 1614 1060 1638 causa-

403 1668 483 1699 rum,
510 1658 583 1691 538.

1195 326 1243 356 tus
1275 320 1494 355 Ecclesiastici
1530 319 1643 352 tertiae
1673 317 1846 351 erectionis

1195 376 1386 418 nuncupati,
1413 374 1485 407 547.

1104 428 1194 463 DLlI.
1221 428 1434 467 Committitur
1457 426 1594 460 auditori
1623 433 1779 466 camerae,
1805 428 1848 466 ut,

1195 482 1233 515 ad
1256 482 1438 514 instantiam
1463 480 1674 513 commissarii
1700 486 1848 511 camerae

1194 536 1398 580 apostoticae,
1409 539 1518 568 contra
1529 534 1677 567 loannem
1687 532 1846 567 Andrean]

1194 589 1234 622 ab
1253 590 1350 622 Auria
1371 592 1402 622 et
1420 589 1499 622 alios
1518 590 1682 621 invasores
1699 590 1731 620 ct
1748 596 1846 620 oceu-

1195 647 1319 685 patores
1334 641 1429 684 Burgi
1444 640 1539 674 Vallis
1555 640 1638 681 Tari,
1652 639 1691 672 ad
1707 642 1849 673 sanctam

1195 695 1367 728 Romanam
1378 693 1553 728 Ecclesiam
1568 694 1768 737 pertinentis,
1780 701 1851 736 pro-

1196 748 1304 789 cedat,
1332 749 1406 781 554.

1107 801 1212 836 DLlll.
1239 801 1374 835 Litterae
1399 801 1439 835 ad
1465 801 1495 834 S.
1521 800 1556 834 R.
1580 800 1602 833 l.
1629 799 1786 833 electores
1810 798 1850 833 de

1198 856 1386 888 necessitate
1400 863 1437 888 ac
1456 853 1554 887 torma
1579 852 1721 897 eligendi
1742 862 1851 896 regem

1197 908 1427 948 Romanorum,
1453 908 1527 941 556.

1109 961 1212 995 DLlV.
1238 961 1448 995 Committitur
1479 961 1720 1003 congregationi
1753 959 1851 992 conn-

1197 1017 1305 1056 nium‚
1336 1018 1369 1048 ut
1399 1017 1509 1048 contra
1538 1013 1715 1047 Marianum
1740 1011 1851 1046 Alido-

1198 1071 1290 1110 sium,
1316 1069 1370 1113 qui
1395 1067 1516 1112 absque
1534 1067 1628 1100 Sedis
1648 1066 1850 1110 Apostolicae

1198 1121 1325 1155 licentia
1350 1120 1504 1161 vendidit,
1522 1124 1554 1154 et
1567 1119 1715 1154 Iacobum
1735 1120 1849 1153 ducem

1197 1175 1383 1214 Salviatum,
1401 1176 1455 1219 qui
1473 1175 1548 1207 emit
1566 1176 1705 1207 castrum
1722 1172 1774 1206 del
1791 1172 1849 1206 Rio

1198 1229 1228 1261 in
1250 1225 1414 1271 provincia
1431 1224 1669 1267 Romandiolae,
1688 1224 1851 1269 procedat,

1199 1282 1272 1314 556.

1109 1333 1198 1368 DLV.
1216 1334 1428 1368 Committitur
1442 1336 1528 1367 rotae
1545 1332 1668 1366 decano
1693 1330 1851 1366 absolutio

1198 1391 1332 1432 quatuor
1359 1387 1624 1430 portionariorum
1657 1389 1686 1419 et
1716 1385 1852 1419 duorum

1198 1440 1461 1474 beneficiatorum
1483 1439 1640 1472 ecclesiae
1658 1438 1853 1473 Cacsaurau·

1198 1497 1352 1538 gustanae
1385 1503 1402 1527 a
1433 1494 1578 1526 censuris
1607 1496 1638 1526 ct
1663 1494 1774 1536 poenis
1799 1494 1854 1526 in-

1198 1549 1311 1588 cursis,
1337 1557 1374 1580 eo
1399 1546 1484 1591 quod
1501 1548 1699 1580 recurrerint
1715 1546 1754 1579 ad
1772 1546 1853 1580 iudi-

1199 1610 1252 1634 ces
1277 1600 1373 1634 laicos
1399 1611 1455 1644 pro
1481 1601 1695 1645 exequutione
1712 1599 1852 1633 mandati

1198 1654 1320 1696 rotalis,
1347 1655 1421 1687 558.

315 1710 652 1745 DXLVll.lubilacum
668 1710 847 1744 universale
863 1711 901 1744 ad
917 1711 1057 1745 divinam
1109 1707 1214 1742 DLVl.
1240 1708 1364 1742 Fratres
1390 1706 1522 1742 Ordinis
1548 1707 1758 1741 Eremitarum
1783 1715 1852 1741 sau-

403 1774 496 1808 opem
522 1765 764 1808 implorandam,
791 1765 864 1798 340.

315 1816 475 1851 DXLVlll.
506 1817 709 1851 Contirmatio
734 1817 854 1851 decreti
881 1818 1059 1862 Congu-ga-
1082 1807 1086 1859 Ι

405 1873 498 1905 tionis
523 1871 562 1904 de
588 1869 795 1914 Propagandii
816 1870 900 1912 Fide,
919 1882 982 1915 quo
1007 1872 1059 1904 de·
1083 1862 1085 1884 Ι

405 1923 543 1957 claratur
559 1923 729 1966 collegium
752 1922 977 1966 llybernorum
1000 1924 1059 1957 Lil-

405 1977 453 2010 lae
490 1978 521 2010 in
560 1976 668 2019 Belgio
695 1986 757 2009 non
790 1985 859 2009 esse
891 1985 1058 2010 commune

404 2029 552 2064 omnibus
571 2032 660 2072 regni
675 2029 858 2072 llybcrniae
874 2031 1057 2073 provinciis,

404 2083 461 2117 sed
488 2093 544 2126 pro
563 2082 638 2116 solis
659 2082 784 2116 duabus
803 2084 987 2126 proxinciis,
1008 2082 1059 2116 La-

404 2136 499 2181 genia
516 2137 638 2170 scilicet
658 2140 687 2169 et
707 2134 809 2169 media
828 2139 969 2169 erectum
988 2136 1060 2169 t'uis-

401 2199 451 2231 se,
473 2190 546 2224 543.

316 2243 448 2278 DXLlX.
473 2243 566 2285 Quod
584 2245 724 2277 osticium
741 2246 870 2276 sanctae
887 2242 1058 2276 'theresiae

406 2297 546 2341 Virginis
559 2298 683 2331 recitari
696 2298 793 2341 possit
805 2297 891 2329 iuxta
905 2295 1058 2329 lectiones

405 2360 423 2385 a
439 2351 528 2385 sacra
546 2353 664 2385 rituum
682 2351 930 2394 congregatione
948 2359 1058 2393 appro-

405 2406 506 2446 batas,
533 2406 621 2439 544.»

318 2459 376 2494 DL.
401 2458 561 2494 Cardinali
586 2441 626 2492 ab
645 2458 742 2491 Auria
767 2457 974 2490 committitur
999 2467 1057 2500 pu-

404 2512 533 2547 blicatio
558 2512 669 2546 Brexis
695 2513 725 2544 in
751 2510 875 2551 Sicilia,
900 2521 962 2555 quo
988 2512 1058 2553 regi

404 2566 591 2601 conceditur
614 2567 740 2599 decima
765 2564 805 2598 ab
831 2563 1058 2597 ecclesiasticis

406 2620 627 2665 persolvenda,
654 2620 726 2652 547.
1081 2610 1085 2656 Ι

459 2682 537 2711 Butt.
558 2682 642 2710 Rom.
663 2696 697 2701 —-
722 2680 779 2707 l'ol.
801 2679 876 2707 XIV.
1025 2679 1069 2705 101

1199 1763 1239 1795 cti
1259 1762 1427 1801 Augustini
1444 1760 1713 1794 Discalceatorum
1735 1769 1853 1793 nuncu—

1201 1819 1345 1859 patorum
1367 1818 1499 1858 possunt
1517 1816 1643 1857 erigere
1665 1823 1794 1847 crucem
1819 1815 1850 1847 in

1201 1868 1336 1912 publicis
1361 1867 1630 1911 processionibus,
1658 1868 1731 1900 560.

1109 1921 1225 1955 DLVll.
1245 1922 1338 1964 Regis
1356 1921 1503 1955 catholici
1521 1922 1606 1954 zetus
1625 1922 1792 1963 excitatur,
1812 1930 1852 1954 ne

1199 1976 1357 2017 permittat
1383 1983 1400 2006 a
1426 1975 1492 2007 suis
1517 1975 1671 2007 ministris
1700 1974 1850 2008 nonnulla

1199 2028 1406 2061 ecclesiarum
1432 2027 1514 2060 bona
1528 2029 1558 2060 in
1574 2027 1785 2071 Portugalliae
1801 2038 1849 2062 re-

1198 2091 1260 2123 gno
1285 2082 1445 2124 occupari,
1467 2080 1540 2113 560.

1109 2134 1240 2168 DLVlll.
1277 2133 1441 2177 Oppidum
1479 2132 1653 2167 Mercatelli
1691 2132 1849 2168 Urbaniae

1199 2188 1407 2232 episcopatui,
1422 2185 1566 2220 Lamolae
1576 2190 1680 2220 autem
1695 2187 1848 2230 oppidum

1199 2241 1357 2275 ecelesiae
1381 2240 1412 2273 S.
1442 2239 1571 2283 Angeli,
1597 2240 1701 2285 quoad
1726 2240 1854 2274 iurisdi-

1199 2296 1335 2328 ctionem
1353 2293 1614 2336 ecclesiasticam,
1636 2293 1830 2328 addicuntur
1845 2323 1851 2335 ,

1200 2349 1275 2381 561.

1110 2402 1211 2437 Dle.
1244 2400 1336 2442 Quod
1368 2401 1407 2434 dc
1439 2404 1546 2434 cetero
1579 2399 1685 2434 nullus
1718 2401 1850 2434 fratrum

1200 2456 1240 2490 de
1265 2454 1479 2490 Observantia
1505 2456 1535 2488 tn
1561 2454 1772 2498 guardianum
1799 2458 1853 2489 aut

1200 2510 1387 2552 magistrum
1414 2509 1604 2541 novitiorum
1627 2509 1658 2541 in
1682 2509 1850 2542 conventi-

1201 2561 1260 2595 bus
1285 2560 1536 2595 Recollectorum
1566 2562 1751 2604 provinciae
1776 2559 1853 2595 Gra-

1201 2617 1340 2649 natcnsis
1364 2615 1511 2659 deputari
1537 2617 1644 2659 possit,
1666 2616 1748 2659 quiu—
1765 2616 1854 2659 prius
