2248 3229
197 201 246 230 An.
268 201 296 230 c.
318 202 387 232 1634
433 194 497 229 362

229 427 259 447 De
275 428 379 453 praetato-

195 460 240 474 rum
264 454 379 474 residentia

195 487 238 500 suis
262 486 282 501 η,
304 487 378 501 Μη-
393 465 604 498 nasteriorum
616 465 819 498 residentiam
840 467 1070 510 requirentium
1085 468 1133 501 de-

195 508 272 529 storiis.

228 1389 259 1409 De
274 1390 378 1412 communi

192 1416 284 1443 peculio.

396 253 478 286 tibus
497 253 651 286 dictarum
677 253 968 296 congregationum,
989 254 1027 286 de
1052 265 1134 287 man-

396 306 468 340 dato
500 312 608 340 nostro
632 306 697 338 visa
728 310 757 339 et
789 306 964 338 examinata
994 307 1132 349 suerint,

394 359 512 392 tenoris
537 358 764 403 subsequentis,
790 359 947 393 videlicet:

438 413 458 445 I.
477 411 608 444 Praelati
629 422 738 445 omnes
757 423 1030 460 quorumcumque
1058 425 1129 448 mo-

393 518 486 550 beant
505 517 633 551 omnino
652 517 683 550 in
700 517 744 551 cis
760 520 969 562 personaliter
983 521 1132 562 residere,

393 582 451 604 nec
474 571 539 603 ullo
564 574 727 615 praetextu
752 573 872 616 possint
895 573 933 606 ab
959 574 1003 607 eis
1024 574 1132 608 abesse

393 625 476 657 ultra
490 628 613 668 tempus
626 625 858 669 praescriptum
872 637 888 659 a
909 627 1133 661 constitutione

394 679 477 712 edita
501 689 518 711 a
542 679 679 723 capitulo
711 679 784 712 anni
816 690 958 723 iuncxvi,
989 682 1134 715 videlicet

392 734 475 766 ultra
500 733 609 776 viginti
629 733 696 766 dies
711 733 886 768 continuos.
906 736 1063 769 Praelatus
1080 736 1133 780 qui

393 786 476 819 ultra
503 786 698 830 praedictum
734 792 877 831 tempus,
909 789 957 821 vel
982 788 1014 821 in
1038 789 1134 822 totius

393 840 465 872 anni
491 850 585 872 cursu
611 841 691 872 ultra
715 841 923 884 quadraginta
943 841 1018 883 dics,
1037 843 1135 875 conti-

392 893 463 926 nuis
488 898 518 926 et
543 893 748 927 discontinuis
773 895 976 938 computatis,
1001 896 1067 929 sine
1090 897 1133 929 li-

394 948 496 981 centia
529 948 692 992 regiminis
728 959 763 982 ex
798 950 940 993 legitima
975 952 1068 984 causa
1102 952 1133 984 in

392 1003 519 1036 licentia
544 1002 749 1046 exprimenda
764 1007 794 1036 et
810 1003 842 1036 in
858 1004 934 1037 actis
951 1005 1132 1047 redigenda,

393 1056 529 1090 abfuerit
545 1066 562 1089 a
579 1067 635 1090 suo
652 1057 854 1100 monasterio,
873 1058 1011 1100 graviter
1028 1059 1134 1103 punia-

393 1116 455 1151 tur,
473 1109 565 1142 etiam
591 1110 767 1154 privatione
783 1110 868 1143 vocis
885 1111 1003 1144 activae
1020 1117 1050 1144 et
1067 1123 1135 1155 pas-

393 1163 487 1204 sivae,
507 1163 582 1207 quin
600 1163 692 1197 etiam
710 1163 768 1206 ipsi
794 1168 900 1207 patres
917 1163 1091 1206 regiminis,
1109 1165 1133 1197 si

393 1217 510 1260 absque
538 1216 679 1259 legitima
705 1218 799 1249 causa
827 1217 1007 1250 huiusmodi
1038 1218 1134 1251 licen-

393 1270 469 1302 tiam
494 1270 716 1311 concesserint,
741 1270 829 1313 gravi
853 1272 955 1314 poena
974 1282 1033 1315 pro
1051 1271 1134 1305 arbi-

393 1324 454 1357 trio
476 1323 647 1356 definitorii
672 1323 856 1357 afficiantur.

437 1377 472 1410 II.
503 1377 672 1410 Universae
707 1377 858 1420 pecuniae
890 1388 1072 1411 communes
1096 1378 1134 1411 ad

394 1431 532 1474 singulas
558 1431 735 1475 provincias
752 1431 943 1475 pertinentes
960 1433 1135 1466 habeantur

393 1485 550 1529 repositae
575 1490 601 1517 et
628 1484 801 1518 custoditae
826 1485 857 1517 in
882 1487 975 1528 capsa
999 1486 1134 1528 triclavi,

394 1550 474 1584 quae
506 1539 679 1572 retineatur
710 1539 813 1572 clausa
845 1539 945 1572 tribus
974 1539 1133 1582 clavibus,

394 1604 527 1638 quarum
543 1604 604 1626 una
620 1604 785 1626 remancre
803 1594 915 1626 debeat
929 1604 1026 1638 penes
1043 1598 1135 1638 caput

394 1647 569 1691 regiminis,
594 1647 690 1680 altera
714 1657 810 1691 penes
830 1647 1024 1680 visitatorem
1041 1648 1136 1681 maio-

394 1712 472 1741 rem,
498 1701 589 1735 tertia
613 1711 709 1745 penes
723 1701 911 1744 capserium,
926 1712 989 1744 quo
1002 1712 1135 1734 munere

394 1755 482 1798 fungi
496 1755 607 1788 debeat
620 1765 700 1787 unus
716 1765 751 1787 ex
765 1754 927 1787 abbatibus
945 1754 1134 1795 titularibus,

395 1808 448 1852 qui
479 1819 538 1851 pro
567 1807 729 1851 provincia
761 1807 967 1840 Lombardiae
993 1812 1135 1840 teneatur

394 1862 535 1895 residere
559 1863 591 1894 in
616 1861 808 1894 monasterio
833 1861 862 1894 S.
888 1862 1067 1902 Ambrosii,
1092 1862 1134 1895 is-

395 1926 456 1959 que
473 1914 546 1957 eilgi
561 1914 671 1948 debeat
684 1925 742 1958 per
762 1914 943 1957 capitulum,
962 1919 991 1947 et
1007 1915 1133 1948 interim

394 1978 495 2011 usque
520 1968 558 2000 ad
583 1968 648 2000 eius
681 1967 925 2001 celebrationem
958 1968 1135 2012 providebit

395 2022 626 2056 illustrissimus
651 2027 822 2065 protector,
840 2021 1004 2066 dictusque
1027 2033 1133 2066 capse—

395 2076 461 2108 rius
486 2075 619 2108 retineat
634 2075 733 2108 libros
751 2075 897 2108 introitus
923 2081 952 2107 et
977 2076 1086 2118 exitus,
1104 2076 1134 2108 in

396 2130 510 2174 quibus
531 2129 634 2163 omnia
659 2130 803 2163 distincte
827 2136 857 2163 et
876 2130 1016 2164 ordinate
1042 2130 1135 2164 adno-

394 2189 459 2217 tata
483 2188 671 2228 appareant,
696 2194 753 2216 ncc
778 2183 896 2227 aliquid
917 2184 1045 2217 omnino
1070 2195 1135 2217 ero-

396 2248 470 2281 gare
495 2242 548 2270 aut
579 2236 700 2269 solvere
732 2237 831 2280 possit
862 2237 954 2270 alicui
982 2247 1135 2281 personae

389 2291 513 2334 'absque
537 2290 683 2323 mandato
708 2291 871 2333 regiminis
896 2291 926 2323 in
951 2291 1084 2335 scriptis3
1110 2290 1135 2323 si

396 2345 463 2378 sine
487 2344 646 2388 praedicto
671 2344 817 2377 mandato
835 2345 1004 2388 quicquam
1029 2355 1135 2388 eroga-

395 2398 474 2432 verit
487 2402 540 2432 aut
552 2397 688 2440 solverit,
702 2398 910 2442 privationem
936 2400 1134 2443 praelaturae

396 2453 545 2485 incurrat.
578 2452 761 2496 Supradicta
793 2457 895 2485 autem
930 2457 1079 2496 computa
1104 2457 1136 2485 et

395 2507 539 2540 mandata
564 2506 669 2539 onmia
690 2506 820 2549 singulis
838 2507 979 2540 trienniis
992 2512 1063 2539 ante
1089 2517 1136 2539 ca-

396 2560 531 2603 pitulum
556 2560 722 2603 diligenter
742 2560 890 2593 -revideri
920 2560 1053 2594 debeant
1077 2571 1135 2604 pro

397 2612 560 2656 provincia
583 2613 787 2647 Lombardiae
806 2625 864 2658 per
884 2613 1010 2647 abbates
1028 2613 1056 2647 S.
1075 2613 1137 2647 Ste-

981 207 1159 232 EULLARIUM
1184 208 1338 232 ROMANUM

1920 211 1970 238 An.
1991 211 2020 239 C.
2034 211 2104 240 1634

1166 255 1260 299 phani
1285 255 1322 287 de
1346 256 1449 288 Cornu
1469 261 1499 289 et
1521 257 1771 302 Aquaefrigidae,
1797 264 1827 292 et
1845 269 1906 303 pro

1166 308 1328 351 provincia
1353 308 1483 341 Tusciae
1499 319 1516 341 a
1533 309 1655 344 duobus
1678 313 1835 355 praelatis,
1852 312 1905 356 qui

1166 371 1228 394 non
1252 361 1313 394 sint
1336 361 1374 395 de
1394 362 1557 405 regimine,
1582 363 1766 407 deputandis
1782 377 1839 410 per
1859 377 1906 399 ca-

1165 415 1309 458 pitulum,
1336 415 1389 459 qui
1414 420 1592 449 accuratam
1619 421 1648 449 et
1672 417 1795 461 plenam
1827 413 1905 453 rela-

1166 468 1283 501 tionem
1308 468 1544 512 praedictorum
1569 469 1712 504 omnium
1743 475 1907 506 teneantur

1166 523 1268 555 facere
1293 522 1324 554 in
1348 523 1494 566 capitulo.

1211 576 1261 609 ΙΙΙ.
1287 576 1443 620 Tempore
1465 587 1522 621 per
1542 578 1779 612 constitutiones
1796 578 1834 612 ad
1858 579 1909 612 eli-

1167 629 1286 672 gendos
1299 629 1451 663 discretos
1464 630 1627 674 deputato¹
1642 631 1746 665 nullus
1760 631 1908 665 abbatum

1167 683 1294 716 accedat
1318 683 1356 716 ad
1380 684 1481 717 aliena
1505 685 1711 727 monasteria,
1736 685 1791 719 sed
1814 696 1908 719 unus-

1167 736 1300 780 quisque
1324 736 1356 769 in
1380 748 1437 771 suo
1462 748 1494 771 se
1514 738 1705 772 monasterio
1727 739 1906 778 contineat;

1167 790 1220 834 qui
1245 801 1335 824 secus
1358 791 1477 832 fecerit,
1496 802 1571 825 voce
1588 791 1689 825 activa
1712 792 1744 825 in
1769 793 1907 837 capitulo

1168 849 1280 877 careat.
1411 880 1413 883 ¹

1212 898 1258 930 IV.
1285 897 1381 931 Electi
1406 898 1437 930 in
1461 897 1614 932 discretos
1644 899 1682 932 ad
1715 899 1775 932 alia
1799 910 1907 934 mona-

1168 951 1261 985 steria
1285 962 1318 984 se
1339 951 1467 984 minime
1491 952 1692 993 transferant,
1718 953 1820 986 sedin
1845 964 1909 988 mo-

1168 1005 1304 1038 nasterio
1315 1005 1345 1038 in
1355 1016 1417 1050 quo
1427 1005 1546 1049 degunt
1558 1010 1723 1049 expectent
1736 1006 1907 1040 discessum

1168 1058 1214 1091 sui
1239 1059 1381 1101 abbatis,
1407 1070 1478 1092 cum
1503 1070 1565 1103 quo
1590 1061 1675 1093 recta
1697 1060 1846 1093 accedant
1870 1060 1909 1094 ad

1168 1112 1356 1155 capitulum;
1382 1112 1407 1144 si
1433 1122 1522 1145 secus
1546 1112 1686 1154 fecerint,
1707 1124 1784 1147 voce
1801 1113 1832 1146 in
1858 1124 1908 1147 ca-

1167 1165 1268 1208 pitulo
1294 1170 1428 1205 careant,
1446 1165 1573 1198 interim
1591 1176 1667 1199 vero
1685 1176 1718 1199 se
1738 1166 1909 1200 informent

1168 1218 1206 1251 de
1231 1223 1311 1251 statu
1325 1218 1517 1261 monasterii,
1536 1218 1574 1252 de
1592 1229 1654 1263 quo
1672 1219 1909 1263 interrogentur

1168 1271 1336 1314 diligenter
1360 1272 1392 1304 in
1417 1272 1553 1315 capitulo
1563 1283 1570 1312 ;
1596 1277 1626 1305 et
1649 1282 1723 1305 casu
1754 1283 1817 1316 quo
1845 1283 1909 1306 non

1168 1324 1366 1368 reperiantur
1383 1324 1549 1367 diligenter
1570 1325 1739 1366 informati,
1749 1325 1810 1358 sint
1823 1326 1911 1358 inha-

1169 1379 1247 1412 biles
1267 1378 1297 1411 in
1322 1379 1475 1421 futurum,
1501 1378 1538 1412 ad
1558 1379 1629 1420 hoc,
1648 1382 1682 1414 ut
1699 1379 1820 1424 possint
1836 1379 1909 1424 eligi

1169 1432 1199 1464 in
1224 1432 1386 1465 discretos
1907 1466 1919 1481 .

1213 1486 1245 1519 V.
1271 1486 1305 1518 In
1329 1485 1442 1520 virtute
1459 1490 1584 1519 sanctae
1604 1486 1802 1521 obedientiae
1819 1499 1910 1533 prae-

1169 1540 1302 1584 cipimus
1327 1545 1388 1572 tam
1407 1540 1558 1582 discretis,
1575 1551 1614 1573 ne
1631 1541 1705 1584 quid
1726 1542 1854 1576 omnino
1871 1543 1910 1576 ab

1168 1594 1273 1638 aliquo
1297 1594 1451 1638 accipiant
1468 1594 1560 1627 etiam
1578 1600 1690 1639 sponte
1711 1595 1786 1629 dare
1807 1597 1910 1630 volen-

1168 1646 1227 1688 [οἵ
1253 1658 1347 1691 quam
1368 1647 1512 1680 omnibus
1533 1652 1563 1680 et
1586 1648 1718 1691 singulis
1742 1649 1908 1693 religiosis,

1168 1711 1207 1734 ne
1231 1701 1305 1745 quid
1331 1701 1375 1734 eis
1399 1701 1474 1734 dare
1498 1701 1651 1741 audeant3
1676 1702 1760 1745 quod
1784 1703 1809 1735 si
1834 1703 1910 1736 deli-

1169 1759 1253 1787 ctum
1269 1754 1449 1787 huiusmodi
1471 1754 1540 1798 quis
1554 1754 1758 1795 commiserit,
1775 1760 1804 1787 et
1816 1756 1911 1788 fuerit

1169 1807 1360 1840 sufficienter
1384 1807 1574 1851 probatum,
1600 1812 1694 1848 tunc,
1726 1812 1788 1840 tam
1811 1808 1908 1851 dans,

1170 1872 1263 1906 quam
1288 1861 1454 1904 accipiens,
1473 1860 1681 1904 privationem
1706 1861 1847 1895 omnium
1868 1862 1911 1895 di-

1169 1914 1323 1957 gnitatum
1344 1919 1374 1947 et
1399 1913 1575 1947 officiorum
1597 1914 1769 1955 incurrant,
1786 1925 1910 1948 necnon

1169 1967 1396 2001 inhabilitatem
1421 1968 1459 2001 ad
1484 1968 1593 2002 eadem
1618 1968 1666 2001 vel
1691 1968 1750 2002 alia
1778 1968 1809 2001 in
1834 1979 1906 2014 perv

1170 2027 1311 2065 petuum.

1213 2076 1259 2108 Vl.
1286 2075 1372 2109 Sicut
1388 2086 1422 2109 ex
1437 2076 1632 2120 praescripto
1649 2077 1908 2111 constitutionum
1936 2115 1939 2117 Α
1959 2089 1988 2125 ⁰5*
2013 2088 2106 2109 invenia-

1170 2134 1314 2162 tenentur
1346 2129 1461 2162 subditi
1494 2130 1624 2173 singulis
1660 2131 1749 2164 annis
1784 2131 1908 2165 tradere
1923 2121 2107 2177 iiiiix'fi'uigmiiiliissff

1169 2183 1315 2227 praelatis
1340 2183 1513 2216 inventaria
1529 2194 1636 2217 rerum
1654 2185 1806 2226 omnium,
1831 2196 1908 2229 quas
1923 2169 2108 2217 iiifi¹¹e³11¹i‘i>¹.'“'⁶⁰¹¹'

1169 2237 1286 2270 habent
1311 2247 1406 2281 penes
1431 2248 1474 2278 se,
1500 2243 1529 2270 et
1547 2239 1805 2273 contrafacientes
1827 2240 1908 2274 inter

1168 2291 1395 2334 proprietarios
1408 2296 1585 2334 censentur,
1601 2297 1631 2325 et
1644 2292 1754 2336 poenis
1767 2293 1910 2337 proprie-

1168 2345 1321 2378 tariorum
1351 2345 1381 2377 in
1411 2350 1545 2389 utroque
1565 2346 1633 2380 foro
1664 2347 1842 2387 subiacent,
1866 2347 1909 2381 ita

1169 2399 1200 2431 in
1225 2404 1387 2442 posterum
1412 2399 1541 2433 abbates
1574 2405 1603 2435 et
1636 2401 1767 2444 praelati
1800 2411 1909 2435 omnes

1169 2457 1313 2495 tempore
1337 2452 1540 2493 visitationis,
1571 2454 1630 2498 ipsi
1654 2459 1756 2488 autem
1781 2465 1908 2498 praeses

1169 2510 1199 2538 et
1219 2505 1394 2539 visitatores
1412 2511 1554 2550 tempore
1572 2507 1708 2551 capituli,
1723 2507 1780 2541 sub
1797 2507 1906 2540 iisdem

1951 914 1980 935 De
1995 914 2098 935 discretis,

1973 1501 2006 1531 Dn-
2018 1501 2073 1523 datis
2088 1503 2109 1523 et

1925 1531 2026 1554 acceptis.

1207 2578 1217 2603 1
1238 2576 1355 2604 Erronee
1371 2577 1436 2604 edit.
1454 2577 1533 2604 lllain.
1550 2577 1613 2614 legit
1626 2578 1773 2613 deputatos
1788 2580 1824 2614 (n.
1839 2579 1890 2614 Τ.).

1204 2622 1219 2648 Ξ
1235 2621 1302 2650 Male
1318 2622 1382 2649 edit.
1400 2622 1479 2649 Main.
1496 2622 1578 2650 habet
1594 2623 1702 2651 valenti
1717 2629 1752 2658 xn.
1765 2622 1814 2658 τ.).
