2248 3229
234 194 282 220 An.
301 193 329 220 C.
348 194 415 222 1635

254 1319 312 1339 Nunc
323 1319 379 1338 illam
389 1318 424 1338 de-

241 1346 308 1365 clarat
318 1351 357 1365 non
369 1350 424 1365 ccm-

258 1372 373 1392 iehan-3121».-
402 1371 425 1391 il-

251 1404 273 1418 os
312 1398 410 1418 offitii-les
422 1414 425 1419 .

243 1426 318 1451 quibus
345 1427 426 1444 ratione

242 1457 349 1471 munerum
363 1453 425 1471 antea

243 1478 268 1497 dii
283 1477 361 1498 Summi
373 1477 425 1497 Pon-

242 1504 304 1524 inficis
335 1503 426 1524 oraculis

243 1530 294 1550 (ides
305 1530 379 1550 haberi
394 1536 426 1550 so-

243 1557 308 1577 lebat.

432 243 506 276 tutis
532 248 561 275 et
585 242 795 281 societatibus,
812 241 905 274 etiam
923 240 1069 273 Societati
1092 240 1170 280 lesu,

434 301 485 329 aut
510 296 574 327 eius
600 294 721 326 clericis
744 304 797 325 seu
818 292 1022 335 presbyteris,
1041 291 1171 335 aliisque

433 348 574 392 personis
599 345 774 389 praedictis,
793 355 991 388 quacumque
1009 344 1046 377 de
1066 346 1170 384 causa,

434 402 525 434 etiam
551 400 588 431 de
613 399 795 431 necessitate
821 398 1042 441 exprimenda,
1076 407 1167 429 occa-

434 454 529 492 sione,
554 456 717 495 praetextu
744 451 789 483 vel
815 452 930 492 colore,
948 451 1040 484 etiam
1058 450 1171 483 intuitu

434 511 463 537 et
488 504 762 548 contemplatione,
783 515 838 537 seu
863 504 900 536 ad
921 503 1100 536 instantiam
1118 503 1172 535 im-

434 558 600 602 peratoris,
626 568 737 600 regum
763 563 792 590 et
817 557 997 600 principum
1023 566 1170 600 quorum-

435 622 580 654 cumque,
606 614 657 644 aut
681 610 755 643 alias
776 610 1012 654 quomodolibet
1027 621 1171 643 concessa

435 666 576 707 (illorum
598 669 722 698 tenores
736 664 956 708 praesentibus
974 675 1031 707 pro
1046 675 1171 708 expres-

437 718 478 750 sis
502 717 665 761 habentes)
690 717 861 761 apostolica
883 717 1066 749 auctoritaie
1088 728 1174 750 revo-

436 771 585 811 cavimus,
610 771 810 811 cassavinms,
831 770 1022 810 sustulimus,
1045 771 1174 814 abroga-

435 825 536 857 vimus
560 829 590 857 et
614 824 852 865 annullavimus,
874 834 908 856 ac
933 823 970 856 de
997 828 1101 856 cetero
1126 835 1174 856 re-

435 882 552 918 vocata,
579 888 674 919 cassa,
701 877 830 919 sublata,
852 878 1003 919 abrogata
1020 882 1049 909 et
1070 878 1175 910 annul-

437 933 507 972 lata,
533 931 715 974 viribusque
741 937 770 963 et
796 930 908 963 effectu
934 941 1029 963 vacua
1055 940 1121 963 esse
1146 936 1175 962 ct

435 986 524 1025 sore,
550 984 689 1028 nullique
715 984 861 1027 deinceps
894 983 1059 1027 suflragari
1084 995 1174 1027 posse

437 1048 494 1071 nec
519 1038 633 1071 debere
658 1037 903 1078 declaravimus,
934 1043 1027 1081 prout
1052 1037 1083 1069 in
1108 1037 1175 1070 aliis

438 1092 553 1124 nostris
586 1091 720 1134 desuper
754 1090 784 1122 in
818 1090 911 1123 simili
944 1091 1044 1123 forma
1070 1090 1176 1122 Brevis

438 1144 590 1189 expeditis
613 1144 743 1185 litteris,
770 1155 904 1187 quarum
930 1150 1053 1177 tenores
1079 1154 1172 1187 prae-

439 1198 576 1232 sentibus
601 1209 658 1241 pro
691 1197 846 1241 expressis
878 1197 987 1230 haberi
1014 1197 1189 1239 volumus,

438 1251 560 1295 plenius
585 1250 761 1284 continetur
776 1251 793 1282 ¹.

485 1307 499 1349 ἓ
523 1305 552 1338 3.
578 1305 653 1338 Cum
679 1310 783 1337 autem
801 1316 858 1348 pro
884 1310 1025 1348 tempore
1043 1305 1176 1338 existen-

442 1360 524 1392 tibus
537 1359 696 1392 nonnullis
709 1359 825 1392 nostris
839 1365 868 1391 et
882 1359 969 1392 Sedis
982 1360 1178 1403 Apostolicae

442 1411 626 1446 officialibus
643 1422 697 1445 seu
716 1412 866 1445 ministris
892 1412 967 1455 (qui,
989 1423 1099 1445 eorum
1117 1412 1180 1445 offi-

442 1465 564 1498 ciorum
589 1475 644 1497 seu
669 1476 836 1498 munerum
857 1465 988 1505 ratione,
1005 1465 1042 1498 dc
1061 1464 1179 1508 gratiis,

442 1518 695 1551 concessionibus
720 1524 748 1551 et
773 1518 1031 1562 dispositionibus
1056 1517 1180 1562 quibus-

442 1582 577 1615 cumque
601 1582 658 1615 per
682 1583 738 1605 nos
767 1571 932 1612 faciendis,
965 1571 1181 1615 mandatisque

442 1630 473 1657 et
489 1625 680 1658 iussionibus
700 1625 815 1658 nostris
836 1625 1036 1668 exequendis,
1051 1625 1180 1668 aliisque

443 1679 537 1712 rebus
561 1684 591 1712 et
614 1679 748 1721 negotiis
781 1678 927 1722 gerendis
951 1678 1117 1712 nobiscum
1135 1678 1179 1711 di-

443 1742 532 1765 versa
567 1732 722 1775 tractant)
756 1742 814 1775 per
847 1742 878 1764 se
914 1742 968 1764 seu
1000 1731 1037 1764 de
1071 1741 1179 1764 eorum

444 1784 589 1818 mandato
609 1785 759 1825 facienda,
776 1785 914 1828 gerenda
933 1789 962 1817 et
980 1784 1180 1828 exequutioni

444 1838 659 1872 demandanda
683 1838 770 1871 vivae
791 1838 875 1871 vocis
904 1838 1032 1871 oraculo
1054 1838 1182 1871 commi-

444 1892 598 1932 serimus,
631 1896 660 1924 et
690 1891 721 1924 in
749 1891 835 1932 dies,
868 1891 951 1924 circa
981 1902 1015 1924 ea
1040 1902 1119 1934 quae
1143 1892 1181 1924 ad

444 1944 610 1978 cuiuslibet
644 1955 755 1978 eorum
791 1945 936 1978 officium*
969 1955 1024 1977 seu
1067 1955 1181 1978 munus

444 2008 507 2042 quo
530 1998 704 2041 funguntur
726 1998 896 2041 pertinent,
930 1998 1179 2031 committamus:

444 2062 511 2092 nos,
528 2051 663 2084 firmiori
680 2056 842 2094 gestorum
860 2051 897 2084 de
911 2051 1057 2085 mandato
1073 2057 1181 2086 nostro

445 2116 500 2150 per
525 2105 650 2139 eosdem
676 2105 823 2138 officiales
848 2115 902 2138 seu
928 2105 1088 2138 ministros
1111 2106 1181 2139 vali-

446 2158 542 2199 ditati,
568 2157 815 2202 eorumdemque
839 2158 1019 2191 officialium
1046 2169 1101 2192 seu
1123 2159 1180 2191 mi-

446 2213 619 2246 nistrorum
644 2211 804 2245 securitati
829 2212 993 2245 consulere
1021 2212 1181 2252 volentes,

447 2270 534 2300 motu
557 2265 702 2310 proprio,
729 2266 877 2310 certaque
904 2265 1034 2298 scientia
1057 2276 1092 2299 ac
1117 2276 1180 2299 ma-

446 2322 517 2353 tura
542 2319 767 2353 deliberatione
784 2320 908 2361 nostris⁷
934 2319 1035 2364 deque
1060 2325 1182 2364 aposto-

447 2374 524 2407 licae
549 2373 712 2418 potestatis
736 2372 939 2417 plenitudine,
957 2373 1105 2406 officiales
1129 2384 1184 2406 seu

448 2426 607 2461 ministros
637 2426 834 2471 praedictos,
866 2426 979 2470 quibus
1009 2427 1083 2460 alias
1114 2431 1184 2460 ante

449 2486 607 2514 emanatas
631 2480 808 2524 praedictas
833 2481 1070 2514 constitutiones
1087 2492 1124 2513 ex
1142 2482 1184 2514 of-

449 2534 593 2567 ficiorum
618 2544 748 2567 suorum
778 2533 961 2567 auctoritate
986 2540 1013 2566 et
1048 2544 1181 2578 praero-

485 2599 496 2623 1
513 2597 583 2628 Quas
599 2596 656 2624 vide
672 2605 752 2632 snpra
768 2604 828 2631 pag.
845 2596 895 2624 ‘258
911 2596 950 2631 (R.
967 2597 1014 2631 12).

1007 193 1185 217 BULLAlssUM
1208 193 1363 218 ROMANUM

1954 191 2002 218 An.
2019 192 2047 218 C.
2070 191 2137 219 1635

1204 239 1306 281 gativa
1336 239 1374 271 de
1403 241 1530 273 oraculo
1562 251 1618 283 per
1655 251 1707 274 eos
1743 250 1760 272 a
1790 239 1939 273 Romanis

1205 291 1407 324 Pontificibus
1424 302 1483 335 pro
1503 296 1645 335 tempore
1668 293 1873 326 existentibus
1889 293 1940 325 ha-

1204 345 1270 377 bito
1291 344 1368 377 fides
1393 344 1500 377 haberi
1521 344 1649 385 solebat,
1667 346 1768 388 quoad
1790 356 1826 378 ea
1850 357 1940 389 quae,

1206 404 1237 430 ut
1262 399 1456 442 praefertur,
1482 397 1519 430 ad
1545 397 1710 430 cuiuslibet
1734 408 1842 431 eorum
1867 399 1937 432 offi—

1205 452 1287 484 cium
1314 462 1368 484 seu
1400 462 1513 484 munus
1547 461 1608 494 qno
1643 451 1814 493 funguntur
1845 453 1940 494 perti-

1205 510 1301 545 nent,
1327 505 1357 537 in
1382 505 1493 537 litteris
1518 504 1611 537 etiam
1636 504 1751 537 nostris
1776 504 1942 547 praedictis

1206 568 1299 601 super
1324 558 1524 591 revocatione
1544 557 1747 591 oraculorum
1763 557 1943 590 huiusmodi

1207 611 1359 644 emanatis
1392 611 1520 644 minime
1551 610 1797 654 comprehensos
1827 610 1943 650 fuisse,

1206 675 1263 697 nec
1284 675 1360 704 esse,
1378 675 1435 697 nec
1460 663 1684 708 comprehendi
1703 663 1828 703 debere,
1846 663 1945 696 decla-

1208 728 1312 750 ramus
1338 723 1367 750 ct
1391 718 1606 757 decernimus,
1632 722 1662 750 et
1686 716 1727 750 ad
1745 716 1946 750 abundantio-

1208 782 1274 804 rem
1301 772 1452 804 cautelam
1479 770 1605 803 eosdem
1634 770 1782 803 officiales
1806 781 1862 803 seu
1886 770 1944 803 mi-

1208 825 1322 857 nistros
1351 824 1499 856 adversus
1530 823 1654 856 easdem
1687 823 1944 864 constitutiones,

1208 882 1361 921 qnatenus
1387 888 1464 920 opus
1481 877 1530 917 sit,
1555 877 1748 910 restituimus
1766 881 1795 909 et
1808 877 1946 920 plenarie

1209 930 1450 973 reintegramus,
1473 931 1505 962 in
1530 930 1675 963 omnibus
1700 934 1729 962 et
1752 940 1807 973 per
1832 929 1945 971 omnia,

1210 984 1337 1028 perinde
1355 995 1390 1017 ac
1410 984 1434 1016 si
1455 984 1558 1029 quoad
1583 984 1652 1016 illos
1677 983 1855 1027 praedictae
1873 993 1946 1017 con-

1210 1038 1385 1071 stitutiones
1409 1048 1472 1071 non
1496 1043 1702 1070 emanassent.

1255 1093 1268 1135 g
1293 1091 1322 1124 4.
1357 1092 1585 1130 Decernentes,
1617 1095 1798 1134 praesentes
1829 1090 1948 1123 litteras
1964 1103 2146 1129 ciausunspme-

1212 1144 1346 1185 validas,
1377 1144 1484 1177 firmas
1518 1148 1545 1177 et
1578 1144 1719 1176 efficaces
1752 1143 1884 1176 existere
1919 1148 1949 1176 et
1964 1133 2080 1182 ᾗῗῖἒὲῖῖωὼ
2111 1135 2146 1155 ψ

1211 1199 1292 1237 fore,
1319 1208 1353 1231 ac
1374 1198 1498 1231 irritum
1524 1204 1553 1230 et
1577 1197 1684 1238 inane,
1710 1197 1734 1230 si
1760 1196 1834 1240 quid
1859 1207 1948 1230 secus

1212 1262 1305 1294 super
1330 1251 1376 1283 liis
1402 1262 1417 1283 a
1438 1262 1607 1294 quoquam,
1628 1250 1736 1294 quavis
1752 1250 1947 1290 auctoritate,

1212 1305 1344 1338 scienter
1370 1305 1416 1337 vel
1442 1304 1639 1346 ignoranter,
1665 1303 1831 1346 contigerit
1854 1308 1950 1336 atten-

1212 1358 1279 1390 tari.

1257 1412 1271 1455 g
1296 1412 1324 1445 ἶ).
1351 1413 1418 1444 Non
1444 1411 1639 1444 obstantibus
1665 1411 1808 1453 Gregorii
1825 1411 1950 1455 praede-

1214 1466 1346 1498 cessoris
1384 1465 1564 1498 hniusmodi
1579 1492 1586 1505 ,
1622 1464 1801 1508 nostrisque
1839 1464 1951 1498 litteris

1213 1519 1367 1562 praelatis,
1386 1530 1420 1551 ac
1441 1518 1588 1552 omnibus
1610 1518 1681 1559 illis,
1707 1528 1785 1561 quae
1806 1518 1837 1550 in
1861 1518 1951 1551 dictis

1214 1572 1326 1605 litteris
1352 1583 1499 1606 concessa
1524 1576 1595 1604 sunt
1619 1581 1681 1605 non
1703 1572 1844 1613 obstare,
1870 1576 1951 1605 cete-

1216 1626 1320 1669 risque
1346 1626 1512 1659 contrariis
1536 1625 1796 1669 quibuscumque⁴

1258 1680 1369 1712 Datum
1384 1679 1510 1720 Romae,
1530 1679 1611 1722 apud
1628 1679 1656 1712 S.
1676 1679 1812 1721 Petrum,
1830 1679 1887 1712 sub
1903 1689 1953 1711 an—

1214 1732 1288 1766 nulo
1317 1732 1499 1774 Piscatoris‚
1530 1731 1580 1764 die
1605 1742 1637 1764 iu
1662 1731 1768 1775 aprilis
1789 1741 1951 1772 mcxxxv,

1215 1785 1414 1829 pontificatus
1426 1785 1526 1818 nostri
1548 1795 1629 1818 anno
1647 1795 1698 1817 ΧΠ.

1250 1848 1308 1876 Dat.
1325 1848 1368 1876 die
1386 1850 1413 1876 11
1433 1848 1524 1884 aprilis
1542 1848 1618 1882 1635,
1637 1847 1731 1882 pontif.
1747 1856 1816 1875 anno
1833 1855 1881 1876 ΧΠ.

1967 1421 2148 1448 [Σοιιῑνειι-ίῑὶζωίἲίῑ.

1550 1991 1624 2024 DXI.

1217 2071 1403 2104 Commissio
1427 2071 1546 2104 nuncio
1571 2071 1743 2113 apostolico
1769 2071 1858 2114 apud
1882 2072 1949 2105 Po-

1260 2124 1366 2157 lom‘ae
1391 2135 1503 2167 reqem,
1529 2128 1577 2164 ut,
1601 2128 1726 2167 petente
1750 2124 1955 2168 metropolim

1258 2178 1405 2217 Reassz‘ae,
1433 2176 1588 2217 inhibeat,
1613 2187 1652 2210 ue
1676 2177 1878 2220 7·e9ulm·z'um
1901 2189 1954 2211 cu.-

1259 2232 1448 2274 iuscumque
1474 2230 1609 2264 Ordinis
1628 2230 1740 2263 domus
1760 2231 1876 2274 aliqua
1896 2232 1954 2272 Zy-

1259 2284 1389 2316 ro'vz'cie's
1414 2283 1591 2325 ere'qatnr1.

1218 2364 1329 2392 Dilecto
1358 2364 1419 2391 filio
1448 2366 1570 2397 nostro,
1601 2366 1632 2392 et
1660 2365 1848 2399 Apostolicae
1869 2365 1952 2393 Sedis

1253 2409 1329 2443 apud
1349 2408 1559 2436 charissimum
1581 2409 1612 2436 in
1638 2408 1755 2437 Christo
1778 2410 1872 2436 filium
1900 2417 1952 2436 no-

1252 2457 1347 2481 strum
1366 2454 1549 2481 Vladislaum
1564 2453 1704 2480 Poloniae
1724 2457 1754 2481 et
1770 2454 1893 2482 sveciae
1908 2462 1954 2481 re-

1252 2507 1316 2533 gem
1337 2499 1486 2526 illustrem
1505 2498 1624 2532 nuntio,

1411 2543 1546 2570 Urbanus
1573 2543 1652 2577 Papa
1679 2543 1757 2570 vm.

1254 2598 1264 2623 1
1287 2595 1324 2623 Ex
1343 2595 1451 2631 aegest.
1471 2595 1498 2622 in
1517 2595 1618 2623 Secret.
1639 2595 1715 2622 Brev.
