2248 3229
98 204 147 230 An.
164 202 192 230 C.
215 201 283 230 1635

913 203 1054 228 {innixus
1079 203 1135 228 vm
1159 204 1208 228 rr.

299 250 565 294 quotidianarum,
591 252 732 285 omnium
757 253 960 286 ecclesiarum
987 264 1057 286 ar-¹

299 304 595 348 chiepiscopalium,
621 305 866 350 episcopalium,
891 307 1039 349 collegia-

299 362 412 398 tarum,
432 359 671 401 parochialium,
689 370 811 393 necnon
836 360 1039 393 monasterio-

298 420 368 443 rum
394 416 423 444 et
448 418 670 453 conventuum,
687 423 723 446 ac
747 413 840 446 etiam
857 424 1037 447 mensarum

297 464 512 506 abbatialium,
538 466 769 510 capitularium,
788 472 850 500 tam
875 467 1039 501 cathedra-

298 516 376 550 lium
397 523 428 551 et
447 519 763 566 metropolitanarum
782 531 876 564 quam
893 531 1039 564 quarum-

298 582 433 616 cumque.
458 573 695 615 collegiatarum
721 574 925 607 ecclesiarum
951 585 1039 618 prae-

298 625 462 668 dictarum,
488 637 609 660 necnon
636 629 900 670 conventualium,
920 630 1039 673 priora-

298 684 397 712 tuum·
410 690 546 724 quoque,
565 681 868 725 praepositurarum,
890 692 1038 726 praecep-

297 733 461 773 toriarum,
475 735 714 768 canonicatuum
731 741 760 768 et
773 735 1037 779 praebendarum,

296 785 493 828 dignitatum,
519 794 761 831 personatuum,
787 789 1035 822 administratio-

296 849 383 879 num,
408 841 501 873 etiam
527 841 663 875 fabricae
688 847 718 875 et
743 842 930 883 officiorum,
957 847 1038 874 cete-

297 904 469 938 rorumque
494 895 721 928 beneficiorum
742 896 1036 937 ecclesiasticorum,

297 957 368 980 cum
400 949 476 980 cura
502 953 531 980 et
561 948 627 980 sinc
658 950 756 988 cura,
788 948 977 981 secularium
1003 958 1038 981 ac

297 1000 325 1032 S.
345 1001 523 1044 Augustini,
545 1001 756 1034 Cluniae-ensis
771 1001 1037 1044 etCisterciensis,

297 1054 614 1088 Praemonstratensis
631 1060 660 1087 et
677 1061 951 1100 quorumcumque
965 1056 1038 1090 alio-

296 1118 367 1140 rum
382 1107 533 1141 Ordinum
552 1109 714 1152 utriusque
729 1119 830 1150 sexus,
845 1110 937 1142 etiam
960 1110 1039 1143 Men-

295 1160 464 1194 dicantium
502 1172 621 1195 annuos
658 1162 797 1196 redditus
834 1163 1037 1204 habentium,

296 1219 357 1247 tam
391 1215 531 1248 virorum
566 1226 660 1259 quam
694 1217 882 1256 mulierum,
915 1227 1038 1251 necnon

296 1269 579 1311 congregationum
598 1271 802 1313 regularium,
823 1271 1037 1304 institutorum

296 1327 326 1355 et
350 1322 556 1363 societatum,
582 1324 673 1356 etiam
700 1325 862 1359 Societatis
894 1325 984 1366 lesu,
1009 1332 1039 1358 et

296 1382 458 1419 praeterea
483 1377 705 1421 hospitalium,
731 1389 853 1412 necnon
879 1380 907 1413 S.
934 1379 1036 1413 Iacobi

296 1428 334 1461 dc
358 1430 472 1473 Spata,
498 1431 683 1471 Alcantara,
708 1432 877 1472 Calatrava,
902 1432 941 1465 de
965 1433 1037 1466 Avis

296 1487 325 1514 et
350 1483 509 1523 Montesia,
533 1494 656 1517 necnon
680 1486 708 1518 S.
731 1486 835 1518 Lazari
857 1491 887 1518 et
903 1486 1036 1519 aliarum

296 1546 568 1581 quarumcnmspie
598 1539 782 1571 militiarum
800 1568 807 1581 ,
833 1550 868 1572 ac
893 1540 1036 1574 locorum

296 1589 420 1633 piorum
447 1592 596 1635 (exceptis
629 1592 780 1625 tratribus
808 1593 960 1626 militibus
985 1594 1038 1627 ho-

296 1643 414 1687 spitalis
430 1645 528 1677 sancti
545 1645 669 1678 loannis
684 1646 968 1691 Hierosolymitani,
983 1648 1036 1691 qui

296 1707 356 1740 pro
380 1697 426 1730 sui
452 1699 547 1731 tutela
572 1704 681 1731 contra
706 1704 810 1732 turcas
834 1705 864 1732 et
889 1700 966 1734 alios
994 1701 1037 1733 in-

296 1749 403 1783 fideles
428 1751 537 1784 alienis
562 1752 684 1784 auxiliis
708 1753 848 1796 quotidie
873 1752 1035 1796 indigent,

296 1813 417 1836 necnon
450 1805 590 1838 ecclesiis
621 1805 874 1848 cathedralibus,
901 1817 1034 1850 quarum

297 1857 382 1890 mille
414 1857 543 1891 ducatos
575 1863 717 1893 monetae
750 1860 972 1904 Hispaniarum
998 1861 1036 1894 ad

297 1911 451 1944 rationem
475 1912 620 1945 undecim
648 1913 800 1956 regalium
820 1925 878 1957 pro
894 1915 1036 1958 quolibet

296 1963 418 2006 ducato,
440 1976 475 1997 ac
499 1966 742 2009 parochialibus,
763 1967 856 1999 etiam
879 1967 1036 2000 doctrinis

296 2017 327 2049 in
351 2018 492 2061 partibus
517 2019 675 2052 indiarum
707 2020 886 2053 huiusmodi
915 2031 1036 2054 nuncu-

296 2071 386 2114 patis,
411 2083 543 2116 quarum
569 2074 689 2107 fructus
709 2079 834 2107 centum
852 2075 982 2108 ducatos
1000 2076 1037 2107 si-

298 2125 388 2158 miles
411 2127 504 2159 annui
532 2127 670 2162 redditus
694 2139 755 2161 non
774 2128 940 2169 excedunt,
957 2140 1036 2172 quos

297 2189 356 2222 pro
388 2190 498 2213 eorum
528 2184 669 2224 congrua
701 2182 925 2216 sustentatione
950 2184 1036 2216 suffi-

297 2243 369 2266 cere
389 2234 576 2278 accepimus,
594 2241 624 2268 et
640 2236 734 2269 etiam
756 2236 815 2269 illis
831 2236 1035 2270 ecclesiarum

297 2287 524 2321 cathedralium
545 2289 753 2332 praesulibus,
769 2301 824 2323 seu
836 2290 1036 2332 antistitibus,

297 2341 428 2385 aliisque
441 2343 583 2386 personis
596 2344 825 2387 ecclesiasticis,
836 2345 889 2388 qui
903 2349 933 2378 et
946 2355 1036 2388 quae,

298 2395 419 2429 ratione
447 2397 650 2430 ecclesiarum
675 2401 705 2431 et
728 2398 955 2432 beneficiorum
981 2410 1038 2443 per

298 2459 350 2482 eos
375 2450 575 2484 obtentorum
593 2455 623 2485 et
639 2452 893 2493 obtinendorum,
911 2464 946 2486 ac
963 2464 1037 2496 pen-

298 2504 420 2537 sionum
445 2505 503 2537 sibi
527 2516 585 2549 pro
610 2510 753 2549 ternpore
785 2511 1014 2540 reservatarum
1029 2534 1036 2548 ‚

297 2558 417 2592 fructus
442 2558 534 2592 unius
551 2560 667 2592 mensis
685 2561 870 2593 earumdem
891 2561 1037 2594 ecclesia-

297 2622 366 2644 rum
382 2639 389 2649 ,
414 2612 640 2646 beneficiorum
667 2618 696 2647 et
716 2615 903 2658 pensionum
935 2615 1036 2649 eidem

1075 253 1220 296 Philippo
1244 253 1329 295 regi,
1354 253 1438 285 iuxta
1464 252 1701 286 concessionem
1728 253 1772 285 illi
1797 264 1815 285 a

1073 307 1165 339 nobis
1179 307 1217 340 ad
1235 312 1356 340 certum
1376 312 1501 351 tempus
1517 306 1657 340 nondum
1674 307 1816 350 clapsum

1074 360 1195 401 factam,
1213 361 1311 394 altero
1329 360 1485 394 dictorum
1505 361 1639 393 duorum
1660 370 1816 393 annorum

1073 414 1291 456 persolverint,
1310 414 1351 446 ita
1366 414 1449 457 quod
1463 424 1525 447 non
1543 413 1665 453 eodem,
1679 423 1743 456 quo
1760 413 1818 445 so!-

1074 466 1196 506 verint,
1221 467 1274 499 sed
1300 467 1479 499 immediate
1505 466 1709 510 subsequenti
1734 476 1816 498 anno

1074 519 1231 553 dumtaxat
1251 519 1289 552 ad
1307 520 1446 552 eiusdem
1465 520 1605 553 decimae
1627 520 1816 553 solutionem

1074 573 1264 616 tencantur),
1281 583 1316 605 ae
1334 573 1478 606 similiter
1495 574 1648 606 decimam
1674 573 1816 606 omnium

1073 626 1262 669 pensionum
1298 637 1393 670 super
1427 627 1607 670 praemissis
1644 627 1816 669 assignata-

1074 690 1145 712 rum
1170 686 1200 713 et.
1223 680 1498 723 assigmmdarum,
1524 681 1816 724 percipiendam-et,

1075 734 1259 777 exigendam
1289 744 1306 766 a
1330 734 1580 778 quibuscumque
1607 735 1817 779 archiepisco-

1074 787 1137 830 pis,
1164 788 1341 832 episcopis,
1370 789 1577 832 primatibus,
1610 785 1814 833 praepositi&

1073 841 1214 882 decanis,
1240 841 1399 885 capitulis,
1427 842 1602 883 canonicis,
1628 842 1815 881 rectoribus,

1073 894 1240 927 abbatibus
1257 922 1264 935 ,
1301 895 1481 938 prioribus,
1519 896 1814 934 commendatariis,

1073 948 1251 989 abbatissis,
1279 949 1451 992 priorissis,
1476 949 1636 989 fratribus,
1664 949 1815 982 militibus

1073 1006 1103 1034 et
1126 1002 1319 1045 presbyteris
1343 1013 1378 1035 ae
1405 1002 1528 1035 clericis
1552 1003 1639 1043 aliis,
1664 1013 1815 1047 quocum-

1073 1065 1133 1099 que
1164 1056 1290 1088 nomine
1319 1056 1527 1100 nuncupatis,
1561 1056 1754 1089 secularibus
1785 1062 1816 1088 et

1073 1109 1283 1151 regularibus,
1309 1109 1494 1153 ceterisque,
1520 1109 1745 1153 cuiuscumque
1770 1110 1816 1142 di-

1072 1162 1219 1205 gnitatis,
1245 1166 1353 1197 status
1375 1167 1404 1197 et
1428 1163 1616 1196 conditionis
1649 1163 1812 1196 existenti-

1073 1216 1142 1255 bus,
1167 1217 1323 1260 praefatas
1353 1227 1554 1262 quocumque
1584 1217 1671 1256 iure,
1699 1217 1814 1255 modo,

1072 1270 1236 1304 occasione
1261 1277 1291 1304 et
1317 1272 1406 1304 titulo
1435 1271 1648 1305 obtinentibus
1673 1282 1727 1304 seu
1753 1272 1812 1303 de-

1073 1324 1244 1357 tinentibus
1276 1329 1305 1359 et
1336 1325 1530 1367 obtenturis,
1558 1335 1680 1358 necnon
1714 1336 1810 1358 oeco-

1072 1377 1186 1410 nomis·
1198 1382 1228 1412 ct
1251 1378 1561 1412 administratoribus
1579 1379 1741 1423 perpetuis
1759 1389 1814 1412 seu

1073 1431 1307 1474 temporalibus,
1333 1432 1583 1473 usufructuariis,
1612 1443 1647 1465 ac
1672 1433 1812 1474 fruetus,

1072 1485 1237 1527 pensiones
1262 1490 1292 1517 et
1311 1485 1371 1518 alia
1395 1496 1613 1530 quaecumque
1633 1486 1814 1519 huiusmodi

1072 1538 1139 1571 iura
1166 1544 1192 1571 et
1218 1539 1299 1572 bona
1326 1549 1363 1572 ex
1388 1550 1586 1584 quacumque
1612 1541 1716 1581 causa,
1742 1551 1814 1584 qua-

1071 1592 1116 1623 vis
1142 1593 1337 1633 auctoritate,
1360 1593 1390 1625 in
1416 1598 1481 1626 toto
1510 1594 1557 1626 vel
1583 1594 1614 1626 in
1639 1597 1726 1637 parte
1755 1594 1813 1627 sibi

1071 1651 1229 1679 reservata
1253 1652 1305 1679 aut
1330 1657 1476 1680 concessa
1493 1647 1680 1680 habentibus
1698 1648 1744 1680 vel
1762 1647 1814 1680 ha-

1071 1699 1200 1739 bituris,
1228 1700 1422 1733 secularibus
1447 1706 1477 1733 et.
1502 1701 1701 1744 regularibus
1725 1700 1814 1734 Ordi-

1071 1762 1157 1793 num,
1176 1754 1472 1797 congregationum,
1487 1755 1681 1797 societatum,
1692 1755 1814 1789 militia-

1072 1818 1140 1840 rum
1159 1814 1188 1840 et
1212 1809 1416 1853 hospitalium
1442 1810 1666 1853 praefatorum,
1691 1819 1813 1843 necnon

1070 1861 1108 1893 ab
1134 1862 1210 1906 ipsis
1231 1862 1479 1903 ecclesiasticis⁴,
1506 1863 1661 1907 capitulis,
1681 1874 1813 1896 conven-

1072 1915 1163 1955 tibus,
1185 1915 1365 1957 Ordinibus,
1391 1917 1701 1959 congregationibus,
1723 1918 1813 1950 colle-

1071 1968 1140 2010 giis,
1158 1968 1378 2012 hospitalibus,
1399 1970 1529 2011 militiis,
1550 1970 1675 2009 mensis,
1702 1971 1813 2003 massis

1071 2025 1100 2052 et
1125 2021 1212 2062 locis,
1237 2033 1437 2066 quocumque
1456 2023 1622 2066 privilegio
1647 2029 1676 2056 et
1701 2034 1809 2056 exem-

1070 2074 1176 2117 ptione
1200 2075 1288 2115 reali,
1313 2077 1470 2119 personali
1499 2081 1528 2109 et
1559 2077 1663 2119 mixta,
1684 2077 1813 2121 antiqua

1072 2132 1098 2159 et
1125 2127 1389 2167 immemorabili,
1417 2129 1547 2173 pacifica
1579 2135 1609 2162 et
1633 2130 1812 2164 continuata

1072 2182 1216 2223 suffultis,
1233 2183 1354 2215 etiamsi
1372 2194 1569 2227 quacumque
1593 2184 1812 2228 praerogativa

1071 2235 1236 2278 gaudeant,
1255 2242 1284 2269 et
1300 2237 1376 2269 alias
1394 2237 1424 2270 in
1444 2238 1583 2281 generali
1608 2238 1812 2282 dispositione

1071 2299 1133 2322 non
1154 2289 1364 2329 includantur,
1382 2291 1435 2324 sed
1454 2291 1579 2335 speciali
1597 2302 1633 2325 ac
1653 2291 1811 2324 individua

1073 2342 1231 2389 mentione
1248 2343 1334 2385 digni
1351 2344 1423 2385 sint,
1440 2355 1519 2388 quos
1533 2355 1642 2378 omnes
1660 2345 1811 2388 (exceptis

1072 2396 1273 2440 supradictis)
1291 2397 1513 2431 collectoribus
1536 2404 1571 2431 ut
1595 2409 1691 2442 supra
1715 2398 1813 2442 depu-

1073 2449 1172 2483 tandis
1190 2450 1334 2483 volumus
1348 2451 1503 2484 decimam
1516 2451 1710 2495 praedictam
1728 2451 1811 2484 iuxta

1072 2508 1172 2536 taxam
1198 2504 1390 2547 praedictam
1416 2505 1495 2537 insra
1528 2502 1724 2548 praesentem
1757 2515 1811 2537 seu

1071 2558 1180 2591 saltem
1214 2558 1393 2591 immediate
1426 2559 1668 2603 subsequentem
1694 2569 1809 2592 annum

1108 2624 1116 2648 1
1137 2622 1173 2648 Ex
1190 2621 1241 2649 loc.
1257 2621 1350 2657 parali,
1368 2622 1412 2649 eit.
1425 2622 1571 2656 legendum
1583 2623 1707 2651 ecclesiis
1719 2624 1809 2659 (rur).

1721 194 1781 228 rtuf)
1828 204 1878 231 An.
1893 205 1921 231 c,
1944 205 2012 233 1635
