2248 3229
217 218 264 246 An.
283 218 311 246 C.
332 218 400 247 1634

259 1720 349 1749 Derogat
360 1726 409 1741 cou-

225 1750 302 1767 trariis.

445 210 510 245 370

417 268 631 302 stitutionibus
649 273 675 299 ct
695 266 947 299 ordinationibus
964 264 1156 308 apostolicis,

417 333 452 356 ac
477 322 551 355 dicti
576 319 752 363 hospitalis,
772 319 864 353 ctiam
883 319 1069 358 iuramento,
1087 328 1174 363 con-i

417 374 595 408 firmatione
615 372 794 416 apostolica,
816 372 863 404 vel
885 371 993 416 quavis
1010 371 1174 403 firmitate

417 428 476 461 alia
490 420 656 465 roboratis,
677 426 798 460 statutis
818 431 848 458 ct
869 423 1157 463 consuetudinibus,
1174 456 1175 460 ,

418 479 646 520 stabilimentis,
664 479 770 511 usibus
791 483 820 511 et
835 478 965 518 naturis,
982 489 1016 511 ac
1037 477 1175 512 ordina-1

419 532 554 566 tionibus
574 532 808 575 capitularibus,
829 531 1002 575 privilegiis
1022 523 1175 578 quoquest

998 216 1177 241 BULLARIUM
1201 216 1356 241 ROMANUM

1236 263 1512 307 Quadraqesimae
1546 265 1744 298 necessitates
1785 263 1928 297 locorum

1242 316 1358 350 Terrae
1381 316 1519 350 Sanctae
1543 317 1759 351 commendari
1784 321 1907 351 curent.

1399 406 1533 432 Urbanus
1550 406 1629 439 Papa
1647 405 1725 437 vm,

1333 453 1369 478 ad
1389 451 1521 478 futuram
1540 450 1584 478 rei
1604 450 1784 478 memoriam.

1236 529 1404 563 Salvatoris
1435 535 1465 562 ct
1495 529 1617 563 Domini
1652 529 1762 570 nostri,
1791 529 1844 572 qui
1872 540 1929 573 pro

1942 214 1991 241 An.
2007 214 2036 241 G.
2051 213 2125 242 ‘1634

2231 203 2233 211 ⁴
2212 0 2233 184 ..kz-§affl

1973 542 2106 563 Prooemium

418 585 545 618 indultis
562 589 591 619 ct
616 584 727 618 litteris
744 584 933 628 apostolicis,
952 584 1008 616 sub
1033 583 1159 627 quibus·
1192 583 1321 616 humani
1357 583 1481 625 generis
1515 582 1732 626 redemptione
1763 592 1796 615 se
1828 582 1929 625 ipsum

417 649 553 682 cumque
570 638 731 671 tenoribus
757 643 787 670 et
811 637 931 678 formis,
948 647 983 670 ac
1004 647 1075 670 cum
1094 637 1159 680 qui-
1174 625 1176 662 1
1193 636 1361 669 exinanivit
1384 636 1483 669 sactus
1508 635 1657 669 obediens
1677 646 1774 679 usque
1791 635 1829 668 ad
1850 645 1931 668 mor-

418 691 523 724 busx‘is
543 691 634 724 etiam
649 691 921 734 derogatoriarum
939 689 1158 733 derogatoriis,
1174 704 1176 733 }
1194 695 1265 730 tem,
1291 689 1374 722 vices
1398 689 1470 722 licet
1495 688 1643 722 immeriti
1661 693 1804 732 gerentes
1824 688 1856 721 in
1872 693 1931 721 ter-

417 745 549 789 aliisque
566 745 793 778 efficacioribus
806 750 836 777 et
853 744 985 777 insolitis
1001 744 1158 785 clausulis,
1175 743 1176 761 ³
1193 743 1246 785 ris,
1272 742 1353 775 inter
1377 742 1566 786 multiplices
1580 741 1843 786 gravissimasque
1859 752 1931 786 apo-

418 798 676 841 irritantibusque
694 803 724 831 01
747 797 815 830 aliis
832 797 977 837 decretis,
996 797 1025 829 in
1044 807 1159 840 genere
1174 781 1176 803 ¹
1194 796 1321 830 stolicae
1346 795 1504 829 servitutis
1528 805 1629 838 curas,
1647 795 1678 828 in
1702 805 1738 828 ea
1762 794 1931 839 praecipua

419 852 466 884 vel
483 851 515 884 in
531 851 645 895 specie,
659 862 694 884 ac
712 851 796 893 alias,
810 851 843 884 in
860 850 1055 884 contrarium
1072 860 1160 894 prae·
1175 848 1177 891 ff
1193 849 1358 894 pastoralis
1390 848 1607 882 sollicitudinis
1632 847 1792 891 vigilantia
1815 847 1933 881 incum-

420 904 588 938 missorum
614 905 851 949 quomodolibet
883 905 1053 945 concessis,
1079 914 1156 937 con-
1176 902 1177 907 ’
1194 904 1308 944 bimus,
1327 908 1360 935 ut
1380 902 1455 936 tanti
1472 913 1507 935 ac
1524 907 1586 935 tam
1612 901 1746 935 salubris
1770 900 1933 945 mystherii

420 958 552 991 firmatis
576 963 605 992 et
628 958 797 998 innovatis,
823 958 937 1002 quibus
962 957 1107 991 omnibus
1131 963 1161 990 ct
1176 941 1178 988 i
1195 960 1409 996 monumenta,
1430 965 1510 999 quae
1534 955 1566 988 in
1590 954 1713 989 civitate
1737 953 1933 987 Hierusalem

421 1011 568 1054 singulis,
598 1012 720 1045 etiamsi
752 1022 810 1055 pro
836 1011 963 1044 illorum
995 1010 1159 1043 sufficienti
1194 1015 1224 1042 et
1242 1009 1319 1043 locis
1343 1008 1575 1042 circumvicinis
1599 1013 1681 1046 sunt,
1699 1012 1932 1048 conserventur,
2170 1014 2182 1028 ³

420 1065 624 1108 derogatione
649 1065 687 1098 de
712 1065 772 1098 illis
797 1075 972 1108 eorumque
988 1064 1061 1097 totis
1079 1056 1178 1097 [eno-’J
1195 1069 1226 1096 et
1249 1063 1345 1104 omni,
1363 1073 1424 1106 qua
1443 1062 1512 1096 fieri
1537 1061 1661 1107 poterit,
1678 1061 1790 1095 maiori
1810 1060 1935 1095 honori-

420 1118 508 1152 ribus
531 1119 688 1163 specialis,
713 1119 867 1163 specifica,
889 1128 1035 1162 expressa
1060 1123 1090 1151 et
1118 1118 1178 1150 iil-⁴

421 1172 546 1206 dividua
577 1183 611 1205 ac
646 1173 683 1206 de
716 1173 812 1206 verbo
843 1173 881 1205 ad
913 1173 1066 1214 verbum,
1098 1183 1162 1205 non

421 1231 525 1260 autem
550 1237 605 1270 per
631 1227 785 1260 clausulas
809 1226 972 1270 generales
997 1225 1080 1258 idem
1109 1216 1179 1258 ini-³

421 1285 591 1324 portantes,
606 1280 723 1313 mentio
740 1290 795 1313 seu
812 1279 939 1323 quaevis
957 1278 1017 1312 alia
1039 1289 1164 1323 expres-

422 1333 468 1367 sio
488 1333 631 1366 habenda
646 1339 700 1366 aut
715 1333 819 1377 aliqua
837 1332 990 1376 exquisita
1007 1332 1108 1365 forma
1125 1331 1162 1364 ad
1178 1327 1180 1357 1

422 1387 482 1420 1100
507 1386 657 1420 servanda
682 1387 782 1427 soret,
815 1386 942 1419 illorum
968 1385 1109 1419 omnium
1135 1388 1164 1418 et

423 1440 620 1484 singulorum
646 1445 771 1474 tenores
788 1439 1008 1483 praesentibus
1028 1450 1088 1482 pro
1106 1440 1164 1471 suf-

424 1493 566 1527 ficienter
589 1492 745 1537 expressis
769 1493 931 1533 habentes,
950 1492 1011 1524 illis
1033 1492 1109 1524 alias
1134 1491 1164 1524 in

425 1558 481 1580 suo
505 1547 621 1581 robore
644 1547 870 1591 permansuris,
895 1547 953 1579 hac
977 1546 1044 1579 vice
1067 1546 1161 1578 dum-

426 1606 510 1634 taxat
530 1601 708 1645 specialiter
732 1606 762 1634 et
786 1610 934 1644 expresse
959 1591 1183 1642 dei‘ogaiiiiis;i

425 1654 600 1698 ceterisque
624 1654 789 1688 contrariis
813 1653 1075 1697 quibuscumque.

469 1708 484 1750 ἓ
499 1707 528 1741 5.
548 1707 697 1741 Volumus
717 1711 833 1747 autem,
849 1707 933 1750 quod
951 1706 1163 1750 praesentium

425 1762 646 1805 transumptis,
668 1762 761 1794 etiam
788 1761 964 1805 impressis,
985 1771 1081 1793 manu
1107 1760 1183 1798 ali-1¹

425 1815 513 1848 cuius
537 1814 651 1847 notarii
668 1814 786 1858 publici
804 1813 999 1857 subscriptis,
1017 1819 1047 1847 et
1063 1813 1165 1856 sigillo
1181 1820 1183 1849 1

425 1878 577 1911 personae
595 1867 626 1900 in
646 1867 798 1910 dignitate
822 1867 1034 1900 ecclesiastica
1054 1856 1183 1899 consti-T

425 1926 509 1954 tutae
527 1921 666 1963 munitis,
691 1920 799 1953 eadem
824 1931 957 1964 prorsus
981 1919 1058 1953 sides
1076 1920 1106 1952 iu
1124 1920 1166 1952 iu·
1182 1930 1183 1934 ¹

424 1974 507 2009 (11010
524 1979 555 2008 et
573 1980 659 2008 extra
677 1974 873 2013 adhibeatur,
894 1974 1062 2017 quaeipsis
1079 1984 1166 2017 prae-

425 2028 564 2061 sentibus
589 2027 808 2067 adhiberetur,
834 2028 857 2059 si
882 2028 983 2060 forent
1009 2027 1165 2059 exhibitae

426 2081 473 2114 vel
498 2086 650 2114 ostensae.
1182 2077 1183 2082 ’

470 2134 582 2176 Datu-ni
604 2134 730 2175 Romae,
744 2133 827 2178 apud
846 2134 874 2167 S.
893 2134 1029 2174 Petrum,
1044 2134 1101 2166 sub
1118 2143 1167 2166 an·
1182 2130 1184 2157 ’1

427 2188 502 2222 111110
514 2188 750 2229 Piscatoris,die
766 2198 827 2221 xxx
842 2187 975 2220 ianuarii
993 2197 1166 2228 nncxxxm
1183 2209 1185 2223 l

427 2241 628 2286 pontificatus
645 2241 744 2275 nostri
763 2251 844 2273 anno
861 2251 901 2274 xi.

463 2304 525 2332 Dat.
546 2304 589 2331 die
609 2304 643 2332 30
662 2303 777 2331 ianuarii
800 2304 875 2337 1634,
897 2304 990 2338 pontif.
1009 2312 1078 2331 anuo
1095 2311 1131 2330 xi.

716 2474 888 2507 CDLxxx‘l.

434 2565 524 2604 Quod
550 2565 722 2599 Orclimcrii
748 2564 889 2598 locorum
913 2569 941 2597 et
966 2563 1185 2598 concionale-i

476 2628 524 2650 res
558 2617 644 2651 verbi
676 2618 737 2652 Dei
769 2622 907 2662 tempore
942 2616 1108 2651 Adventus
1140 2619 1186 2661 et¹

1196 1117 1321 1151 ficentia
1345 1117 1533 1155 recolantur.

1240 1171 1254 1214 ἓ
1280 1170 1307 1203 1.
1333 1170 1409 1204 Cum
1434 1169 1538 1213 itaque
1553 1196 1560 1210 ‚
1585 1170 1665 1203 sicut
1696 1169 1829 1202 dilectus
1852 1168 1935 1201 silius

1196 1224 1380 1258 Ambrosius
1404 1224 1443 1257 de
1467 1224 1553 1257 Polla
1577 1222 1701 1257 Ordinis
1725 1223 1859 1256 fratrum
1883 1222 1935 1255 Mi-

1196 1288 1310 1311 norum
1342 1278 1439 1311 sancti
1475 1277 1632 1310 Francisci
1663 1277 1701 1309 de
1732 1275 1934 1309 observantia

1196 1331 1356 1376 professor
1386 1341 1421 1364 ac
1453 1330 1690 1364 commissarius
1717 1330 1834 1362 Terrae
1861 1329 1936 1362 San-

1198 1390 1265 1419 ctae
1289 1384 1381 1418 nobis
1404 1394 1504 1428 nuper
1530 1383 1644 1428 exponi
1668 1382 1758 1423 fecit,
1787 1382 1936 1416 ecclesiae

1198 1445 1228 1472 et
1253 1438 1312 1471 alia
1329 1439 1397 1472 loca
1421 1438 1471 1482 pia
1496 1437 1610 1471 ibidem
1636 1437 1797 1470 existentia
1813 1436 1878 1469 sere
1893 1436 1936 1469 di-

1180 1496 1269 1532 ⁴ruta
1294 1491 1365 1532 sint,
1383 1495 1412 1525 et
1435 1501 1515 1535 quae
1539 1490 1582 1523 ibi
1606 1490 1708 1523 adhuc
1732 1493 1933 1524 511111111οη0-

1180 1563 1182 1581 1
1199 1547 1293 1580 steria
1315 1557 1388 1580 aere
1407 1546 1519 1586 alieno,
1543 1545 1583 1579 ob
1608 1545 1737 1589 impiam
1754 1545 1938 1584 Turcarum,

1199 1601 1431 1634 haereticorum
1456 1605 1486 1632 et
1506 1599 1778 1633 schismaticorum
1801 1598 1938 1643 tyranni-

1181 1655 1271 1688 idern
1303 1657 1332 1688 et
1361 1664 1420 1697 pro
1450 1657 1573 1686 sanctae
1602 1652 1674 1685 fidei
1708 1651 1880 1686 catholicae
1907 1651 1938 1684 in

1200 1707 1317 1740 eisdem
1334 1706 1411 1740 locis
1436 1705 1673 1739 conservatione
1694 1708 1864 1744 contracto,
1889 1703 1939 1736 ad-

1200 1760 1329 1794 modum
1354 1764 1482 1803 gravata
1501 1759 1577 1792 sint:
1596 1769 1664 1799 nos,
1688 1757 1872 1791 eorumdem
1893 1768 1939 1790 sa-

1200 1824 1327 1846 crorum
1358 1815 1637 1846 monumentorum
1664 1810 1845 1844 huiusmodi
1869 1821 1940 1844 con-

1200 1865 1369 1899 servationi
1394 1870 1424 1898 ct
1449 1863 1691 1905 manutentioni‚
1711 1868 1863 1907 quantum
1887 1874 1939 1897 no-

1200 1920 1247 1953 bis
1260 1931 1296 1953 ex
1310 1920 1371 1952 alto
1386 1918 1579 1959 conceditur,
1597 1917 1761 1951 consulere
1782 1918 1936 1951 volentes:

1244 1974 1259 2016 ξ,
1276 1973 1304 2005 02.
1319 1971 1557 2006 Venerabilibus
1574 1971 1723 2004 fratribus
1740 1970 1938 2014 patriarchis,

1200 2026 1457 2070 archiepiscopis,
1474 2024 1629 2069 episcopis
1653 2029 1683 2056 et
1706 2023 1774 2056 aliis
1795 2024 1938 2057 locorum

1182 2105 1184 2127 ,Υ
1200 2079 1373 2113 Ordinariis
1386 2088 1508 2112 necnon
1521 2077 1666 2111 omnibus
1681 2082 1710 2110 et
1723 2077 1853 2120 singulis
1866 2088 1939 2120 quo-

1201 2133 1320 2166 rumvis
1344 2132 1512 2172 Ordinum,
1537 2130 1819 2174 congregationum
1843 2136 1873 2164 et
1898 2130 1940 2163 in-

1201 2187 1381 2220 stitutorum
1417 2185 1611 2228 regularium
1648 2183 1847 2227 generalibus
1884 2194 1939 2228 per

1183 2264 1184 2281 ;
1201 2245 1381 2285 praesentes
1415 2239 1640 2272 committimus
1673 2243 1703 2271 et
1734 2237 1918 2271 mandamus
1932 2265 1939 2278 ,

1183 2320 1185 2329 1
1202 2299 1235 2327 111
1251 2294 1289 2326 ad
1307 2293 1410 2325 minus
1423 2292 1544 2325 duabus
1557 2292 1677 2326 vicibus
1693 2291 1833 2335 quolibet
1848 2301 1940 2332 anno,

1184 2347 1358 2380 *Adventus
1384 2351 1413 2379 et
1438 2345 1701 2389 Quadragesimae
1725 2344 1940 2389 temporibus,

1202 2405 1264 2432 tam
1289 2410 1347 2444 per
1371 2399 1457 2432 verbi
1483 2399 1537 2432 Dei
1565 2398 1797 2442 praedicatores
1821 2397 1854 2430 in
1877 2398 1941 2431 suis

1184 2466 1186 2490 ι,
1203 2454 1299 2487 sacris
1325 2453 1537 2494 concionibus,
1555 2463 1650 2496 quam
1666 2452 1698 2485 in
1718 2451 1891 2485 actionibus
1912 2457 1941 2485 et

1185 2504 1186 2538 ἶ
1203 2507 1414 2540 functionibus
1435 2506 1578 2550 publicis,
1594 2506 1794 2539 necessitates
1818 2515 1942 2539 coruin-

1202 2561 1273 2593 dem
1310 2571 1474 2594 sacrorum
1510 2563 1784 2593 monumentorum
1823 2558 1942 2602 populo

1203 2614 1337 2658 proponi
1353 2620 1384 2648 et
1402 2613 1629 2658 commendari⁶
1637 2617 1746 2647 curent
1765 2616 1795 2646 et
1811 2611 1941 2647 saciant:

1976 1980 2082 2010 Praecipit
2091 1985 2137 2006 pro·

1954 2010 1975 2028 ut
1990 2013 2010 2028 111
2026 2009 2118 2028 rubrica.
