2248 3229
191 188 236 215 Au.
256 188 282 214 C.
309 187 372 216 1037

221 1473 320 1494 Concedit
332 1480 377 1499 pro-

195 1502 217 1520 ut
231 1507 251 1520 iu
268 1501 357 1522 rubrica.

421 179 484 213 504·
964 186 1141 210 nuccii-arii

387 237 461 270 sices
493 236 751 280 praedecessores
775 239 900 266 nostros
925 232 1141 265 monasteriisl

386 288 566 322 huiusmodi
591 288 648 320 suit
672 287 703 318 in
728 285 881 319 similibus
905 285 1124 318 occasionibus

387 342 558 386 provisum,
574 346 603 372 et
620 338 804 382 praesertim
822 348 880 381 per
899 338 987 370 Pium
1009 338 1042 380 V,
1061 338 1124 381 qui,

388 394 504 426 similes
524 398 551 425 et
570 392 673 425 forsan
699 391 801 424 minus
826 396 975 434 urgentes
999 391 1038 423 ob
1056 401 1126 423 cau-

389 458 446 488 sas7
463 456 520 489 per
544 444 692 489 quasdam
719 454 789 477 suas
809 444 866 477 sub
892 444 940 476 dic
965 454 1019 477 xix
1047 453 1125 476 mar-

389 500 421 531 tii
443 509 547 532 iianx
571 497 736 530 duodecim
762 497 1060 540 congregationibus
1081 507 1127 529 re-

388 552 544 595 gularium
570 556 643 583 tunc
659 550 816 594 expressis
833 551 915 583 bona
932 550 1052 582 stabilia
1070 560 1127 593 pro

389 606 511 636 summa
536 603 839 647 quadringentorum
866 603 999 635 millium
1029 609 1128 635 scuto-

388 669 458 690 rum
483 657 562 698 auri,
579 667 713 700 quorum
733 661 856 689 centum
876 661 905 688 et.
923 656 1049 699 triginta
1070 656 1128 688 tria
1145 676 1146 679 =

389 712 485 744 millia
502 711 603 744 dictae
623 709 859 753 congregationi
877 709 1049 742 Cassinensi
1070 719 1128 753 pro

390 766 445 798 sua
471 765 536 797 rata
562 763 739 806 obtigerunt
755 774 762 802 3
781 768 810 795 et
828 762 1041 807 postmodum,
1057 763 1129 806 quia

390 828 511 851 summa
524 817 704 850 huiusmodi
719 827 780 850 non
792 816 974 857 sufficiebat,
985 827 1041 860 per
1055 817 1130 849 alias

390 883 461 905 suas
490 871 547 904 sub
572 871 620 904 die
646 881 664 902 v
691 870 828 904 octoljiris
854 880 970 904 iianxt
988 870 1017 902 in
1036 869 1148 902 simili¹

391 926 490 959 forma
507 924 614 958 Brevis
631 923 805 968 respective
826 923 983 967 expeditas
1010 923 1130 955 litteras
1147 934 1148 942 ¹

391 979 492 1013 eidem
516 977 757 1021 Congregationi
779 977 951 1010 Cassinensi
969 976 1050 1009 bona
1075 981 1131 1009 sta-

391 1033 466 1065 bilia
489 1043 547 1076 pro
573 1032 633 1064 alia
658 1032 780 1064 summai
807 1029 1034 1074 quinquaginta
1065 1030 1132 1062 mil-

391 1087 467 1119 lium
485 1091 646 1118 scutorum
672 1095 840 1117 aureorum
863 1083 1014 1116 vendendi
1039 1084 1132 1115 t'acul-

393 1145 485 1172 tatcm
510 1138 683 1182 respective
711 1137 882 1177 concessit3
912 1147 1012 1180 coque
1038 1137 1131 1169 modo

392 1192 513 1226 damnis
526 1197 554 1224 et
567 1191 716 1235 periculis
731 1190 929 1224 monasteriis
947 1190 1046 1223 dictae
1063 1200 1133 1223 con-

392 1245 585 1289 gregationis
617 1250 690 1278 tunc
722 1244 872 1287 temporis
897 1243 1132 1276 immineniibus

393 1304 570 1343 opportune
584 1309 751 1332 occursum
764 1298 868 1339 fuisse7
883 1296 1055 1340 eademque
1069 1307 1133 1329 mo-

393 1353 528 1386 nasteria
552 1352 721 1386 notabilem
754 1350 865 1383 exinde
895 1350 1151 1383 subventionem

394 1406 592 1449 percepisse,
618 1404 811 1449 experientia
844 1409 1043 1447 compertum
1077 1408 1132 1435 est.

437 1461 452 1504 g
474 1460 503 1492 2.
529 1459 626 1493 Nobis
643 1464 812 1502 propterca
830 1458 929 1491 dictus
946 1462 1134 1501 procurator

395 1524 457 1558 quo
490 1524 585 1557 supra
614 1512 742 1546 nomine
774 1511 935 1544 humiliter
961 1512 1133 1555 sul-qtdicari

395 1567 474 1607 fecit,
489 1571 522 1599 ut
539 1566 570 1598 in
584 1566 766 1610 praemissis
776 1570 953 1609 opportune
968 1564 1134 1609 providere

395 1623 424 1653 ct
439 1620 514 1652 alias
531 1623 564 1653 ut
584 1619 665 1651 infra
689 1618 853 1661 indulgere
877 1618 914 1651 de
942 1618 1134 1661 benignitate

395 1673 568 1717 apostolica
592 1672 806 1715 ‹slignareinur¹
829 1672 891 1706 Nos
909 1672 1013 1714 igitur,
1035 1672 1135 1704 dictae

396 1726 653 1769 Congregationis
689 1730 719 1758 ct
752 1725 834 1757 illius
871 1725 1134 1758 monasteriorum

397 1779 607 1821 indemnitati,
633 1783 782 1822 qnantum
809 1788 880 1810 cum
906 1777 1038 1811 Domino
1062 1788 1153 1821 pos—¹

398 1843 523 1874 sumus,
549 1831 732 1872 consulere,
757 1841 855 1874 eaque
879 1831 1067 1875 specialibus
1092 1832 1135 1863 sa-

398 1886 526 1919 voribus
551 1891 580 1918 et
605 1885 714 1928 gratiis
738 1885 888 1928 prosequi
920 1885 1076 1924 volentes,
1101 1895 1137 1917 ac

399 1940 523 1973 illorum
549 1940 723 1982 singulz‘ucs
751 1949 902 1982 personas
933 1949 949 1970 a
974 1938 1137 1982 quibusvis

399 1993 740 2035 excommunicationIs‚
759 1992 972 2036 suspensionis
992 1997 1018 2023 et
1047 1992 1138 2024 inter-

399 2047 483 2087 dicti,
500 2047 630 2090 aliisque
648 2045 866 2079 ecclesiastic-is
883 2045 1053 2087 sententiis,
1071 2055 1156 2078 een-¹

400 2101 480 2134 suris
506 2106 535 2133 et
558 2099 689 2144 poenis,
714 2110 731 2132 a
756 2099 824 2132 iure
849 2099 896 2131 vel
928 2099 966 2131 ab
990 2099 1137 2141 homine,

400 2154 508 2198 quavis
526 2154 690 2186 occasione
709 2154 757 2185 vel
776 2154 869 2186 causa
886 2153 965 2193 latis,
981 2153 1005 2185 si
1025 2152 1138 2197 quibus

400 2207 638 2252 quomodolibet
662 2207 826 2241 innodatae
851 2207 996 2249 existunt,
1015 2206 1052 2239 ad
1071 2206 1141 2239 etse-

401 2267 485 2295 ctum
514 2261 726 2306 praesentium
756 2261 915 2294 dumtaxat
939 2270 1136 2304 consequen-

402 2317 487 2357 dum,
504 2316 617 2348 harum
630 2314 710 2347 serie
724 2315 918 2348 absolventes
936 2319 965 2347 et
982 2313 1140 2347 absolutas

404 2371 468 2403 sore
480 2374 652 2409 censentes,
662 2368 842 2402 liuiusinodi
861 2367 1141 2412 supplicationibus

404 2423 550 2463 inclinati,
568 2432 688 2455 necnon
710 2422 943 2466 praedictarum
962 2421 1034 2454 dicti
1056 2421 1100 2454 Pii
1119 2422 1140 2454 V

404 2476 654 2520 praedecessoris
668 2475 843 2509 litterarum
858 2481 982 2508 tenores
999 2485 1142 2519 praesen-

407 2530 486 2563 tibus
514 2541 571 2573 pio
600 2529 754 2573 expressis
782 2530 952 2570 babentes,
979 2529 1141 2563 abbatibus

408 2583 668 2615 1ttOltaSl‹·1·itiu·tttit
680 2582 778 2615 dietae
787 2583 958 2626 Congregat
967 2583 1140 2626 i‹:·nis,‹piae

1167 186 1317 209 hostat<t⁷31

1156 232 1324 276 praedictis
1341 238 1370 264 et
1386 232 1454 265 aliis
1470 233 1641 266 maioribus
1657 232 1895 268 necessitatibus

1157 285 1194 317 ad
1212 294 1359 328 praesens
1379 289 1508 327 gravata
1532 286 1742 329 reperiuntur,
1764 293 1806 329 ut⁷
1825 298 1895 320 curn

1158 337 1389 381 approbatione
1400 342 1502 370 tamen
1516 337 1620 370 dilecti
1630 338 1684 370 filii
1699 339 1795 372 nostri
1806 340 1899 372 Fran-

1159 390 1232 423 cisci
1250 391 1278 423 S.
1298 390 1455 423 Laurentii
1481 390 1511 423 in
1535 391 1667 423 Damaso
1685 391 1806 424 diaconi
1833 404 1898 425 car-

1159 443 1271 475 dinalis
1296 443 1457 476 Barberini
1476 444 1655 487 nuncupati⁷
1676 443 1705 476 S.
1720 445 1753 476 R.
1769 445 1801 476 E.
1819 445 1901 477 rice-

1160 496 1358 537 caneellarii,
1383 497 1481 529 nostri
1512 497 1682 529 sec-undum
1713 507 1838 530 carnem
1864 509 1900 530 ex

1162 551 1257 583 tratre
1291 560 1444 592 germano
1480 550 1623 594 nepotiS‚
1655 561 1690 583 ac
1723 550 1901 594 praedictae

1162 603 1415 646 congregationis
1441 604 1523 647 apud
1548 614 1605 636 nos
1636 607 1665 637 et
1689 604 1900 647 Apostolicam

1162 657 1272 690 Sedem
1299 656 1505 700 protectoris,
1530 667 1565 690 ac
1590 657 1714 690 licentia
1739 657 1902 700 regiminis

1162 710 1262 743 dictae
1287 710 1556 757 Congregafionis,
1577 720 1612 743 ea
1631 710 1808 754 praedictae
1833 721 1903 744 con-

1146 763 1356 806 gregationis
1386 763 1469 796 bona
1499 763 1644 804 stabilia,
1669 774 1748 807 quae
1776 774 1835 808 pro
1860 764 1899 796 li-

1163 817 1300 850 berauda
1344 817 1382 849 ab
1421 827 1493 850 aere
1524 817 1626 850 alieno
1659 819 1903 861 congregatione

1164 870 1324 915 praedict-51
1367 871 1715 915 restaorationibusque
1753 882 1899 904 necessa-

1165 924 1219 957 riis
1245 930 1274 957 ct
1308 923 1438 957 utilibus
1466 924 1498 956 in
1529 925 1596 957 eius
1633 924 1723 958 bonis
1755 925 1904 959 faciendis

1166 978 1265 1021 magis
1290 981 1466 1022 opportuna
1491 978 1606 1012 suerint
1629 978 1780 1020 iudicata,
1804 989 1904 1022 usque

1165 1032 1203 1064 ad
1235 1042 1390 1064 sumniam
1421 1034 1453 1064 in
1492 1036 1590 1065 totum
1627 1031 1835 1065 ducentorum
1875 1037 1905 1065 et

1166 1085 1393 1128 quinquaginta
1417 1084 1550 1118 millium
1568 1090 1730 1118 scutorum
1750 1090 1904 1127 monetae,

1166 1138 1327 1182 quibusvis
1343 1138 1486 1182 personis
1502 1138 1667 1172 meliorem
1692 1139 1904 1172 conditionem

1167 1191 1382 1233 offerentibus,
1403 1192 1596 1236 servatisque
1621 1192 1722 1225 modis
1742 1197 1773 1225 et
1796 1192 1905 1226 formis

1167 1245 1197 1277 in
1222 1244 1391 1289 praedictis
1416 1245 1461 1278 Pii
1481 1245 1503 1278 V
1530 1245 1783 1289 praedecessoris
1806 1246 1905 1279 nostri

1167 1298 1280 1331 litteris
1305 1298 1458 1331 contentis
1476 1303 1506 1331 et
1526 1299 1611 1332 iuxta
1635 1298 1760 1331 illarum
1782 1303 1907 1331 tenores

1168 1356 1197 1383 et
1215 1351 1432 1392 continentias,
1450 1351 1595 1392 vendere,
1616 1351 1802 1392 distrahere,
1816 1355 1908 1395 atque

1167 1404 1313 1446 alienare,
1334 1404 1398 1437 sive
1423 1403 1454 1436 in
1480 1404 1708 1449 empytlieusim
1734 1404 1818 1447 dare,
1837 1415 1909 1438 nec-

1168 1467 1231 1490 non
1256 1467 1367 1490 census
1392 1467 1512 1490 annuos
1537 1469 1633 1502 super
1656 1458 1754 1502 ipsius
1777 1459 1910 1502 Congre-

1168 1510 1301 1553 gationis
1323 1510 1414 1543 bonis
1439 1511 1601 1544 stabilibus
1621 1511 1659 1544 de
1676 1511 1800 1544 licentia
1821 1512 1909 1545 Sedis

1169 1564 1365 1607 Apostolicae
1398 1564 1563 1608 impositos
1594 1575 1664 1597 cum
1695 1565 1839 1609 pecuniis
1871 1566 1909 1598 ad

1170 1618 1323 1650 minorem
1337 1617 1490 1651 rationem
1503 1629 1561 1662 pro
1576 1617 1716 1662 quolibet
1729 1618 1909 1651 centenario

1170 1676 1199 1703 et
1224 1681 1304 1704 anno
1329 1671 1393 1703 sire
1411 1671 1525 1704 minori
1552 1671 1743 1704 interusurio
1764 1671 1909 1704 obnoxiis

1170 1734 1266 1768 super
1297 1724 1405 1757 eodem
1437 1724 1533 1757 fundo
1564 1724 1752 1768 accipiendis
1785 1728 1908 1758 etcum

1170 1777 1401 1810 conditionibus
1437 1777 1468 1809 in
1492 1777 1591 1821 priori
1624 1777 1832 1810 instrumento
1857 1788 1910 1822 ap·

1170 1831 1280 1875 positis
1298 1831 1454 1864 redimere
1472 1831 1527 1874 (ita
1547 1836 1651 1863 tamen
1674 1834 1707 1865 ut
1730 1837 1912 1875 praesentes

1171 1885 1239 1917 aliis
1263 1884 1403 1917 eiusdem
1428 1884 1687 1928 Congrcgationis
1711 1886 1911 1918 monasteriis

1173 1937 1301 1970 minime
1326 1937 1548 1980 suffragentur,
1570 1948 1662 1981 quam
1689 1937 1726 1970 iis
1753 1938 1913 1972 dumtaxat

1172 2001 1251 2036 quae
1276 1991 1314 2024 ad
1339 2001 1470 2025 onerum
1497 2002 1554 2035 per
1571 1991 1681 2024 Sedem
1702 1992 1912 2036 Apostolicam

1173 2045 1392 2089 impositorum
1416 2044 1553 2077 debitam
1579 2045 1765 2078 solutionem
1791 2046 1913 2089 integre

1173 2103 1403 2131 concurrerunt
1427 2103 1455 2131 ct
1481 2099 1687 2142 concurrunt)
1707 2098 1807 2131 libere
1827 2104 1855 2132 et
1877 2099 1912 2131 li-

1174 2152 1232 2185 cite
1256 2151 1377 2196 possint
1401 2156 1431 2183 et
1454 2151 1590 2193 valeant,
1615 2151 1799 2184 auctoritate
1828 2162 1914 2195 apos-

1175 2206 1278 2247 tolica,
1293 2210 1401 2238 tenore
1421 2204 1647 2249 praesentium,
1665 2204 1868 2238 concedimus
1885 2204 1914 2238 ct

1157 2277 1158 2282 =
1174 2259 1383 2302 indulgemus.

1218 2313 1234 2357 g
1257 2312 1286 2345 3
1306 2314 1373 2346 Non
1394 2312 1594 2346 obstantibus
1611 2311 1709 2345 felicis
1728 2311 1915 2345 recordatio-

1174 2366 1221 2399 nis
1251 2366 1337 2399 Pauli
1366 2366 1465 2410 Papae
1490 2366 1515 2399 ll
1540 2366 1633 2399 etiam
1662 2365 1914 2410 praedecessoris

1175 2419 1274 2452 nostri
1299 2420 1336 2452 de
1362 2419 1455 2452 rebus
1475 2418 1632 2452 Ecclesiae
1651 2428 1713 2451 non
1733 2418 1914 2458 alienandis,

1175 2474 1305 2518 aliisque
1338 2473 1612 2507 constitutionilnis
1649 2477 1678 2505 et
1709 2472 1915 2505 ordinationi-

1157 2528 1233 2560 ibus
1258 2527 1447 2571 apostolicis⁷
1464 2537 1585 2560 necnon
1607 2525 1865 2569 Congregationis
1886 2528 1916 2558 ct

1157 2581 1300 2619 ,Ordinis
1330 2586 1356 2613 οι
1392 2579 1654 2613 monasteriorum
1680 2578 1915 2623 praedictorum

1910 187 1956 212 Au.
1979 186 2006 212 C.
2032 187 2096 214 1637

1998 2319 2113 2345 Derogatio

1929 2348 2090 2367 contrariorum.
