2248 3229
127 205 177 232 An.
192 203 223 232 C.
240 203 308 232 ¹633

355 195 418 230 508

328 253 461 285 sentium
485 251 644 286 dumtaxat
668 250 931 294 consequendum,
948 250 1060 282 harum

328 306 408 338 serie
433 305 627 338 absolventes
650 309 680 336 et
704 303 861 336 absolutas
893 302 960 335 fore
989 312 1061 335 cen-

328 364 443 399 sentes,
471 356 651 391 huiusmodi
675 354 955 399 supplicationibus
978 354 1063 388 incli-

327 412 401 451 nati,
421 411 460 444 de
484 409 709 443 venerabilium
732 409 865 441 fratrum
881 413 1061 441 nostrorum

328 464 356 497 S.
375 465 409 497 R.
431 464 463 496 E.
489 461 693 496 cardinalium
710 461 784 495 dicti
799 461 916 496 Concili
933 461 1062 494 Triden-

327 517 382 548 tini
415 517 623 559 interpretum
656 515 803 556 consilio,
832 519 1002 555 statutum,
1031 515 1062 547 in

327 568 513 613 provinciali
530 567 649 613 synodo
662 568 809 601 Toletana
824 567 952 608 editum,
971 572 1063 611 atque

327 632 345 655 a
368 622 451 655 dicto
472 621 567 655 Paulo
583 621 826 665 praedecessore
842 621 1061 654 confirmatum

327 679 360 708 ut
383 675 568 718 praefertur,
584 674 623 707 ad
647 674 794 708 ecclesias
818 684 927 708 omnes
951 680 1064 708 metro-

326 728 490 772 politanas,
504 727 708 769 cathedrales,
726 727 906 770 collegiatas
923 732 953 760 et
976 738 1065 771 paro-

328 781 443 814 chiales
468 781 562 814 totius
586 781 676 824 regni
700 781 848 815 Castellae
868 786 897 814 et
920 781 1064 824 Legionis

327 833 517 874 huiusmodi,
542 833 712 877 apostolica
737 833 931 874 auctoritate,
956 839 1065 868 tenore

326 887 554 930 praesentium,
572 887 784 927 extendimus,
801 887 941 931 illudque
958 887 988 920 in
1009 888 1065 921 eis-

327 939 397 973 dem
424 940 563 973 ecclesiis
587 940 718 984 perinde
736 940 896 974 observari
921 946 1014 985 atque
1033 941 1065 973 in

327 993 395 1025 aliis
420 993 559 1026 ecclesiis
584 993 765 1037 provinciae
788 994 954 1027 Toletanae
972 1005 1064 1038 prae-

328 1046 462 1090 cipimus
487 1051 516 1079 et
540 1046 741 1087 mandamus3
767 1046 873 1091 sicque
898 1058 955 1091 per
971 1058 1065 1091 quos-

328 1110 462 1143 cumque
491 1099 609 1133 iudices
634 1100 810 1134 ordinarios
835 1106 864 1133 et
889 1101 1065 1144 delegatos,

329 1153 421 1186 etiam
443 1163 606 1186 causarum
627 1154 732 1197 palatii
757 1154 920 1198 apostolici
944 1154 1065 1188 audito-

328 1216 389 1246 res,
406 1206 536 1239 iudicari
554 1212 583 1239 et
600 1206 723 1239 definiri
743 1206 875 1248 debere,
890 1217 924 1240 ac
942 1207 1066 1240 irritum

329 1264 359 1291 et
383 1259 483 1299 inane,
502 1259 526 1291 si
544 1269 633 1292 secus
658 1270 752 1303 super
776 1259 824 1292 his
849 1271 865 1292 a
892 1271 1065 1304 quoquam,

328 1313 436 1356 quavis
453 1313 644 1354 auctoritate,
660 1313 794 1346 scienter
810 1314 857 1346 vel
874 1314 1066 1357 ignoranter,

329 1366 495 1408 contigerit
518 1367 662 1399 attentari
683 1367 890 1401 decernimus.
915 1368 1067 1408 Quocirca

329 1419 499 1452 venerabili
534 1420 623 1452 fratri
658 1421 834 1455 Alexandro
870 1422 1067 1465 patriarchae

329 1473 539 1506 Alexandrino
556 1473 708 1507 moderno
730 1479 759 1507 et
771 1485 830 1518 pro
846 1480 990 1518 tempore
1007 1476 1067 1508 exiss

330 1526 422 1559 stenti
446 1531 554 1560 nostro
584 1532 612 1560 et
636 1527 724 1561 Sedis
747 1528 944 1572 Apostolicae
968 1528 999 1561 in
1022 1540 1068 1562 re-

330 1579 398 1622 gnis
422 1579 642 1623 Hispaniarum
666 1581 781 1614 nuncio
805 1591 841 1614 ac
865 1581 978 1615 dilecto
1003 1582 1067 1616 filio

330 1643 496 1666 causarum
521 1634 627 1667 curiae
651 1645 794 1668 camerae
813 1636 1001 1679 apostolicae
1019 1647 1068 1679 ge—

329 1687 427 1719 nerali
459 1687 594 1721 auditori
618 1698 674 1732 per
697 1694 878 1732 praesentes
903 1690 1068 1723 committi-

330 1750 399 1774 mus
423 1745 454 1773 et
477 1741 672 1784 mandamus,
697 1747 850 1785 quatenus
875 1743 944 1787 ipsi,
964 1743 1011 1776 vel
1028 1744 1068 1776 al-

330 1798 378 1826 ter
401 1804 522 1835 eorum,
546 1804 602 1838 per
626 1805 668 1837 se,
693 1796 741 1828 vel
765 1796 872 1838 alium,
897 1807 951 1829 seu
975 1797 1067 1837 alios,

329 1853 510 1890 praesentes
521 1847 651 1888 litteras,
668 1853 698 1881 et
713 1849 743 1880 in
759 1849 802 1882 eis
816 1854 961 1882 contenta
977 1860 1068 1894 quae-

330 1910 481 1943 cumque,
506 1900 561 1932 ubi
586 1906 616 1933 et
640 1901 765 1945 quando
797 1912 875 1946 opus
904 1902 1013 1946 suerit,
1039 1909 1068 1936 et

330 1954 451 1997 quoties
475 1963 533 1997 pro
557 1959 647 1997 parte
675 1954 830 1988 dictorum
847 1955 1067 2000 deputatorum

331 2012 361 2039 et
391 2007 645 2049 congregationis
674 2017 795 2042 necnon
828 2009 978 2043 interesse
1011 2011 1066 2043 ha-

330 2058 470 2092 bentium
495 2060 610 2093 fuerint
634 2061 786 2104 requisiti,
804 2062 986 2096 solemniter
1008 2074 1066 2107 pu-

330 2112 496 2155 blicantes,
525 2114 633 2157 eisque
665 2114 696 2147 in
720 2115 901 2159 praemissis
934 2116 1067 2150 efficacis

331 2165 519 2200 defensionis
543 2167 700 2211 praesidio
731 2168 928 2211 assistentes,
954 2169 1068 2202 faciant

330 2221 514 2253 auctoritate
533 2223 641 2254 nostra
665 2221 789 2255 easdem
814 2228 994 2266 praesentes
1011 2223 1064 2256 lit--

332 2280 412 2306 teras
432 2278 461 2308 et
486 2275 516 2307 in
540 2275 585 2308 eis
608 2280 753 2308 contenta
777 2276 815 2308 ab
840 2276 998 2318 omnibus,
1027 2276 1066 2309 ad

331 2338 409 2370 quos
423 2332 552 2371 spectat,
569 2328 788 2362 inviolabiliter
806 2330 976 2363 observari.
991 2330 1068 2364 Con-

332 2380 516 2413 tradictores
540 2381 697 2424 quoslibet
716 2387 746 2415 et
763 2382 896 2415 rebelles
920 2393 977 2426 per
1002 2393 1067 2416 sen-

332 2433 452 2475 tentias,
470 2444 618 2468 censuras
642 2441 672 2468 et
696 2445 813 2479 poenas
833 2436 1068 2477 ecclesiasticas,

332 2487 453 2530 aliaque
477 2493 653 2533 opportuna
677 2489 754 2523 iuris
772 2495 802 2523 et
825 2490 896 2523 facti
920 2491 1069 2532 remedia,

332 2542 539 2584 appellatione
562 2543 747 2588 postposita,
772 2543 1010 2587 compescendo,
1028 2544 1070 2577 in-

332 2600 441 2627 vocato
465 2596 557 2629 etiam
582 2597 619 2629 ad
643 2597 713 2638 hoc,
742 2597 766 2630 si
789 2608 868 2641 opus
893 2598 998 2641 fuerit,
1015 2608 1065 2633 au-

877 203 1056 228 BULLARIUM
1082 202 1235 226 ROMANUM

1094 249 1168 282 xilio
1199 247 1320 280 brachii
1352 248 1509 280 secularis.
1535 248 1603 281 Non
1635 247 1829 281 obstantibus

1095 301 1240 335 omnibus
1258 300 1328 341 illis,
1345 310 1424 344 quae
1444 299 1545 333 dictus
1570 300 1681 333 Paulus
1704 301 1829 344 praede-

1095 364 1201 388 cessor
1225 353 1255 386 in
1279 353 1483 397 praeinsertis
1515 353 1627 385 litteris
1650 353 1830 386 huiusmodi

1095 407 1192 440 voluit
1211 416 1273 440 non
1298 406 1438 447 obstare,
1468 399 1642 449 ceterisque
1667 406 1831 439 contrariis

1095 461 1355 505 quibuscumque.
1381 459 1491 492 Datum
1516 460 1643 499 Romae,
1668 459 1750 502 apud
1767 469 1829 491 san-

1096 519 1177 547 ctam
1197 513 1325 546 Mariam
1346 513 1505 554 Maiorem,
1523 512 1580 545 sub
1601 512 1715 544 annulo
1731 511 1832 544 Pisca-

1097 567 1182 608 toris,
1200 567 1249 600 die
1266 577 1298 600 1x
1316 566 1388 599 maii
1406 576 1547 607 nncxxn,
1564 565 1762 610 pontificatus
1781 575 1832 599 no-

1097 620 1151 654 stri
1176 630 1257 654 anno
1282 630 1311 653 11.

1140 674 1155 717 ξ
1178 673 1208 706 4.
1232 673 1307 707 Cum
1333 678 1457 714 autem,
1491 672 1570 706 sicut
1594 673 1726 706 dilectus
1750 672 1832 705 filius

1096 727 1193 760 Lucas
1218 727 1368 761 Gonzales
1383 727 1421 760 de
1440 727 1523 759 Leon
1543 727 1711 760 canonicus
1735 737 1832 769 magt-

1097 780 1199 813 stralis
1224 780 1372 813 ecclesiae
1396 779 1605 813 Cordubensis
1630 780 1832 812 ecclesiarum

1098 833 1341 878 praedictarum,
1358 844 1494 876 quorum
1510 833 1709 876 negotiorum
1730 833 1761 866 in
1778 833 1835 866 Ro-

1098 889 1190 919 mana
1216 887 1303 921 curia
1327 892 1433 929 gestor
1458 886 1568 928 existit,
1593 886 1720 919 nomine
1744 886 1835 920 nobis

1098 951 1198 984 nuper
1223 940 1337 984 exponi
1355 940 1435 981 fecit,
1453 940 1519 984 ipse
1535 950 1592 973 nos
1608 940 1733 973 decerni
1751 951 1834 973 sum-

1099 1005 1229 1038 mopere
1254 994 1424 1034 desideret,
1453 999 1486 1026 ut
1510 1004 1566 1027 nec
1590 994 1742 1027 maiorem
1766 997 1836 1037 post

1099 1047 1309 1090 pontificalem
1331 1048 1362 1079 in
1387 1047 1627 1087 cathedralibus,
1647 1057 1704 1080 nec
1724 1047 1837 1090 princi-

1099 1101 1202 1144 palem
1236 1101 1266 1133 in
1297 1100 1468 1143 collegiatis
1500 1101 1639 1134 ecclesiis
1670 1101 1836 1143 dignitates

1100 1153 1284 1195 obtinentes,
1308 1164 1365 1186 nec
1390 1154 1531 1187 canonici
1556 1154 1761 1197 magistrales,
1786 1154 1837 1187 do—

1100 1207 1245 1248 ctorales,
1269 1207 1414 1248 lectores,
1438 1207 1669 1251 poenitentiarii
1694 1213 1724 1240 et
1747 1218 1837 1251 paro-

1100 1260 1247 1293 chialium
1282 1261 1485 1293 ecclesiarum
1517 1265 1677 1301 rectores,
1710 1260 1833 1303 episco-

1099 1324 1212 1356 porum
1238 1313 1406 1347 familiares
1434 1325 1487 1346 seu
1516 1314 1741 1347 commensales
1770 1324 1837 1347 esse

1100 1367 1229 1411 possint,
1246 1368 1498 1411 quandoquidem
1517 1368 1692 1400 eademmet
1707 1378 1838 1411 prorsus

1101 1421 1350 1454 inconvenientia
1373 1421 1436 1454 sive
1464 1421 1662 1455 incommoda
1686 1422 1838 1462 oriantur,

1101 1485 1136 1507 ex
1164 1485 1200 1508 eo
1225 1475 1309 1518 quod
1332 1475 1483 1519 praedicti
1508 1475 1691 1509 eorumdem
1716 1475 1838 1508 archie-

1100 1528 1303 1572 piscoporum
1339 1539 1394 1562 seu
1430 1529 1654 1573 cpiscoporum
1690 1529 1838 1562 officiales

1101 1590 1155 1614 seu
1179 1582 1356 1615 visitatores
1385 1582 1551 1616 existentes
1582 1583 1759 1615 necessario
1787 1593 1837 1616 co-

1100 1641 1214 1679 gantur
1226 1636 1334 1669 deesse
1351 1647 1479 1669 suarum
1496 1637 1746 1680 praebendarum
1764 1635 1839 1670 obli-

1101 1689 1234 1732 gationi,
1259 1700 1294 1722 ac
1320 1690 1442 1722 muneri
1468 1694 1497 1722 et
1521 1689 1693 1732 gubernio,
1717 1700 1838 1723 necnon

1101 1743 1303 1775 ecclesiarum
1329 1743 1467 1786 ipsarum
1493 1743 1657 1785 regiinini,
1682 1743 1720 1775 ad
1744 1754 1838 1787 quem

1101 1806 1208 1837 unum,
1238 1806 1292 1829 seu
1317 1796 1436 1837 solum,
1458 1796 1505 1828 rel
1530 1797 1735 1840 praecipuum
1762 1796 1838 1829 effe-

1101 1854 1185 1881 ctum
1199 1849 1395 1892 praebendae
1411 1849 1589 1893 praedictae
1605 1849 1774 1893 apostolica
1789 1859 1840 1883 au-

1101 1902 1243 1935 ctoritate
1261 1908 1382 1935 erectae
1407 1908 1436 1934 et
1460 1902 1618 1935 institutae
1639 1908 1724 1943 sunt,
1749 1902 1839 1935 nobis

1100 1962 1267 1999 propterea
1282 1956 1382 1989 dictus
1397 1956 1506 1997 Lucas,
1522 1961 1584 1988 tam
1602 1966 1667 1997 suo,
1682 1967 1774 1999 quam
1793 1967 1839 1989 ec—

1101 2009 1266 2042 clesiarum
1284 2009 1516 2053 praedictarum
1534 2010 1722 2049 nominibus,
1739 2009 1839 2042 humi-

1101 2063 1171 2095 liter
1195 2063 1364 2107 supplicari
1384 2064 1465 2105 fecit,
1484 2067 1516 2097 ut
1540 2074 1633 2107 super
1657 2063 1838 2106 praemissis

1100 2120 1280 2159 opportune
1304 2116 1471 2160 providere
1495 2116 1532 2149 de
1557 2116 1748 2160 benignitate
1767 2127 1838 2162 apo-

1101 2168 1210 2202 stolica
1235 2169 1447 2212 dignaremur.

1145 2222 1159 2264 ξ
1184 2221 1212 2254 5.
1242 2222 1304 2254 Nos
1330 2222 1447 2264 igitur,
1475 2228 1535 2255 tam
1561 2223 1784 2266 deputatorum
1810 2228 1840 2256 et

1101 2275 1354 2318 congregationis
1370 2287 1464 2319 quam
1481 2277 1583 2309 Lucae
1603 2277 1838 2320 praedictorum

1102 2328 1180 2361 votis
1204 2328 1263 2360 hac
1288 2328 1319 2360 in
1343 2335 1433 2372 parte
1454 2340 1602 2371 annuere,
1620 2331 1751 2374 illosque
1776 2341 1841 2374 spe-

1101 2381 1232 2414 cialibus
1256 2382 1414 2416 favoribus
1440 2389 1469 2416 et
1488 2384 1597 2426 gratiis
1625 2385 1774 2428 prosequi
1792 2395 1841 2418 vo-

1102 2435 1210 2475 lentes,
1225 2440 1255 2468 et
1271 2446 1289 2468 a
1309 2436 1470 2479 quibusvis
1497 2438 1839 2479 excommunicationis,

1102 2489 1315 2532 suspensionis
1340 2494 1370 2522 et
1393 2489 1561 2531 interdicti,
1586 2492 1717 2535 aliisque
1742 2492 1840 2525 eccle-

1103 2541 1234 2576 siasticis
1259 2544 1436 2586 sententiis,
1462 2545 1602 2578 censuris
1626 2552 1656 2578 et
1679 2545 1798 2589 poenis,
1824 2555 1841 2577 a

1104 2596 1172 2630 iure
1191 2596 1239 2630 vel
1263 2597 1301 2630 ab
1326 2597 1463 2642 homine,
1482 2599 1591 2643 quavis
1611 2599 1774 2633 occasione
1791 2597 1840 2631 vel

1843 200 1896 226 An.
1913 199 1941 226 C.
1957 199 2026 227 1635

1892 682 1947 703 ldem
1962 682 2031 703 clei-us

1810 726 1815 731 .
1848 709 1901 735 pelit
1945 709 2031 730 decerni

1847 738 1907 763 prout
1914 735 2031 757 iurubrica.

1881 2231 2001 2254 Decretum.
