2248 3229
197 223 245 250 Αη.
267 222 381 250 (3.1634
426 215 490 249 462

224 1083 334 1103 Corui-aria
349 1088 380 1103 re-

197 1113 274 1130 mOVe'.

970 220 1150 245 BULLARIUM

395 272 472 305 alios
496 271 604 316 quavis
628 269 812 303 auctoritate
837 274 865 301 et
890 273 1043 312 potestate
1068 268 1134 301 sun-

396 331 513 369 gentes‚
532 324 653 358 sublata
671 323 715 356 eis
739 327 770 356 et
786 333 896 356 eorum
915 321 1043 356 cuilibet
1063 332 1135 365 qua·
1151 339 1153 374 -,

395 379 440 411 vis
461 378 550 410 aliter
575 375 739 418 iudicandi,
765 375 954 417 declarandi,
980 375 1153 426 interme-l

395 431 479 464 tandi
505 436 534 464 et
558 430 728 463 definiendi
750 429 905 472 facultate,
925 429 1043 473 ubique
1059 428 1153 462 iudi-t

396 484 479 524 cari,
505 484 729 528 interpretari,
756 482 907 516 declarari
945 488 975 516 et
1009 481 1154 542 definiri,

395 537 508 570 debere
523 537 577 580 (ita
594 542 636 578 ut,
655 537 680 570 si
697 548 846 580 umquam
865 536 992 580 aliquod
1005 535 1135 569 dubium
1152 578 1154 586 ‚

395 601 448 624 seu
463 591 626 624 haesitatio
640 601 734 635 super
747 590 936 634 praemissis,
956 600 1009 623 seu
1027 600 1135 623 eorum

394 644 509 688 aliquo,
525 644 601 677 oriri
615 644 662 677 vel
677 644 820 678 suscitari
839 644 1009 687 contingat,
1021 643 1135 681 nullus,
1153 654 1154 667 1

394 703 518 741 praeter
546 708 603 731 nos
631 709 666 731 ac
695 698 851 731 Romanos
876 697 1042 731 Pontifices
1067 706 1154 738 suc-2,

394 762 533 784 cessores
559 757 703 793 nostros,
729 751 826 795 possit
850 755 1030 795 praesentes
1054 746 1154 783 litte-³

392 815 443 837 ras
457 806 566 848 quovis
585 805 679 839 modo
693 805 892 849 interpretari
908 810 937 838 et
951 792 1135 847 (tuffam),
1152 824 1154 840 i

393 869 428 891 ac
454 859 578 891 irritum
605 864 634 891 et
658 859 771 899 inane,
797 859 821 891 si
847 869 936 892 secus
967 868 1062 902 super
1087 857 1136 890 his

395 924 412 944 a
436 923 605 956 quoquam,
634 913 741 956 quavis
770 912 955 946 auctoritate
970 940 977 954 ,
1002 912 1136 945 scienter

395 966 441 998 vel
459 966 652 1009 ignoranter,
670 966 838 1009 contigerit
855 966 1010 1006 attentari,
1032 965 1137 998 decer-

395 1020 508 1052 nimus.

441 1073 455 1116 g
479 1073 531 1106 46.
557 1074 624 1107 Non
650 1073 844 1107 obstantibus
874 1073 1076 1117 praemissis,
1101 1083 1154 1105 aci

397 1126 672 1160 constitutionibus
709 1132 736 1159 et
774 1126 1024 1159 ordinationibus
1054 1136 1133 1169 apo-

397 1180 524 1221 stolicis,
550 1181 642 1213 etiam
668 1181 699 1212 in
731 1180 871 1213 conciliis
896 1179 1135 1222 universalibus,

397 1233 618 1275 generalibus,
651 1233 896 1277 provincialibus
933 1238 962 1265 et
997 1232 1134 1277 synoda-

397 1286 479 1319 libus
511 1286 601 1319 editis
638 1292 667 1319 et
692 1286 841 1327 edendis,
867 1297 901 1319 ac
932 1286 1156 1339 cancellariae*

397 1341 586 1384 apostolicae
607 1342 736 1384 regulis,
762 1341 854 1374 etiam
881 1342 1002 1385 primae
1028 1346 1058 1373 et
1082 1341 1156 1374 etl-i

397 1394 521 1427 iuslibet
547 1394 700 1428 secundae
725 1394 886 1436 editionis,
913 1400 958 1435 et,
985 1400 1138 1438 quatenus

396 1448 477 1480 soret
493 1458 582 1491 opus,
599 1448 637 1480 de
662 1458 723 1480 non
744 1447 882 1481 tollendo
903 1448 969 1480 iure
987 1449 1137 1491 quaesito,
1155 1447 1157 1484 l

397 1500 519 1534 statutis
544 1511 679 1544 quoque,
697 1501 790 1534 etiam
817 1501 935 1542 iuratis,
954 1507 983 1534 et
1008 1492 1157 1534 consue-¹

398 1553 570 1593 tudinibus,
592 1554 685 1586 etiam
707 1553 863 1586 diuturnis
888 1559 915 1587 et
941 1554 1139 1587 immemora-

397 1606 511 1639 bilibus
530 1607 733 1640 ecclesiarum
759 1608 972 1650 praefatarum
991 1613 1020 1640 et
1038 1608 1140 1640 cuius-

398 1660 472 1693 libet
485 1671 604 1703 earum,
616 1664 644 1694 et
657 1661 789 1693 licentiis
804 1661 889 1701 alias,
904 1666 936 1694 ut
950 1662 1137 1705 praefertur,

398 1714 584 1757 impetratiS,
602 1724 636 1746 ac
654 1713 827 1757 privilegiis
847 1718 877 1748 et
893 1714 1030 1756 indultis,
1046 1714 1138 1746 etiam

398 1766 586 1809 apostolicis,
595 1766 711 1799 eisdem
724 1767 862 1799 ecclesiis
873 1777 1043 1810 earumque
1054 1777 1141 1810 prae-

400 1818 519 1852 sulibus
550 1819 783 1862 quomodolibet
818 1824 846 1851 et
876 1829 911 1851 ex
943 1829 1140 1862 quacumque

400 1874 510 1912 causa,
536 1872 586 1904 hic
616 1872 721 1904 forsan
752 1872 789 1904 de
822 1872 1004 1905 necessitate
1037 1872 1140 1915 expri-

400 1925 523 1965 menda,
538 1925 704 1965 concessis,
726 1925 819 1957 etiam
845 1929 942 1965 motu,
961 1925 1091 1957 scientia
1113 1930 1142 1957 et

400 1978 560 2021 potestatis
586 1978 779 2022 plenitudine
803 1978 942 2021 paribus,
961 1978 1052 2010 etiam
1071 1988 1143 2010 con-

402 2032 607 2073 sistorialiter,
633 2043 668 2064 ac
693 2033 767 2065 alias
792 2032 1030 2075 quomodolibet
1059 2042 1141 2064 ema-

401 2086 489 2123 nans,
515 2097 549 2119 ac
575 2097 773 2130 quocumque
799 2087 975 2119 iuramento
996 2097 1052 2129 per
1077 2097 1161 2119 eos-⁴

402 2139 471 2171 dem
504 2140 642 2172 ecclesiis
675 2140 855 2172 huiusmodi
884 2140 1059 2183 praefectos
1085 2139 1142 2171 sub

402 2193 512 2235 quovis
545 2197 706 2236 praetextu
739 2194 784 2224 rel
821 2195 914 2226 causa
939 2194 1090 2237 praestito
1115 2199 1144 2225 et

402 2246 590 2290 praestando
616 2247 712 2289 (quod
744 2247 838 2279 fuisse
871 2251 900 2279 et
933 2247 997 2280 fore
1022 2247 1141 2279 nullum

403 2310 438 2332 ac
463 2301 599 2341 irritum,
618 2306 647 2332 et
661 2301 790 2333 minime
808 2301 944 2341 obstare,
962 2301 1143 2344 neminique

404 2354 581 2397 suffragari,
607 2354 774 2398 quominus
799 2354 837 2387 ab
862 2354 983 2397 integra
1001 2354 1143 2387 observa-

406 2407 488 2440 tione
512 2407 723 2451 praesentium
743 2407 772 2439 in
793 2407 898 2451 aliquo
916 2407 1056 2440 excusari
1074 2417 1143 2451 pos-

406 2460 453 2501 sit,
478 2461 694 2502 declaramus,
722 2467 766 2501 et,
797 2467 949 2505 quatenus
981 2471 1061 2505 opus
1085 2461 1141 2502 sit,

406 2515 629 2560 decernimus),
646 2527 767 2549 necnon
789 2516 935 2549 omnibus
954 2519 982 2549 et
1002 2514 1142 2557 singulis,

408 2578 486 2611 quae
499 2569 759 2612 praedecessores
776 2570 873 2602 nostri
888 2569 1017 2613 praefati
1032 2569 1063 2600 iu
1080 2567 1143 2600 suis

408 2620 518 2655 litteris
532 2628 560 2655 et
577 2623 708 2656 decretis
729 2623 874 2666 praefatis
891 2623 1058 2655 voluerunt
1081 2631 1144 2655 non

1176 219 1330 244 Romnum

1168 267 1310 306 obstare,
1337 265 1450 310 quibus
1475 265 1621 299 omnibus
1645 271 1675 300 et
1698 265 1838 309 singulis,
1856 275 1905 298 eo-

1168 331 1239 353 rum
1254 319 1394 354 omnium
1412 323 1441 352 et
1462 318 1656 362 singulorum
1676 325 1799 352 tenores
1818 329 1906 364 prae-

1169 373 1308 407 sentibus
1324 383 1382 418 pro
1394 373 1484 416 plene
1500 376 1529 405 et
1544 371 1732 405 sufficienter
1752 372 1906 416 expressis

1169 432 1198 459 et
1223 427 1348 460 insertis
1383 425 1533 460 habentes
1548 452 1555 465 ‚
1580 424 1617 457 ad
1649 424 1792 457 effectum
1817 434 1906 468 prae-

1169 480 1314 521 sentium,
1339 479 1519 524 plenissime
1543 477 1782 522 specialiterque
1807 483 1836 509 et
1860 487 1908 509 ex-

1170 544 1278 578 presse
1308 533 1513 576 derogamus,
1539 532 1714 575 ceterisque
1743 530 1907 564 contrariis

1169 587 1429 631 quibuscumque.

1214 642 1228 685 g
1252 640 1304 673 17.
1336 641 1487 674 Volumus
1519 640 1633 680 etiam,
1668 639 1752 682 quod
1782 638 1826 679 ii,
1854 638 1906 682 qui
1934 650 2104 681 ¹rraeseeuptu-

1169 695 1290 727 duabus
1311 694 1358 727 vel
1383 694 1526 738 pluribus
1544 693 1683 726 ecclesiis
1707 692 1853 736 praefatis
1870 702 1906 724 ex
1922 677 2106 731 ξ’ἒέἱῖωἶοωῖἶὲζῗ

1170 758 1276 780 earum
1302 747 1428 787 unione,
1455 747 1500 779 vel
1526 746 1601 779 alias
1625 756 1661 779 ex
1686 745 1905 784 concessione,
1922 731 2105 779 ‘sifiiiffffsfmm'

1170 812 1222 835 seu
1248 801 1482 845 dispensatione
1507 799 1688 844 apostolica,
1708 808 1906 843 quocumque

1169 855 1294 888 nomine
1320 855 1367 888 vel
1392 854 1482 887 titulo
1507 853 1654 898 praefecti
1680 858 1760 893 sunt,
1778 852 1826 885 vel
1849 862 1908 895 pro

1169 913 1312 952 tempore
1344 912 1459 949 erunt⁷
1494 917 1511 939 a
1540 905 1709 938 residentia
1741 908 1770 938 et
1798 904 1908 948 poenis

1169 962 1349 995 huiusmodi
1377 966 1575 1002 excusentur,
1601 958 1772 993 dummodo
1796 959 1828 990 in
1852 967 1909 990 ea-

1916 216 1966 243 An.
1987 216 2016 244 C,
2035 215 2102 243 1634

1152 1022 1238 1049 ‘rum
1265 1017 1375 1059 altera,
1400 1016 1429 1048 in
1454 1026 1515 1060 qua
1541 1015 1579 1048 de
1603 1015 1671 1047 iure
1695 1013 1833 1046 residere
1859 1011 1908 1044 de-

1170 1070 1252 1111 bent,
1279 1081 1350 1103 vere
1375 1076 1404 1103 et
1429 1068 1638 1113 personaliter
1664 1067 1836 1106 resideant;
1862 1076 1910 1098 ex-

1153 1129 1154 1145 ¹
1170 1124 1267 1167 ceptis
1283 1128 1395 1164 tamen,
1413 1129 1446 1156 ut
1466 1123 1652 1167 praefertur,
1674 1120 1813 1154 ecclesiis
1830 1119 1911 1164 epis-

1171 1177 1332 1221 copalibus
1341 1177 1415 1210 Urbi
1430 1176 1592 1220 proximis,
1608 1175 1720 1219 quibus
1738 1173 1910 1207 cardinales

1171 1231 1202 1263 in
1226 1230 1335 1264 ordine
1360 1231 1482 1274 priores
1514 1239 1659 1273 praeesse
1692 1228 1806 1261 solent:
1831 1227 1909 1259 resi-

1171 1284 1274 1317 dentia
1299 1285 1400 1324 enim,
1425 1284 1449 1316 si
1475 1283 1553 1327 qua¹
1578 1282 1659 1326 apud
1683 1281 1836 1325 praefatas
1860 1290 1911 1313 ec-

1171 1338 1279 1371 clesias
1310 1338 1473 1371 titulorum
1499 1336 1704 1370 cardinalium
1729 1335 1829 1376 fieret,
1857 1334 1913 1367 ali-

1172 1402 1265 1436 quam
1291 1391 1521 1425 excusatiouem
1548 1390 1665 1423 eisdem
1691 1388 1911 1429 cardinalibus,

1172 1449 1204 1479 ut
1229 1445 1414 1488 praefertur⁷
1441 1455 1502 1478 non
1527 1449 1717 1488 praestaret,
1743 1442 1912 1487 quominus

1173 1499 1229 1543 ipsi
1257 1500 1287 1531 in
1313 1499 1373 1532 alia
1404 1500 1451 1532 rel
1484 1499 1552 1532 aliis
1577 1498 1715 1532 ecclesiis
1747 1497 1911 1542 praefatiS‚

1172 1553 1285 1596 quibus
1319 1563 1371 1586 eos
1408 1552 1499 1586 etiarn
1534 1563 1593 1596 pro
1618 1558 1759 1596 tempore
1783 1549 1911 1594 praefici

1173 1606 1349 1650 contigerit,
1370 1606 1508 1639 residere
1533 1606 1661 1639 omnino
1685 1609 1866 1643 teneantur;

1217 1660 1231 1703 ξ
1256 1659 1306 1693 18.
1331 1659 1492 1703 Quodque,
1511 1665 1544 1691 ut
1568 1663 1748 1702 praesentes
1765 1662 1795 1690 et
1814 1657 1845 1690 in
1865 1657 1910 1689 eis
1943 1664 2109 1685 publicationem

1173 1718 1317 1746 contenta
1334 1722 1550 1756 quaecumque
1563 1712 1601 1744 ad
1614 1712 1754 1745 omnium
1768 1710 1909 1745 notitiam
1926 1691 2017 1748 infigi?
2035 1697 2109 1738 3332?

1173 1765 1306 1809 amplius
1331 1765 1534 1805 deducantur,
1555 1771 1585 1798 et
1605 1775 1643 1798 ne
1667 1764 1781 1808 aliquis
1805 1764 1842 1796 de
1867 1763 1911 1796 eis
1925 1747 1962 1765 Μ

1174 1819 1382 1862 ignorantiam
1407 1818 1612 1862 praetendere
1641 1818 1759 1862 possit,
1784 1817 1910 1850 eaedem

1174 1877 1353 1916 praesentes
1384 1882 1441 1916 per
1472 1872 1608 1916 aliquem
1641 1882 1695 1905 seu
1724 1871 1844 1914 aliquos
1876 1882 1911 1904 ex

1175 1925 1357 1958 cursoribus
1382 1925 1507 1965 nostris,
1529 1930 1562 1957 ut
1586 1925 1773 1968 praefertur,
1798 1925 1829 1957 in
1854 1924 1913 1957 val-

1175 1979 1220 2011 vis
1248 1978 1468 2011 basilicarum²
1493 1978 1520 2010 S.
1549 1978 1629 2010 Petri
1655 1988 1690 2010 ac
1713 1978 1779 2010 acie
1806 1977 1912 2020 Campi

1175 2032 1285 2064 Florae
1321 2032 1487 2075 affigantur
1526 2037 1555 2064 et
1586 2031 1802 2075 publicentur:
1833 2041 1911 2074 quae

1176 2085 1218 2117 sic
1236 2085 1344 2117 affixae
1358 2091 1387 2117 et
1400 2085 1574 2128 publicatae
1592 2094 1700 2117 omnes
1717 2089 1747 2116 et
1762 2084 1912 2127 singulos,

1176 2150 1254 2182 quos
1280 2144 1483 2179 concernunt,
1508 2138 1640 2184 afficiant
1673 2143 1702 2171 et
1725 2143 1856 2179 aretem,
1880 2144 1912 2171 ut

1160 2192 1396 2235 lp1¹aemittitur,
1422 2192 1552 2235 perinde
1576 2202 1611 2224 ac
1631 2192 1656 2224 si
1680 2191 1849 2234 unicuique
1866 2201 1915 2223 eo-

1176 2257 1246 2278 rum
1272 2246 1477 2289 personaliter
1499 2246 1658 2278 intimatae
1683 2251 1711 2278 et
1737 2245 1913 2278 notificatae

1175 2299 1314 2332 fuissent.

1220 2353 1330 2385 Datum
1339 2353 1466 2395 Romae,
1477 2353 1558 2396 apud
1567 2352 1594 2386 S.
1606 2353 1742 2395 Petrum,
1754 2352 1811 2384 sub
1822 2361 1915 2385 annu-

1159 2443 1161 2451 Ι
1176 2406 1206 2439 lo
1215 2406 1392 2447 piscatoris,
1408 2407 1457 2439 die
1479 2417 1523 2440 xn
1540 2406 1717 2440 decembris
1737 2415 1913 2445 MDoxxxw,

1176 2459 1376 2502 pontificatus
1401 2459 1499 2493 nostri
1525 2469 1606 2493 auno
1619 2469 1672 2493 ΧΗ.

1214 2512 1269 2539 Dat.
1288 2512 1330 2539 die
1348 2513 1378 2540 12
1393 2513 1544 2540 decembris
1563 2513 1638 2548 1634,
1655 2512 1748 2549 pontif.
1766 2520 1835 2540 anno
1851 2518 1898 2539 xu.

1216 2587 1223 2611 t
1244 2584 1312 2612 Edit.
1330 2585 1407 2612 Main.
1425 2585 1489 2620 legit
1505 2593 1578 2620 quae
1597 2586 1636 2620 (a.
1654 2585 1702 2619 Τ.),

1212 2630 1227 2655 ⁹2
1244 2629 1289 2657 Vel
1301 2630 1407 2665 legend.
1421 2630 1566 2662 basilicae,
1579 2630 1619 2657 vel
1630 2628 1731 2664 aliquid
1747 2628 1821 2656 deest
1832 2629 1913 2663 (ns).

2216 0 2229 63 0⁴32&
