2248 3229
134 201 184 230 An.
204 201 233 229 G.
252 202 321 231 1634

130 2135 265 2157 Confirmatio
278 2136 315 2158 de-

130 2163 276 2188 clarationum,
288 2163 314 2184 de

129 2188 206 2215 quibus
230 2191 251 2210 in
281 2195 314 2211 ru·

128 2215 196 2236 buca.

952 207 1094 233 URBANUS

333 255 416 293 acta,
436 255 482 293 et,
507 251 775 295 quemadmodum
802 254 969 297 collector,
992 258 1093 309 post-5

333 313 428 348 quam
453 304 607 350 coepisset
634 316 826 350 cognoscere
854 308 892 341 de
919 309 1076 352 gravami-

332 356 425 391 nibus
448 352 709 394 seu'excessibus
734 361 931 405 supradictis,
955 368 1010 396 aut
1036 338 1093 395 an⁵

333 412 558 456 appellationes
583 419 685 448 essent
717 415 944 457 admittendae,
970 405 1092 460 posset*

333 465 482 499 canonice
507 466 650 500 inhibere
670 467 770 500 eidem
788 469 1014 509 commissario,
1033 470 1074 502 ita

333 519 569 553 commissarius
597 526 757 560 teneretur
781 521 961 556 huiusmodi
986 521 1070 554 inhi-
1090 515 1091 542 3

332 570 443 606 bitioni
467 583 600 617 parere,
631 573 755 607 interim
790 580 892 608 autem
917 586 981 621 quo
1005 566 1091 620 acta,

334 630 623 670 transportarentur
646 637 753 660 coram
771 628 949 668 collectore,
967 634 1089 676 posset¹

333 678 416 712 idem
447 679 597 713 collector
625 681 797 714 concedere
825 682 1090 726 supersessorias

332 731 370 765 ad
391 738 525 778 tempus,
550 734 613 767 sive
638 740 706 767 acta
730 735 982 778 denegarentur,
1009 731 1090 768 sive³

332 786 485 820 malitiose
503 797 612 821 eorum
638 789 862 834 transportatio
882 789 1071 831 differretur,
1088 823 1089 835 χ

331 839 396 873 sive
419 840 497 874 aliae
522 846 663 875 extarent
695 842 858 886 qualitates
883 848 913 876 et
938 837 1090 876 circum-i

331 893 472 936 stantiae,
490 905 525 928 ex
552 895 666 939 quibus
689 896 722 928 in
747 896 815 929 aliis
840 896 963 929 casibus
987 895 1090 948 idern⁸

331 948 507 982 faciendum
532 949 627 990 soret;
649 954 680 984 et
703 950 773 983 licet
797 949 898 983 dictus
919 949 1089 982 Antoniusl

332 1003 568 1037 commissarius
592 1014 625 1037 se
648 1003 924 1044 declarationibus,
950 1014 1005 1037 seu
1026 1014 1072 1036 re-

331 1057 540 1091 solutionibus
552 1056 789 1101 praedictorum
803 1056 1009 1090 cardinalium
1022 1067 1073 1100 pa-

331 1111 467 1145 riturum
481 1110 687 1156 promisisset,
698 1111 912 1153 nihilominus,
924 1111 1071 1155 propriae

331 1163 439 1197 salutis
469 1164 655 1205 immemor,
681 1163 908 1198 declarationes
933 1174 987 1197 seu
1016 1174 1068 1196 re-

330 1217 502 1251 solutiones
521 1217 647 1251 easdem
670 1217 900 1262 parvipendens
914 1244 921 1258 ,
946 1217 982 1250 iis
1009 1227 1071 1250 non

331 1270 432 1304 solum
458 1281 530 1304 cum
562 1270 675 1304 effectu
707 1281 820 1315 parere
851 1275 1071 1310 recusaverat,

331 1334 441 1358 verum
466 1324 558 1358 etiam
584 1324 682 1357 dictas
706 1328 940 1357 sacrosanctum
963 1323 1072 1356 Missae

331 1377 520 1411 sacrificium
545 1378 577 1410 in
600 1377 731 1421 privatis
755 1377 910 1417 oratoriis,
928 1381 958 1409 ut
985 1387 1073 1420 prae-

331 1431 446 1472 fertur,
472 1430 652 1464 celebrandi
676 1430 819 1464 licentias
844 1429 1026 1470 concedere,
1044 1435 1073 1462 et

331 1484 369 1518 ad
393 1485 477 1518 hunc
501 1484 648 1518 effectum
672 1484 792 1518 litteras
816 1484 1005 1528 apostolicas
1025 1494 1089 1519 §tl-t

330 1548 387 1582 per
417 1539 621 1571 concessione
656 1537 829 1581 gratiarum
860 1537 1071 1581 spiritualium

331 1597 361 1625 et
377 1591 601 1636 temporalium
617 1591 718 1624 dictae
732 1591 887 1625 cruciatae
912 1596 1071 1624 emanatas
1088 1593 1090 1598 ’

330 1645 482 1687 alterare,
507 1645 539 1678 in
563 1645 665 1689 iisque
689 1644 773 1688 quod
797 1644 939 1678 licentias
964 1644 1090 1677 huius-z

330 1700 416 1733 modi
429 1698 603 1733 concedere
620 1704 745 1742 poterat
761 1698 942 1741 adiungere,
956 1708 1072 1742 easque

330 1753 450 1787 litteras
472 1753 516 1787 sic
540 1753 696 1794 alteratas,
710 1753 774 1786 sive
791 1763 900 1786 earum
918 1753 1070 1796 exempla,
1088 1792 1089 1798 ἵ

330 1806 425 1840 etiam
439 1806 602 1850 impressa,
617 1806 771 1850 publicari
788 1807 891 1839 facere
910 1816 1071 1850 praesum-

329 1865 445 1904 pserat,
467 1860 590 1904 aliaque
614 1859 857 1903 quamplurima,
880 1860 911 1892 in
935 1859 1071 1893 auctori-

330 1913 400 1947 tatis
416 1913 510 1946 huius
534 1913 664 1946 Sanctae
688 1913 777 1946 Sedis
793 1913 1022 1957 praeiudicium
1040 1918 1070 1946 et
1087 1926 1089 1937 ³

330 1970 555 2011 contemptum,
576 1977 612 1999 ac
633 1972 742 2000 contra
762 1966 998 2007 declarationes,
1017 1955 1089 2000 seu*

329 2021 538 2054 resolutiones
560 2019 743 2053 huiusmodi
767 2020 883 2060 faeere,
908 2020 1013 2053 dicere
1041 2025 1071 2053 et

329 2084 441 2118 gerere
464 2084 527 2122 non
552 2074 738 2107 erubuerat:

374 2127 389 2172 ἓ
405 2127 436 2161 2.
456 2128 530 2169 Nos,
543 2128 724 2172 praemissis
741 2138 799 2172 pro
816 2127 955 2160 muneris
971 2127 1068 2160 nostri
1086 2131 1088 2144 '

329 2180 448 2223 debito,
464 2187 615 2226 quantum
641 2193 712 2216 cum
737 2181 870 2215 Domino
891 2192 1069 2226 possumus,

329 2240 508 2280 opportune
531 2235 700 2280 providere
717 2236 866 2276 volentes,
887 2241 975 2268 motu
999 2246 1088 2281 pro-1¹

328 2289 410 2334 prio,
423 2294 503 2323 etex
516 2291 602 2323 certa
615 2289 745 2323 scientia
762 2300 798 2323 ac
815 2290 939 2322 matura
957 2289 1071 2322 delibe-

328 2342 451 2377 ratione
474 2343 600 2384 nostris,
618 2353 728 2377 omnes
753 2348 783 2376 et
807 2343 946 2386 singulas
968 2342 1087 2379 decla„

328 2397 465 2431 rationes
480 2407 537 2430 seu
553 2397 761 2431 resolutiones
785 2407 881 2440 supra
905 2406 1087 2440 expressas¹

328 2449 526 2491 huiusmodi,
551 2461 624 2484 cum
648 2451 796 2484 omnibus
819 2450 851 2483 in
875 2450 919 2483 eis
944 2455 1086 2492 conten-3

328 2503 367 2538 tis
395 2509 426 2537 et
448 2503 521 2537 inde
545 2504 685 2548 sequutis
710 2504 972 2548 quibuscumque,
998 2514 1071 2548 apo—

329 2557 440 2591 stolica
464 2557 649 2591 auctoritate
673 2557 916 2601 approbavimus
941 2561 970 2592 et
995 2567 1069 2592 conm

329 2610 546 2654 firmavimus,
577 2621 612 2645 ac
641 2620 751 2644 omnes
782 2616 812 2644 et
841 2611 981 2655 singulos
1004 2615 1068 2648 tam

1119 207 1177 233 vm
1200 208 1249 233 Pr.
1750 202 1814 236 427

1111 256 1187 289 iuris
1212 266 1306 300 quam
1339 256 1411 290 sacti
1436 262 1466 290 et
1489 257 1616 302 quosvis
1646 258 1723 292 alios
1755 259 1849 292 etiam

1110 310 1310 353 quantumvis
1335 310 1553 344 substantiales
1577 311 1726 352 desectus,
1744 312 1768 344 si
1794 312 1849 356 qui

1110 363 1140 395 in
1157 364 1338 407 praemissis
1357 364 1594 408 quomodolibet
1614 364 1848 407 intervenerint,

1109 418 1334 461 supplevimus,
1352 424 1445 462 prout
1470 419 1499 451 in
1524 419 1640 452 nostris
1664 419 1800 463 desuper
1817 420 1849 452 in

1109 470 1202 503 simili
1222 471 1322 504 forma
1342 472 1449 505 Brevis
1466 473 1617 516 expeditis
1634 473 1756 514 litteris,
1774 483 1846 517 qua-

1109 535 1179 556 rum
1205 529 1330 557 tenores
1360 526 1578 569 praesentibus
1608 537 1667 570 pro
1692 527 1848 570 expressis

1108 576 1216 610 haberi
1233 578 1387 620 volumus,
1407 579 1529 623 plenius
1547 580 1725 613 continetur
1738 579 1757 612 ¹.

1152 630 1166 674 ἓ
1183 630 1212 664 3.
1227 631 1301 665 Cum
1320 637 1423 665 autem
1442 632 1544 673 hodie,
1562 633 1846 677 supplicationibus

1107 683 1283 717 charissimi
1305 685 1335 718 in
1359 686 1483 719 Christo
1508 686 1563 719 filii
1587 686 1686 719 nostri
1712 686 1845 731 Philippi

1107 737 1316 781 Portugalliae
1341 744 1370 772 et
1394 739 1613 782 Algarbiorum
1635 739 1719 783 regis
1743 739 1847 774 catho-

1106 791 1157 823 lici
1182 792 1273 825 nobis
1299 803 1393 836 super
1420 793 1479 826 hoc
1509 793 1668 826 humiliter
1691 794 1846 838 porrectis

1107 843 1266 886 inclinati,
1298 845 1445 878 dilectum
1478 845 1577 879 silium
1608 847 1776 880 Antonium
1808 847 1846 880 de

1105 897 1256 931 Mendoxa
1278 899 1462 932 canonicum
1483 899 1675 933 doctoralem
1697 900 1845 933 ecclesiae

1107 949 1337 994 Portalcgrensi
1355 952 1385 984 in
1400 952 1652 985 commissarium
1666 953 1845 996 generalem

1106 1003 1374 1047 indulgentiarum
1393 1010 1423 1038 et
1439 1006 1612 1048 gratiarum
1634 1006 1846 1049 spiritualium

1106 1062 1136 1090 et
1152 1058 1373 1101 temporalium
1400 1058 1540 1091 eiusdem
1566 1059 1721 1093 cruciatae
1746 1059 1777 1092 in
1801 1060 1848 1093 lo-

1107 1121 1178 1144 cum
1210 1111 1314 1144 dilecti
1339 1112 1395 1144 filii
1420 1112 1578 1145 Michaelis
1607 1112 1645 1145 de
1677 1113 1785 1146 Castro
1809 1113 1847 1146 ad

1107 1165 1270 1198 ecclesiam
1292 1165 1452 1198 Visensem
1478 1165 1673 1209 providendi,
1691 1177 1762 1199 cum
1783 1177 1848 1200 om-

1106 1218 1198 1251 nibus
1223 1224 1251 1251 et
1276 1219 1408 1261 singulis
1432 1219 1650 1260 facultatibus,
1675 1219 1848 1264 privilegiis

1107 1276 1137 1304 et
1154 1271 1283 1304 indultis
1301 1272 1401 1304 eidem
1421 1272 1564 1305 Michacli
1581 1273 1749 1314 concessis,
1762 1272 1849 1306 iuxta

1107 1331 1209 1358 tamen
1233 1325 1460 1358 declarationes
1476 1325 1659 1369 praedictas,
1681 1326 1848 1359 substitue-

1107 1378 1206 1411 rimus
1231 1384 1261 1411 et
1285 1379 1577 1422 subrogaverimus:

1151 1432 1224 1473 Nos,
1241 1432 1380 1466 volentes
1405 1432 1530 1466 easdem
1555 1433 1781 1467 declarationes
1798 1433 1847 1467 de-

1107 1484 1200 1526 bitae,
1217 1491 1251 1518 ut
1274 1496 1331 1530 par
1356 1492 1411 1527 est,
1432 1486 1632 1530 exequutioni
1653 1486 1846 1527 demandari,

1107 1545 1136 1572 et
1160 1550 1177 1572 a
1202 1539 1285 1573 dicto
1310 1540 1443 1573 Antonio
1461 1540 1498 1573 de
1523 1539 1671 1573 Mendoza
1695 1540 1848 1574 moderno

1107 1598 1137 1625 et
1161 1603 1219 1636 pro
1245 1599 1385 1637 tempore
1410 1593 1585 1627 existente²
1608 1593 1708 1627 dictae
1733 1594 1850 1627 erucia-

1106 1652 1156 1679 tae
1181 1647 1416 1689 commissario,
1446 1647 1621 1690 ceterisque
1645 1647 1793 1681 omnibus
1819 1652 1849 1680 et

1107 1700 1260 1743 singulis,
1293 1701 1331 1733 ad
1356 1711 1434 1744 quos
1459 1706 1598 1744 spectat,
1624 1700 1847 1734 inviolabiliter

1107 1754 1285 1793 observari;
1304 1759 1400 1796 motu,
1419 1754 1548 1787 scientia
1566 1759 1596 1787 et
1620 1754 1847 1787 deliberatione

1107 1807 1273 1847 similibus,
1299 1808 1353 1840 tibi
1382 1818 1439 1851 per
1471 1812 1654 1851 praesentes
1679 1807 1847 1841 committi-

1107 1873 1176 1895 mus
1201 1866 1231 1896 et
1255 1861 1451 1903 mandamus,
1477 1867 1510 1894 ut
1535 1862 1636 1895 eidem
1656 1862 1792 1895 Antonio
1809 1861 1847 1895 de

1106 1915 1254 1950 Mendoza
1281 1915 1434 1949 moderno
1466 1921 1496 1949 et
1525 1926 1583 1960 pro
1614 1921 1757 1960 tempore
1781 1915 1846 1949 exi-

1106 1969 1197 2002 stenti
1216 1969 1389 2012 gratiarum
1404 1969 1505 2003 dictae
1519 1969 1716 2002 cruciataein
1729 1968 1846 2002 eisdem

1105 2023 1211 2065 regnis
1228 2023 1455 2064 commissario,
1474 2022 1531 2055 sub
1553 2023 1847 2056 excommunicatio-

1104 2076 1152 2109 nis
1170 2077 1297 2110 maioris
1314 2077 1394 2110 latae
1411 2077 1592 2117 sententiae,
1609 2087 1644 2110 ac
1661 2076 1846 2121 privationis

1105 2128 1353 2170 beneficiorum,
1387 2130 1576 2173 dignitatum
1608 2136 1638 2163 et
1668 2130 1844 2164 officiorum

1105 2193 1399 2227 quorumcumque,
1429 2183 1522 2216 ctiam
1555 2183 1683 2228 speciali
1715 2185 1789 2217 nota
1817 2187 1845 2217 et

1105 2236 1305 2280 expressione
1329 2236 1508 2280 dignorum,
1526 2237 1791 2281 inhabilitatisque
1807 2237 1844 2269 ad

1104 2290 1156 2323 illa
1173 2296 1203 2324 et
1222 2291 1282 2324 alia
1301 2291 1332 2324 in
1351 2296 1514 2335 posterum
1535 2291 1703 2325 obtinenda
1723 2291 1842 2335 poenis,

1104 2354 1142 2377 eo
1167 2344 1234 2388 ipso
1259 2344 1376 2388 absque
1408 2345 1471 2378 ulla
1500 2345 1711 2378 declaratione
1736 2344 1842 2377 incur-

1104 2397 1228 2440 rendis,
1253 2398 1437 2432 auctoritate
1470 2400 1578 2432 nostra
1608 2397 1783 2443 praecipias
1813 2403 1843 2430 et

1104 2451 1243 2492 mandes,
1259 2462 1298 2485 ne
1314 2452 1454 2485 licentias
1473 2458 1708 2486 sacrosanctum
1733 2451 1843 2485 Missae

1104 2505 1293 2538 sacrificium
1315 2505 1347 2538 in
1362 2506 1491 2550 privatis
1508 2506 1675 2540 domorum
1697 2505 1843 2540 oratoriis

1141 2579 1150 2602 1
1169 2576 1241 2608 Quae
1255 2576 1346 2604 forsan
1361 2577 1460 2604 desunt
1474 2578 1514 2613 (n.
1533 2577 1582 2612 T.).

1138 2621 1154 2648 2
1169 2620 1239 2649 Edit.
1257 2621 1336 2650 Maio.
1353 2622 1418 2658 legit
1432 2622 1568 2651 existenti
1582 2622 1683 2678 (1534.

1861 212 1910 240 An.
1930 211 1960 240 G.
1977 211 2045 241 1634

1901 643 1980 666 Nuncio
1995 650 2047 671 apo-

1861 672 1936 692 stolico
1952 673 2046 692 commit-

1862 700 1911 718 titur
1919 704 1990 718 uarum
1999 704 2046 719 exe-

1862 727 1942 751 quintio.
