2248 3229
148 235 331 274 sn.c.1636

170 775 299 798 nectaniio,
307 774 334 795 de

149 807 191 830 qm
207 804 227 823 in
242 802 335 823 rubrica.

957 231 1099 256 Uneaxvs
1123 230 1180 254 vm
1203 230 1250 254 1‘1‘.

343 291 420 315 num
445 290 525 315 onus
552 280 677 314 illarum
700 285 892 325 prorogetur
914 290 969 313 seu
986 285 1089 316 exten—

345 335 438 370 datur
455 335 494 369 de
519 336 656 379 persona
679 334 717 367 ad
741 345 920 379 personam,
945 339 976 367 et
995 343 1088 376 saepe

345 389 383 422 de
406 389 534 422 infirmo
557 389 596 422 ad
621 399 740 430 sanum,
766 394 795 422 et
819 388 857 421 de
882 397 955 421 sene
979 386 1017 428 ad
1042 386 1088 418 iu-

346 452 469 484 venem,
487 442 519 475 in
535 452 598 476 non
614 442 774 476 modicum
796 440 1023 486 praeiudicium
1041 450 1089 472 ec-

347 496 514 530 clesiarum
544 500 573 530 et
597 495 825 530 beneficiorum
860 493 1090 535 ceclesiastico-

348 560 420 583 rum
441 560 476 582 ac
502 549 554 582 illa
580 560 639 593 pro
657 554 798 592 tempore
815 548 1042 587 obtinentium,
1060 552 1088 579 et

348 607 517 646 propterea
550 602 708 635 difficilius
741 602 931 635 concedatur
963 601 1091 633 facultas

349 654 557 688 transterendi
594 655 662 687 illas
697 655 866 699 pensiones
902 664 982 698 quae
1016 653 1092 685 alias

348 709 517 743 translatae
542 709 686 743 suerunt:

394 762 409 805 §
434 761 463 795 2.
489 761 839 802 ldcii·co,ecclesiarum
863 771 898 794 ac
923 759 1091 793 beneflcio-

350 825 421 848 rum
442 820 471 848 et
489 815 540 847 illa
558 815 766 849 obtinentium
791 813 1027 858 praedictorum
1044 811 1094 845 de-

352 868 509 902 trimentis
533 873 562 901 et
587 868 806 910 incommodis,
824 872 977 911 quantum
1001 865 1094 899 nobis

351 932 388 955 ex
401 922 464 955 alto
481 921 674 963 conceditur,
691 922 819 956 obviare
836 921 985 961 volentes,
1006 924 1093 952 motu

351 975 492 1019 proprio,
509 985 573 1009 non
593 975 631 1008 ad
657 975 788 1008 alicuius
811 973 903 1007 nobis
920 982 1015 1016 super
1034 973 1094 1005 hoc

352 1027 475 1061 oblatae
498 1028 659 1072 petitionis
676 1027 865 1067 instantiam,
883 1026 937 1060 sed
954 1036 990 1059 ex
1008 1027 1094 1059 certa

352 1081 482 1115 scientia
505 1087 535 1114 et
559 1083 681 1115 matura
710 1080 936 1114 deliberatione
968 1080 1094 1119 nostris,

352 1134 454 1178 deque
478 1135 669 1179 apostolicae
696 1134 859 1178 potestatis
891 1132 1094 1177 plenitudine,

352 1187 410 1221 liae
426 1190 535 1222 nostra
551 1194 704 1232 perpetuo
720 1187 852 1221 valitura
869 1186 1096 1221 Constitutione

352 1241 570 1283 declaramus,
593 1251 703 1276 omnes
728 1246 758 1274 et
789 1241 928 1284 singulas
959 1251 1016 1284 per
1035 1240 1096 1272 Ro-

354 1306 464 1330 manos
489 1296 656 1330 Pontifices
688 1295 948 1339 praedecessores
976 1299 1005 1327 et
1027 1305 1097 1327 suc-

353 1359 494 1383 cessores
517 1355 663 1388 nostros,
693 1360 729 1382 ac
761 1348 855 1381 etiam
882 1358 938 1392 per
963 1357 1037 1387 nos,
1061 1358 1096 1379 ex

353 1413 551 1447 quacumque
576 1404 682 1442 causa,
707 1402 800 1436 etiam
826 1402 977 1442 onerosa,
1004 1400 1096 1433 etiam

353 1457 475 1490 ratione
498 1467 774 1501 quorumcumque
798 1455 987 1494 officiorum,
1004 1454 1097 1487 etiam

354 1516 441 1544 motu
473 1516 503 1545 et
539 1510 668 1544 scientia
705 1509 931 1553 potestatisque
967 1508 1099 1552 plenitu-

353 1564 426 1597 dine
451 1564 622 1602 similibus,
647 1574 683 1596 ac
707 1562 975 1601 consistorialiter,
1004 1561 1097 1594 etiam

354 1618 474 1652 iteratis
499 1618 642 1658 vicibus,
670 1622 701 1650 et
725 1628 797 1650 cum
829 1615 992 1660 quibusvis
1017 1616 1099 1648 clau-

355 1672 442 1713 sulis,
463 1672 556 1705 etiam
578 1671 852 1714 derogatoriarum
878 1669 1098 1712 derogamus,

355 1731 385 1760 et
401 1726 470 1759 aliis
487 1725 632 1765 decretis,
652 1734 819 1764 concessas
836 1729 866 1756 et
883 1722 1099 1757 concedendas

357 1779 516 1812 facultates
541 1778 749 1812 transferendi
778 1787 994 1821 quascumque
1026 1786 1100 1820 pen-

357 1832 461 1866 siones
491 1842 546 1865 seu
578 1831 698 1864 fructus
730 1830 958 1864 ecclesiasticos
991 1840 1098 1863 earum

358 1886 428 1919 loco
459 1896 517 1929 pro
542 1890 685 1928 tempore
713 1888 886 1918 reservatas
911 1889 939 1916 et
964 1893 1102 1917 reserva-

359 1946 417 1979 tos,
435 1944 498 1979 aut,
519 1938 675 1972 mediante
703 1936 886 1970 earumdem
911 1936 1100 1981 pensionum

359 1992 560 2036 antiquarum
586 1991 769 2032 cassatione,
794 1989 832 2022 de
860 1999 941 2022 novo
969 1989 1038 2021 illas
1059 1999 1103 2021 re-

360 2044 514 2086 servandi,
532 2054 653 2078 necnon
678 2043 864 2087 pensionum
890 2046 920 2076 et
943 2041 1101 2074 fructuum

360 2098 543 2132 huiusmodi
564 2097 793 2136 translationes,
814 2106 869 2129 seu
890 2105 985 2129 novas
1006 2105 1104 2127 reser-

362 2152 523 2193 vationes,
551 2162 646 2195 super
670 2151 924 2195 quibuscumque
948 2147 1104 2187 ecclesiis,

361 2205 455 2239 etiam
480 2204 714 2239 cathedralibus
730 2209 760 2236 et
785 2202 970 2243 maioribus,
987 2212 1023 2234 ac
1041 2211 1106 2233 ino-

362 2258 518 2301 nasteriis,
532 2258 625 2292 etiam
639 2256 920 2297 consistorialibus,
930 2255 1105 2297 ceterisque

362 2312 546 2352 beneficiis,
579 2316 641 2344 tarn
671 2310 867 2344 secularibus
897 2319 991 2353 quam
1021 2319 1102 2352 quo-

364 2366 484 2400 rumvis
503 2365 655 2400 Ordinum
680 2363 890 2407 regularibus,
914 2367 944 2397 et
969 2362 1107 2406 hospita-

364 2421 446 2454 libus
464 2418 701 2464 quomodolibet
725 2417 922 2461 qualiticatis,
940 2416 1033 2450 etiam
1058 2427 1108 2448 cu-

366 2475 553 2517 iuscumque
578 2472 861 2516 iurispatronatus,
889 2470 982 2506 etiam
1018 2469 1108 2504 laico-

366 2538 463 2570 rum,
497 2527 590 2560 etiam
625 2535 901 2570 quorumcumque
939 2534 1050 2567 regum
1080 2529 1109 2556 et

365 2581 568 2627 principum,
590 2579 779 2623 illorumque
814 2578 987 2619 fructibus,
1014 2578 1107 2612 ctiam
1144 2578 1203 2621 giis
1235 2583 1265 2610 et
1295 2576 1514 2618 facultatibus,
1541 2575 1671 2619 aliisque
1707 2573 1887 2618 pl'assmlSSts·

1128 2656 1129 2673 ,
1145 2642 1178 2663 ac
1205 2630 1481 2663 constitutionibus
1499 2637 1527 2663 et
1549 2627 1799 2663 ordinationibus
1817 2637 1889 2670 apo-

367 2635 504 2676 incertis,
530 2640 560 2669 ct
585 2633 870 2673 distributionibus,
891 2632 984 2666 ctiani
1010 2632 1110 2676 quoti-

1764 215 1828 249 523
1875 225 1967 252 Aac.
1992 225 2058 253 1636

1123 278 1253 322 dianis,
1273 287 1355 310 nunc
1387 281 1416 309 et
1440 285 1499 320 pro
1531 280 1675 318 tempore
1707 274 1801 306 tinctas
1833 278 1861 305 et

1123 342 1288 365 concessas
1311 330 1563 375 quibuscumque
1587 327 1740 372 personis,
1762 326 1865 359 cuius-

1123 395 1259 428 cumque
1284 384 1410 427 gradus,
1436 382 1596 426 dignitatis
1621 386 1651 414 ct
1676 379 1864 414 conditionis

1124 438 1250 478 suerint,
1269 437 1389 470 etiamsi
1407 436 1618 469 cardinalatus
1642 435 1762 468 lionore
1780 443 1865 477 prae-

1125 492 1274 534 fulgeant,
1291 491 1411 523 etiamsi
1430 500 1524 534 super
1538 488 1746 528 facultatibus,
1765 491 1865 521 trans-

1125 545 1303 585 lationibus,
1329 555 1383 576 seu
1409 543 1497 576 novis
1520 542 1785 575 reservationibus
1809 541 1866 573 hu-

1126 598 1261 632 iusmodi
1287 598 1324 630 lis
1338 608 1392 630 seu
1410 597 1479 629 lites
1495 597 1525 629 in
1543 606 1743 641 quocumque
1756 594 1865 638 gradu,

1126 652 1271 688 instantia
1296 651 1343 684 vet
1363 650 1510 686 tribunali
1531 650 1685 693 pendeant
1702 648 1867 687 indecisae,

1126 716 1188 738 non
1223 706 1445 751 potuissenec
1473 713 1565 747 posse
1589 703 1735 745 cuiquam
1761 700 1870 734 suffra-

1127 759 1194 801 gari
1233 758 1336 802 quoad
1372 757 1540 801 pensiones
1563 767 1618 789 seu
1649 756 1770 788 fructus
1794 754 1870 787 alias

1128 812 1306 851 translatos,
1336 811 1394 844 nisi
1420 811 1450 843 in
1475 811 1519 843 eis
1544 820 1715 843 consensus
1739 808 1867 852 pensio-

1128 876 1182 899 nes
1206 871 1259 898 aut
1283 866 1403 899 fructus
1420 864 1601 897 huiusmodi
1619 863 1740 896 solvere
1758 862 1872 895 deben-

1129 920 1204 954 tium
1225 919 1410 959 accesserit;
1428 924 1491 957 aut,
1511 917 1594 961 quod
1612 917 1688 950 alias
1703 915 1871 960 pensiones

1129 984 1183 1006 seu
1209 973 1328 1006 fructus
1364 970 1545 1005 huiusmodi
1582 970 1722 1004 translati
1754 968 1871 1002 sende

1129 1037 1211 1060 novo
1236 1025 1387 1059 reservati
1414 1024 1540 1064 suerint,
1557 1033 1742 1067 expressum
1760 1022 1799 1054 sit
1818 1031 1872 1054 seu

1130 1079 1335 1124 exprimatur,
1361 1079 1408 1111 vel
1435 1077 1574 1111 clausula
1601 1076 1730 1109 etiamsi
1745 1075 1873 1119 pensio-

1131 1145 1185 1168 nes
1208 1145 1264 1168 seu
1291 1135 1416 1177 fructus
1443 1131 1633 1166 huiusmodi
1657 1131 1768 1173 forsan
1788 1127 1874 1161 alifis

1132 1188 1314 1221 translatae
1337 1198 1393 1221 seu
1419 1185 1572 1219 translati
1595 1184 1645 1217 vet
1669 1184 1707 1216 de
1732 1193 1810 1216 noco
1829 1192 1875 1214 rc-

1131 1246 1275 1274 servatae
1305 1240 1353 1274 vel
1385 1239 1540 1273 reservati
1566 1238 1690 1281 fuerint
1730 1235 1874 1280 apposita

1132 1294 1170 1327 sit
1195 1295 1241 1327 vel
1267 1299 1454 1338 apponatur.

1177 1348 1192 1391 ἓ
1216 1347 1246 1380 3.
1277 1348 1345 1380 Non
1373 1345 1564 1379 intendimus
1588 1349 1692 1378 autem
1718 1342 1874 1386 praesenti
1904 1352 2076 1379 uxmnpnonon-

1133 1401 1355 1434 constitutione
1388 1397 1659 1443 comprehendere
1691 1379 1995 1435 facultates,?1¹1¹1¹1¹.'1'‚‘.¹¹‘⁰
2041 1384 2076 1399 ⁰²⁸

1133 1454 1352 1487 translationes
1377 1457 1408 1486 et
1438 1462 1533 1485 novas
1566 1450 1795 1484 reservationes
1820 1448 1877 1480 liu-

1133 1507 1280 1547 iusmodi,
1301 1517 1361 1550 pro
1386 1516 1522 1549 quarum
1548 1504 1705 1538 validitate
1726 1504 1877 1536 hactenus

1134 1562 1195 1593 lata
1212 1564 1295 1594 esset
1308 1560 1470 1600 sententia,
1489 1558 1612 1602 quaein
1630 1568 1696 1590 rem
1711 1556 1877 1589 iudicatam

1135 1614 1297 1655 transivit,
1327 1614 1374 1646 vel
1409 1623 1468 1657 pro
1500 1621 1635 1655 quarum
1667 1609 1878 1653 exequutione

1135 1667 1316 1701 mandatum
1341 1667 1516 1699 relaxatum
1542 1670 1572 1698 et
1597 1661 1798 1707 exequutioni
1828 1661 1879 1694 dc-

1136 1721 1317 1755 mandatum
1344 1720 1446 1753 suerit.
1791 1717 1794 1720 ”

1181 1777 1195 1819 ξ,
1211 1775 1241 1808 3.
1260 1775 1372 1819 Sicque
1397 1780 1427 1807 et
1447 1784 1510 1807 non
1531 1772 1620 1805 aliter
1638 1781 1695 1815 per
1713 1780 1879 1814 quoscum·
1922 1778 2021 1810 cinusnia
2034 1779 2079 1799 na>-

1134 1840 1194 1873 que
1227 1829 1346 1862 iudices
1377 1826 1554 1861 ordinarios
1581 1830 1609 1858 et
1638 1825 1816 1867 delegatos,
1844 1833 1878 1854 ac
1895 1806 2080 1853 {fifffiffit'ffffl'

1135 1883 1229 1916 etiam
1254 1892 1398 1915 camerae
1423 1880 1612 1925 apostolicae
1638 1878 1770 1911 clericos
1794 1886 1880 1920 prae-

1136 1937 1282 1978 sidentes,
1300 1945 1421 1969 necnon
1439 1943 1606 1967 causarum
1627 1931 1733 1976 palatii
1758 1935 1881 1974 aposto—

1136 1991 1187 2023 lici
1217 1996 1248 2023 et
1272 1989 1378 2022 curiae
1410 1988 1549 2021 eiusdem
1575 1995 1718 2019 camerae
1743 1994 1878 2027 genera-

1138 2045 1199 2077 lem
1225 2043 1413 2082 auditorem,
1431 2052 1466 2075 ac
1487 2041 1516 2074 S.
1538 2041 1572 2073 R.
1600 2040 1632 2072 E.
1660 2037 1881 2077 camerarium,

1138 2097 1166 2131 et
1185 2097 1262 2130 alios
1278 2096 1462 2136 cardinales
1481 2095 1573 2128 etiam
1587 2093 1625 2126 de
1639 2093 1736 2126 latere
1753 2092 1882 2134 legatos,

1140 2150 1272 2183 iudicari
1289 2154 1319 2182 et
1335 2149 1460 2182 definiri
1478 2159 1514 2181 ac
1534 2146 1736 2190 interpretari
1756 2144 1882 2183 debere,

1139 2203 1261 2237 sublata
1285 2203 1329 2235 eis
1354 2206 1383 2236 et
1407 2212 1516 2235 eorum
1543 2200 1671 2234 cuilibet
1700 2198 1808 2243 quavis
1833 2197 1885 2229 ali—

1141 2262 1187 2290 ter
1208 2255 1365 2289 iudicandi
1391 2260 1422 2289 et
1446 2253 1673 2298 interpretandi
1693 2252 1837 2285 facultate
1855 2255 1885 2282 et

1141 2310 1338 2351 auctoritate,
1361 2308 1485 2342 deliniri
1506 2308 1631 2347 debere,
1649 2317 1684 2339 ac
1705 2305 1829 2338 irritum
1856 2309 1886 2336 et

1142 2363 1233 2396 inane
1257 2362 1410 2406 quidquid
1435 2372 1525 2395 secus
1550 2371 1645 2404 super
1676 2359 1724 2391 liis
1755 2368 1771 2390 a
1801 2367 1882 2400 quo·
1931 2355 1935 2359 ’

1141 2427 1247 2460 quain,
1258 2415 1368 2458 quavis
1382 2415 1577 2454 auctoritate,
1589 2413 1723 2446 scienter
1737 2410 1783 2443 vel
1801 2410 1887 2453 igno-

1143 2475 1259 2510 ranter,
1283 2469 1452 2511 contigerit
1475 2468 1631 2507 attentari,
1655 2465 1863 2500 decernimus.

1188 2524 1202 2565 ἓ
1227 2523 1255 2556 5.
1282 2524 1349 2557 Non
1375 2522 1573 2556 obstantibus
1598 2520 1735 2560 indultis,
1759 2519 1887 2563 privile·
1903 2524 2086 2572 conmssicgrfflefsstw
