2194 3219
892 220 935 224 -—
959 210 1003 233 vii
1029 219 1072 224 —

185 262 383 308 ⁴munina
416 277 499 323 pro
531 262 725 317 uostris,
756 263 940 322 fructeta
972 279 1054 323 pro
1087 268 1258 317 status,
1291 261 1477 308 Nostris
1509 276 1593 322 pro
1625 262 1781 317 novis,

186 343 281 388 vice
319 357 403 403 pro
443 342 569 397 iure,
606 343 825 387 incinctis
864 358 947 403 pro
977 344 1023 387 in
1059 343 1194 395 cibis,
1227 342 1410 388 artibus
1450 357 1532 402 pro
1573 341 1779 393 actibus,

177 422 445 483 pariuntur
477 438 561 483 pro
588 422 865 486 praefieantur.
898 422 1025 467 cirea
1051 438 1134 483 pro
1161 430 1309 471 certa,
1339 428 1659 483 praesmmmt
1695 437 1779 482 pro

179 509 428 563 praesunt,
465 503 582 548 einim·
618 519 702 563 pro
739 503 876 552 inibi,
902 504 1190 548 contrahunt
1222 519 1304 564 pro
1331 509 1495 548 contra
1531 503 1671 554 hunc,
1702 517 1781 563 po-

183 590 282 629 stea
316 599 400 644 pro
430 584 573 644 pestis
609 583 856 628 cuderetur
890 583 1024 643 (item
1058 584 1145 638 sic,
1172 591 1251 628 ele.
1280 599 1328 627 ac
1365 583 1471 628 dein
1511 598 1627 628 nova
1663 582 1779 627 linea

187 664 209 725 ἓ
238 663 266 708 9
293 663 443 719 Quae,
469 664 580 709 dum
617 663 914 709 scribendum
951 668 1045 708 erat
1074 664 1096 725 ξ
1125 664 1152 708 9
1186 664 1379 724 Sisque)
1416 667 1459 708 et
1493 663 1579 707 alia
1614 663 1780 708 huius-⁵

184 745 310 789 modi
361 747 570 790 sexcenta
623 760 813 790 sensum
854 744 1155 805 periodorum
1198 745 1387 789 omnino
1438 743 1781 805 perturbantia.

187 824 359 886 quibus
400 824 702 870 emendandis
753 824 925 884 OEdipo
969 825 1227 869 coniectore
1276 839 1392 885 opus
1437 825 1530 868 sere
1573 827 1662 878 est,
1704 825 1782 884 qui

190 905 376 966 sphingi
411 905 639 966 interpres
675 904 774 950 fuit.
811 905 1005 949 Taceam
1041 905 1217 965 integra
1243 904 1521 965 quandoque
1557 908 1780 948 commata

190 985 261 1030 vel
304 972 572 1030 oscitanter‘
598 984 945 1045 praetermissa.
987 984 1056 1029 vel
1101 988 1257 1029 contra
1299 1000 1542 1045 perperam
1585 984 1782 1028 intrusa.

191 1065 261 1110 vel
296 1068 419 1110 extra
457 1065 609 1110 locum
646 1081 783 1110 suum
809 1065 980 1126 posita,
1008 1069 1049 1109 et
1083 1081 1218 1126 saepe
1254 1065 1437 1126 saepius
1472 1064 1781 1109 discordantia

192 1150 422 1207 tempora,
450 1161 672 1207 personas
698 1162 747 1190 ac
774 1139 993 1191 numeros
1021 1146 1268 1190 verborum
1297 1161 1401 1190 cum
1429 1145 1524 1189 suis
1551 1144 1783 1199 subiectis,

190 1225 261 1271 vel
295 1225 647 1287 participiorum
677 1230 721 1272 et
756 1225 1087 1271 adiectixorum
1131 1241 1262 1270 casus
1313 1225 1515 1285 itemque
1564 1240 1784 1270 numeros

191 1322 298 1352 cum
325 1307 421 1351 suis
447 1306 760 1360 substantivis,
788 1306 857 1351 vel
885 1306 1088 1366 syntaxis
1115 1306 1385 1350 inflexiones
1412 1310 1454 1350 et
1481 1305 1629 1350 exitus
1657 1304 1786 1350 aliter

191 1402 331 1448 quam
365 1385 535 1431 vellent
568 1385 818 1447 particulae
854 1402 970 1447 quae
997 1386 1217 1431 orationis
1258 1400 1446 1430 sensum
1487 1391 1530 1429 et
1570 1384 1785 1445 spiritum

191 1467 284 1512 vim
316 1467 489 1513 habent
523 1466 851 1527 suspendendi.
889 1466 1169 1527 Saepissime
1206 1466 1343 1510 etiam
1385 1464 1616 1510 scribendi
1657 1481 1785 1510 com-

193 1547 392 1609 pendiis,
429 1562 546 1608 quae
582 1547 628 1590 in
663 1546 992 1607 manuscriptis
1028 1547 1296 1607 frequenter
1321 1550 1585 1593 occurrunt
1619 1545 1786 1590 misere

193 1628 413 1690 deceptus
445 1627 530 1673 fuit
556 1643 777 1673 romanus
804 1642 1033 1682 reeensor7
1062 1633 1104 1672 et
1131 1628 1228 1688 ipse
1254 1627 1457 1672 vicissim
1483 1626 1667 1672 lectoris
1704 1626 1785 1671 de—

194 1712 374 1770 ceptor,
410 1708 521 1753 dum
557 1707 633 1752 illa
667 1707 881 1769 explendi
924 1707 1107 1752 solertia
1151 1708 1238 1768 ipsi
1280 1707 1441 1760 defuit3
1485 1707 1598 1751 adeo
1635 1711 1685 1751 ut
1719 1723 1784 1752 ex.

193 1807 232 1852 g.
268 1789 518 1836 verborum
553 1788 776 1849 gerundia
811 1803 927 1849 quae
962 1788 1009 1832 in
1052 1787 1190 1833 bullis
1230 1787 1506 1849 plerumque
1547 1787 1787 1833 breviatim

194 1870 363 1932 scripta
390 1869 686 1931 reperiuntur
718 1869 810 1914 fere
846 1884 1087 1930 nunquam
1123 1883 1215 1913 non
1243 1869 1495 1929 incongrua
1531 1868 1785 1914 desinentia

193 1949 404 1996 finiverit.
424 1948 605 2004 Quibus
631 1948 848 1994 omnihus
875 1948 912 1993 si
938 1948 1078 1993 addas
1106 1948 1366 1994 inconsulto
1391 1964 1441 1992 ac
1465 1951 1637 1994 temere
1663 1963 1787 2009 pror-

195 2048 273 2077 sus
308 2030 563 2076 adhibitam
597 2030 1041 2090 interpunctionem.
1079 2029 1359 2074 creberrima
1394 2028 1626 2074 scribendi
1659 2044 1786 2074 com-

197 2112 366 2174 pendia
390 2110 459 2157 vel
486 2110 646 2156 mutila
672 2110 812 2156 verba
830 2114 871 2155 et
890 2110 1175 2165 obtruncata
1195 2126 1327 2171 quae
1347 2125 1452 2155 cum
1480 2109 1788 2155 diversimode

196 2193 321 2239 exire
355 2191 555 2254 possint,
592 2191 811 2237 lectorem
843 2207 1123 2252 suspensum
1149 2191 1370 2245 detinent,
1407 2190 1591 2251 longam
1627 2191 1786 2251 singu—

198 2274 347 2318 larum
384 2272 657 2334 paginarum
684 2272 847 2317 faciem
883 2272 930 2316 in
966 2272 1113 2333 iisque
1158 2272 1385 2317 linearum
1429 2270 1625 2332 spissam
1661 2271 1784 2315 mul—

200 2353 465 2406 titudinenn
508 2353 565 2397 ad
606 2353 715 2397 haec
755 2352 1113 2414 orthographiae
1148 2352 1271 2413 leges
1311 2351 1484 2414 passim
1519 2351 1787 2412 turpissime

198 2433 428 2495 neglectas
457 2448 505 2477 ac
532 2448 798 2494 perversam
832 2432 1165 2478 vocabulorum
1200 2432 1592 2494 periodorumque
1625 2431 1783 2493 dispo—

197 2513 425 2568 sitionem,
463 2513 575 2574 quid
609 2513 782 2558 mirum
817 2513 855 2558 si
882 2512 994 2557 adeo
1022 2513 1221 2574 implexa
1255 2529 1303 2557 ac
1339 2512 1474 2573 plane
1509 2520 1646 2551 δισνὸκτα
1680 2527 1786 2556 eva-

199 2594 309 2640 dant
351 2594 398 2638 111
433 2593 510 2638 illa
546 2593 745 2639 editione
780 2593 1032 2655 diplomata
1067 2593 1327 2649 Pontificia,
1364 2592 1455 2637 iam
1489 2591 1589 2654 ipsa
1622 2607 1705 2653 per
1740 2607 1787 2637 se
