2248 3229
81 234 132 262 An.
150 233 179 261 C.
202 232 270 262 1636

169 1734 265 1755 ronan-x

82 1762 269 1787 Canu-‘nationvm

83 1793 194 1809 tonantum
210 1795 266 1808 roin-

83 1818 152 1838 muttit,
175 1818 197 1836 ut
218 1821 266 1835 con-

83 1845 115 1888 g:
132 1843 177 1863 ittos
193 1848 267 1868 proce·

98 1871 127 1889 at.

891 235 1032 261 vannus
1057 235 1112 260 vm
1137 236 1184 260 FP.

280 281 545 315 contraventionis
570 282 709 316 incidant
733 283 764 316 in
788 282 927 317 diversas
943 295 1018 327 poc-

1700 227 1762 261 557

279 343 336 367 nas
361 333 393 367 in
416 334 461 367 eis
487 334 667 379 impositas:
694 342 813 373 tamen,
838 342 870 369 ut
895 336 1019 380 accepi-
1054 342 1211 377 etatuum,
1237 337 1496 379 conventionum,
1519 343 1698 371 contractus
1717 343 1747 370 ct
1764 348 1796 370 a-

280 397 359 429 mus,
383 387 711 422 MarianusAlidosius
735 389 1021 428 lmolensis,te1nc-

279 441 364 474 rario
388 441 500 486 spiritu
524 442 651 483 ductus,
669 454 741 476 cum
765 443 940 487 possideret
964 453 1020 487 op-

279 494 386 538 pidum
411 506 466 529 seu
491 502 629 530 castrum
646 496 696 530 del
716 497 773 530 Rio
794 502 1019 540 nuncupatum.

280 548 361 581 intra
385 548 464 581 fines
487 548 614 582 ditionis
639 550 820 593 temporalis
836 549 864 584 S.
886 550 918 583 R.
938 549 970 582 E.
989 550 1019 582 in

279 601 442 645 provincia
464 603 688 637 Romandiolae
709 604 813 646 situm,
839 614 934 636 ausus
951 603 1019 643 suit,

279 654 366 686 nulla
383 664 400 687 a
423 655 516 688 nobis
537 655 665 690 obtenta
682 656 818 698 licentia,
837 657 974 689 alienare
991 660 1020 690 ct

281 707 415 741 vendere
439 709 616 753 praefatum
646 716 784 744 castrum
808 710 923 744 Iacobo
947 710 1018 743 duci

280 760 425 804 Salvium,
450 762 503 806 qni
524 763 627 805 etiam,
642 774 704 797 non
721 764 847 797 attentis
872 764 1019 808 praefatis

280 814 556 858 prohibitionibus,
571 821 690 850 temere
715 817 791 850 illud
816 817 900 857 emit,
925 817 1019 850 ctiam

280 867 428 902 simulato
452 874 626 914 praetextu,
651 869 736 913 qnod
760 875 898 904 castrum
916 870 1021 903 huius-

281 921 366 955 modi
390 933 453 956 non
478 929 559 956 esset
589 923 628 956 dc
657 924 777 958 directo
809 929 839 957 et
870 934 1020 967 supremo

280 975 421 1010 dominio
445 982 568 1011 sanctae
592 977 681 1011 Sedis
697 977 906 1021 apostolicae,
925 977 966 1010 ita
986 982 1020 1010 ut

281 1030 380 1064 multo
397 1031 507 1074 magis,
525 1036 588 1064 tam
605 1041 641 1064 ex
662 1031 854 1075 praemissis,
871 1041 965 1075 quam
983 1041 1019 1064 cx

280 1083 348 1116 aliis
372 1094 430 1128 per
454 1084 710 1118 commissarium
735 1095 877 1118 camerac
898 1089 1020 1129 aposto-

281 1137 357 1170 licae
387 1138 568 1181 generalem
599 1148 683 1171 nnnc
717 1143 748 1171 et
781 1149 840 1182 pro
877 1143 1020 1182 tempore

280 1190 462 1224 existentem
477 1190 677 1233 deducendis,
691 1191 807 1224 nedum
825 1191 1018 1235 praedictum

280 1249 418 1277 castrum
443 1244 475 1277 in
494 1254 532 1278 eo
549 1244 616 1288 ipso
636 1244 819 1278 devolutum
843 1244 882 1277 ad
907 1245 1018 1278 Sedcm

280 1298 503 1342 Apostolicam,
523 1298 577 1331 sed
594 1298 688 1331 etiam
714 1298 772 1342 ipsi
798 1299 1020 1332 contrahentes

282 1351 311 1383 in
327 1361 443 1395 poenas
459 1362 477 1384 a
501 1352 569 1384 iure
585 1357 614 1384 et
630 1363 648 1384 a
663 1352 811 1395 praefatis
825 1351 1021 1385 constitutio-

280 1403 388 1446 nibus,
413 1409 443 1437 ct
467 1404 542 1437 alias
567 1404 806 1448 quomodolibet
830 1409 940 1438 contra
957 1415 1019 1437 non

280 1457 483 1491 observantes
504 1459 701 1502 praemissas,
726 1469 761 1491 ac
786 1458 960 1492 dominium
974 1459 1019 1491 di-

281 1517 402 1545 rectum
434 1518 463 1544 et
495 1522 680 1556 supremum
709 1511 797 1546 Sedis
821 1512 1020 1556 Apostolieae

280 1569 438 1608 negantes,
465 1570 494 1598 ct
519 1564 596 1598 illud
622 1575 656 1598 ac
682 1566 912 1609 possessionem
939 1565 1020 1598 eius-

280 1618 351 1652 dem
375 1618 506 1652 Sanctae
530 1618 619 1652 Scdis
643 1618 848 1652 intervertere
872 1619 1020 1659 nitentes,

282 1671 445 1716 impositas
469 1671 654 1705 inciderunt.

325 1726 340 1770 ἓ
363 1725 393 1759 ⁶2.
414 1725 544 1767 Idcirco,
565 1736 614 1769 ne,
634 1731 698 1759 tam
723 1726 853 1770 praefati
875 1736 1021 1760 excessus

281 1784 311 1812 et
335 1780 618 1822 transgressiones,
647 1790 741 1824 quam
769 1779 929 1824 praedicta
960 1780 1021 1813 cri-

283 1831 366 1864 mina
389 1832 511 1876 aliaque
531 1832 653 1872 delicta,
674 1843 770 1876 super
787 1833 968 1876 praemissis
992 1839 1022 1866 et

283 1885 408 1918 illorum
433 1885 598 1918 occasione
622 1885 660 1917 ab
689 1885 733 1918 cis
760 1891 791 1918 et
819 1886 1023 1929 quibuscum-

281 1949 342 1982 qne
358 1938 427 1971 aliis
443 1938 671 1982 cuiuscumque
688 1944 796 1978 status,
814 1939 940 1982 gradus,
952 1950 1022 1973 con-

281 1991 408 2025 ditionis
433 1997 463 2024 et
486 1991 645 2035 dignitatis
666 1992 760 2025 etiam
793 1992 1021 2026 ecclesiasticae

282 2045 506 2088 existentibus,
537 2045 629 2078 etiam
661 2045 787 2089 speciali
821 2046 1021 2090 expressione

281 2099 394 2142 dignis,
419 2099 513 2133 etiam
537 2100 698 2138 auxilium,
719 2099 896 2141 consilium,
916 2100 961 2133 vel
984 2101 1022 2133 sa-

283 2163 389 2186 vorem
407 2153 451 2186 eis
475 2153 712 2197 quomodolibet
729 2154 969 2197 praestantibus,
991 2154 1020 2186 in

283 2206 513 2250 praeiudicium
531 2207 619 2241 Sedis
635 2207 833 2251 Apostolicae
851 2199 1022 2251 quomodo-

283 2259 357 2293 libet
374 2260 541 2293 commissa
561 2265 591 2293 et
608 2266 739 2304 patrata,
758 2261 911 2304 impunita
925 2272 1022 2294 rema-

282 2319 386 2354 neant,
398 2314 523 2348 illorum
538 2315 761 2357 cognitionem,
774 2315 1020 2348 declarationem

282 2372 312 2400 et
328 2367 523 2411 punitionem
541 2367 662 2400 dilectis
676 2367 748 2400 filiis
761 2372 868 2401 nostro
889 2368 1022 2401 Bernar-

282 2419 356 2454 dino
388 2420 469 2454 tituli
501 2421 531 2454 S.
556 2420 706 2464 Stephani
732 2420 762 2453 in
787 2421 892 2454 Coelio
917 2427 1021 2454 monte

284 2473 468 2518 presbytero
493 2474 643 2507 cardinali
668 2474 788 2518 Spadae
821 2479 1021 2518 nuncupato,

283 2538 320 2561 ae
343 2527 492 2572 praelatis
524 2537 607 2560 nunc
637 2532 668 2560 et
695 2538 754 2571 pro
785 2531 927 2571 tempore
957 2527 1022 2561 exi-

285 2581 441 2615 stentibus
465 2580 720 2624 congregationis
752 2580 923 2615 confinium
947 2581 1022 2615 alias

287 2644 343 2677 per
366 2645 424 2668 nos
448 2640 570 2668 erectae
595 2633 818 2668 committenda
837 2633 992 2667 duximus.

1055 389 1170 423 liorum
1196 389 1234 422 ab
1260 390 1336 433 ipsis
1367 391 1648 431 contrahentibus,
1673 396 1703 424 et
1726 391 1795 424 aliis

1054 442 1191 486 desuper
1216 444 1455 486 quomodolibet
1480 449 1652 487 gestorum,
1673 449 1704 477 et
1724 444 1795 478 inde

1054 501 1274 540 seqnutorum,
1294 498 1319 530 si
1344 498 1422 542 qna¹
1439 498 1509 539 sint,
1527 510 1562 532 ac
1580 499 1714 532 aliorum
1736 499 1795 532 sor-

1054 559 1109 582 san
1134 550 1184 582 hic
1203 550 1481 594 exprimendorum
1500 557 1529 584 et
1555 551 1793 585 inserendorum

1055 607 1179 636 tenores
1211 614 1269 647 pro
1302 604 1392 647 plene
1426 604 1549 638 insertis
1581 610 1611 637 et
1641 604 1796 648 expressis

1054 655 1215 697 habentes,
1235 662 1323 690 motu
1341 657 1482 701 proprio,
1500 662 1647 701 certaque
1668 658 1796 690 scientia

1053 720 1089 742 ac
1122 712 1246 743 matura
1278 710 1504 744 deliberatione
1536 712 1672 752 nostris,
1697 711 1796 755 deque

1054 764 1247 807 apostolicae
1266 765 1428 808 potestatis
1446 765 1651 808 plenitudine,
1669 775 1795 798 cansam

1054 821 1084 850 et
1107 828 1217 850 causas
1241 818 1462 852 declarationis
1483 818 1629 852 incursus
1646 819 1797 863 praefata-

1054 881 1125 903 rum
1158 876 1188 904 et
1217 882 1490 915 quarumcumque
1519 872 1651 905 aliarum
1683 882 1798 917 poena-

1055 932 1145 963 rum,
1170 924 1265 957 etiam
1291 925 1625 958 excommunicationis
1651 925 1796 966 maioris,

1054 978 1252 1022 aliarumque
1273 989 1491 1020 censurarum,
1512 989 1636 1012 necnon
1653 979 1798 1012 rebellio-

1054 1031 1102 1064 nis
1127 1042 1163 1064 ac
1187 1032 1328 1065 criminis
1352 1032 1453 1065 laesae
1479 1032 1664 1073 maiestatis,
1689 1031 1798 1066 confis-

1055 1085 1250 1129 cationisqne
1274 1085 1432 1119 honorum
1447 1113 1454 1126 ,
1479 1096 1515 1118 ac
1540 1085 1634 1118 etiam
1667 1085 1797 1119 devolu-

1057 1138 1148 1171 tionis
1172 1143 1202 1171 et
1226 1138 1410 1172 caducitatis
1433 1138 1564 1182 praefati
1589 1138 1695 1179 castri,
1720 1138 1797 1172 alio-

1056 1202 1190 1235 rumque
1207 1196 1384 1225 castrorum
1403 1197 1432 1225 et
1445 1191 1601 1226 bonorum
1617 1191 1798 1233 feudalium,

1055 1255 1110 1278 scu
1130 1245 1436 1290 emphyteuticorum
1455 1245 1797 1288 ecelesiastic01·um,‘si

1055 1296 1135 1341 qua‘3
1156 1298 1314 1342 praefatus
1331 1298 1498 1339 Marianus,
1515 1309 1550 1331 ac
1574 1298 1715 1339 Iacobus,
1735 1298 1799 1331 alii-

1055 1362 1116 1394 que
1140 1351 1283 1395 pracl'ati,
1305 1357 1335 1384 ct
1358 1362 1470 1385 eorum
1495 1351 1637 1395 quilibet,
1655 1351 1748 1384 habet
1768 1358 1796 1384 et

1055 1404 1175 1437 obtinet
1210 1415 1228 1437 a
1260 1405 1339 1438 Sede
1368 1405 1571 1449 Apostolica,
1596 1405 1643 1437 vel
1675 1404 1714 1437 ab
1738 1404 1798 1437 alia

1055 1459 1189 1491 ecclesia
1210 1458 1363 1499 inferiori,
1381 1469 1417 1491 ac
1439 1458 1616 1491 amissionis
1640 1463 1670 1491 et
1693 1459 1798 1502 priva-

1056 1512 1148 1545 tionis
1174 1512 1312 1551 illorum,
1336 1523 1372 1545 ac
1396 1522 1671 1556 quarumcumque
1697 1511 1798 1555 digni>

1056 1571 1165 1605 tatum,
1190 1566 1374 1606 titulorum,
1401 1565 1578 1605 honorum,
1604 1565 1796 1599 indultorum

1055 1624 1085 1651 ct
1110 1619 1349 1662 privilegiorum
1370 1630 1645 1664 quorumcumque
1666 1629 1722 1662 per
1742 1619 1799 1652 Ro<

1056 1682 1164 1705 manos
1190 1672 1356 1705 Pontifices
1380 1672 1642 1718 praedecessores
1661 1677 1797 1712 nostros,

1055 1736 1091 1758 ae
1108 1725 1200 1758 etiam
1219 1736 1277 1769 per
1289 1736 1356 1767 nos,
1371 1730 1399 1758 ct
1417 1736 1434 1758 a
1451 1736 1650 1769 quacumque
1664 1726 1797 1759 ecclesia

1057 1779 1196 1811 inferiori
1221 1779 1323 1811 cidem
1349 1779 1487 1813 Mariano
1512 1785 1542 1812 et
1566 1779 1690 1819 Iacobo,
1714 1778 1797 1812 aliis-

1057 1844 1118 1876 que
1142 1834 1300 1877 praefatis,
1325 1834 1389 1866 sive
1407 1844 1518 1867 eornm
1536 1833 1797 1871 antecessoribus,

1057 1886 1105 1919 vel
1129 1887 1323 1926 auctoribus,
1341 1897 1576 1926 concessorum,
1596 1896 1719 1919 necnon
1743 1886 1798 1919 im-

1057 1939 1220 1983 positionis
1245 1944 1274 1974 et
1298 1939 1479 1972 inflictionis
1504 1939 1748 1983 praedictarum,
1769 1946 1795 1972 et

1056 1994 1189 2026 aliarum
1214 2003 1486 2037 quarumcumque
1504 2002 1679 2036 poenarum
1697 1993 1728 2025 in
1748 1992 1798 2025 de-

1057 2047 1280 2079 clarationibus
1293 2057 1350 2090 per
1360 2046 1518 2079 Romanos
1534 2045 1699 2078 Pontifices
1711 2055 1799 2090 prae-

1056 2099 1239 2133 decessores
1263 2105 1388 2132 nostros
1405 2109 1623 2142 quoscumque
1648 2109 1684 2132 ae
1704 2099 1797 2133 etiam

1056 2163 1112 2196 per
1136 2163 1192 2186 nos
1209 2152 1450 2196 quomodolibet
1467 2152 1602 2196 desuper
1618 2152 1706 2186 sactis
1723 2163 1798 2186 con-

1057 2212 1223 2246 tentarum,
1236 2217 1359 2240 necnon
1373 2217 1499 2239 eausam
1518 2212 1548 2240 et
1567 2217 1686 2247 causas,
1703 2217 1798 2251 quam

1056 2264 1086 2292 ct
1110 2270 1186 2303 quas
1212 2259 1294 2292 idem
1320 2270 1463 2293 camerae
1488 2259 1726 2293 commissarius
1748 2260 1799 2293 ha-

1057 2314 1107 2347 het
1131 2318 1161 2346 et
1186 2318 1299 2352 movet,
1324 2313 1505 2356 habereque
1528 2319 1558 2346 et
1578 2323 1705 2346 movere
1734 2313 1799 2346 vult

1056 2372 1085 2400 et
1103 2366 1233 2399 intendit
1251 2372 1359 2400 contra
1376 2366 1554 2410 praedictos
1574 2366 1748 2399 Marianum
1769 2371 1798 2398 et

1057 2420 1214 2460 Iacobum,
1240 2430 1413 2463 omnesque
1437 2419 1515 2453 alios
1535 2424 1749 2462 quotcumque
1769 2424 1798 2451 et

1056 2484 1291 2517 quoscumque,
1316 2483 1352 2506 ac
1375 2472 1604 2516 cuiuscumque
1629 2472 1798 2516 qualitatis,

1057 2527 1263 2568 conditionis,
1288 2526 1426 2570 gradus,
1451 2531 1550 2559 status
1574 2530 1604 2560 et
1627 2525 1798 2570 dignitatis,

1091 2598 1104 2624 1
1128 2597 1197 2626 Edit.
1215 2598 1298 2624 Main.
1316 2598 1399 2625 habet
1413 2598 1438 2625 si
1453 2606 1526 2632 quae
1541 2597 1637 2632 (n.T.).

1091 2642 1108 2669 2
1128 2643 1199 2670 Edit.
1217 2642 1299 2670 Main.
1318 2641 1400 2670 habet
1413 2642 1439 2670 si
1453 2650 1528 2677 quae
1541 2643 1583 2677 (n.
1599 2644 1647 2676 τ.).

1810 237 1860 264 An.
1878 237 1907 264 C.
1926 237 1996 266 163ss

1098 285 1113 327 g
1137 284 1165 318 3.
1192 284 1391 328 Quapropter
1410 294 1478 325 nos,
1496 284 1711 329 praefatorum
1738 290 1796 318 tra·
1837 300 1867 322 ,ω
1887 306 1948 326 quem
1967 300 1996 319 es-

1812 326 1888 347 sucturn
1905 326 1999 352 peculin-

1811 359 1844 373 τος
1861 358 1946 379 quoque
1962 352 1999 372 ad-

1811 379 1841 400 dit
1857 379 1976 399 facultates.
