2226 3235
67 233 116 260 An.
132 231 160 259 C.
183 230 252 259 1630

87 558 116 579 Ad
125 558 251 578 «minionem

68 588 131 606 enam
147 587 251 605 monaste—

68 618 99 632 ria
114 614 133 631 et
149 612 190 632 atta
203 613 250 631 twa

68 639 103 664 pia
119 640 199 659 teneri.
215 638 251 658 du-

67 666 142 684 ctat-at.

95 1142 192 1163 Clausala
207 1142 252 1163 suls-

68 1169 116 1190 Iulii.

107 1620 187 1640 nuncio
202 1625 253 1645 apo-

70 1648 145 1668 stolico
159 1649 182 1666 nt
199 1647 253 1667 lianc.

69 1673 203 1695 concordiam
214 1673 254 1694 ob-

70 1701 150 1721 servari
178 1701 253 1725 factat,

70 1727 162 1748 mandat.

881 233 1023 259 URBANUS
1045 233 1103 258 vm
1126 235 1175 258 1³1³.

265 279 438 324 praemissa
461 280 700 323 quomodolibet
723 286 813 315 erant
833 287 947 315 statum
975 283 1005 315 in

265 333 412 366 omnibus
432 338 462 366 et
482 344 540 378 per
564 335 668 367 onmia
694 335 897 375 restituimus,
918 346 1006 380 repo-

266 386 370 419 nimus
395 391 425 419 et
444 387 584 431 plenarie
604 388 846 431 reintegramus,
865 399 900 422 ac
920 390 1006 422 resti-

267 444 370 481 tutos,
397 441 552 484 repositos
577 446 602 473 et
629 441 770 484 plenarie
798 442 1006 486 reintegratos

266 503 322 536 per
346 499 528 536 praesentes
544 494 740 527 nunciamus.

312 546 326 589 ξ
348 546 399 579 17.
417 547 572 589 Ceterum,
590 548 627 580 ad
646 548 836 581 obviandum
854 549 960 583 litibus
978 553 1007 581 et

266 600 489 633 controversiis
513 611 591 643 quae
620 601 701 634 inter
731 612 882 645 personas
911 602 1008 635 eccle-

266 653 406 686 siasticas
430 654 507 687 oriri
538 660 685 698 possent,
715 656 827 688 harum
854 656 934 688 serie
959 655 1008 688 de-

266 707 432 748 claramus,
458 707 497 739 ad
521 707 785 741 contributionem
815 708 1006 741 solutionum

267 760 447 793 huiusmodi
465 761 651 794 concordiae
669 761 777 804 vigore
794 761 1007 795 faciendarum

267 813 455 846 monasteria
466 818 495 846 et
508 813 567 846 alia
581 815 647 847 loca
659 814 710 857 pia
725 824 952 858 quaecumque,
963 824 1009 846 re-

266 866 422 909 spectixe⁴
439 867 532 899 etiam
551 868 735 901 eorumdem
754 868 909 901 bonorum
928 877 1007 910 quae

267 919 360 962 vulgo
385 918 532 952 dicuntur
553 920 590 953 de
611 921 644 953 Ιιι
670 921 790 954 bruma
815 924 843 953 et
866 921 1008 960 crianza,

267 982 347 1015 quae
372 972 420 1005 vix
446 983 504 1016 pro
537 984 594 1006 usu
626 977 654 1007 et
687 974 770 1007 victu
799 983 1008 1017 personarum

266 1025 453 1058 eorumdem
478 1026 742 1059 monasteriorum
772 1031 801 1059 et
820 1026 945 1070 piorum
966 1026 1009 1059 lo-

267 1089 377 1112 corum
395 1079 577 1121 inserviunt,
598 1079 697 1112 teneri
714 1085 742 1112 et
761 1079 915 1123 obligatos
932 1080 1007 1113 fore.

311 1132 326 1175 ξ
351 1131 401 1165 18.
422 1132 534 1176 Sicque
559 1133 588 1165 in
613 1133 794 1176 praemissis
814 1133 962 1167 omnibus
979 1139 1009 1167 et

267 1185 399 1228 singulis
424 1196 481 1229 per
505 1196 722 1230 quoscumque
743 1186 861 1220 iudices
879 1192 909 1220 et
926 1198 1009 1221 com-

267 1238 449 1279 missarios,
473 1239 583 1283 quavis
613 1240 799 1274 auctoritate
823 1241 1008 1284 fungentes,

266 1293 359 1326 ctiam
386 1293 466 1326 sacri
491 1294 598 1336 palati-i
622 1294 792 1337 auditores,
811 1299 840 1328 et
867 1295 1007 1328 eiusdem

265 1347 295 1380 S.
321 1346 354 1379 R.
380 1346 413 1379 E.
438 1346 633 1387 cardinales,
663 1347 780 1390 ubique
812 1347 945 1380 iudicari
973 1358 1009 1381 ac

266 1398 391 1431 definiri
408 1398 541 1439 debere,
562 1399 687 1432 irritum
711 1411 837 1444 quoque
857 1406 885 1433 et
908 1400 1008 1441 inane,

267 1452 292 1494 si
317 1462 407 1484 secus
439 1462 535 1496 super
568 1452 616 1485 his
649 1463 665 1485 a
690 1464 871 1497 quoquam,
900 1454 1008 1497 quavis

267 1505 463 1546 auctoritate,
489 1505 624 1549 scienter
649 1506 695 1538 vel
721 1506 913 1549 ignoranter,
938 1517 1010 1541 con-

269 1558 374 1602 tigerit
397 1559 552 1599 attentari,
577 1559 786 1593 decernimus.

313 1613 328 1656 g
352 1613 403 1646 119.
434 1613 472 1646 Et
495 1613 700 1647 nihilominus
726 1614 895 1647 venerabili
920 1614 1008 1648 fratri

269 1666 440 1710 moderno,
458 1671 488 1699 et
512 1666 633 1700 dilectis
657 1667 740 1708 filiis,
758 1673 867 1701 nostro
892 1674 921 1701 et
937 1679 1009 1712 apo-

268 1719 396 1753 stolicae
420 1719 508 1753 Sedis
527 1720 609 1765 apud
634 1721 751 1754 dictum
769 1721 946 1765 Philippum
964 1732 1010 1754 re-

269 1783 340 1817 gem
361 1784 445 1807 nunc
469 1780 499 1807 et
522 1785 580 1819 pro
602 1778 742 1819 tempore
767 1775 910 1808 existenti
934 1785 1011 1808 nun-

269 1827 328 1869 cio,
346 1832 375 1860 et
396 1828 615 1861 commissario
640 1828 778 1872 generali
805 1829 961 1863 cruciatae
978 1828 1010 1861 in

268 1880 374 1923 regnis
390 1881 571 1924 praedictis,
588 1892 645 1925 per
665 1887 846 1925 praesentes
870 1883 1012 1916 commit-

269 1933 364 1966 timus
388 1938 418 1966 et
442 1935 650 1975 mandamus,
675 1940 829 1979 quatenus
853 1936 934 1979 ipsi,
962 1936 1010 1969 vel

268 1987 347 2021 alter
371 1998 492 2028 eorum,
509 1998 568 2031 per
587 1998 630 2029 se,
648 1989 695 2021 vel
719 1989 825 2029 alium,
843 1999 897 2021 seu
922 1988 1009 2031 alios,

268 2046 449 2086 praesentes
464 2042 594 2083 litteras,
608 2042 682 2075 etin
695 2043 740 2076 eis
757 2048 903 2076 contenta
919 2053 1012 2087 quae-

270 2105 428 2139 cumque,
457 2094 511 2128 ubi
536 2099 566 2128 et
589 2095 715 2138 quando
740 2106 820 2140 opus
843 2096 956 2138 suerit,
982 2099 1012 2130 et

269 2148 392 2192 quoties
416 2158 474 2192 pro
498 2153 588 2192 parte
613 2148 686 2183 dicti
711 2149 846 2193 Philippi
871 2149 955 2192 regis
982 2155 1012 2182 et

270 2201 467 2244 singularum
480 2211 687 2245 personarum
701 2202 933 2245 praedictarum
949 2203 1012 2236 fue-

271 2254 334 2288 rint
357 2254 512 2298 requisiti,
537 2255 719 2288 solemniter
744 2255 949 2299 publicantes,
973 2256 1012 2289 ad

271 2307 515 2352 exequutionem
547 2318 657 2342 eorum
690 2309 853 2351 omnium,
879 2309 1013 2353 quaein

271 2361 355 2394 dicta
379 2361 549 2395 concordia
574 2362 794 2404 continentur,
824 2362 1012 2406 procedant,

272 2418 302 2448 et
324 2425 382 2458 per
406 2424 469 2457 θος,
492 2414 530 2447 ad
554 2425 633 2459 quos
657 2420 798 2459 spectat,
821 2415 930 2449 eadem
959 2415 1014 2449 ob-

272 2468 390 2502 servari
409 2473 520 2502 curent
542 2473 572 2501 et
593 2469 724 2509 saciant;
748 2479 870 2503 necnon
894 2469 1012 2502 eisdem

272 2524 388 2555 nuncio
413 2527 443 2554 et
467 2522 686 2556 commissario
715 2523 854 2566 generali
879 2523 1014 2566 iniungi-

273 2585 354 2615 mus,
369 2575 463 2619 quod,
480 2575 534 2608 ubi
560 2581 590 2609 et
614 2576 745 2620 quoties,
766 2586 861 2620 super
884 2577 1013 2621 reparti-

311 2638 322 2664 1
341 2636 438 2672 Aptius
452 2636 478 2664 in
494 2636 545 2665 loc.
558 2637 653 2674 parali.
666 2637 765 2674 legitur
775 2640 903 2674 respectu
914 2639 950 2673 (a.
962 2638 1010 2672 T.).

1040 283 1123 316 tione
1155 288 1182 315 et
1217 281 1304 315 aliis*
1330 283 1361 315 in
1390 282 1472 315 dicta
1505 281 1673 315 concordia
1700 292 1780 314 coii-

1040 336 1152 377 tentis,
1178 336 1297 380 aliquas
1322 335 1512 369 ditl'ercntias
1537 339 1661 369 exortas
1687 335 1781 368 fuisse

1040 389 1260 432 compererint,
1279 389 1357 429 illas,
1374 389 1491 432 absque
1506 388 1717 421 retardatione
1735 398 1782 420 so<

1041 441 1186 481 tutionis,
1211 442 1295 474 iuxta
1321 442 1556 485 repat-titionem
1583 442 1643 474 iam
1669 442 1780 474 sat-tani

1041 498 1071 528 ct
1095 494 1289 535 faciendam,
1313 495 1428 528 iudicio
1453 506 1561 528 eorum
1591 495 1781 540 aequaliter²

1041 553 1231 591 componant
1255 553 1283 580 ct
1310 548 1488 588 terminent,
1510 549 1659 581 iustitiam
1684 549 1780 592 parti-

1041 600 1099 633 bus
1124 601 1340 633 ministrando.
1366 602 1428 634 Nos
1460 601 1541 633 enim
1576 601 1693 634 eisdem
1719 607 1779 634 tani

1041 654 1214 697 praet‘nissa
1239 654 1419 697 peragendi,
1444 664 1537 697 quain
1563 654 1713 697 quidquid
1735 666 1781 687 su-

1041 717 1098 751 per
1122 707 1303 750 praemissis
1329 707 1514 747 statuerint,
1546 708 1629 740 omni
1656 714 1684 740 et.
1710 720 1781 752 qua—

1042 770 1178 803 cumque
1203 760 1411 803 appellatione
1432 763 1565 799 remota,
1583 762 1780 803 exespmtioni

1042 812 1164 845 debitae
1189 813 1408 852 demandandi,
1426 824 1547 846 necnon
1572 813 1780 846 contradicto-

1043 876 1094 899 res
1119 866 1276 910 quoslibet
1301 870 1330 900 et
1354 867 1496 907 rebelles,
1522 877 1578 910 per
1603 872 1781 910 opportuna

1042 919 1119 952 iuris
1143 923 1173 953 ct
1197 920 1267 952 sacti
1291 920 1439 962 remedia,
1453 931 1487 953 ac
1501 920 1628 953 demum
1642 930 1699 963 per
1716 930 1782 952 sen-

1042 974 1173 1014 tentias,
1199 983 1347 1006 censuras
1376 978 1406 1006 et
1439 984 1554 1017 poenas
1587 974 1777 1006 ecclesiasti-

1043 1036 1104 1066 cas,
1121 1026 1329 1070 appellatione
1347 1027 1532 1071 postposita,
1551 1027 1781 1070 compescendi.

1042 1079 1254 1123 legitimisque
1279 1090 1375 1124 super
1402 1080 1439 1113 iis
1467 1079 1619 1113 habendis
1651 1080 1782 1113 servatis

1042 1132 1250 1176 processibus,
1277 1133 1455 1173 sententias,
1477 1143 1625 1166 censuras
1654 1139 1682 1166 et
1712 1143 1783 1177 poe-

1042 1196 1097 1219 nas
1122 1187 1221 1230 ipsas,
1248 1187 1340 1220 etiam
1367 1187 1485 1220 iteratis
1511 1187 1647 1229 vicibus,
1673 1197 1784 1230 aggra-

1042 1239 1145 1279 vandi,
1171 1240 1385 1283 auxiliumque
1409 1240 1530 1273 brachii
1562 1240 1711 1273 secularis
1736 1241 1782 1273 in-

1042 1293 1194 1333 vocandi,
1220 1294 1344 1337 plenam
1376 1299 1402 1327 et
1438 1294 1569 1327 liberam
1605 1294 1782 1327 facultatem

1042 1346 1253 1379 concedimus.

1087 1399 1101 1443 ξ
1127 1400 1176 1432 20.
1203 1401 1271 1433 Non
1295 1400 1489 1433 obstantibus
1519 1401 1616 1433 felicis
1641 1401 1784 1434 recorda-
1800 1412 1972 1432 nonantulana

1043 1453 1136 1486 tionis
1161 1454 1310 1486 Bonisacii
1328 1454 1428 1497 Papae
1449 1454 1513 1486 ml
1532 1454 1784 1497 praedecessoris

1042 1507 1141 1540 nostri
1159 1507 1197 1540 de
1214 1509 1285 1548 una,
1298 1512 1328 1539 et
1344 1507 1375 1539 in
1393 1507 1525 1541 concilio
1543 1508 1682 1550 generali
1703 1508 1781 1540 edita

1042 1560 1080 1592 de
1097 1560 1230 1601 duabus,
1248 1560 1420 1594 dummodo
1440 1561 1521 1594 ultra
1540 1565 1602 1594 tres
1619 1561 1717 1594 dietas
1734 1562 1785 1594 ali-

1042 1613 1112 1657 quis
1129 1614 1313 1648 auctoritate
1334 1615 1546 1658 praesentium
1571 1615 1609 1647 ad
1634 1615 1784 1647 iudiciuin

1042 1677 1105 1700 non
1132 1668 1284 1706 trahatur,
1306 1668 1436 1712 aliisque
1459 1668 1734 1701 constitutionibus
1756 1674 1782 1700 et

1043 1720 1293 1754 ordinationibus
1310 1721 1499 1765 apostolicis,
1517 1731 1638 1755 necnon
1656 1722 1785 1767 quibus—

1042 1775 1098 1816 vis,
1109 1774 1201 1807 etiam
1217 1775 1404 1816 iuramento,
1415 1775 1653 1808 confirmatione
1665 1782 1786 1819 aposto-

1044 1827 1114 1868 lica,
1130 1828 1177 1861 vel
1192 1829 1301 1871 quavis
1314 1828 1462 1861 firmitate
1477 1829 1535 1861 alia
1551 1828 1716 1871 roboratis,
1729 1834 1787 1861 sta<

1044 1881 1117 1914 tutis
1131 1886 1161 1914 et
1174 1882 1463 1924 consuetudinilms,
1475 1882 1599 1925 legibus
1613 1882 1705 1915 etiam
1721 1893 1786 1915 mu-

1043 1934 1242 1978 nicipalibus,
1260 1934 1435 1978 privilegiis
1457 1945 1593 1978 quoque,
1611 1935 1739 1968 indultis
1756 1942 1780 1968 et

1044 1988 1156 2021 litteris
1179 1988 1372 2032 apostolicis,
1391 1988 1448 2021 sub
1468 1988 1722 2032 quibuscumque
1739 1994 1784 2021 te—

1044 2040 1175 2074 noribus
1193 2047 1222 2074 et
1237 2041 1359 2083 formis,
1372 2051 1408 2074 ac
1425 2052 1496 2074 cum
1513 2041 1674 2085 quibusvis
1691 2042 1784 2074 etiam

1045 2094 1318 2137 dcrogatoriarum
1338 2094 1557 2138 derogatoriis,
1575 2095 1707 2138 aliisque
1724 2095 1787 2128 essi-

1045 2148 1221 2181 cacioribus
1247 2153 1277 2181 et
1301 2148 1433 2181 insolitis
1459 2149 1628 2187 clausulis,
1661 2149 1784 2182 irritan-

1045 2201 1192 2246 tibusque
1216 2205 1245 2235 et
1269 2201 1337 2234 aliis
1362 2201 1495 2235 decretis
1510 2229 1517 2242 ,
1543 2202 1573 2234 in
1599 2212 1714 2245 genere
1738 2204 1785 2235 vet

1046 2255 1076 2287 in
1094 2254 1209 2298 specie,
1227 2255 1320 2288 etiam
1339 2260 1425 2288 motu
1451 2255 1592 2299 proprio,
1610 2266 1645 2288 ac
1662 2255 1700 2288 de
1717 2266 1787 2299 apo-

1046 2308 1174 2341 stolicae
1186 2308 1348 2351 potestatis
1358 2308 1562 2352 plenitudine,
1573 2319 1608 2341 ac
1622 2309 1697 2342 alias
1711 2320 1785 2353 quo-

1046 2362 1227 2404 modolibet,
1251 2362 1345 2395 etiam
1370 2362 1490 2395 iteratis
1509 2362 1640 2403 vicibus,
1658 2373 1786 2396 conces-

1046 2415 1097 2457 sis,
1118 2415 1302 2459 approbatis
1320 2420 1349 2448 et
1371 2415 1542 2455 innovatis;
1559 2415 1672 2460 quibus
1689 2416 1787 2449 omni-

1046 2468 1105 2501 bus
1125 2473 1154 2501 et
1179 2468 1319 2511 singulis,
1338 2468 1458 2501 etiamsi
1473 2468 1510 2501 dc
1527 2468 1597 2508 illis,
1612 2479 1785 2513 eorumque

1047 2521 1119 2555 totis
1144 2521 1315 2564 tenoribus,
1334 2521 1489 2565 specialis,
1514 2521 1659 2565 specifica
1684 2527 1714 2555 et
1737 2533 1786 2555 ex-

1083 2595 1094 2621 t
1112 2594 1154 2621 Sic
1169 2593 1195 2620 in
1211 2593 1229 2620 l.
1246 2593 1354 2629 parall.;
1366 2592 1408 2620 ed.
1423 2592 1501 2620 Main.
1515 2592 1557 2619 liic
1573 2592 1598 2620 h.
1611 2593 1686 2621 alias
1698 2594 1784 2629 (n.T.).

1080 2639 1097 2667 2
1112 2638 1205 2675 Aptius
1217 2638 1242 2665 in
1258 2638 1309 2666 loe.
1322 2637 1417 2674 parali.
1430 2637 1482 2674 leg.
1495 2637 1686 2672 aequabiliter
1700 2640 1784 2675 jar.)

1689 224 1752 258 473
1799 234 1846 261 Αη.
1868 234 1896 261 c.
1916 235 1982 262 teao
