2248 3229
236 204 285 232 An,
302 203 330 232 C.
353 203 417 232 1631
467 195 530 230 200

427 252 567 286 rioribus
591 253 799 297 temporibus,
818 262 874 296 per
894 262 966 285 suas
990 257 1020 285 et
1043 257 1167 286 nostras

430 306 604 350 respective
622 307 653 338 in
670 305 779 338 eadem
802 305 902 338 forma
919 305 1026 338 Brevis
1043 305 1169 349 expedi-

430 364 475 392 tas
492 361 621 399 litteras,
635 358 780 391 similiter
797 358 835 390 ad
853 358 1037 392 sexennium
1055 369 1073 391 a
1087 359 1169 393 dieta

429 413 477 446 dic
488 423 506 445 x
517 412 594 445 iunii
608 421 734 445 uncxxv
746 411 969 453 inchoandum,
981 411 1167 456 respective¹

429 476 603 506 «concessas,
618 470 647 498 et
669 475 740 506 seu,
757 470 791 498 ut
810 466 1007 509 praefertur,
1028 471 1170 500 extensas

429 524 459 552 et
482 524 686 562 prorogatas,
712 529 846 561 quarum
877 519 1020 552 omnium
1045 524 1170 552 tenores

429 572 647 615 praesentibus
671 582 730 615 pro
755 571 911 616 expressis
936 568 1053 605 haberi
1070 572 1170 605 volui-

428 636 509 667 mus,
526 625 615 658 iustis
640 630 670 658 et
693 625 841 668 gravibus
866 625 967 659 causis
991 625 1115 658 adducti
1132 626 1170 658 ad

428 678 513 712 aliud
542 678 744 720 sexennium,
769 689 787 711 a
810 679 881 713 data
910 675 1170 722 primodictarum

428 737 609 766 nostrarum
623 733 799 765 litterarum
814 732 1026 766 inchoandum
1034 733 1055 773 ²,
1068 738 1172 766 exten-

429 786 533 819 dimus
547 791 577 818 et
589 785 841 829 prorogavimus,
855 796 978 819 necnon
990 786 1092 819 eidem
1110 796 1171 819 ma-

429 838 528 872 iestati
563 843 633 871 tuae
663 849 699 871 ac
730 838 876 872 omnibus
913 838 1171 872 christifidelibus

431 890 600 934 praedictis
617 890 826 934 indulgentias
847 896 877 924 et
894 892 1011 934 gratias
1028 891 1172 935 spiritua-

429 945 474 978 les
490 949 521 977 et
534 945 724 988 temporales
737 944 924 988 praedictas,
939 955 1009 978 eum
1024 945 1171 978 omnibus

431 1004 460 1031 et
491 998 743 1042 quibuscumque
778 997 924 1040 indultis,
951 998 1171 1039 facultatibus,

430 1052 697 1093 concessionibus,
722 1052 996 1094 declarationibus,
1022 1053 1173 1086 extensio-

431 1107 533 1148 nibus,
559 1107 809 1147 conditionibus,
835 1106 984 1140 clausulis
1009 1112 1039 1140 et
1062 1106 1172 1140 decre-

431 1161 479 1201 tis,
498 1161 529 1193 in
549 1160 693 1203 Gregorii
714 1160 777 1193 xlv
799 1170 834 1192 ac
850 1159 1018 1193 Clementis
1039 1165 1069 1193 et
1086 1160 1172 1193 Pauli

431 1224 552 1246 necnon
567 1213 711 1255 Gregorii
726 1213 775 1245 XV
786 1207 1070 1256 'praedecessorum
1084 1223 1173 1256 prae-

431 1267 588 1300 dictorum
608 1268 701 1309 (quae
721 1265 923 1299 ultimodietis
940 1266 1027 1299 Pauli
1046 1266 1173 1309 praede-

432 1321 565 1354 cessoris
580 1320 732 1364 praedicti
749 1319 861 1352 litteris
874 1330 938 1353 non
953 1320 1172 1363 adversantur)

431 1380 461 1407 et
495 1374 606 1407 iisdem
637 1373 841 1407 ultimodictis
866 1374 953 1407 Pauli
982 1373 1170 1417 praedeces-

432 1427 511 1461 soris
531 1427 682 1471 praedicti
706 1437 742 1460 ac
766 1427 882 1460 nostris
907 1426 1020 1460 litteris
1045 1430 1173 1460 conten·

433 1481 491 1522 tis,
516 1481 554 1513 ad
579 1480 761 1514 sexennium
791 1480 935 1513 similiter
961 1480 1173 1514 concessimus

432 1540 462 1569 et
476 1535 674 1575 indulsimus,
692 1540 787 1578 prout
804 1535 835 1567 in
848 1534 1044 1578 primodietis
1059 1535 1174 1568 nostris

1008 203 1186 228 BULLARIUM
1210 203 1364 229 ROMANUM

1955 204 2002 232 An.
2019 204 2047 232 G.
2070 204 2133 233 1631

1200 251 1391 296 apostolicae
1422 252 1453 284 in
1485 251 1576 286 dictis
1604 252 1710 296 regnis
1734 252 1886 286 moderno
1911 258 1937 285 et

1202 317 1260 350 pro
1278 310 1420 350 tempore
1437 305 1581 338 existenti
1605 307 1777 348 collectori,
1791 306 1868 340 solvi
1878 317 1942 340 om-

1201 359 1276 392 nino
1293 359 1434 393 debeant.

1246 413 1262 456 5
1286 412 1316 446 3.
1342 412 1520 446 Mandantes
1544 418 1714 456 propterea
1739 413 1852 447 dilecto
1877 413 1942 446 filio
2018 425 2140 445 Man-iatum

1202 465 1337 499 Antonio
1351 466 1578 507 Masc'arenhas,
1588 465 1820 510 praedictarum
1831 468 1943 510 gratia·
1957 451 2141 505 '⁶¹50‘s.¹¹.-⁰ps‘>f151-⁰l'u‘35

1204 530 1275 552 rum
1301 519 1487 563 excquutori
1511 525 1542 552 et
1566 519 1784 553 commissario
1810 530 1827 552 a
1851 521 1942 554 nobis

1203 572 1363 616 deputato,
1383 576 1413 606 et
1436 583 1493 616 pro
1527 578 1668 616 tempore
1699 573 1886 616 exequutori
1910 579 1940 606 et

1204 625 1422 659 commissario
1446 625 1635 669 deputando,
1661 625 1880 669 omnibusque,
1905 626 1943 658 ad

1204 689 1283 722 quos
1308 682 1427 722 spectat
1450 683 1480 711 et
1505 678 1669 722 spectabit,
1691 684 1725 711 ut
1749 679 1943 723 praedictam

1205 731 1411 775 pecuniarum
1431 741 1588 764 summam
1605 732 1765 766 collectori
1782 732 1944 776 praedicto

1205 785 1326 828 integre
1345 785 1423 818 solvi
1444 784 1565 818 saciant.

1249 839 1264 882 ξ
1287 838 1317 871 ll.
1342 839 1411 872 Non
1442 838 1638 872 obstantibus
1669 839 1944 872 constitutionibus

1206 896 1235 924 et
1259 891 1511 925 ordinationibus
1541 891 1741 936 apostolicis,
1770 891 1946 936 ceterisque

1206 945 1373 979 contrariis
1397 945 1658 989 quibuscumque.

1249 999 1361 1032 Datum
1376 999 1502 1040 Romae,
1524 999 1607 1042 apud
1625 999 1654 1032 S.
1671 999 1807 1040 Petrum,
1821 999 1879 1032 suh
1897 1009 1946 1032 an-

1206 1052 1281 1086 nulo
1304 1052 1481 1094 Piscator-is,
1502 1052 1551 1085 die
1572 1063 1603 1085 m
1626 1052 1776 1086 februarii
1795 1063 1946 1095 iuncxxxi,

1206 1106 1406 1150 pontificatus
1423 1105 1522 1140 nostri
1535 1116 1617 1139 anno
1631 1116 1696 1139 vu1.

1243 1167 1300 1195 Dat.
1318 1168 1361 1196 die
1378 1168 1405 1196 11
1425 1168 1555 1196 februarii
1572 1168 1650 1201 1631,
1666 1169 1760 1204 pontif.
1777 1178 1847 1197 anno
1862 1177 1918 1197 vinv

2028 849 2144 875 berngario

1960 879 2120 899 contrariorum.

1453 1285 1702 1318 CCCLXXXVIII.

1207 1355 1382 1399 Depztlalio
1396 1356 1560 1399 praesulis
1577 1355 1807 1399 Luqdunensis
1828 1357 1864 1390 in
1883 1367 1949 1391 exe-

1251 1413 1422 1452 quutorem
1438 1408 1547 1442 bullae
1560 1419 1662 1453 snpra
1676 1410 1796 1443 relatae
1810 1421 1886 1454 pay.
1901 1411 1948 1444 95

1251 1462 1289 1495 de
1309 1463 1464 1495 erectione
1480 1463 1580 1495 unius
1599 1463 1867 1506 Conyreqalionis
1886 1465 1949 1506 fra-

1252 1519 1341 1548 [rum
1357 1516 1635 1549 Discatccalormn
1656 1516 1791 1550 Ordinis
1805 1517 1949 1551 Sanctis-

1252 1570 1353 1603 simae
1371 1571 1546 1603 Trinitatis
1562 1570 1790 1614 reclemptionts
1809 1571 1949 1614 captivo-

434 1588 543 1623 litteris
561 1588 741 1621 huiusmodi
757 1588 880 1631 plenius
897 1588 1084 1621 continetur.

477 1642 533 1686 §Q
549 1643 588 1676 Ut
604 1647 709 1675 autem
726 1641 843 1675 fabrica
857 1641 1004 1675 basilicae
1020 1642 1174 1686 Principis

433 1696 649 1740 apostolorum
675 1695 713 1727 de
740 1695 838 1736 Urbe,
863 1705 943 1738 quae
975 1695 1007 1727 in
1032 1694 1172 1728 eiusdem

1252 1634 1326 1656 rum
1352 1623 1388 1657 in
1411 1633 1510 1666 reyno
1534 1623 1704 1656 Franciae.

1417 1695 1552 1722 Urbanus
1573 1694 1652 1729 Papa
1665 1695 1744 1728 VIII,

1349 1740 1386 1766 ad
1407 1739 1542 1766 futuram
1565 1739 1609 1766 rei
1629 1739 1809 1767 memoriam.

270 1657 346 1676 necem
362 1656 416 1675 mille

233 1684 322 1703 (tristatos
356 1683 417 1711 smslss

233 1716 271 1730 cae
307 1710 328 1730 S.
361 1710 417 1730 Petri

234 1737 325 1762 versatu
342 1737 407 1757 iubet.

433 1750 649 1794 apostolorum
674 1749 827 1793 Principis
852 1749 1006 1782 honorem
1022 1748 1084 1781 iam
1098 1749 1174 1781 mul-

434 1804 471 1838 tis
491 1804 580 1836 annis
604 1803 784 1846 ingentibus
808 1803 986 1846 sumptibus
1011 1802 1173 1843 extruitur,

433 1862 521 1901 parte
546 1857 625 1890 alia3
642 1857 826 1890 eorumdem
849 1857 989 1890 fidelium
1006 1858 1174 1901 eleemosy-

433 1922 544 1945 narum
563 1911 737 1953 adiuvetur,
757 1912 911 1951 volumus,
929 1916 959 1943 et
975 1911 1057 1944 dicta
1073 1916 1175 1943 aucto-

434 1966 534 2006 ritate,
552 1970 661 1997 tenore
678 1964 899 2008 praesentium,
915 1964 1123 2003 decernimus,
1142 1969 1175 1996 ut

434 2031 471 2052 ex
495 2018 713 2062 eleemosynis,
733 2029 812 2061 quae
837 2020 931 2051 causa
955 2023 985 2051 et
1009 2017 1175 2050 occasione

434 2073 589 2107 dictarum
630 2071 895 2115 indulgentiarum
936 2076 966 2104 et
1001 2071 1173 2114 gratiarum

435 2127 661 2170 erogabuntur,
678 2126 786 2159 decem
805 2125 907 2158 mille⁴
921 2125 1027 2158 ducati
1051 2124 1120 2158 auri
1137 2124 1175 2157 de

435 2181 560 2214 camera
577 2179 754 2223 quotannis,
772 2189 789 2211 a
810 2179 881 2211 data
898 2178 1110 2222 praesentium
1129 2178 1175 2210 in-

436 2233 590 2278 cipiendo,
604 2232 704 2266 eidem
723 2233 858 2265 fabricae
880 2232 1047 2276 impartiri,
1063 2243 1099 2265 ac
1116 2242 1175 2275 pro

436 2289 472 2321 ea
504 2286 674 2320 venerabili
706 2286 794 2319 fratri
826 2285 995 2319 Laurentio
1026 2285 1175 2329 episcopo

437 2340 627 2381 Hieracensi,
645 2340 819 2384 spoliorum
837 2343 866 2374 et
890 2339 1008 2373 iurium
1032 2348 1176 2372 camerae

475 2441 481 2466 1
503 2439 589 2467 Verba
603 2438 742 2466 similiter
758 2438 952 2473 publicandas
972 2441 997 2465 et
1019 2438 1176 2465 clm-atinus

436 2485 498 2512 heic
511 2484 665 2520 importune
680 2483 782 2510 intrusa
798 2483 922 2510 delemus
939 2484 973 2518 (a.
986 2483 1036 2518 1.).

471 2530 487 2556 2
501 2529 568 2556 Male
584 2528 648 2556 edit.
664 2528 745 2555 Main'.
761 2528 825 2563 legit
839 2528 1037 2555 inchoandam
1050 2528 1088 2562 (a.
1101 2526 1150 2561 T.).

472 2574 488 2601 3
503 2573 602 2600 Forsan
617 2573 763 2608 legendum
778 2574 880 2608 aliquit
896 2577 934 2606 (R.
946 2573 995 2606 T.).

473 2619 488 2645 t
502 2617 552 2646 Ed.
563 2617 642 2647 Maia.
658 2617 723 2653 legit
737 2617 834 2646 decem
849 2617 945 2647 millia
959 2617 1065 2648 ιῐιιοαια
1079 2616 1115 2652 (a.
1127 2615 1175 2650 T.).

1253 1800 1335 1834 Alias
1358 1812 1374 1833 a
1400 1801 1490 1834 nobis
1514 1806 1700 1834 emanarunt
1724 1801 1846 1835 litterae
1867 1806 1951 1835 teno-
1991 1812 2132 1834 Prooemium,

1208 1855 1252 1887 ris
1276 1854 1506 1897 subsequentis,
1532 1854 1692 1888 videlicet:
1718 1860 1775 1888 etc.
1788 1854 1805 1887 ¹.

1253 1909 1267 1949 ‚Q
1294 1908 1319 1940 l.
1345 1908 1422 1941 Cum
1448 1913 1574 1949 autem,
1607 1908 1687 1941 sieut
1716 1919 1775 1951 pro
1797 1913 1885 1952 parte
1909 1909 1952 1942 di—
1994 1918 2108 1943 nepuiauo
2124 1917 2151 1948 qe

1209 1966 1333 1995 ctorum
1358 1962 1491 1994 fratrum
1516 1961 1608 1994 nobis
1638 1953 1950 2005 denuo'expositum
1966 1951 2041 1971 quam
2056 1944 2148 1966 mbdea'

1209 2015 1276 2056 suit,
1288 2015 1500 2059 praeinsertae
1514 2015 1635 2047 litterae
1648 2014 1830 2048 huiusmodi
1844 2015 1950 2048 multis

1209 2081 1244 2102 ac
1269 2068 1402 2102 diversis
1427 2069 1459 2101 in
1484 2068 1560 2101 locis
1584 2079 1601 2100 a
1626 2079 1658 2101 se
1683 2068 1817 2101 invicem
1838 2069 1952 2102 distan-

1210 2123 1293 2156 tibus
1309 2122 1511 2166 exequutioni
1528 2122 1764 2155 demandandae
1782 2122 1851 2165 sint,
1865 2134 1952 2167 prae-

1209 2176 1311 2208 dictus
1337 2185 1411 2208 vero
1436 2180 1542 2208 noster
1574 2179 1601 2207 et
1634 2175 1833 2219 Apostolicae
1864 2175 1952 2209 Sedis

1209 2229 1359 2271 nuntius,
1384 2228 1424 2262 ob
1449 2228 1614 2262 continuas
1647 2228 1761 2272 quibus
1796 2228 1952 2264 detinetur

1210 2282 1442 2326 occupationes,
1460 2282 1499 2314 ad
1518 2282 1585 2315 loca
1604 2282 1787 2316 huiusmodi
1805 2293 1838 2316 se
1854 2287 1953 2315 trans-

1210 2336 1292 2369 ferre
1316 2339 1460 2379 nequeat,
1485 2335 1659 2379 exindeque
1683 2335 1748 2376 fiat,
1768 2340 1802 2368 ut
1825 2346 1950 2369 earum-

1210 2390 1282 2423 dem
1306 2389 1481 2422 litterarum
1507 2390 1677 2432 exequutio
1702 2400 1765 2423 non
1784 2389 1886 2423 solum
1904 2400 1953 2422 re-

1212 2443 1362 2483 tardetur,
1373 2453 1482 2476 verum
1496 2442 1590 2476 etiam
1604 2443 1733 2476 omnino
1748 2442 1949 2486 impediatur:

1211 2497 1301 2530 nobis
1333 2500 1500 2541 propterea
1529 2497 1623 2530 iidem
1655 2497 1766 2531 fratres
1790 2496 1952 2529 humiliter

1211 2550 1383 2595 supplicari
1408 2551 1569 2591 fecerunt,
1594 2555 1628 2584 ut
1650 2550 1708 2584 sihi
1733 2549 1870 2594 desuper
1896 2560 1951 2594 op—

1248 2616 1259 2644 1
1277 2614 1332 2644 Has
1347 2614 1451 2644 litteras
1466 2613 1589 2643 dedimus
1603 2621 1686 2650 supra
1698 2622 1726 2649 p.
1737 2612 1773 2642 95
1785 2613 1813 2642 h.
1827 2616 1846 2642 t.
1859 2613 1952 2649 (aaz).
