2221 3224
219 272 265 300 An.
285 272 311 300 c.
336 272 402 300 1630
448 264 510 297 4402

415 322 501 354 inille
526 320 665 360 cruciati,
692 318 766 363 qui¹
793 318 971 350 dividentiu-
1000 324 1029 350 et.
1052 317 1155 349 distri-

415 376 551 407 liuentur
576 385 669 418 super
693 372 867 405 redditibus
885 372 1105 404 ecclesiasticis
1123 371 1153 403 in

415 429 616 473 praeinsertis
649 428 760 461 litteris
792 426 972 459 huiusmodi
1008 435 1152 469 compre-

417 483 531 523 licnsis,
557 483 718 515 solvantur
743 486 773 514 et
797 486 954 524 ponantur
974 481 1004 512 in
1030 480 1153 513 civitate

418 536 648 580 l⁷lyssiponensi
663 535 806 578 expensis
817 534 890 567 dicti
905 539 1002 567 status
1014 533 1155 566 ecclesia-

416 591 482 622 stici
507 600 602 632 penes
626 600 794 632 personam
820 600 875 621 seu
899 598 1060 632 personas,
1078 598 1154 631 quas

416 643 516 676 (lictus
542 643 706 686 Philippus
723 653 778 675 rex
794 642 1014 682 nominaverit,
1029 647 1058 674 et
1074 641 1155 673 dicta

416 697 571 739 quantitas
589 696 741 738 exigatur,
758 701 792 728 ut
809 695 925 728 dictum
941 700 995 735 est,
1013 694 1156 738 expensis

416 754 446 781 ct
482 749 657 792 sumptibus
692 749 765 781 dicti
802 753 898 782 status
931 748 1155 788 ecclesiastici,

417 803 535 845 absque
560 814 597 835 eo
622 802 706 846 quod
732 803 763 834 in
788 802 948 834 exactione
974 802 1056 833 illius
1081 801 1154 833 fiant

417 856 539 899 aliquae
556 866 711 899 expensae
735 866 770 888 ex
795 860 883 898 parte
904 855 1003 898 ipsius
1021 854 1155 897 Philippi

417 909 511 951 regis,
536 909 680 952 dictaque
704 908 826 941 exactio
851 908 905 940 fiat
928 918 984 950 per
1009 907 1157 940 officiales

417 962 656 1003 ecclesiasticos,
682 961 859 995 ordinarios
885 962 1041 1004 praelatos
1058 966 1085 993 et
1108 971 1156 993 ca-

416 1015 532 1058 pitula,
557 1015 670 1059 quibus
695 1015 796 1047 dictus
822 1014 983 1057 Philippus
1007 1025 1061 1046 rex
1085 1024 1158 1057 pro-

417 1069 553 1101 visiones
577 1074 607 1101 et
631 1068 750 1101 litteras
774 1072 914 1111 patentes
940 1078 997 1110 pro
1022 1077 1158 1109 exequu-

418 1123 502 1155 tione
527 1122 720 1154 necessarias
746 1121 885 1164 expediri
914 1121 1094 1159 mandabit3
1120 1119 1157 1151 ad

419 1175 717 1219 transportationem
751 1185 825 1207 vero
858 1179 888 1206 et
918 1174 1157 1207 conductionem

418 1229 572 1262 dictarum
600 1229 805 1272 pecuniarum
838 1228 988 1260 officiales
1023 1227 1158 1259 iustitiae

419 1283 557 1315 eiusdem
582 1282 716 1325 Philippi
735 1281 817 1324 re'gis
838 1281 998 1323 assignent
1013 1280 1159 1313 custodes

419 1347 489 1369 cum
514 1335 748 1380 provisionibus
780 1340 810 1367 et
841 1334 909 1366 aliis
937 1334 1031 1366 rebus
1065 1333 1157 1365 etiam

419 1390 626 1429 necessariis,
655 1389 775 1431 absque
799 1398 836 1420 eo
860 1387 943 1430 quod
970 1397 1027 1430 pro
1052 1386 1159 1419 liuius—

420 1443 504 1477 modi
530 1443 673 1476 custodia
705 1447 732 1474 et
765 1442 931 1474 securitate
961 1440 1078 1483 aliquid
1103 1450 1159 1483 pci·

421 1503 532 1529 statum
548 1489 793 1529 ecclesiasticum
811 1494 1004 1538 expendatur
1022 1505 1075 1526 seu
1090 1504 1160 1526 ero-

422 1556 535 1593 getur,
562 1550 689 1592 insuper
716 1548 894 1592 praedictus
920 1548 1080 1590 Philippus
1105 1557 1158 1579 rex

420 1614 588 1648 personam
613 1603 748 1645 aliquam
768 1613 822 1634 seu
840 1601 1108 1638 communitatem,
1123 1611 1159 1632 ex

422 1656 658 1700 comprehensis
672 1656 702 1687 in
717 1655 919 1698 praeinsertis
931 1654 1051 1694 litteris,
1064 1664 1079 1685 a
1090 1664 1161 1686 con-

422 1711 593 1743 tributione
618 1721 690 1743 suae
715 1715 800 1742 ratae
833 1709 863 1741 in
889 1708 1039 1740 divisione
1067 1707 1161 1740 dicto-

422 1776 493 1797 rum
518 1764 736 1797 donativorum
761 1763 938 1795 nullatenus
963 1761 1088 1801 eximat,
1105 1771 1161 1793 nec

423 1819 527 1862 aliqua
551 1828 685 1861 persona
710 1828 765 1849 seu
788 1816 1007 1855 communitas,
1029 1826 1064 1847 ex
1082 1825 1164 1847 coin-

424 1872 589 1916 prehensis
614 1872 645 1903 iii
670 1871 786 1903 eisdem
811 1869 1016 1913 praeinsertis
1040 1868 1162 1907 litteris,

424 1926 528 1968 aliquo
553 1924 761 1968 exemptionis
779 1923 934 1967 generalis
951 1933 1005 1955 seu
1020 1922 1163 1965 specialis

425 1979 591 2023 privilegio
616 1979 653 2010 ab
679 1978 788 2010 eadem
809 1977 886 2009 Sede
904 1976 1032 2009 obtento
1048 1976 1094 2007 vel
1111 1975 1165 2007 ob-

425 2032 563 2071 tinendo,
583 2032 620 2064 ad
638 2032 783 2064 effectum
801 2041 864 2063 non
890 2028 1108 2062 contrilniendi
1127 2028 1164 2059 ad

426 2086 604 2119 huiusmodi
630 2085 785 2125 donativa,
810 2094 842 2116 se
868 2084 974 2115 iuvare
1003 2082 1110 2125 possit,
1137 2087 1166 2113 et

428 2140 458 2172 in
483 2143 637 2179 eventum,
664 2139 694 2170 in
718 2148 811 2181 quem
836 2136 1036 2180 privilegium
1063 2135 1167 2167 huius-

428 2192 512 2225 modi
533 2193 674 2225 obtinere
699 2191 875 2233 contingat,
895 2190 1058 2232 derogatio
1082 2189 1166 2221 illius

428 2248 467 2279 ab
493 2247 604 2279 eadem
629 2246 706 2278 Sede
733 2245 919 2285 obtineatur,
945 2249 975 2276 et
992 2244 1017 2276 si
1034 2253 1096 2276 non
1114 2243 1168 2275 ob-

429 2300 599 2341 tinebitur,
634 2299 663 2331 id
696 2304 795 2331 totum
820 2297 902 2340 quod
934 2306 1087 2340 personae
1113 2306 1166 2327 seu

430 2353 669 2387 communitates
701 2352 744 2384 sic
779 2356 940 2394 exemptae
965 2360 1028 2382 non
1052 2349 1167 2382 contri-

429 2408 570 2447 huei'int,
592 2407 673 2439 idem
699 2405 863 2448 Philippus
888 2415 941 2436 rex
967 2415 1001 2436 ex
1027 2402 1168 2447 pecuniis

430 2461 538 2504 vigore
560 2461 826 2504 praeinsertaruni
846 2457 1084 2491 concessionum
1102 2466 1169 2489 exa-

432 2514 489 2546 ctis
514 2514 646 2546 deducat
671 2524 724 2545 seu
749 2512 899 2549 defalcet3
932 2510 1079 2553 quodque
1105 2510 1169 2552 ipse

433 2568 669 2610 Philippusrex,
683 2566 929 2609 praemissorum
944 2564 1084 2596 omnium
1100 2573 1170 2595 con-

434 2622 641 2654 firmationem
668 2632 739 2653 cuin
763 2620 911 2653 clausulis
928 2624 958 2651 ct
972 2618 1101 2651 cautelis
1118 2627 1169 2650 ne-

472 2685 481 2711 1
500 2683 596 2711 Vocem
608 2684 659 2718 qui
673 2691 721 2709 nos
732 2682 883 2710 addendam
899 2681 1053 2708 censuimus
1067 2684 1105 2715 (R.
1118 2681 1167 2713 Τ.).

990 269 1169 294 BULLARIUM
1192 269 1346 293 ROMANUM

1188 318 1331 350 cessariis
1356 323 1386 349 et
1410 315 1607 360 opportunis,
1628 327 1645 349 a
1661 316 1752 350 nobis
1768 320 1797 349 et
1814 315 1925 348 eadem

1187 371 1264 403 Sede
1289 370 1499 414 quantocitius
1523 374 1626 413 petat;
1659 370 1847 413 attentisque
1871 379 1925 402 ne-

1188 416 1383 457 cessitatibus
1409 423 1440 455 in
1464 422 1666 466 praeinsertis
1687 422 1761 455 dicti
1780 421 1925 465 Gregorii

1187 476 1437 520 praedecessoris
1456 476 1568 509 litteris
1584 475 1749 520 expressiS,
1765 475 1925 519 praedicta

1188 531 1390 575 pecuniarum
1417 531 1596 574 quantitate,
1618 530 1648 563 in
1666 529 1810 563 terminis
1830 539 1927 572 supra

1189 585 1342 628 expressis
1366 584 1533 626 exigenda,
1559 584 1652 617 etiam
1677 593 1739 616 non
1765 582 1925 626 expectata

1189 638 1369 671 huiusmodi
1395 642 1573 670 contractus
1597 636 1858 676 confirmatione,
1882 634 1927 668 uti

1189 692 1302 736 possit3
1329 691 1475 735 quodque
1499 691 1581 723 idem
1604 701 1677 731 rex,
1695 691 1727 723 in
1744 694 1928 733 computum

1190 746 1370 789 quantitatis
1394 744 1625 788 praedictarum
1645 744 1862 788 pecuniarum,
1880 753 1930 786 pe-

1190 800 1323 841 cuniam,
1350 809 1429 842 qnae
1454 798 1549 831 fuerit
1573 803 1679 830 exacta
1703 790 1810 840 vigore
1841 806 1930 840 prae-

1190 853 1346 886 dictorum
1372 852 1516 885 Brevium
1545 856 1579 884 ut
1609 851 1786 895 praefertur
1814 860 1929 883 renun-

1191 906 1355 946 ciatorum,
1380 906 1572 951 reciperem
1588 904 1742 937 defalcare
1765 908 1929 942 teneatur,

1191 963 1220 993 et
1244 953 1334 999 alias,
1354 964 1450 1003 prout
1474 959 1504 990 in
1528 958 1611 991 dicto
1642 957 1851 990 instrumento
1875 967 1931 1000 per

1192 1013 1405 1046 Baldassarem
1431 1011 1578 1045 Martinez
1602 1011 1713 1045 Criado
1734 1010 1869 1044 scribam
1886 1020 1932 1043 re-

1192 1066 1289 1108 gium,
1299 1065 1412 1099 Matriti
1426 1065 1483 1098 sub
1498 1065 1547 1097 die
1557 1074 1624 1097 xvn
1641 1064 1780 1097 februari
1793 1073 1931 1097 iiincxxix

1192 1131 1264 1161 seu,
1289 1125 1346 1153 etc.
1373 1120 1526 1160 confecto,
1550 1118 1673 1163 plenius
1697 1118 1812 1151 dicitur
1832 1117 1930 1151 conti-

1192 1173 1276 1213 neri3

1237 1227 1251 1269 ξ
1275 1226 1305 1259 3.
1330 1226 1441 1266 Quare,
1454 1236 1512 1269 pro
1531 1231 1621 1269 parte
1638 1225 1713 1258 dicti
1730 1223 1866 1268 Philippi
1884 1234 1930 1256 re-

1193 1280 1240 1322 gis
1265 1290 1300 1312 ac
1324 1280 1537 1323 praelatorum
1555 1283 1585 1313 et
1610 1288 1816 1322 personarum
1837 1277 1932 1310 eccle-

1193 1333 1388 1366 siasticarum
1406 1333 1561 1366 dictorum
1579 1342 1750 1375 regnorum
1772 1330 1933 1372 Portugal·

1193 1387 1251 1419 liae
1275 1391 1304 1419 et
1328 1386 1560 1429 Algarbiorum,
1586 1385 1677 1418 nobis
1697 1385 1755 1417 fuit
1771 1383 1932 1416 humiliter

1193 1440 1412 1483 supplicatum,
1425 1445 1459 1472 ut
1479 1439 1687 1472 instrumento
1706 1443 1735 1471 et
1758 1436 1933 1485 contractui

1193 1493 1373 1526 huiusmodi
1397 1493 1587 1537 apostolicae
1609 1490 1856 1525 confirmationis
1887 1501 1935 1524 ro-

1193 1548 1254 1580 bur
1279 1548 1425 1587 adiicere,
1446 1547 1585 1589 aliasque
1604 1546 1739 1589 desuper
1756 1549 1934 1588 opportune

1193 1601 1360 1644 providere
1374 1601 1411 1633 de
1426 1600 1619 1643 benignitate
1641 1599 1815 1643 apostolica
1831 1598 1935 1641 digna-

1195 1666 1318 1687 remur:

1240 1709 1254 1751 §
1278 1708 1307 1740 4.
1322 1709 1385 1741 Nos
1406 1707 1512 1750 igitur,
1529 1706 1665 1750 Philippi
1686 1705 1770 1749 regis
1795 1715 1830 1738 ac
1848 1715 1936 1748 prae-

1196 1762 1329 1794 latorum
1360 1766 1389 1793 et
1417 1770 1622 1804 personarum
1649 1758 1934 1792 ecclesiasticarum

1196 1815 1289 1855 votis,
1315 1819 1465 1857 quantum
1492 1824 1563 1847 cum
1588 1813 1720 1845 Domino
1745 1822 1935 1856 possumus,

1196 1878 1344 1908 annuere,
1369 1868 1500 1910 illosque
1525 1866 1712 1909 specialibus
1729 1865 1889 1898 favoribus
1906 1870 1937 1898 et

1198 1922 1306 1964 gratiis
1330 1921 1479 1964 prosequi
1503 1920 1652 1959 volentes,
1677 1928 1801 1951 necnon
1826 1918 1934 1960 singu-

1199 1976 1278 2007 lares
1292 1975 1505 2018 praelatorum
1523 1977 1552 2006 et
1572 1982 1779 2016 personarum
1795 1971 1937 2004 ecclesia-

1199 2029 1344 2061 sticarum
1370 2027 1550 2060 huiusmodi
1575 2036 1725 2070 personas
1742 2035 1759 2057 a
1775 2024 1936 2068 quibusvis

1199 2081 1542 2121 excommunicationis,
1560 2079 1775 2123 suspensionis
1792 2084 1822 2111 et
1846 2078 1938 2111 inter-

1199 2137 1282 2177 dicti,
1301 2136 1430 2179 aliisque
1448 2133 1666 2168 ecclesiasticis
1684 2132 1854 2173 sententiis,
1869 2142 1939 2165 cen-

1200 2190 1335 2222 suriset
1359 2188 1469 2232 poenis
1485 2215 1492 2228 ,
1517 2198 1534 2219 a
1559 2187 1627 2219 iure
1652 2186 1698 2218 vel
1725 2186 1762 2218 ab
1788 2186 1937 2228 homine,

1200 2243 1307 2286 quavis
1328 2242 1491 2275 occasione
1513 2241 1559 2273 vel
1577 2242 1670 2273 causa
1686 2239 1766 2279 latis,
1784 2239 1807 2271 si
1827 2239 1939 2282 quibus

1200 2295 1437 2340 quomodolibet
1452 2294 1617 2327 innodatae
1638 2293 1783 2332 existunt,
1801 2292 1839 2324 ad
1864 2292 1939 2324 effe-

1201 2355 1284 2382 ctum
1310 2348 1521 2392 praesentium
1551 2347 1711 2379 dumtaxat
1740 2354 1936 2389 consequen-

1201 2403 1285 2443 dum,
1311 2402 1420 2434 harum
1435 2401 1516 2433 serie
1530 2400 1725 2433 absolventes
1739 2404 1769 2432 et
1782 2399 1939 2431 absolutas

1202 2456 1267 2488 fore
1281 2460 1452 2493 censentes,
1466 2453 1646 2486 huiusmodi
1660 2450 1939 2496 supplicationibus

1202 2508 1350 2548 inclinati,
1369 2511 1563 2541 contractum
1582 2507 1765 2550 praefatum,
1787 2515 1832 2545 ac,
1846 2509 1941 2548 prout

1202 2564 1290 2595 illum
1323 2566 1538 2602 concernunt,
1566 2560 1673 2594 omnia
1703 2564 1733 2592 et
1762 2557 1885 2600 singula
1908 2557 1940 2589 in

1202 2617 1409 2649 instrumento
1427 2616 1562 2658 desuper
1579 2615 1720 2647 confecto
1738 2615 1894 2652 contenta,
1909 2616 1940 2644 et

1202 2671 1273 2703 inde
1297 2675 1427 2714 sequuta
1452 2678 1690 2714 quaecumque,
1721 2666 1806 2699 licita
1836 2669 1940 2700 tamen

1933 267 1982 294 An.
2003 267 2032 294 c.
2055 252 2124 295 1630

2020 1233 2130 1259 Phiiippus

1946 1266 1982 1281 rex
1998 1262 2130 1280 contractum

1947 1293 1993 1307 cuni
2002 1287 2132 1306 ecclesiasti-

1947 1320 1977 1334 cis
1994 1314 2065 1333 initum
2078 1313 2132 1339 petit

1947 1340 2073 1360 confirmari.

1986 1713 2024 1744 Cui
2039 1713 2134 1734 Pontifex

1951 1744 2030 1761 annuit.
