2248 3229
234 216 282 242 An.
304 215 332 242 C.
352 214 421 242 1639

469 207 531 240 710

1009 216 1188 240 BULLARIUM
1212 215 1366 240 ROMANUM

431 264 516 304 dum,
541 265 652 296 harum
679 264 759 296 serie.
784 263 979 296 absolventes
998 269 1025 295 et
1048 264 1170 295 absolu-
1186 271 1187 286 t
1205 274 1332 305 gamus,
1358 262 1532 305 ceterisque
1554 263 1719 295 contrariis
1736 263 1940 306 quibuscum-

432 323 496 348 tum
522 317 587 348 sore
612 322 784 355 censentes,
809 315 990 347 huiusmodi
1016 316 1170 358 supplica—

433 369 568 401 tionibus
594 369 742 410 inclinati,
760 368 932 407 decretum,
949 368 1070 411 aliaque
1084 378 1170 411 prac-

433 423 534 461 missa,
552 428 581 455 et
599 422 668 454 inde
694 425 824 465 sequuta
843 432 1071 465 summumque,
1096 432 1166 464 apo-

432 475 540 507 stolica
564 475 770 515 auctoritate,
803 481 910 507 tenore
934 475 1167 518 praesentium,

433 533 585 571 perpetuo
618 528 829 571 approbamus
861 534 891 561 et
925 528 1170 568 confirmamus,

433 580 554 623 illisque
574 586 744 624 perpetuae
762 585 791 615 et
809 581 996 613 inviolabilis
1015 581 1171 614 firmitatis

434 633 532 665 robur
562 633 743 675 adiicimus,
769 645 891 667 necnon
921 645 1030 667 omnes
1055 640 1084 666 et
1108 634 1170 666 sin-

433 686 523 727 gulos
548 691 609 718 tani
636 687 712 719 iuris
737 698 829 730 quam
862 687 932 719 sacti
965 687 1120 728 desectus,
1146 687 1170 719 si

432 739 484 782 qui
517 739 653 782 desuper
685 740 930 780 intervenerint,
967 741 1170 784 supplemus;

433 791 539 824 eadem
565 793 738 836 praemissa
764 804 821 837 per
849 794 1026 837 praedictos
1051 793 1172 826 nobiles

433 851 462 877 et
494 846 632 878 illustres
664 846 759 879 laicos
791 851 820 880 et
845 857 1063 891 quoscumque
1095 847 1172 880 alios

433 904 685 942 quantacumque
701 900 866 943 temporali
881 900 1031 943 dignitate
1045 900 1173 943 fungen—

434 951 500 991 κε’,
514 953 606 986 etiam
619 953 772 986 dictarum
788 954 993 986 ecclesiarum
1011 960 1171 997 patronos,

435 1006 464 1037 in
478 1012 667 1049 perpetuum
691 1007 862 1047 observari,
887 1008 993 1050 sicque
1013 1018 1069 1051 per
1083 1018 1173 1050 quos-

434 1070 568 1102 cumque
595 1060 713 1093 iudices
737 1061 914 1094 ordinarios
938 1066 965 1093 et
991 1061 1170 1104 delegatos,

434 1112 556 1145 sublata
581 1113 624 1145 eis
650 1119 679 1146 et
704 1125 814 1147 eorum
841 1115 968 1147 cuilibet
993 1115 1100 1158 quavis
1117 1115 1172 1146 ali-

435 1168 480 1198 ter
516 1166 672 1199 iudicandi
705 1172 734 1199 et
770 1167 996 1211 interpretandi
1028 1167 1172 1200 facultate

435 1223 461 1249 ct
488 1220 682 1261 auctoritate,
710 1220 825 1263 ubique
851 1221 981 1253 iudicari
1003 1226 1031 1253 et
1050 1220 1171 1253 deliniri

435 1270 564 1312 debere,
590 1282 625 1305 ac
646 1273 769 1305 irritum
796 1279 822 1305 ct
845 1273 946 1314 inane,
971 1273 996 1305 si
1021 1283 1109 1306 secus
1127 1284 1174 1305 su-

435 1334 491 1367 per
520 1325 567 1357 liis
596 1336 612 1357 a
644 1327 945 1372 quoquam,quavis
970 1327 1173 1365 auctoritate,

436 1378 570 1411 scienter
595 1379 641 1411 rel
671 1380 870 1422 ignoranter,
896 1381 1063 1423 contigerit
1081 1384 1175 1413 atten-

437 1432 519 1464 tari¹.
541 1433 607 1465 Non
630 1433 825 1465 obstantibus
843 1434 1034 1477 praemissis7
1053 1444 1087 1466 ac
1106 1444 1175 1467 con-

437 1486 649 1518 stitutionibus
672 1491 700 1520 et
717 1487 968 1520 ordinationibus
982 1487 1174 1531 apostolicis,

436 1550 557 1572 necnon
582 1540 736 1573 dictarum
755 1541 970 1579 ecclesiarum,
989 1541 1175 1581 iuramento,

437 1593 674 1626 confirmatione
702 1594 890 1637 apostolica,
916 1595 963 1627 rel
988 1595 1095 1638 quavis
1125 1594 1177 1626 sir-

437 1647 544 1680 mitate
558 1647 617 1679 alia
640 1647 806 1687 roboratis,
827 1647 949 1680 statutis
964 1652 992 1681 et
1010 1654 1175 1681 Consuetu-

438 1700 574 1740 dinibus,
595 1701 688 1733 etiam
715 1701 1027 1741 immemorabilibus,
1053 1701 1177 1744 privile-

439 1753 497 1795 giis
511 1764 645 1796 quoque,
664 1754 790 1787 indultis
808 1760 837 1786 et
855 1755 966 1788 litteris
983 1754 1176 1797 apostolicis,

440 1807 555 1839 eisdem
581 1807 731 1846 ecclesiis,
757 1808 946 1851 illarumque
971 1807 1126 1850 capitulis,
1148 1813 1177 1840 et

440 1860 508 1892 altis
533 1860 749 1903 superioribus
773 1861 927 1904 personis,
945 1872 980 1893 ac
998 1861 1090 1893 etiam
1117 1861 1177 1904 epi-

441 1914 543 1956 scopis
568 1920 597 1946 et
622 1914 717 1953 laicis,
735 1914 791 1946 sub
816 1915 1067 1957 quibuscumque
1093 1918 1178 1947 teno-

441 1966 528 1998 1‘Ibus
552 1972 582 1998 et
607 1967 730 2008 formis,
756 1978 791 1999 ac
816 1978 887 1999 rum
913 1967 1073 2010 quibusvis
1099 1967 1178 1999 clau-

442 2019 516 2051 sulis
536 2025 566 2052 et
585 2019 728 2059 decretis,
755 2020 784 2052 in
810 2031 924 2062 genere
952 2021 996 2053 rel
1013 2021 1042 2052 in
1063 2020 1178 2063 specie,

442 2079 470 2105 et
494 2073 569 2105 alias
589 2074 618 2105 in
640 2074 832 2106 contrarium
859 2074 1092 2117 quomodolibet
1110 2084 1180 2106 eon-

443 2127 557 2166 cessis,
589 2128 769 2171 approbatis
797 2132 826 2161 et
859 2128 1032 2167 innovatis3
1066 2128 1180 2171 quibus

443 2181 598 2220 omnibus,
623 2181 743 2213 etiamsi
766 2181 802 2213 de
829 2181 888 2213 illis
917 2192 1090 2225 eorumque
1109 2181 1180 2214 totis

444 2234 605 2266 tenoribus
630 2235 782 2277 specialis,
808 2235 963 2278 specifica,
982 2245 1129 2278 expressa
1151 2240 1177 2267 et

442 2287 612 2326 individua,
637 2298 698 2320 non
723 2294 825 2321 autem
848 2299 904 2332 per
920 2289 1074 2321 clausulas
1092 2299 1182 2330 gene—

443 2341 524 2373 rales
542 2341 623 2373 idem
647 2342 862 2385 imponantes,
889 2342 1005 2375 mentio
1024 2353 1077 2374 scu
1092 2354 1182 2385 quac-

445 2395 489 2426 vis
514 2395 572 2427 alia
597 2395 756 2438 expressio
772 2396 913 2428 habenda
930 2396 1019 2436 soret,
1034 2396 1093 2428 illis
1108 2397 1181 2428 alias

445 2448 476 2480 in
500 2459 556 2481 suo
582 2449 694 2482 robore
715 2449 940 2492 permansuris,
959 2450 1016 2482 bac
1037 2450 1103 2482 vice
1128 2450 1181 2482 lia-

446 2512 515 2534 rum
541 2503 621 2535 serie
646 2503 821 2546 specialiter
853 2508 883 2535 et
912 2513 1058 2547 expresse
1083 2503 1178 2536 dero-

480 2573 493 2599 1
512 2573 604 2609 Aptius
619 2574 677 2609 lege
692 2575 832 2609 sitlyenles
846 2579 883 2605 (tt.
900 2575 950 2610 T,J.

481 2618 497 2645 2
513 2618 591 2646 Deest
607 2619 716 2646 verbum
732 2620 913 2647 decernimus
929 2624 967 2655 tR.
980 2620 1028 2654 T,).

1204 326 1273 358 quo.
1299 315 1380 348 Nulli
1406 325 1483 358 ergo
1508 315 1636 348 omnino
1660 315 1824 348 hominum
1850 317 1941 349 liceat

1205 369 1283 401 lianc
1308 368 1455 412 paginam
1478 373 1604 401 nostrae
1631 368 1855 409 absolutionis,
1879 380 1939 413 ap-

1205 421 1420 464 probationis,
1455 421 1704 461 constitutionis,
1737 421 1919 455 adiectionis
1935 449 1942 462 ,

1205 475 1430 518 suppletionis,
1456 475 1573 508 decreti
1599 479 1628 509 et
1653 475 1865 518 derogationis
1890 475 1940 507 in-

1205 528 1354 570 fringere,
1378 529 1426 561 vel
1444 529 1471 562 ei
1491 539 1569 562 ausu
1589 528 1756 562 temerario
1777 529 1943 569 contraire;

1206 581 1230 613 si
1255 582 1324 625 quis
1350 588 1453 614 autem
1478 582 1539 616 hoc
1555 587 1707 615 attentare
1728 593 1945 626 praesumpse—

1206 635 1263 675 rit,
1289 634 1537 678 indignationem
1566 636 1793 679 omnipotentis
1823 635 1877 668 Dei
1909 646 1944 669 ac

1206 688 1369 722 beatorum
1395 689 1476 721 Petri
1494 695 1523 722 et
1540 689 1625 722 Pauli
1643 690 1858 733 apostolorum
1878 690 1944 722 eius

1206 752 1236 773 se
1247 742 1368 774 noverit
1382 742 1591 775 incursurum.
1602 743 1712 776 Datum
1725 744 1851 783 Romae,
1861 743 1944 787 apud

1206 794 1234 827 S.
1253 795 1402 836 Marcum,
1423 806 1504 829 anno
1524 797 1749 830 incarnationis
1766 797 1945 829 Dominicae

1206 858 1318 889 itnxct,
1343 849 1433 882 nonis
1458 849 1598 892 augusti,
1623 849 1822 893 pontificatus
1846 851 1945 883 nostri

1208 912 1289 934 anno
1314 912 1332 935 r

1250 955 1403 994 Quocirca
1428 955 1608 989 discretioni
1634 961 1756 989 vestrae
1785 966 1842 1000 per
1872 966 1946 1000 apo-

1207 1008 1316 1041 stolica
1342 1009 1458 1052 scripta
1484 1009 1679 1050 mandamus,
1702 1014 1856 1053 quatenus
1882 1019 1946 1049 vos,

1209 1062 1253 1094 vel
1280 1062 1352 1101 duo,
1378 1068 1431 1094 aut
1454 1073 1535 1094 unus
1559 1068 1709 1104 vestrum,
1730 1073 1787 1106 per
1808 1073 1872 1103 vos,
1900 1062 1947 1096 vel

1208 1115 1321 1155 alium,
1346 1126 1400 1148 seu
1433 1116 1526 1156 alios,
1550 1116 1670 1149 litteras
1693 1115 1888 1160 praedictas,
1913 1127 1949 1149 ac

1208 1169 1313 1201 omnia
1338 1174 1367 1201 et
1391 1170 1513 1212 singula
1538 1169 1568 1202 in
1594 1169 1638 1202 eis
1662 1175 1817 1210 contenta,
1841 1169 1893 1203 ubi
1920 1175 1948 1203 et

1208 1222 1332 1264 quando
1358 1223 1545 1266 expedierit,
1570 1233 1606 1256 ac
1630 1223 1753 1266 quoties
1777 1234 1836 1267 pro
1861 1228 1948 1267 parte

1208 1275 1281 1307 dicti
1303 1276 1460 1308 Laurentii
1487 1281 1516 1308 et
1540 1287 1597 1319 pro
1624 1280 1765 1320 tempore
1789 1276 1948 1310 existentis

1209 1329 1349 1372 episcopi
1378 1329 1540 1372 Seguntini
1564 1329 1686 1362 fueritis
1710 1329 1869 1373 requisiti,
1894 1341 1950 1363 so-

1210 1383 1353 1416 lemniter
1378 1383 1591 1426 publicantes,
1617 1383 1723 1426 eisque
1748 1383 1778 1414 in
1802 1383 1950 1426 praemis-

1210 1436 1250 1468 sis
1276 1436 1409 1469 efficacis
1427 1436 1615 1469 defensionis
1632 1436 1789 1480 praesidio
1807 1437 1951 1469 assisten-

1211 1494 1264 1529 tes⁷
1282 1490 1492 1533 praeinsertas
1512 1490 1630 1522 litteras
1649 1495 1678 1522 et
1695 1490 1726 1522 in
1744 1489 1788 1522 eis
1805 1495 1949 1523 contenta

1212 1544 1391 1576 huiusmodi
1424 1543 1644 1576 inviolabiliter
1669 1542 1858 1583 observari¹;
1889 1552 1952 1576 non

1210 1597 1424 1640 permittentes
1457 1596 1574 1629 dictum
1597 1596 1798 1629 Laurentium
1831 1599 1861 1629 et
1893 1606 1952 1639 pro

1212 1657 1352 1694 tempore
1381 1650 1564 1683 existentem
1595 1651 1776 1694 episcopum
1806 1650 1950 1693 Segunti-

1212 1714 1285 1735 num
1311 1714 1367 1746 per
1391 1712 1607 1746 quoscumque
1633 1703 1768 1746 desuper
1792 1703 1950 1746 impediri,

1212 1767 1265 1788 seu
1291 1756 1468 1796 molestarij.
1487 1755 1733 1790 contradictores
1751 1756 1907 1799 quoslibet
1923 1761 1953 1788 et

1212 1810 1355 1850 rebelles,
1373 1820 1407 1842 ac
1426 1810 1609 1853 praemissis
1633 1819 1695 1842 non
1720 1815 1875 1853 parentes,
1897 1819 1953 1853 per

1213 1863 1389 1903 sententias,
1411 1873 1558 1896 censuras
1580 1868 1609 1895 et
1629 1873 1745 1906 poenas
1770 1862 1954 1896 ecclesiasti-

1213 1927 1275 1955 cas,
1300 1917 1422 1959 aliaque
1448 1922 1624 1959 opportuna
1652 1916 1728 1949 iuris
1753 1922 1784 1949 et
1807 1916 1879 1949 sacti
1903 1926 1952 1949 re-

1214 1970 1337 2010 media,
1362 1970 1571 2014 appellatione
1600 1973 1795 2014 postposita,
1820 1981 1949 2014 compe-

1214 2023 1348 2063 scendo,
1374 2023 1516 2056 invocato
1541 2023 1633 2056 etiam
1659 2023 1696 2055 ad
1722 2023 1798 2063 hoc,
1824 2023 1847 2055 si
1874 2033 1953 2067 opus

1215 2076 1317 2115 t'ucrit,
1342 2076 1458 2109 auxilio
1482 2076 1603 2109 brachii
1628 2076 1787 2109 secularis.
1812 2076 1881 2110 Non
1901 2075 1954 2108 ob-

1215 2129 1366 2162 stantibus
1384 2129 1482 2162 selicis
1500 2129 1726 2162 recordationis
1740 2129 1887 2162 Bonisacii
1902 2129 1954 2162 Pa-

1216 2193 1271 2225 pae
1290 2182 1353 2214 t'ttl
1379 2182 1629 2225 praedecessoris
1653 2182 1763 2223 nostri,
1788 2183 1839 2215 itta
1863 2193 1953 2227 prae-

1216 2235 1340 2274 sertim,
1366 2245 1427 2278 qua
1452 2236 1531 2268 inter
1555 2235 1614 2268 alia
1639 2242 1766 2269 cavetur
1790 2246 1952 2280 expresse,

1216 2299 1253 2321 ne
1278 2289 1347 2332 quis
1372 2295 1459 2322 extra
1483 2300 1571 2322 suam
1597 2289 1752 2322 civitatem
1778 2295 1808 2322 et
1831 2289 1953 2323 dioece-

1217 2342 1273 2373 sim
1299 2342 1358 2374 nisi
1384 2342 1414 2374 in
1440 2342 1533 2375 certis
1559 2343 1698 2387 exceptis
1722 2343 1855 2383 casibus,
1873 2349 1902 2376 et
1922 2343 1952 2376 in

1218 2396 1276 2427 illis
1302 2396 1383 2428 ultra
1407 2407 1500 2428 unam
1519 2396 1633 2429 dietam
1659 2407 1677 2430 a
1700 2397 1762 2430 fine
1779 2407 1853 2430 suae
1872 2397 1954 2430 dioe-

1217 2449 1294 2481 cesis
1320 2449 1357 2480 ad
1382 2449 1532 2482 iudicium
1557 2456 1715 2491 evocetur,
1736 2461 1791 2483 seu
1814 2461 1852 2483 ne
1878 2449 1954 2483 iudi-

1216 2513 1266 2535 ces
1294 2503 1333 2535 ab
1363 2503 1473 2536 eadem
1498 2503 1576 2537 Sede
1600 2504 1767 2548 deputandi
1793 2510 1880 2538 extra
1904 2503 1949 2537 ci-

1250 2619 1261 2645 1
1279 2618 1359 2647 Deest
1372 2619 1485 2647 verbum
1498 2619 1627 2656 faciatis,
1642 2622 1689 2647 aut
1704 2618 1793 2647 simite
1812 2618 1849 2655 (rt.
1866 2617 1915 2656 Τ.),

1953 215 2002 242 An.
2023 214 2054 242 C.
2070 214 2138 242 1639
