2248 3229
124 236 174 264 An.
190 235 218 264 C.
240 235 308 264 1632

152 777 215 804 Regis
231 776 308 798 Gallia-

126 811 172 827 rum
186 809 268 831 preces.

152 1740 282 1763 commissio,
291 1739 316 1760 de

134 1773 175 1794 qua
186 1768 207 1788 in
221 1767 316 1788 rubrica.

928 233 1069 258 URBANUS
1093 231 1149 257 vm
1173 233 1221 256 PP.

367 288 417 317 tra
430 293 651 328 quascumque
663 293 814 328 personas
829 282 1058 317 ecclesiasticas

365 342 476 371 contra
487 348 659 382 personam
677 342 705 371 et
725 337 853 371 Statum
870 337 954 381 reqis
972 336 1058 370 cliri-

365 392 561 426 stimatssimi
577 392 760 437 quidquam
777 390 970 425 molientes¹.

321 462 547 492 venerabilibus
567 463 711 492 fratribus
732 463 959 497 archiepiscopo
987 462 1059 490 Aro-

357 508 490 542 latensi,
517 512 548 536 et
576 508 746 536 Boloniensi
775 515 810 536 ac
840 509 866 536 S·
887 507 962 536 Plori
990 514 1060 535 nec-

357 560 417 581 non
436 553 630 582 macloviensi
651 552 799 587 episcopis
812 575 819 587 ,

515 604 652 632 Urbanus
687 605 765 638 Papa
798 604 873 631 VIII.

529 654 723 682 Venerabiles
735 654 856 687 fratres,

371 699 500 726 salutem
514 701 544 726 et.
560 699 755 733 apostolicam
768 698 1016 727 benedictionem.

368 761 383 805 ξ
400 761 429 794 l.
444 761 593 806 Exposuit
607 762 696 795 nobis
711 761 916 795 charissimus
933 761 963 793 in
979 759 1064 794 Chri-

325 819 372 849 sto
396 814 480 848 silius
503 820 610 849 noster
627 815 802 849 Ludovicus
822 815 1017 848 Francorum
1035 817 1065 847 et

326 868 481 902 Navarrae
506 879 559 902 rex
584 869 872 911 christianissimuS,
898 866 1005 912 quod‘3
1022 867 1065 899 di-

326 932 434 956 versae
466 933 621 967 personae
652 922 890 963 ecclesiasticae,
915 921 1008 955 etiam
1034 921 1064 953 in

326 975 473 1009 abbatiali
505 982 535 1009 et
566 976 737 1020 episcopali
769 981 799 1008 et
829 975 889 1008 alia
915 974 1065 1017 dignitate

327 1029 522 1072 constitutae,
543 1028 753 1063 diversimode
767 1034 886 1062 contra-
897 1028 995 1072 ipsius
1011 1029 1066 1061 Lu-

326 1082 427 1116 dovici
454 1083 537 1127 regis
562 1093 728 1126 personam
755 1087 784 1116 et
808 1082 927 1116 Statum
949 1082 1084 1115 machi-¹

327 1137 389 1169 nati
414 1136 540 1178 fuerint,
565 1141 594 1169 et
618 1136 871 1170 machinantibus
896 1136 1065 1177 auxilium,

328 1190 512 1231 consilium,
536 1191 675 1224 savorem
701 1196 763 1223 tam
789 1190 886 1224 verbo
911 1200 1006 1234 quam
1032 1200 1067 1223 re

328 1244 395 1288 ipsa
412 1243 566 1285 dederint,
583 1244 715 1278 crimina
731 1244 916 1287 gravissima
934 1249 964 1276 et
980 1254 1068 1277 enor-

327 1297 469 1330 missima
485 1297 688 1331 incurrendo.
713 1298 825 1339 Quare,
846 1297 1009 1330 intendens
1027 1297 1069 1329 di-

328 1356 396 1384 ctus
419 1352 595 1385 Loduvicus
619 1357 728 1386 contra
752 1351 991 1393 machinatores,
1014 1361 1067 1383 au-

329 1404 499 1446 xiliatores,
517 1406 713 1439 consultores
733 1410 763 1438 et
779 1406 927 1445 fautores,
948 1411 979 1438 et
994 1405 1069 1437 alias

330 1457 362 1490 in
386 1458 570 1502 praemissis
595 1458 833 1503 quomodolibet
854 1458 1070 1502 delinquentes

331 1511 369 1544 ad
386 1512 557 1556 condignas
570 1523 687 1556 poenas
702 1512 832 1556 procedi
846 1512 959 1552 facere,
979 1511 1070 1544 nobis

330 1565 493 1599 humiliter
524 1566 732 1611 supplicavit,
763 1570 797 1600 ut
827 1567 858 1599 in
890 1565 1071 1609 praemissis

330 1625 507 1664 opportune
532 1620 701 1664 providere
725 1620 763 1653 de
788 1619 982 1663 benignitate
999 1629 1072 1663 apo-

331 1673 441 1707 stolica
464 1673 679 1716 dignaremur.

377 1727 391 1770 ἓ
415 1726 444 1759 2.
470 1727 532 1760 Nos
557 1727 669 1770 igitur,
702 1726 847 1760 eumdem
879 1726 1070 1760 Ludovicum

332 1789 440 1823 regem
471 1790 488 1812 a
522 1780 686 1824 quibusvis
715 1779 1070 1821 excommunicationis,

333 1833 547 1880 suspensionis
570 1838 600 1866 et
624 1833 799 1876 interdicti,
824 1833 956 1876 aliisque
973 1833 1073 1866 eccle-

333 1887 464 1920 siasticis
486 1887 666 1928 sententiis,
690 1887 831 1920 censuris
856 1892 886 1921 et
910 1888 1029 1931 poenis,
1055 1897 1089 1919 a=

333 1941 401 1974 iure
425 1941 473 1974 vel
498 1941 536 1974 ab
560 1941 698 1982 homine,
715 1942 823 1985 quavis
841 1941 1004 1975 occasione
1025 1941 1072 1973 vel

333 1997 427 2029 causa
446 1995 526 2038 latis,
552 1995 576 2028 si
601 1995 714 2039 quibus
735 1995 969 2039 quomodolibet
989 1994 1074 2028 inno-

334 2048 423 2082 datus
453 2048 577 2092 existit,
611 2048 649 2081 ad
682 2048 829 2082 effectum
860 2048 1073 2092 praesentium

335 2101 495 2136 dumtaxat
508 2102 775 2146 consequendum,
793 2102 905 2135 harum
924 2101 1004 2134 serie
1021 2100 1074 2133 ab·

337 2155 491 2190 solventes
525 2161 555 2189 et
586 2156 765 2189 absolutum
797 2156 863 2189 sore
896 2160 1074 2195 censentes,

336 2209 517 2242 huiusmodi
542 2209 822 2253 supplicationibus
846 2209 995 2249 inclinati,
1013 2208 1075 2241 sra-

338 2262 476 2296 ternitati
499 2267 630 2303 vestrae,
655 2262 850 2296 venerabiles
882 2257 995 2294 fratres
1019 2272 1072 2294 ar-

338 2316 537 2360 chiepiscope
565 2320 595 2349 et
623 2316 782 2360 episcopi,
810 2325 867 2359 per
895 2320 1076 2359 praesentes

338 2370 566 2405 committimus
585 2375 616 2403 et
640 2370 834 2411 mandamus,
852 2375 1004 2414 quatenus
1022 2379 1076 2402 vos

339 2424 531 2458 coniunctim
547 2424 764 2468 procedentes,
783 2423 900 2457 vocatis
917 2423 955 2456 ad
976 2422 1006 2455 id
1024 2422 1077 2466 qui

338 2477 455 2511 suerint
479 2477 639 2518 evocandi,
657 2476 695 2510 de
711 2477 894 2521 praemissis
911 2476 1078 2519 diligenter

376 2559 387 2586 1
406 2559 443 2586 Ex
458 2558 566 2593 Regest.
582 2557 608 2584 in
622 2558 725 2585 Secret.
742 2558 822 2585 Brev.

375 2604 391 2631 2
406 2604 477 2631 Edit.
494 2603 574 2630 Main.
597 2603 662 2638 legit
683 2602 828 2638 quodque;
849 2601 951 2638 absque
968 2601 1021 2630 ulla
1035 2610 1078 2629 ra-

341 2649 424 2683 tione,
439 2648 491 2677 nisi
505 2648 605 2684 aliquid
619 2647 689 2676 desit
702 2648 740 2683 (n.
757 2648 804 2681 r.).

1092 281 1274 325 inquiratis,
1299 284 1329 313 ct
1353 284 1462 313 contra
1496 287 1604 312 omnes
1629 287 1664 312 ac
1693 278 1833 321 singulas

1092 345 1243 378 personas
1267 333 1502 375 ecclesiasticas,
1530 331 1651 366 etiarnsi
1676 331 1832 373 abbatiali,

1094 388 1285 432 episcopali,
1316 398 1371 421 seu
1403 386 1662 431 archiepiscopali
1693 385 1833 430 praeful-

1094 447 1187 485 geant
1211 441 1383 484 dignitate,
1414 441 1463 473 via
1489 440 1565 473 iuris
1593 438 1779 484 procedatis
1805 444 1835 472 et

1095 494 1269 538 culpabiles
1294 500 1436 538 repertos
1459 505 1516 538 per
1548 493 1731 527 sententiam
1756 492 1834 525 defi-

1096 548 1224 580 nitivam
1250 558 1305 581 seu
1330 548 1497 581 sententias
1522 547 1706 587 definitivas,
1731 551 1835 590 quate-

1096 612 1154 634 nus
1179 601 1345 645 privationi
1371 601 1409 634 sit
1433 601 1530 641 locus,
1557 600 1704 634 omnibus
1721 604 1751 632 et
1771 599 1835 632 sin-

1097 655 1178 698 gulis
1202 655 1420 689 ecelesiasticis
1444 654 1605 688 beneficiis
1629 658 1659 686 et
1682 652 1838 695 dignitati-

1097 708 1155 741 bus
1186 714 1247 741 tam
1283 708 1477 741 secularibus
1510 718 1604 751 quam
1637 705 1836 749 regularibus

1080 763 1207 805 ‚quovis
1233 763 1326 796 modo
1352 761 1550 806 nuncupatiS,
1575 760 1698 794 etiamsi
1723 769 1834 793 mona-

1098 816 1202 856 steria,
1227 816 1405 860 prioratus,
1431 815 1652 849 conventuales
1677 814 1837 854 ecclesiae,

1099 868 1293 902 cathedrales
1318 874 1347 902 et
1368 859 1637 912 metropolitanae,
1662 871 1714 901 aut
1745 867 1839 900 etiam

1099 922 1237 955 maiores
1261 922 1387 962 suerint,
1408 922 1593 954 auctoritate
1610 922 1727 963 nostra,
1745 925 1840 963 prout

1100 976 1177 1008 iuris
1193 975 1297 1016 suerit,
1318 975 1446 1019 privetis
1464 980 1494 1008 et
1510 975 1648 1019 privatos
1665 974 1839 1015 declaretis,

1099 1040 1135 1063 ac
1155 1030 1241 1071 alias,
1260 1030 1345 1062 iuxta
1369 1029 1446 1062 iuris
1471 1029 1625 1070 ordinem,
1647 1032 1708 1063 tam
1732 1034 1841 1062 contra

1100 1094 1211 1116 eorum
1235 1083 1376 1116 omnium
1391 1087 1421 1115 et
1435 1083 1630 1125 singulorum
1644 1082 1735 1123 bona,
1747 1092 1841 1125 quam

1100 1142 1208 1170 contra
1228 1147 1378 1180 personas
1396 1135 1666 1175 animadvertatis3
1687 1145 1743 1168 nos
1757 1135 1841 1167 enim

1101 1190 1188 1223 vobis
1220 1190 1312 1224 etiam
1346 1201 1402 1234 per
1436 1189 1573 1223 edictum
1604 1189 1765 1233 publicum
1791 1188 1838 1221 ci-

1102 1244 1184 1278 tandi
1199 1250 1228 1277 ct
1245 1244 1415 1284 inhibendi,
1430 1244 1552 1287 aliaque
1567 1244 1650 1276 circa
1668 1243 1842 1287 praemissa

1102 1298 1277 1331 necessaria
1288 1304 1314 1329 et
1330 1302 1509 1341 opportuna
1520 1296 1661 1339 faciendi,
1676 1296 1841 1329 exercendi

1102 1357 1131 1384 et
1157 1350 1342 1394 exequendi,
1366 1351 1492 1394 plenam
1510 1353 1539 1384 et
1558 1350 1702 1390 liberam,
1723 1355 1843 1393 aposto-

1734 219 1794 253 301
1843 229 1896 256 Αη.
1916 227 1944 256 c.
1962 228 2030 255 1632

1102 1404 1160 1437 lica
1186 1404 1381 1445 auctoritate,
1407 1408 1515 1437 tenore
1535 1403 1759 1447 praesentium,
1774 1413 1844 1435 con·
1880 1430 1886 1436 .

1103 1457 1244 1491 cedimus
1269 1458 1459 1490 facultatem.

1148 1512 1163 1556 ξ
1177 1511 1205 1545 3.
1220 1513 1289 1545 Non
1303 1512 1499 1545 obstantibus
1515 1511 1708 1556 praemissis,
1722 1520 1844 1544 necnon

1104 1566 1302 1609 apostolicis,
1320 1577 1355 1599 ac
1370 1566 1400 1598 in
1418 1566 1649 1599 universalibus
1673 1570 1703 1598 et
1719 1575 1846 1608 genera-

1104 1619 1197 1660 libus,
1217 1629 1338 1653 necnon
1363 1619 1609 1664 provincialibus
1626 1618 1766 1653 conciliis
1786 1618 1847 1651 edi-

1106 1674 1153 1714 tis,
1179 1674 1379 1716 generalibus
1405 1673 1452 1706 vel
1473 1673 1670 1717 specialibus,
1696 1672 1848 1706 constitu-

1105 1727 1243 1760 tionibus
1256 1732 1286 1760 et
1302 1726 1563 1767 ordinationibus,
1584 1737 1619 1760 ac
1631 1725 1847 1765 ecclesiarum,

1106 1781 1387 1821 monasteriorum,
1412 1780 1631 1824 prioratuum,
1653 1784 1845 1813 conventua-

1105 1834 1197 1866 lium¹
1223 1839 1253 1867 et
1277 1834 1441 1875 Ordinum,
1463 1844 1499 1867 ac
1523 1833 1735 1877 hospitalium,
1754 1832 1848 1864 etiam

1106 1887 1202 1921 sancti
1220 1888 1344 1921 Ioannis
1361 1887 1646 1931 Hierosolymitani,
1665 1891 1695 1919 et
1714 1886 1849 1920 aliorum

1106 1940 1231 1984 piorum
1262 1941 1404 1974 locorum
1436 1950 1730 1984 quorumcumque,
1755 1939 1849 1971 etiam

1107 1993 1293 2035 iuramento,
1319 1993 1558 2027 confirmatione
1586 1992 1777 2036 apostolica,
1802 1991 1851 2024 rel

1107 2047 1215 2090 quavis
1251 2047 1398 2080 firmitate
1434 2047 1493 2080 alia
1524 2046 1699 2086 roboratis,
1729 2045 1850 2079 statutis

1108 2106 1138 2133 et
1161 2101 1461 2141 consuetut‘liniluis,
1494 2100 1667 2144 privilegiis
1703 2109 1849 2143 quoque,

1108 2154 1235 2188 indultis
1248 2159 1278 2187 et
1291 2154 1401 2188 litteris
1415 2154 1605 2197 apostolicis,
1620 2153 1770 2193 ecclesiis,
1789 2163 1851 2186 mo-

1108 2208 1271 2251 nasteriis,
1298 2208 1503 2252 hospitalibus
1535 2213 1564 2241 et
1593 2207 1662 2241 aliis
1691 2207 1768 2241 locis
1792 2207 1851 2250 piis

1109 2262 1369 2306 quibuscumque,
1383 2272 1558 2305 eorumque
1571 2261 1780 2306 praesulibus,
1801 2261 1852 2292 ab·

1109 2315 1242 2355 batibus,
1264 2315 1434 2358 prioribus,
1453 2320 1482 2348 et
1502 2315 1570 2348 aliis
1583 2305 1802 2358 superioribus
1821 2318 1852 2346 et

1109 2369 1263 2413 personis,
1285 2369 1377 2401 etiam
1397 2379 1512 2411 magno
1537 2369 1698 2411 magistro,
1720 2377 1852 2400 conven-

1110 2423 1154 2454 tui
1180 2426 1209 2456 ct
1233 2422 1382 2454 fratribus
1410 2422 1561 2456 militibus
1586 2421 1660 2454 dicti
1685 2420 1850 2464 hospitalis

1111 2476 1209 2509 sancti
1234 2475 1374 2515 Ioannis,
1400 2475 1430 2508 in
1455 2475 1648 2508 contrarium
1674 2473 1851 2518 quomodo-

1110 2530 1186 2562 libet
1210 2540 1265 2573 per
1298 2529 1409 2562 Sedem
1435 2529 1668 2573 Apostolicam,
1699 2531 1752 2562 aut
1775 2527 1851 2560 alias

1112 2583 1347 2627 quomodolibet
1371 2583 1540 2623 concessis,
1560 2593 1595 2616 ac
1616 2582 1709 2616 etiam
1734 2581 1851 2616 iteratis

1149 2646 1159 2673 1
1179 2645 1268 2673 Potius
1283 2645 1342 2680 lege
1357 2647 1546 2674 conventuum
1563 2645 1599 2679 (n.
1616 2644 1662 2678 n).

1930 1518 2043 1545 Derogatio

1861 1548 2020 1568 contrariorum.
