2221 3224
226 233 316 263 Amo.
339 233 406 261 1629
451 225 516 259 418
998 232 1177 257 BULLARIUM
1201 232 1355 257 Romnum

424 283 662 326 (li-ingentorum
673 282 805 314 millium
817 280 1028 313 cruciatorum
1043 285 1071 312 et
1081 281 1162 312 ultra
1178 282 1181 332 j
1196 280 1325 312 cialibus
1340 285 1369 312 et
1383 280 1534 312 ministris
1548 281 1658 323 quovis
1677 281 1804 314 nomine
1818 290 1936 313 nuncu-

424 335 603 375 ascendere,
623 335 846 377 facultatesque
865 333 1018 366 laicorum
1036 343 1162 366 eorum·
1178 334 1180 371 l
1195 333 1275 376 patis
1300 333 1442 366 eamdem
1466 333 1620 376 gabellam
1649 335 1742 368 etiam
1759 345 1777 368 a
1792 334 1936 378 personis

425 388 495 421 dem
515 398 687 431 regnorum
712 397 775 419 non
799 391 982 429 suppetere:
1002 386 1092 419 nohis
1117 386 1163 418 id·
1197 386 1414 419 ecclesiasticis
1445 392 1507 419 tarn
1537 387 1731 421 secularibus
1762 398 1857 432 quam
1885 397 1935 421 re-

425 441 510 474 circo
530 441 630 473 dictus
648 440 809 483 Philippus
833 440 898 472 Rex
918 439 1078 472 humiliter
1095 449 1165 482 sup-
1180 457 1181 484 ,
1197 440 1368 482 gularibus,
1386 440 1613 486 cuiuscumque
1636 442 1806 485 dignitatis,
1827 448 1934 485 status,

425 494 535 537 plicari
567 494 656 533 fecit,
681 498 732 533 ut,
757 493 859 535 quoad
883 493 1058 536 praedictas
1090 493 1165 525 alias
1198 493 1335 536 gradus,
1359 493 1479 527 ordinis
1511 500 1541 528 et
1571 495 1759 529 conditionis
1783 496 1935 536 existant,

425 547 573 586 civitates,
591 546 709 589 oppida
730 551 759 578 et
782 546 851 579 loca
875 546 1029 579 dictorum
1051 556 1165 588 regno·
1182 573 1183 576 ,
1199 547 1292 579 etiam
1317 547 1468 590 exemptis
1499 553 1529 581 et
1558 548 1794 592 quomodolibet
1817 548 1938 592 qualifi-

426 611 507 641 rum,
528 603 656 643 excepta
680 600 762 633 dicta
780 600 903 633 civitate
920 600 1162 644 Ulysssponensi,
1182 591 1291 641 lentis,
1316 599 1422 632 vinum
1455 605 1485 633 et
1516 611 1659 643 carnem,
1683 606 1719 635 ut
1742 601 1936 645 praefertur,

425 659 577 696 quatenus
593 652 770 696 praedictae
786 653 864 685 aliae
882 653 1030 694 civitates,
1049 653 1164 696 oppida
1182 649 1183 680 i
1199 653 1323 696 publice
1348 653 1525 686 ementibus
1549 665 1649 698 usque
1673 655 1711 687 ad
1736 655 1827 687 aliam
1852 665 1937 688 surn-

426 710 455 739 et
479 707 556 746 loca,
574 708 703 749 excepta
722 706 845 739 civitate
869 706 1029 750 praedicta
1047 707 1163 750 L'lyssi-
1181 721 1183 752 3
1200 717 1281 738 mam
1307 707 1441 739 aliorum
1467 707 1674 741 ducentorum
1699 709 1833 742 millium
1858 719 1933 742 cru-

425 759 566 802 ponensi,
591 759 732 792 eamdem
762 760 917 802 gabellam
946 760 1164 803 imposuerint,
1181 754 1183 804 i
1199 760 1363 800 ciatorum,
1382 765 1412 793 et
1428 760 1472 793 sic
1496 760 1527 793 in
1549 765 1647 795 totum
1671 772 1770 805 usque
1793 761 1832 794 ad
1856 772 1938 794 sum-

425 812 473 845 vel
493 812 658 856 imponere
678 813 843 853 voluerint,
867 823 924 846 nos
949 813 1090 846 eamdem
1110 824 1163 856 ga·
1181 805 1182 846 l
1199 824 1281 845 mam
1302 813 1605 857 quadringentorum
1630 814 1763 847 millium
1788 814 1939 848 cruciato-

424 866 539 898 bellam
560 866 652 898 etiam
677 876 694 898 a
718 866 861 909 personis
881 866 1098 899 ecclesiasticis
1115 877 1165 900 ea·
1180 873 1182 911 ζ
1199 876 1279 906 rum,
1305 869 1434 910 excepta
1451 866 1535 899 dicta
1553 867 1675 900 civitate
1693 867 1937 911 Ulyssiponensi‚

426 918 570 951 rumdem
585 919 754 958 civitatum,
771 919 960 962 oppidorum
976 925 1006 952 et
1018 920 1162 953 locorum
1198 919 1279 951 infra
1295 924 1399 952 tamen
1417 920 1611 962 sexennium,
1629 930 1646 953 a
1663 920 1713 953 die
1728 920 1938 964 impositionis

425 971 582 1004 dictorum
597 982 779 1014 regnorum,
793 982 857 1004 non
871 977 972 1004 tamen
986 972 1164 1016 praedictae
1181 963 1182 998 Ῐ
1199 972 1298 1006 dictae
1323 973 1474 1016 gabellae,
1492 974 1516 1007 si
1535 974 1620 1007 illam
1637 979 1671 1006 ut
1686 974 1865 1017 praefertur
1881 974 1938 1007 im-

426 1024 675 1068 Ulyssiponensis
688 1024 830 1065 civitatis,
845 1024 883 1056 ad
897 1025 1090 1067 sexennium7
1106 1036 1164 1068 pro
1182 1030 1183 1063 j
1198 1026 1360 1069 posuerint
1378 1027 1425 1059 vel
1442 1027 1607 1070 imponere
1626 1027 1793 1069 voluerint,
1813 1037 1940 1071 compu-

426 1078 492 1109 rata
517 1076 619 1109 carnis
647 1081 675 1109 et
700 1076 763 1108 vini
788 1087 844 1120 per
864 1077 988 1110 easdem
1012 1088 1165 1121 personas
1182 1068 1183 1104 l
1201 1079 1336 1120 tandum,
1358 1079 1519 1112 dumtaxat
1539 1085 1569 1112 et
1591 1090 1654 1113 non
1678 1080 1770 1122 ultra,
1796 1080 1890 1114 modo
1910 1085 1937 1113 et

427 1129 652 1162 ecclesiasticas
666 1129 793 1172 publice
807 1130 930 1162 emendi
940 1129 958 1172 ¹,
972 1130 1065 1163 etiam
1083 1130 1165 1162 ultra
1182 1127 1184 1182 l
1199 1132 1300 1164 forma
1315 1132 1346 1164 in
1358 1132 1561 1175 praeinsertis
1575 1132 1686 1166 litteris
1699 1133 1855 1176 expressis
1869 1143 1940 1166 con-

427 1192 582 1214 summam
607 1182 764 1215 dictorum
795 1183 1003 1215 ducentorum
1032 1183 1165 1215 millium
1182 1185 1184 1225 ξ
1200 1185 1408 1227 tribuendam,
1423 1185 1614 1226 solvendam,
1628 1185 1814 1229 exigendam
1828 1191 1858 1218 et
1870 1195 1940 1219 con-

427 1235 639 1268 cruciatorum
665 1236 810 1278 exigendi
839 1236 995 1268 licentiam
1021 1241 1051 1269 et
1074 1236 1167 1269 facul·
1200 1238 1392 1278 vertendam,
1410 1238 1527 1282 absque
1547 1239 1611 1272 ullo
1632 1239 1840 1272 conscientiae
1857 1250 1940 1272 scru-

426 1294 520 1321 tatem
539 1289 711 1322 concedere
728 1289 765 1321 de
785 1289 976 1332 benignitate
996 1290 1166 1333 apostolica
1183 1301 1184 1340 ᾗ
1201 1291 1276 1334 pulo
1301 1296 1354 1323 aut
1379 1301 1583 1324 censurarum
1603 1295 1632 1325 et
1650 1293 1824 1335 poenarum
1844 1292 1941 1325 eccle-

1948 233 1998 262 An.
2011 233 2040 261 C.
2064 232 2131 262 1629

427 1343 640 1386 dignaremur.
1183 1342 1185 1371 l
1201 1344 1397 1392 sias-ticarum
1411 1345 1540 1377 incursu
1554 1345 1710 1387 exigendi,
1728 1345 1940 1388 pecuniasque

264 1411 301 1431 eui
319 1407 411 1429 ratum
472 1396 486 1439 ἓ
502 1395 532 1429 3.
551 1397 612 1429 Nos
630 1396 737 1439 igitur,
754 1396 814 1440 piis
834 1396 907 1429 dicti
926 1396 1062 1440 Philippi
1082 1397 1167 1439 regis
1184 1395 1185 1406 ¹
1201 1397 1272 1431 inde
1296 1398 1517 1442 provenientes
1548 1398 1586 1431 ad
1611 1399 1758 1431 effectum
1782 1399 1938 1442 praemis-

229 1438 306 1459 annuit.

429 1450 521 1490 votis,
546 1455 696 1493 quantum
722 1461 793 1482 cum
823 1450 955 1482 Domino
979 1449 1185 1493 possuinus,3

428 1513 576 1545 annuere,
595 1514 730 1546 eumque
747 1503 936 1547 specialibus
954 1503 1113 1536 favoribus
1138 1508 1168 1536 et
1184 1495 1185 1537 l

428 1556 536 1598 gratiis
559 1557 709 1600 prosequi
730 1557 880 1597 volentes,
900 1556 1081 1589 huiusmodi
1099 1567 1186 1600 sup-s

427 1610 646 1652 plicationibus
672 1610 818 1651 inclinati,
833 1610 1008 1653 praedictas
1032 1602 1186 1648 necessi-1¹

429 1667 505 1695 tates
530 1663 658 1695 omnino
683 1663 898 1704 attendentes,
923 1663 1107 1707 clerumque
1139 1656 1185 1696 et*

428 1716 656 1749 ecclesiasticos
665 1727 836 1759 regnorum
851 1716 1085 1760 praedictorum
1097 1717 1169 1749 Por·
1184 1736 1186 1748 ·

429 1770 576 1812 tugalliae
593 1776 623 1802 et
642 1770 875 1812 Algarbiorum,
893 1769 950 1803 sub
965 1781 1099 1813 quorum
1117 1770 1169 1803 do·
1184 1774 1186 1798 ἰ

429 1823 526 1856 minio
552 1823 655 1855 Indiae
684 1823 862 1866 praedictae
891 1824 1086 1864 consistunt,
1110 1834 1168 1867 pro

430 1876 681 1909 christifidelium
700 1882 730 1909 et
747 1877 951 1909 ecclesiarum
970 1877 1001 1909 in
1018 1877 1078 1909 illis
1095 1877 1170 1910 exis-

429 1930 560 1962 tentium
576 1930 813 1963 necessitatibus
829 1930 997 1973 praedictis
1011 1930 1171 1963 sublevan-

430 1983 478 2016 <tis
498 1983 537 2016 de
553 1983 743 2027 patrimonio
760 1983 883 2024 Christi,
899 1984 988 2016 cuius
1002 1994 1095 2017 causa
1109 1994 1171 2016 ma-

431 2036 514 2068 xime
537 2036 651 2078 agitur,
670 2036 762 2069 etiam
781 2047 890 2069 eorum
911 2042 1010 2069 ratam
1029 2037 1169 2079 gabellae

431 2089 611 2122 huiusmodi
636 2100 693 2133 pro
718 2100 809 2122 carne
835 2095 865 2122 et
889 2090 960 2123 vino
983 2090 1118 2133 publice,
1137 2095 1172 2123 ut

433 2144 626 2187 praefertur,
652 2143 1009 2176 emendovsolvcndam
1038 2144 1171 2176 libenter

433 2197 704 2241 suppeditaturos,
729 2197 819 2230 nobis
844 2197 1068 2240 persuadentes
1081 2224 1089 2238 ,
1114 2197 1170 2229 tibi
1187 2197 1188 2203 ’

432 2261 488 2295 per
503 2254 682 2294 praesentes
696 2250 920 2283 committimus
931 2256 960 2282 et
976 2250 1169 2292 mandamus,

433 2307 596 2347 quatenus,
613 2305 742 2346 excepta
759 2302 841 2335 dicta
864 2302 987 2336 civitate
1011 2302 1170 2346 Ulyssipo-

433 2356 533 2397 nensi‚
546 2356 738 2400 reliquarum
752 2356 885 2388 aliarum
899 2355 1070 2395 civitatum,
1084 2356 1172 2399 oppi-

434 2410 547 2443 dorum
576 2415 605 2442 et
632 2410 776 2443 locorum
803 2410 958 2442 dictorum
989 2419 1170 2452 regnorum,

435 2474 514 2507 quae
526 2463 680 2506 gabellam
694 2463 873 2496 huiusmodi
887 2463 1106 2506 imposuerint,
1123 2463 1171 2496 vel
1188 2478 1190 2488 ι

436 2517 596 2560 imponere
620 2516 792 2558 voluerint,
816 2516 1080 2560 praesidentibus,
1105 2516 1189 2549 offi-¹

472 2589 483 2614 1
501 2587 596 2623 Aptius
610 2587 747 2621 legeretur
761 2587 950 2615 emendorum
963 2587 1002 2622 (R.
1017 2588 1072 2622 T.)e

472 2630 487 2658 2
503 2631 605 2659 Pariter
619 2631 679 2659 heic
692 2633 811 2667 legerem
827 2632 952 2660 emendis
964 2633 1005 2667 (n.
1016 2632 1064 2667 T.).

1201 1462 1269 1484 sum
1302 1457 1332 1484 et
1359 1462 1422 1485 non
1446 1451 1478 1484 in
1506 1452 1583 1484 alios
1617 1462 1693 1485 usus
1724 1462 1941 1496 quoscumque

1201 1505 1401 1539 convertendi
1416 1510 1446 1538 et
1466 1504 1616 1548 erogandi
1627 1505 1787 1538 licentiam
1804 1511 1834 1538 et
1850 1505 1943 1539 sacul-

1202 1562 1295 1590 tatem
1316 1558 1500 1591 auctoritate
1520 1560 1628 1591 nostra
1652 1559 1805 1592 concedas
1829 1564 1860 1592 et
1881 1558 1940 1591 im-

1201 1610 1357 1654 partiaris.

1246 1665 1261 1707 §
1285 1664 1314 1697 4.
1345 1665 1496 1698 Volumus
1525 1670 1652 1708 autem,
1677 1665 1761 1709 quod
1789 1665 1940 1709 pecuniae

1201 1709 1323 1751 ratione
1339 1718 1479 1761 gabellae
1496 1718 1676 1751 huiusmodi
1698 1719 1869 1762 exigendae
1888 1729 1942 1762 pe-

1202 1781 1257 1804 nes
1274 1771 1351 1804 duas
1367 1782 1517 1815 personas
1533 1772 1595 1804 fide
1611 1777 1641 1804 et
1661 1772 1858 1805 facultatibus
1874 1772 1941 1805 ido-

1202 1835 1286 1865 neas,
1315 1835 1409 1857 unam
1437 1825 1555 1858 scilicet
1582 1825 1620 1857 ab
1652 1825 1763 1858 eodem
1795 1825 1941 1869 Philippo

1203 1888 1288 1921 rege,
1306 1888 1362 1911 seu
1381 1878 1448 1911 eius
1468 1878 1620 1912 ministris
1644 1878 1676 1911 in
1699 1879 1818 1912 eisdem
1835 1879 1942 1922 regnis

1203 1931 1418 1971 existentibus,
1432 1931 1524 1964 aliam
1542 1942 1616 1964 vero
1634 1941 1651 1964 a
1668 1931 1751 1964 dicto
1775 1931 1870 1972 clero,
1888 1941 1943 1964 seu

1204 1994 1221 2016 a
1241 1989 1279 2025 te,
1298 1984 1439 2017 eiusdem
1456 1984 1530 2017 cleri
1549 1984 1685 2025 nomine,
1703 1983 1897 2027 deputandas
1913 1989 1943 2017 et

1205 2037 1380 2080 respective
1396 2036 1626 2081 approbandas,
1643 2036 1772 2070 omnino
1789 2036 1943 2080 deponan-

1206 2095 1266 2129 tur,
1291 2095 1320 2122 et
1345 2100 1402 2133 per
1426 2089 1551 2122 easdem
1574 2099 1724 2133 personas
1752 2089 1943 2122 coniunctim

1205 2142 1411 2185 procedentes
1426 2143 1517 2175 dictis
1530 2142 1665 2186 Philippi
1683 2142 1767 2185 regis
1782 2143 1945 2183 ministris,

1205 2196 1243 2228 ad
1271 2196 1417 2229 effectum
1445 2196 1523 2242 illas*
1544 2196 1575 2241 in
1603 2196 1799 2239 supradictos
1825 2201 1945 2236 etnon

1205 2249 1282 2282 alios
1314 2259 1389 2282 usus
1419 2249 1477 2282 sub
1508 2249 1714 2292 infrascriptis
1746 2249 1887 2283 censuris
1916 2255 1947 2282 et

1205 2301 1313 2345 poenis
1347 2312 1384 2335 eo
1414 2302 1484 2346 ipso
1508 2302 1706 2336 incurrendis
1730 2302 1944 2346 expendendi,

1205 2355 1429 2397 consignentur
1439 2365 1447 2395 ;

1249 2408 1264 2451 ξ
1281 2408 1309 2440 5.
1330 2408 1482 2452 Quodque
1500 2419 1654 2452 personae
1672 2409 1716 2443 sic
1736 2408 1902 2453 deputatae
1915 2414 1945 2442 et
1987 2415 2096 2463 ‚Paegnias
2112 2417 2144 2463 sig

1205 2461 1395 2505 approbatae
1408 2462 1446 2494 de
1459 2463 1608 2506 pecunias
1620 2462 1810 2503 huiusmodi,
1819 2462 1943 2496 nonnisi
1959 2449 2143 2517 Ξῖῑζὶἰῖῗθῖῇβθυὲῐ

1205 2515 1243 2547 ad
1260 2515 1405 2548 effectum
1422 2516 1530 2549 eadem
1551 2516 1688 2549 subsidia
1712 2517 1745 2549 in
1767 2515 1945 2560 praedictos
2084 2511 2089 2517 ’

1206 2574 1235 2601 et
1254 2579 1317 2602 non
1340 2569 1417 2602 alios
1439 2580 1515 2602 usus
1535 2570 1723 2614 praestandi,
1741 2565 1946 2603 eisdem'Phi-

1206 2622 1281 2666 lippi
1306 2623 1389 2666 regis
1413 2623 1566 2658 ministris
1585 2623 1792 2666 numerando,
1808 2622 1944 2657 ministri

1995 1673 2036 1695 Pro
2056 1673 2139 1700 exigen-

1956 1701 1983 1721 do
2010 1702 2051 1722 hoc
2075 1701 2140 1721 vecti·

1957 1728 1997 1753 gali
2018 1728 2071 1748 duas
2093 1733 2141 1753 per-

1956 1761 2019 1775 sonas
2035 1770 2040 1777 .
2075 1759 2140 1774 unam

1956 1782 2038 1802 scilieet
2051 1786 2064 1800 a
2083 1785 2140 1806 rege,

1956 1809 2044 1829 atteram
2058 1806 2085 1827 ab
2096 1807 2140 1832 epi-

1956 1839 2021 1860 scopo
2066 1833 2140 1853 Hiera·

1957 1861 2016 1881 censi
2043 1859 2140 1885 deputari

1957 1887 2052 1908 mandat.
