2248 3229
949 212 1089 237 ruamus
1115 211 1170 236 vni
1194 212 1242 236 rr.
1756 202 1819 236 633
1865 212 1913 239 An.
1931 211 1959 239 c.
1979 211 2046 239 ¹638

331 271 402 294 rum
427 260 598 302 Ordinum,
623 261 716 294 etiam
745 262 934 302 iuramento,
961 261 1072 295 consu·-
1089 264 1092 321 l
1108 271 1256 294 coronam
1281 270 1376 305 super
1393 260 1476 293 illius
1490 259 1665 304 insignibus
1683 260 1846 304 imponere

333 314 468 347 matione
492 314 676 359 apostolica,
697 314 744 348 vel
765 314 825 348 alia
849 314 959 358 quavis
978 314 1073 347 sirmi-
1090 333 1091 354 3
1107 313 1348 354 consueverint,
1381 323 1444 347 non
1469 313 1570 346 solum
1604 323 1641 347 eo
1679 312 1747 346 iure
1781 313 1846 346 nixi

332 371 392 401 tate
410 367 575 409 roboratis,
595 368 716 402 statutis
734 373 763 400 et
785 367 1072 407 consuetudinibus,
1090 362 1179 411 {quia
1203 367 1311 400 civitas
1335 367 1515 400 huiusmodi
1540 366 1640 400 dietae
1664 366 1846 410 provinciae

331 421 503 464 privilegiis
519 432 657 465 quoque,
675 421 802 454 indultis
821 426 849 454 et
867 421 980 454 litteris
997 424 1073 464 a'po-
1090 424 1091 467 ἑ
1106 426 1211 464 caput,
1236 420 1382 464 illiusque
1406 420 1582 463 legatorum
1611 430 1666 453 seu
1690 419 1847 462 guberua-

331 474 459 514 stolicis,
483 474 601 508 eisdem
622 474 801 514 Ordinibus,
820 474 1010 517 illorumque
1023 485 1073 506 sn·
1089 470 1091 519 ,¹
1107 479 1210 507 torum
1236 472 1405 506 residentia
1423 479 1453 506 et
1471 473 1670 506 universitate
1688 472 1779 507 studii
1798 483 1847 516 ge-

330 527 519 571 perioribus,
535 528 686 560 fratribus
706 533 736 560 et
753 527 906 572 personis,
929 527 987 560 sub
1008 527 1073 570 qui·
1090 559 1091 575 χ
1107 527 1220 559 neralis
1257 526 1426 570 multisque
1450 526 1519 559 aliis
1543 526 1771 570 praerogativis
1796 536 1847 560 οι·-

330 581 526 625 buscumque
552 581 722 614 verborum
755 586 863 614 tenore
888 585 917 614 et
941 580 1071 621 formis,
1090 585 1177 626 ¹nata
1187 579 1395 614 existitetiam
1409 580 1448 612 ab
1462 580 1680 624 antiquissimo
1695 585 1847 624 tempore,

328 644 364 666 ac
388 643 460 666 cum
485 633 648 677 quibusvis
673 633 765 666 etiam
796 633 1071 676 derogatoriarum
1106 633 1160 666 sed
1185 633 1277 666 etiam
1304 633 1378 677 quia
1402 633 1559 676 quoddam
1586 633 1687 666 dictae
1713 633 1846 666 civitatis

328 686 546 729 derogatoriis,
572 686 704 729 aliisque
729 686 970 727 efficacioribus,
992 686 1072 720 inso-
1105 686 1268 730 antiquum
1287 687 1409 730 insigne
1425 696 1461 719 ex
1480 686 1584 731 lapide
1598 685 1692 730 qu0d¹
1707 686 1738 719 in
1751 686 1847 730 ipsius

329 739 391 772 litis
415 739 574 780 clausulis,
601 740 860 784 irritantibusque
885 745 914 772 et
933 738 1003 772 aliis
1022 735 1238 772 de-'civitatis
1271 740 1354 772 sonte
1387 739 1498 772 maiori
1533 745 1717 773 coronatum
1743 745 1846 781 extat,

328 793 433 833 cretis,
458 793 488 825 in
514 803 631 836 genere
662 793 710 826 vel
735 793 766 826 in
791 792 914 837 speeie,
941 803 977 826 ac
1002 789 1310 835 aliisssniliilominus
1334 792 1487 836 quaedam
1513 792 1614 826 dietae
1640 793 1773 827 civitatis
1799 793 1845 826 in-

328 857 358 884 in
383 847 579 880 contrarium
603 847 852 890 praemissorum
873 845 1071 889 quomodoli-
1088 842 1089 857 ¹
1105 845 1223 888 signia,
1249 846 1375 879 coronis
1400 851 1433 878 ut
1459 846 1636 889 praefertur
1660 852 1788 888 ornata,
1816 846 1846 879 in

328 900 381 933 bet
405 900 583 941 concessis,
609 899 804 933 confirmatis
833 905 863 931 et
895 898 1068 937 innovatis;
1087 901 1213 958 ¹atu-ersa
1245 904 1333 942 parte
1359 898 1502 931 sedilium
1538 909 1591 931 seu
1624 899 1847 932 subselliorum

327 953 443 996 quibus
467 953 615 986 omnibus
638 955 668 985 et
692 952 836 995 singulis,
857 951 985 985 illorum
1006 961 1070 984 om-
1086 951 1307 998 magistratus
1341 951 1473 984 οἰιίῑιιῑί5
1505 951 1685 985 huiusmodi
1718 952 1748 984 in
1781 952 1847 996 ipsa

327 1006 415 1039 nium
440 1012 565 1039 tenores
589 1004 809 1062 praesentibus
834 1014 892 1048 pro
923 1004 1015 1047 plene
1039 1009 1087 1036 et
1086 1004 1273 1037 cathedrali
1292 1005 1424 1038 eeclesia
1448 1005 1647 1038 existentium
1674 1005 1845 1049 insculpta,

327 1059 518 1092 sufficienter
540 1058 696 1102 expressis
721 1057 882 1097 habentes,
908 1057 968 1090 illis
993 1044 1087 1090 alias¹
1103 1058 1322 1091 etalibietiam
1334 1058 1509 1098 existentia,
1519 1063 1623 1090 amota
1636 1063 1666 1090 et
1683 1058 1844 1091 confracta

326 1112 357 1144 in
370 1122 427 1145 suo
440 1111 555 1145 robore
569 1110 803 1155 permansuris,
826 1111 885 1144 hae
902 1110 968 1144 vice
982 1110 1069 1143 dum·
1102 1111 1239 1151 suerunt,
1263 1120 1327 1144 non
1346 1110 1413 1143 sine
1431 1110 1568 1143 maxima
1589 1110 1746 1143 dictorum
1763 1121 1848 1144 com-

326 1170 409 1197 taxat
432 1164 612 1208 specialiter
637 1169 667 1196 et
690 1174 837 1207 expresse
862 1163 1067 1207 derogamus;
1086 1149 1087 1197 l
1103 1164 1263 1196 munitatis
1288 1169 1317 1196 ct
1342 1164 1506 1196 hominum
1534 1163 1785 1207 perturbatione,
1809 1175 1845 1196 ae

325 1217 501 1260 ceterisque
518 1217 685 1250 contrariis
702 1217 963 1260 quibuscumque.
1085 1211 1236 1258 {evidenti
1261 1216 1393 1249 alicuius
1425 1216 1563 1249 scandali
1597 1216 1709 1250 exinde
1740 1217 1846 1250 forsan

369 1271 482 1304 Datum
510 1271 650 1311 Romae,
675 1270 760 1314 apud
781 1270 810 1303 S.
830 1270 979 1309 Petr,um
1007 1270 1087 1306 sub.
1084 1269 1402 1332 orituripeiieul03‘²
1415 1271 1506 1304 nobis
1523 1276 1691 1314 pr-opteiea
1709 1269 1781 1303 dicti
1798 1282 1846 1303 ex-

325 1324 441 1357 annulo
470 1324 658 1364 piscatoris,
694 1323 744 1357 die
779 1333 860 1358 xvtn
891 1314 1087 1357 decembris¹
1084 1329 1254 1388 ponentes
1276 1324 1438 1357 humiliter
1455 1324 1625 1368 supplicari
1644 1324 1795 1364 fecerunt,
1812 1329 1846 1356 ut

134 211 184 240 An.
201 212 231 240 C.
250 211 317 240 1638

326 1387 508 1419 nncxxxvu,
522 1377 722 1421 pontificatus
741 1377 840 1410 nostri
861 1387 944 1410 anno
969 1387 1022 1411 xv.

360 1439 421 1467 Dat.
437 1439 480 1467 die
497 1440 529 1468 18
544 1439 699 1467 decembris
716 1439 794 1473 1637,
810 1438 905 1474 pontit.
925 1447 996 1466 anno
1011 1446 1056 1466 xv.

635 1572 758 1606 Dxctv.

325 1646 515 1681 commissio
545 1644 757 1689 yubernaeori
785 1645 953 1678 Marchiae
981 1645 1085 1685 circa,

366 1699 596 1743 repositionem
617 1709 752 1731 coronae
767 1708 864 1742 super
882 1688 1085 1742 insr'ynibus¹

367 1753 509 1786 civitatis
533 1752 764 1786 Maceratensis
780 1751 799 1785 ⁴.

353 1822 468 1851 Dilecto
482 1823 553 1857 filio,
570 1822 742 1857 provinciae
749 1826 875 1852 nostrae
886 1823 1038 1851 marchiae

588 1867 791 1902 gubernatori.

518 1911 654 1939 Urbanus
681 1912 761 1946 Papa
789 1912 868 1940 vul.

601 1956 716 1983 Dilecto
736 1956 790 1988 fili,

372 2002 502 2029 salutem
518 2004 549 2028 et
563 2001 759 2035 apostolicam
775 2000 1016 2028 benedictionem

1084 1366 1160 1409 ¹sibi
1193 1377 1224 1409 in
1255 1377 1437 1420 praemissis
1471 1382 1648 1421 opportune
1677 1376 1844 1420 prox-ideie

1102 1430 1140 1463 de
1164 1430 1357 1473 benignitate
1382 1430 1557 1474 apostolica
1581 1430 1798 1473 dign·.a1emui

1147 1483 1197 1527 §2
1202 1484 1314 1517 ,Νοε
1308 1495 1339 1526 ι(
1343 1483 1414 1525 itur,
1431 1484 1575 1528 publicae
1593 1484 1720 1517 illorum
1735 1484 1844 1528 quieti,
1860 1493 2045 1548 qucaopnmrfflfflo

1102 1537 1246 1581 pacique,
1263 1543 1415 1581 quantum
1433 1548 1504 1571 cum
1522 1537 1656 1570 Domino
1665 1548 1845 1581 possumus,

1101 1590 1236 1634 benigne
1268 1592 1450 1632 consulere,
1483 1591 1531 1635 ips
1534 1601 1632 1635 osque
1657 1591 1845 1636 specialibus

1101 1644 1260 1678 tatoribus
1285 1650 1315 1678 et
1335 1644 1444 1687 gratiis
1467 1645 1617 1689 prosequi
1640 1646 1788 1686 tolentes,
1815 1651 1845 1678 et

1101 1709 1211 1732 eorum
1244 1698 1420 1741 simulares
1449 1709 1600 1742 personas
1631 1709 1648 1731 a
1681 1699 1844 1742 quibusxis

1101 1751 1444 1792 excormnunicationis,
1470 1752 1687 1796 suspensionis
1703 1757 1734 1785 et
1751 1752 1844 1785 inter-

1100 1805 1185 1845 dicti,
1199 1805 1330 1849 aliisque
1351 1805 1570 1838 ecclesiasticis
1590 1805 1762 1846 sententiis,
1776 1816 1844 1838 cen-

1100 1859 1182 1892 suris
1206 1863 1235 1893 et
1260 1859 1391 1903 poenis,
1417 1869 1434 1891 a
1459 1860 1528 1892 iure
1554 1860 1600 1893 rel
1626 1859 1666 1892 ab
1691 1859 1841 1900 homine,

1100 1913 1208 1957 quavis
1233 1913 1399 1946 occasione
1413 1913 1460 1946 vel
1474 1914 1569 1946 causa
1586 1913 1666 1954 latis,
1685 1913 1709 1946 si
1727 1914 1842 1957 quibus

1099 1966 1338 2010 quomodolibet
1358 1966 1524 1999 innodatae
1549 1967 1696 2007 existunt,
1717 1967 1755 1999 ad
1773 1968 1843 2000 ess‘e-

1081 2025 1184 2060 ‚ctum
1206 2019 1420 2063 praesentium
1446 2020 1608 2052 dumtaxat
1639 2030 1838 2064 consequeu-

366 2073 512 2107 sincerae
526 2072 599 2106 fidei
613 2078 643 2105 et
656 2071 831 2105 devotionis
847 2071 988 2112 affectus,
1001 2082 1064 2115 quo
1081 2067 1082 2109 J
1099 2072 1185 2112 dum,
1199 2073 1311 2105 harum
1327 2072 1407 2105 serie
1425 2073 1622 2105 absolventes
1635 2078 1667 2105 et
1683 2073 1840 2106 absolutas

321 2127 426 2160 ‹lilecti
452 2127 507 2159 tilii
532 2126 743 2160 communitas
767 2131 797 2159 et
825 2126 969 2159 homines
993 2126 1064 2159 civi·
1080 2147 1083 2155 ι
1100 2127 1165 2160 sore
1179 2126 1542 2166 censentes‚liuiusmodi
1557 2127 1840 2170 supplicationibus

322 2181 392 2213 tatis
416 2184 541 2214 nostrae
566 2179 787 2213 Maceratensis
818 2190 875 2213 nos
899 2185 929 2212 et
953 2180 1063 2213 ltoma-
1099 2180 1249 2222 inclinati,
1263 2179 1317 2212 tibi
1338 2190 1394 2224 per
1411 2185 1591 2223 praesentes
1611 2181 1840 2214 committimus

322 2245 392 2267 nam
408 2239 593 2267 reverentur
605 2233 788 2274 Ecclesiam,
808 2243 864 2266 nos
882 2232 1062 2272 inducunt¹‚
1080 2238 1081 2246 ¹
1099 2239 1128 2266 et
1153 2232 1348 2274 mandamus,
1362 2238 1517 2276 quatenus
1541 2233 1657 2275 onmia,
1674 2234 1777 2278 quoad
1792 2246 1840 2268 co-

322 2293 355 2320 ut
379 2287 449 2320 illos
479 2286 669 2331 specialibus
703 2286 862 2320 favoribus
892 2292 921 2319 et
952 2286 1062 2329 gratiis
1099 2296 1209 2320 ronam
1242 2297 1337 2330 super
1369 2286 1544 2329 insignibus
1568 2286 1669 2320 dictae
1695 2287 1838 2328 civitatis,

322 2351 563 2386 prosequamur.
1079 2340 1129 2372 'in
1153 2339 1320 2383 pristinum
1346 2345 1373 2372 ct
1408 2350 1480 2372 cum
1508 2340 1538 2372 in
1558 2351 1620 2383 quo
1650 2346 1739 2373 antea
1764 2351 1839 2383 quo—

365 2396 380 2438 §
410 2394 434 2427 l
460 2395 578 2438 Exponi
604 2394 758 2438 siquidem
784 2394 876 2427 nobis
896 2404 998 2438 nuper
1023 2395 1061 2427 se·
1097 2392 1268 2425 modolibet
1299 2398 1387 2425 erant
1419 2397 1533 2425 statum
1566 2393 1750 2427 auctoritate
1774 2403 1833 2426 no-

164 2455 192 2476 C
183 2459 305 2476 mmm-1⁰¹³
321 2447 517 2481 ceruntdicti
531 2447 740 2480 communitas
754 2452 783 2479 et
794 2446 949 2487 homine<
966 2446 1061 2490 quod,
1096 2447 1159 2478 stra
1185 2445 1350 2486 restituas,
1375 2455 1509 2489 teponas
1535 2450 1563 2478 et
1590 2446 1730 2489 plenarie
1755 2446 1836 2480 tein-

120 2482 199 2503 ”⁵⁸⁸
202 2489 237 2503 τ’
241 2486 259 2503 ⁸
257 2489 304 2503 ῃ·
321 2501 393 2534 licet
407 2500 516 2534 ciiitas
526 2500 695 2544 praedicta,
713 2510 731 2532 a
749 2499 855 2533 multis
867 2500 955 2534 annis
972 2500 1079 2541 citra,
1098 2504 1211 2543 tegies.

148 2137 268 2159 uxoratum.

120 2512 162 2535 peti
157 2512 202 2530 i.tio

1134 2573 1142 2597 1
1166 2571 1222 2597 Vox
1242 2570 1318 2605 quod
1339 2574 1445 2606 praeter
1460 2571 1591 2606 syntaxim
1607 2574 1646 2598 est
1659 2571 1696 2606 (n.
1709 2572 1759 2606 ·r.).

1130 2614 1146 2640 Ξ
1167 2615 1260 2650 Aptius
1276 2615 1498 2650 praemitteretur
1515 2615 1652 2643 coniunct.
1668 2619 1694 2645 el
1709 2618 1746 2650 (n.
1762 2615 1810 2651 T.).

357 2574 367 2598 ¹
387 2570 423 2598 Ex
440 2570 547 2605 Regest.
565 2570 590 2596 in
604 2570 708 2597 Secret.
726 2570 805 2597 Brev.

354 2616 371 2642 2
390 2615 544 2650 tegendum
565 2614 634 2642 toret
654 2614 764 2642 inducit
784 2614 883 2648 (nstin).

438 2670 515 2697 uult.
533 2670 612 2697 Itoni.
630 2685 664 2689 -
687 2669 741 2696 l'ol.
759 2669 832 2696 XIV.
979 2672 1012 2697 δ’]
