2221 3224
147 210 195 237 An.
214 210 242 236 c..
263 209 330 236 1630
376 202 440 234 164

176 1812 293 1833 cardinalis
305 1811 332 1832 le-

150 1842 191 1864 gau
203 1844 266 1864 super
276 1844 332 1858 mon·

150 1869 170 1886 te
211 1866 332 1885 huiusmodi

151 1892 276 1912 iurisdictio.

345 259 529 291 satisfecisse
554 264 727 299 censeatur,
742 264 766 290 ct
795 269 889 302 super
915 259 967 291 illo
985 269 1081 302 pecu-

344 311 413 346 niae
433 322 492 356 pro
517 311 702 345 mulieribus
725 311 837 356 nuptui
868 310 978 344 dandis
1005 312 1080 344 assi-

344 366 433 408 gnari
465 366 600 410 possint;
629 376 665 398 ac
696 375 786 398 mons
816 364 904 408 ipse,
936 364 1082 408 illiusque

345 419 484 462 singulae
498 419 658 463 portiones
676 423 705 452 et
719 419 788 452 loca
808 419 846 451 ab
868 418 919 451 illa
935 429 993 463 pro
1008 424 1083 452 tem-

345 483 421 516 pore
446 472 690 516 possidentibus,
707 471 805 504 libere
830 471 877 505 vel
895 483 966 505 cum
991 477 1082 516 pacto

346 524 560 568 recuperandi,
581 524 649 557 aliis
672 525 836 568 resignari,
861 530 900 565 et,
925 525 950 557 si
974 525 1082 567 libere,

345 578 430 610 nulla
462 577 492 609 in
531 577 739 611 instrumento
770 577 991 621 resignationis
1031 584 1084 611 aut

345 630 511 674 campiono
536 631 615 663 sacta
641 631 809 672 mentione,
834 631 918 675 quod
942 632 1012 665 loco
1038 633 1082 665 rei

347 683 516 716 immobilis
536 683 650 717 dentur
674 685 785 726 libere,
810 685 904 717 etiam
929 678 998 718 aliis
1015 686 1083 719 cedi

345 741 374 767 et
405 736 558 779 resignari
592 738 727 781 possint,
761 738 801 770 ita
832 738 916 782 quod
953 738 1023 771 illae
1055 744 1084 772 et

346 788 396 821 illa
409 789 494 830 alias,
512 800 606 834 quam
625 790 656 822 in
674 791 881 825 instrumento
905 795 1084 826 contractus

345 848 397 875 aut
424 843 589 887 campiono
625 844 840 887 exprimatur,
865 844 999 888 obligari
1031 850 1085 878 aut

346 896 547 940 hypothecari
580 903 755 940 nequeant,
784 897 837 930 sed
870 898 938 931 illas
969 904 999 932 et
1033 899 1084 931 illa

345 949 542 992 acquirentes
579 950 635 982 tuti
671 951 731 983 sint
766 955 795 985 et
830 951 931 984 securi
951 952 968 994 ¹,
1001 952 1084 996 quod

346 1001 415 1035 illae
440 1008 469 1036 et
494 1003 545 1035 illa
569 1004 608 1036 ab
633 1004 718 1037 omni
736 1014 831 1037 onere
853 1009 882 1037 et
907 1005 1084 1049 hypotheca

344 1066 476 1099 prorsus
501 1061 530 1089 et
554 1057 683 1091 omnino
708 1056 827 1090 liberae
847 1064 877 1091 et
902 1059 999 1092 libera
1025 1060 1085 1092 exi-

345 1113 441 1152 stant,
459 1109 597 1153 dictique
614 1109 705 1143 iudex
727 1116 756 1143 et
772 1111 987 1154 magistratus,
1012 1123 1083 1145 cum

344 1162 581 1206 participatione
612 1168 714 1196 tamen
746 1169 773 1196 ct
801 1161 955 1197 consensu
980 1165 1084 1199 dilecti

346 1215 400 1247 tilii
426 1216 523 1248 nostri
546 1216 688 1249 moderni
714 1222 743 1250 ct
768 1227 825 1260 pro
849 1222 992 1261 tempore
1008 1218 1085 1251 exis-

347 1268 437 1300 tentis
468 1268 498 1300 in
528 1269 650 1302 civitate
680 1275 710 1302 et
745 1270 859 1303 ducatu
890 1270 1084 1303 Ferrariensi

346 1322 459 1354 uostris
477 1322 513 1355 de
531 1324 627 1356 latere
652 1324 756 1366 legati,
773 1324 1010 1368 depositarium,
1029 1335 1084 1358 no-

347 1375 458 1408 tarium
484 1381 513 1408 et
538 1378 797 1420 camplonerium,
823 1388 858 1410 ac
882 1378 959 1411 alios
983 1389 1081 1421 quos-

346 1439 481 1473 cumque
498 1430 657 1470 officiales,
677 1430 838 1474 deputare,
857 1441 891 1463 ac
917 1441 988 1463 cum
1015 1441 1086 1474 par-

347 1482 524 1526 ticipatione
541 1488 570 1515 ct
587 1493 742 1516 consensu
759 1483 914 1516 similibus
927 1494 1084 1525 amovere,

347 1534 468 1578 illisque
483 1546 519 1567 ex
537 1535 689 1568 fructibus
707 1541 736 1568 et
753 1536 927 1569 redditibus
945 1537 1084 1569 eiusdem

346 1586 460 1620 inontis
475 1588 586 1621 salaria
600 1593 630 1621 et
646 1589 816 1622 honoraria
830 1590 1002 1633 respective
1016 1600 1086 1623 con-

346 1641 473 1675 stituere
498 1646 527 1675 et
550 1642 700 1685 deputare
726 1643 823 1675 libere
848 1643 968 1686 possint
992 1649 1022 1676 ct
1038 1654 1087 1676 va-

346 1696 437 1738 leant,
455 1696 640 1729 auctoritate
657 1702 687 1729 et
704 1700 812 1730 tenore
829 1697 997 1741 praedictis
1015 1707 1086 1731 eon-

347 1748 486 1782 cedimus
507 1754 536 1782 et
554 1750 762 1793 indulgemus.

392 1802 447 1845 §23
474 1803 622 1846 Ultraque
643 1803 755 1836 salaria
771 1808 801 1836 et
820 1803 993 1836 honoraria
1010 1814 1027 1836 a
1044 1803 1087 1837 di-

348 1856 427 1889 lecto
453 1856 517 1889 filio
541 1862 649 1890 nostro
674 1857 827 1890 moderno
851 1857 883 1890 in
907 1857 988 1891 dicta
1013 1857 1087 1890 civi-

350 1914 408 1942 tate
430 1915 460 1942 et
480 1909 594 1944 ducatu
607 1910 646 1943 de
658 1910 754 1944 latere
769 1911 872 1954 legato
883 1910 974 1944 dictis
988 1921 1087 1944 secre-

350 1962 428 1996 tario
445 1968 475 1996 et
495 1964 709 2008 camplonerio
729 1963 886 2007 assignata
909 1974 1087 1998 annuorum

348 2022 509 2050 scutorum
535 2022 659 2050 centum
684 2021 754 2051 octo
779 2017 810 2050 in
836 2021 945 2059 totum,
970 2018 1088 2051 eisdem

349 2070 483 2113 collegio
501 2075 531 2103 et
546 2071 690 2115 personis
714 2071 774 2104 alia
796 2076 882 2104 scuta
903 2071 1033 2115 triginta
1050 2082 1087 2105 ex

349 2124 502 2157 fructibus
527 2129 557 2157 et
581 2125 754 2157 redditibus
778 2124 933 2158 dictarum
949 2125 1087 2168 gabella-

350 2188 420 2209 rum
441 2178 507 2210 cius
532 2182 561 2210 et
586 2188 695 2211 eorum
720 2178 851 2211 arbitrio
876 2178 908 2211 in
931 2178 1000 2211 aliis
1024 2188 1089 2211 sus-

351 2230 483 2263 tinendis
510 2231 658 2264 oneribus
690 2235 719 2265 et
751 2231 896 2275 expensis
926 2242 986 2275 pro
1015 2231 1088 2265 dicti

350 2284 472 2327 collegii
498 2284 733 2318 conservatione
758 2284 946 2328 erogandass,
968 2295 1089 2319 necnon

350 2338 442 2370 etiam
468 2338 644 2372 facultatem
659 2338 759 2371 dictos
775 2339 990 2382 secretarium,
1005 2349 1090 2372 cam-

350 2391 530 2434 plonerium
554 2397 584 2424 et
608 2391 834 2436 depositarium
859 2392 993 2434 electos,
1019 2403 1090 2425 cum

351 2444 417 2477 solo
445 2455 599 2478 consensu
627 2445 766 2479 eiusdem
793 2445 838 2478 vel
865 2456 923 2490 pro
948 2450 1091 2490 tempore

387 2526 397 2550 Ἰ
418 2525 505 2552 Verba
523 2526 598 2559 quod
618 2526 685 2553 illas
701 2529 726 2554 et
741 2526 795 2553 ἰ’ἰία
815 2529 939 2553 ementes
959 2526 1015 2554 euti
1033 2526 1092 2554 sinc

352 2572 377 2597 ec
392 2570 486 2597 securi
502 2570 654 2605 importune
670 2571 784 2604 repetita
800 2570 923 2598 delemus
937 2572 977 2606 (n.
994 2572 1040 2604 T.).

387 2613 404 2639 2
420 2612 518 2640 Forsan
534 2613 678 2649 legendum
694 2614 833 2649 eroyancli
848 2616 884 2649 (a.
902 2614 950 2649 r).

922 211 1100 235 BULLARIUM
1123 210 1277 235 ROMANUM

1867 211 1916 238 Αη.
1932 211 1960 238 C.
1984 211 2051 239 1630

1115 259 1273 291 existentis
1287 259 1432 291 delatere
1445 259 1548 301 legati,
1562 259 1725 293 amovendi
1743 263 1773 294 et
1790 270 1853 292 mu-

1115 312 1209 353 tandi,
1226 312 1316 345 dictis
1336 312 1450 345 salario
1474 317 1504 345 et
1527 312 1698 346 honorario
1722 323 1785 347 non
1808 314 1853 346 al-

1115 365 1232 408 teratis,
1258 365 1368 399 eadem
1394 365 1580 399 auctoritate
1604 365 1804 400 concedimus
1824 372 1854 399 et

1116 419 1326 463 impertimur.

1160 474 1175 517 ξ
1199 473 1228 507 6.
1254 473 1462 507 Decernentes
1485 473 1541 506 has
1566 478 1689 507 nostras
1719 482 1852 507 conces—

1116 526 1231 567 siones,
1257 532 1318 559 tam
1344 531 1489 571 respectu
1513 537 1642 567 eorum,
1667 526 1721 570 qui
1746 531 1854 570 postea

1116 579 1266 624 pecunias
1283 590 1378 624 super
1395 579 1479 613 dicto
1496 585 1602 613 monte
1615 584 1743 624 ponent,
1760 590 1852 624 quam

1116 643 1238 674 eorum,
1262 632 1315 676 qui
1341 632 1490 666 haetenus
1507 638 1689 676 posuerunt,
1708 632 1853 666 effectum

1116 696 1206 718 suum
1232 685 1337 718 sortiri
1358 685 1489 725 debere;
1507 685 1710 719 decernentes
1727 685 1855 730 insuper

1117 743 1254 772 montem
1273 744 1303 771 et
1322 739 1504 782 collegium,
1526 749 1561 772 ac
1585 749 1734 783 personas
1751 738 1856 783 huius-

1118 792 1220 834 modi,
1257 802 1430 836 eorumque
1459 792 1689 835 assignamenta
1724 797 1753 824 et
1788 792 1855 824 iura

1117 855 1334 889 quaecumque
1358 856 1414 890 per
1440 855 1493 879 eos
1518 845 1579 885 eis,
1600 850 1633 878 ut
1657 845 1854 889 praefertur,

1117 909 1264 932 concessa
1290 904 1320 932 et
1343 900 1517 943 assignata,
1544 899 1636 932 etiam
1661 909 1717 942 per
1740 908 1797 931 nos
1821 908 1855 930 ac

1117 951 1232 985 dietam
1258 952 1370 985 Sedem
1391 956 1420 987 et
1440 962 1639 986 successores
1656 956 1782 984 nostros
1799 951 1857 984 Ro-

1118 1016 1226 1039 manos
1252 1006 1418 1039 Pontifices
1440 1017 1497 1050 pro
1523 1011 1667 1050 tempore
1691 1005 1857 1038 existentes

1118 1058 1223 1102 aliquo
1248 1059 1431 1102 gravamine
1451 1059 1611 1092 ordinario
1631 1059 1701 1091 scu'
1720 1063 1857 1091 extraor-

1117 1111 1239 1145 dinario
1254 1122 1349 1145 onere
1364 1112 1456 1154 affici,
1474 1117 1526 1145 aut
1546 1112 1667 1145 ratione
1680 1112 1857 1145 cuiuscum-

1117 1175 1178 1208 que
1202 1165 1407 1208 pecuniarum
1433 1175 1574 1204 summae
1599 1165 1711 1204 eidem,
1729 1175 1788 1208 pro
1808 1175 1857 1197 su-

1118 1218 1304 1252 stentatione
1317 1229 1449 1252 onerum
1463 1219 1620 1252 Romanae
1637 1217 1793 1251 Ecclesiae
1806 1223 1858 1250 aut

1118 1271 1209 1304 nobis
1226 1271 1493 1313 incumbentium,
1518 1282 1573 1305 seu
1598 1281 1634 1304 ex
1659 1281 1857 1315 quacumque

1118 1324 1179 1357 alia
1204 1325 1296 1359 etiam
1329 1325 1553 1368 urgentissima
1582 1330 1612 1358 et
1641 1324 1857 1357 efficacissima

1119 1380 1224 1419 causa,
1249 1390 1307 1422 pro
1332 1384 1474 1423 tempore
1500 1377 1664 1422 imposito³
1681 1378 1789 1419 minui⁷
1807 1383 1857 1410 aut

1119 1441 1156 1464 ex
1180 1431 1225 1464 eis
1238 1431 1375 1475 aliquam
1391 1437 1513 1475 partem
1534 1431 1650 1464 auferri
1669 1431 1715 1463 vel
1729 1430 1858 1464 retineri

1118 1485 1296 1517 nullatenus
1319 1495 1411 1529 posse
1437 1485 1484 1518 vel
1509 1485 1641 1525 debere;
1669 1494 1771 1527 neque
1795 1483 1858 1516 col-

1119 1538 1236 1580 legium
1251 1538 1325 1571 dicti
1343 1539 1468 1579 montis,
1486 1538 1632 1582 illiusque
1653 1547 1804 1582 personas
1821 1537 1859 1570 ad

1119 1590 1329 1634 probandum,
1343 1591 1374 1623 in
1391 1601 1470 1634 quos
1493 1602 1569 1624 usus
1593 1591 1694 1624 dictae
1707 1590 1859 1635 pecuniae

1119 1654 1287 1677 concessae
1311 1644 1426 1677 suerint
1437 1671 1444 1685 ‚
1469 1645 1584 1684 teneri,

1165 1697 1179 1740 ᾖ
1197 1698 1224 1730 7.
1252 1697 1498 1741 Praesentesque
1518 1697 1637 1741 litteras
1654 1697 1691 1730 de
1708 1697 1859 1730 nullitatis
1897 1706 2008 1727 Clausutae
2021 1711 2059 1732 pm

1874 1733 2017 1759 praesentium
2027 1733 2060 1753 tit-

1121 1750 1205 1791 vitio‚
1231 1755 1283 1785 aut
1302 1751 1483 1785 intentionis
1502 1756 1629 1785 nostrae
1646 1751 1694 1783 vel
1711 1761 1860 1794 quocum·
1875 1762 1968 1807 {gairum
1995 1759 2060 1779 firmi-

1120 1814 1181 1846 que
1205 1803 1266 1836 alio
1291 1803 1428 1845 defectu,
1453 1804 1572 1845 notari,
1597 1803 1792 1847 impugnari,
1817 1803 1860 1835 in-
1922 1802 1927 1806 ”

1121 1856 1225 1900 sringi,
1250 1857 1425 1898 retractari,
1450 1862 1504 1890 aut
1522 1856 1746 1901 quoquomodo
1767 1856 1798 1889 in
1814 1856 1861 1890 ius

1121 1911 1168 1944 vel
1182 1911 1430 1945 controversiam
1445 1911 1587 1944 revocari
1600 1911 1777 1944 nullatenus
1790 1920 1861 1954 pos-

1118 1975 1168 2005 se3
1194 1964 1301 2009 sicque
1326 1973 1382 2009 per
1406 1975 1623 2010 quoscumque
1643 1964 1761 1997 iudices
1781 1963 1863 1996 ordi-

1120 2018 1226 2052 narios
1242 2024 1272 2052 et
1285 2019 1454 2062 delegatos,
1469 2019 1563 2052 etiam
1577 2027 1743 2051 causarum
1756 2016 1861 2060 palatii

1121 2072 1285 2116 apostolici
1310 2072 1469 2106 auditores
1494 2075 1524 2106 et
1555 2076 1679 2104 sanctae
1706 2070 1815 2110 Roma

1122 2126 1278 2159 Ecclesiae
1296 2125 1480 2166 cardinales,
1501 2124 1594 2158 etiam
1612 2124 1650 2157 de
1668 2124 1765 2157 latere
1781 2077 1920 2166 baffi

1122 2184 1181 2220 tos,
1207 2179 1330 2213 sublata
1356 2178 1400 2212 eis
1420 2184 1450 2212 et
1474 2188 1583 2212 eorum
1609 2178 1737 2211 cuilibet
1754 2177 1864 2221 quavis

1122 2232 1212 2266 aliter
1236 2231 1395 2265 iudicandi
1417 2236 1448 2264 et
1471 2231 1697 2275 interpretandi
1717 2230 1864 2263 facultate

1123 2290 1153 2318 et
1176 2284 1372 2325 auctoritate,
1386 2284 1516 2318 iudicari
1543 2290 1573 2317 et
1592 2284 1717 2317 definiri
1737 2283 1863 2324 dehere,

1123 2349 1158 2372 ac
1176 2338 1301 2371 irritum
1327 2343 1357 2370 et
1381 2338 1482 2379 inane,
1507 2339 1531 2371 si
1557 2348 1647 2371 secus
1667 2347 1762 2381 super
1781 2336 1830 2370 his
1846 2346 1863 2369 a

1123 2402 1294 2436 quoquam,
1312 2391 1421 2435 quavis
1445 2391 1639 2434 auctoritate,
1661 2391 1796 2424 scienter
1814 2389 1862 2423 vel

1124 2445 1318 2488 ignoranter,
1343 2445 1512 2489 eontigerit
1531 2445 1685 2478 attentari.

1891 484 1935 504 Atta
1946 485 2052 503 {uenusta-

1870 513 1911 530 tum
1926 510 2044 536 prtvitegia.

1160 2527 1171 2552 ‘l
1185 2525 1305 2552 Turbate
1315 2526 1358 2552 ed.
1371 2525 1450 2553 Main.
1462 2525 1527 2561 legit
1539 2534 1588 2553 seu
1599 2525 1753 2553 ordinario
1760 2525 1801 2560 (n.
1813 2525 1864 2559 Τ.).
1918 2561 1926 2568 ·

1159 2570 1175 2596 2
1195 2570 1297 2597 Forsan
1316 2570 1488 2604 impositam
1510 2569 1557 2597 sed
1573 2570 1690 2604 corrigat
1704 2569 1750 2605 qui
1764 2572 1862 2604 potest,

1125 2617 1151 2642 et
1168 2613 1226 2642 vide
1243 2613 1292 2641 loc.
1308 2614 1402 2649 parall.
1419 2622 1499 2650 supra
1515 2623 1574 2651 pag.
1594 2614 1644 2642 120
1659 2614 1673 2642 b
1688 2614 1725 2649 (a.
1742 2614 1789 2648 τ,).
1869 2613 1873 2617 ”
