<?xml version="1.0" encoding="UTF-8"?>
<!DOCTYPE html PUBLIC "-//W3C//DTD XHTML 1.0 Transitional//EN"
    "http://www.w3.org/TR/xhtml1/DTD/xhtml1-transitional.dtd">
<html xmlns="http://www.w3.org/1999/xhtml" xml:lang="en" lang="en">
 <head>
  <title>
</title>
<meta http-equiv="Content-Type" content="text/html;charset=utf-8" />
  <meta name='ocr-system' content='tesseract 3.04.00' />
  <meta name='ocr-capabilities' content='ocr_page ocr_carea ocr_par ocr_line ocrx_word'/>
</head>
<body>
  <div class='ocr_page' id='page_1' title='image "./bullarumdiplomat14cath_0827.png"; bbox 0 0 2248 3229; ppageno 0'>
   <div class='ocr_carea' id='block_1_1' title="bbox 43 223 236 253">
    <p class='ocr_par' dir='ltr' id='par_1_1' title="bbox 43 223 236 253">
     <span class='ocr_line' id='line_1_1' title="bbox 43 223 236 253; baseline -0.01 0"><span class='ocrx_word' id='word_1_1' title='bbox 43 224 94 253; x_wconf 80' lang='lat' dir='ltr'>An.</span> <span class='ocrx_word' id='word_1_2' title='bbox 115 224 145 252; x_wconf 90' lang='lat' dir='ltr'>C.</span> <span class='ocrx_word' id='word_1_3' title='bbox 167 223 236 252; x_wconf 82' lang='lat'>1639</span> 
     </span>
    </p>
   </div>
   <div class='ocr_carea' id='block_1_2' title="bbox 47 1078 232 1235">
    <p class='ocr_par' dir='ltr' id='par_1_2' title="bbox 47 1078 231 1235">
     <span class='ocr_line' id='line_1_2' title="bbox 87 1078 230 1100; baseline 0.007 -1"><span class='ocrx_word' id='word_1_4' title='bbox 87 1078 163 1100; x_wconf 59' lang='lat' dir='ltr'>flenti-</span> <span class='ocrx_word' id='word_1_5' title='bbox 166 1083 190 1097; x_wconf 70' lang='grc' dir='ltr'>σε</span> <span class='ocrx_word' id='word_1_6' title='bbox 205 1078 230 1098; x_wconf 66' lang='lat' dir='ltr'>«le</span> 
     </span>
     <span class='ocr_line' id='line_1_3' title="bbox 48 1104 230 1132; baseline 0 -8"><span class='ocrx_word' id='word_1_7' title='bbox 48 1104 78 1125; x_wconf 83' lang='lat' dir='ltr'>Go</span> <span class='ocrx_word' id='word_1_8' title='bbox 66 1111 146 1132; x_wconf 73' lang='lat' dir='ltr'>ouruay</span> <span class='ocrx_word' id='word_1_9' title='bbox 160 1111 190 1131; x_wconf 78' lang='lat' dir='ltr'>pri</span> <span class='ocrx_word' id='word_1_10' title='bbox 194 1105 230 1125; x_wconf 88' lang='lat' dir='ltr'>mi·</span> 
     </span>
     <span class='ocr_line' id='line_1_4' title="bbox 48 1131 230 1152; baseline 0 0"><span class='ocrx_word' id='word_1_11' title='bbox 48 1134 112 1152; x_wconf 77' lang='lat' dir='ltr'>lium</span> <span class='ocrx_word' id='word_1_12' title='bbox 131 1133 178 1152; x_wconf 70' lang='lat' dir='ltr'>uari</span> <span class='ocrx_word' id='word_1_13' title='bbox 163 1138 200 1151; x_wconf 77' lang='lat' dir='ltr'>nm</span> <span class='ocrx_word' id='word_1_14' title='bbox 199 1131 230 1152; x_wconf 66' lang='grc' dir='ltr'>Ἰἰ-</span> 
     </span>
     <span class='ocr_line' id='line_1_5' title="bbox 48 1158 231 1184; baseline 0.005 -6"><span class='ocrx_word' id='word_1_15' title='bbox 48 1160 116 1179; x_wconf 76' lang='lat' dir='ltr'>tarum</span> <span class='ocrx_word' id='word_1_16' title='bbox 137 1164 159 1178; x_wconf 69' lang='grc' dir='ltr'>ιιι</span> <span class='ocrx_word' id='word_1_17' title='bbox 162 1158 231 1184; x_wconf 69' lang='lat' dir='ltr'>gulam</span> 
     </span>
     <span class='ocr_line' id='line_1_6' title="bbox 47 1185 232 1212; baseline 0.006 -7"><span class='ocrx_word' id='word_1_18' title='bbox 47 1190 74 1205; x_wconf 80' lang='lat' dir='ltr'>eu</span> <span class='ocrx_word' id='word_1_19' title='bbox 76 1185 136 1211; x_wconf 58' lang='lat' dir='ltr'>pit-ns</span> <span class='ocrx_word' id='word_1_20' title='bbox 150 1190 232 1212; x_wconf 82' lang='lat' dir='ltr'>promo-</span> 
     </span>
     <span class='ocr_line' id='line_1_7' title="bbox 49 1216 113 1235; baseline 0.016 -4"><span class='ocrx_word' id='word_1_21' title='bbox 49 1216 96 1233; x_wconf 61' lang='lat' dir='ltr'>vere</span> <span class='ocrx_word' id='word_1_22' title='bbox 107 1227 113 1235; x_wconf 83' lang='lat'><strong>.</strong></span> 
     </span>
    </p>
   </div>
   <div class='ocr_carea' id='block_1_3' title="bbox 52 2299 234 2402">
    <p class='ocr_par' dir='ltr' id='par_1_3' title="bbox 52 2299 234 2402">
     <span class='ocr_line' id='line_1_8' title="bbox 78 2299 175 2322; baseline 0.01 -3"><span class='ocrx_word' id='word_1_23' title='bbox 78 2299 175 2322; x_wconf 75' lang='lat' dir='ltr'>Eremum</span> 
     </span>
     <span class='ocr_line' id='line_1_9' title="bbox 52 2326 233 2348; baseline -0.006 -1"><span class='ocrx_word' id='word_1_24' title='bbox 52 2326 163 2348; x_wconf 62' lang='lat' dir='ltr'>dumnotini</span> <span class='ocrx_word' id='word_1_25' title='bbox 214 2334 233 2346; x_wconf 80' lang='grc' dir='ltr'>,ι-</span> 
     </span>
     <span class='ocr_line' id='line_1_10' title="bbox 53 2354 234 2375; baseline -0.006 -1"><span class='ocrx_word' id='word_1_26' title='bbox 53 2355 119 2374; x_wconf 69' lang='grc' dir='ltr'>Ιτιὺιιι</span> <span class='ocrx_word' id='word_1_27' title='bbox 147 2354 234 2375; x_wconf 59' lang='lat' dir='ltr'>tun-tarc-</span> 
     </span>
     <span class='ocr_line' id='line_1_11' title="bbox 52 2382 120 2402; baseline -0.029 0"><span class='ocrx_word' id='word_1_28' title='bbox 52 2382 120 2402; x_wconf 71' lang='lat' dir='ltr'>tunt..</span> 
     </span>
    </p>
   </div>
   <div class='ocr_carea' id='block_1_4' title="bbox 242 271 978 314">
    <p class='ocr_par' dir='ltr' id='par_1_4' title="bbox 242 271 978 314">
     <span class='ocr_line' id='line_1_12' title="bbox 242 271 978 314; baseline 0.004 -10"><span class='ocrx_word' id='word_1_29' title='bbox 242 271 441 314; x_wconf 76' lang='lat' dir='ltr'>admissum,</span> <span class='ocrx_word' id='word_1_30' title='bbox 473 277 501 306; x_wconf 75' lang='lat' dir='ltr'>el</span> <span class='ocrx_word' id='word_1_31' title='bbox 531 273 584 306; x_wconf 76' lang='lat' dir='ltr'>tib.</span> <span class='ocrx_word' id='word_1_32' title='bbox 616 283 660 307; x_wconf 79' lang='grc' dir='ltr'>ΧΠ</span> <span class='ocrx_word' id='word_1_33' title='bbox 690 274 762 308; x_wconf 77' lang='lat' dir='ltr'>Div.</span> <span class='ocrx_word' id='word_1_34' title='bbox 790 273 845 308; x_wconf 85' lang='lat' dir='ltr'>SS.</span> <span class='ocrx_word' id='word_1_35' title='bbox 876 274 912 308; x_wconf 92' lang='lat' dir='ltr'>D.</span> <span class='ocrx_word' id='word_1_36' title='bbox 937 274 978 308; x_wconf 87' lang='lat' dir='ltr'>N.</span> 
     </span>
    </p>
   </div>
   <div class='ocr_carea' id='block_1_5' title="bbox 242 324 724 370">
    <p class='ocr_par' dir='ltr' id='par_1_5' title="bbox 242 324 724 370">
     <span class='ocr_line' id='line_1_13' title="bbox 242 324 724 370; baseline 0.006 -14"><span class='ocrx_word' id='word_1_37' title='bbox 242 324 299 357; x_wconf 80' lang='lat' dir='ltr'>sub</span> <span class='ocrx_word' id='word_1_38' title='bbox 323 324 378 367; x_wconf 78' lang='lat' dir='ltr'>sol.</span> <span class='ocrx_word' id='word_1_39' title='bbox 409 325 478 359; x_wconf 83' lang='lat'>159</span> <span class='ocrx_word' id='word_1_40' title='bbox 503 327 724 370; x_wconf 74' lang='lat' dir='ltr'>rcqislratum.</span> 
     </span>
    </p>
   </div>
   <div class='ocr_carea' id='block_1_6' title="bbox 584 397 993 432">
    <p class='ocr_par' dir='ltr' id='par_1_6' title="bbox 584 397 993 432">
     <span class='ocr_line' id='line_1_14' title="bbox 584 397 993 432; baseline 0.005 -2"><span class='ocrx_word' id='word_1_41' title='bbox 584 397 721 432; x_wconf 58' lang='lat' dir='ltr'>loaxtves</span> <span class='ocrx_word' id='word_1_42' title='bbox 745 397 993 432; x_wconf 66' lang='lat' dir='ltr'>Ceniioxrixrs.</span> 
     </span>
    </p>
   </div>
   <div class='ocr_carea' id='block_1_7' title="bbox 525 481 707 486">
    <p class='ocr_par' dir='ltr' id='par_1_7' title="bbox 525 481 707 486">
     <span class='ocr_line' id='line_1_15' title="bbox 525 481 707 486; baseline 0 0"><span class='ocrx_word' id='word_1_43' title='bbox 525 481 707 486; x_wconf 95' lang='lat' dir='ltr'> </span> 
     </span>
    </p>
   </div>
   <div class='ocr_carea' id='block_1_8' title="bbox 559 565 664 599">
    <p class='ocr_par' dir='ltr' id='par_1_8' title="bbox 559 565 664 599">
     <span class='ocr_line' id='line_1_16' title="bbox 559 565 664 599; baseline 0 0"><span class='ocrx_word' id='word_1_44' title='bbox 559 565 664 599; x_wconf 79' lang='lat' dir='ltr'><strong>DCXL.</strong></span> 
     </span>
    </p>
   </div>
   <div class='ocr_carea' id='block_1_9' title="bbox 245 654 985 804">
    <p class='ocr_par' dir='ltr' id='par_1_9' title="bbox 245 654 985 804">
     <span class='ocr_line' id='line_1_17' title="bbox 245 654 982 700; baseline 0.001 -12"><span class='ocrx_word' id='word_1_45' title='bbox 245 654 455 696; x_wconf 77' lang='lat' dir='ltr'>Confirmatio</span> <span class='ocrx_word' id='word_1_46' title='bbox 477 657 661 698; x_wconf 76' lang='lat' dir='ltr'>patentium</span> <span class='ocrx_word' id='word_1_47' title='bbox 687 656 871 689; x_wconf 75' lang='lat' dir='ltr'>litterarum</span> <span class='ocrx_word' id='word_1_48' title='bbox 894 658 982 700; x_wconf 78' lang='lat' dir='ltr'>prio·</span> 
     </span>
     <span class='ocr_line' id='line_1_18' title="bbox 288 707 985 752; baseline 0.006 -13"><span class='ocrx_word' id='word_1_49' title='bbox 288 707 335 739; x_wconf 80' lang='lat' dir='ltr'>ris</span> <span class='ocrx_word' id='word_1_50' title='bbox 350 708 513 749; x_wconf 73' lang='lat' dir='ltr'>yeneralis</span> <span class='ocrx_word' id='word_1_51' title='bbox 532 709 787 742; x_wconf 62' lang='lat' dir='ltr'>Carmelum-mn</span> <span class='ocrx_word' id='word_1_52' title='bbox 803 720 900 752; x_wconf 76' lang='lat' dir='ltr'>super</span> <span class='ocrx_word' id='word_1_53' title='bbox 916 720 985 743; x_wconf 79' lang='lat' dir='ltr'>con-</span> 
     </span>
     <span class='ocr_line' id='line_1_19' title="bbox 289 761 984 804; baseline 0.004 -12"><span class='ocrx_word' id='word_1_54' title='bbox 289 761 426 793; x_wconf 77' lang='lat' dir='ltr'><em>cessione</em></span> <span class='ocrx_word' id='word_1_55' title='bbox 456 761 662 804; x_wconf 77' lang='lat' dir='ltr'>sundalion&#39;is</span> <span class='ocrx_word' id='word_1_56' title='bbox 697 763 795 794; x_wconf 75' lang='lat' dir='ltr'>totius</span> <span class='ocrx_word' id='word_1_57' title='bbox 826 763 926 795; x_wconf 80' lang='lat' dir='ltr'>eremi</span> <span class='ocrx_word' id='word_1_58' title='bbox 950 763 984 796; x_wconf 71' lang='lat' dir='ltr'>in</span> 
     </span>
    </p>
   </div>
   <div class='ocr_carea' id='block_1_10' title="bbox 292 813 987 854">
    <p class='ocr_par' dir='ltr' id='par_1_10' title="bbox 292 813 987 854">
     <span class='ocr_line' id='line_1_20' title="bbox 292 813 987 854; baseline 0.001 -6"><span class='ocrx_word' id='word_1_59' title='bbox 292 813 419 854; x_wconf 61' lang='lat' dir='ltr'>Gallia,</span> <span class='ocrx_word' id='word_1_60' title='bbox 445 825 517 847; x_wconf 79' lang='lat' dir='ltr'>cum</span> <span class='ocrx_word' id='word_1_61' title='bbox 543 814 781 848; x_wconf 73' lang='lat' dir='ltr'>comtitiom&#39;bus</span> <span class='ocrx_word' id='word_1_62' title='bbox 806 815 840 848; x_wconf 76' lang='lat' dir='ltr'>in</span> <span class='ocrx_word' id='word_1_63' title='bbox 878 818 912 848; x_wconf 76' lang='lat' dir='ltr'>eci</span> <span class='ocrx_word' id='word_1_64' title='bbox 938 817 987 849; x_wconf 81' lang='grc' dir='ltr'>ιή-</span> 
     </span>
    </p>
   </div>
   <div class='ocr_carea' id='block_1_11' title="bbox 288 866 413 899">
    <p class='ocr_par' dir='ltr' id='par_1_11' title="bbox 288 866 413 899">
     <span class='ocr_line' id='line_1_21' title="bbox 288 866 413 899; baseline 0 0"><span class='ocrx_word' id='word_1_65' title='bbox 288 867 382 899; x_wconf 79' lang='lat' dir='ltr'>sertis</span> <span class='ocrx_word' id='word_1_66' title='bbox 396 866 413 899; x_wconf 80' lang='lat'>¹.</span> 
     </span>
    </p>
   </div>
   <div class='ocr_carea' id='block_1_12' title="bbox 388 949 842 1021">
    <p class='ocr_par' dir='ltr' id='par_1_12' title="bbox 388 949 842 1021">
     <span class='ocr_line' id='line_1_22' title="bbox 442 949 789 982; baseline 0.003 -7"><span class='ocrx_word' id='word_1_67' title='bbox 442 949 577 976; x_wconf 73' lang='lat' dir='ltr'>Urbanus</span> <span class='ocrx_word' id='word_1_68' title='bbox 608 949 685 982; x_wconf 79' lang='lat' dir='ltr'>Papa</span> <span class='ocrx_word' id='word_1_69' title='bbox 712 950 789 981; x_wconf 78' lang='lat' dir='ltr'>Vin,</span> 
     </span>
     <span class='ocr_line' id='line_1_23' title="bbox 388 993 842 1021; baseline 0.004 -2"><span class='ocrx_word' id='word_1_70' title='bbox 388 993 424 1020; x_wconf 83' lang='lat' dir='ltr'>ad</span> <span class='ocrx_word' id='word_1_71' title='bbox 445 993 578 1021; x_wconf 79' lang='lat' dir='ltr'>futuram</span> <span class='ocrx_word' id='word_1_72' title='bbox 597 994 642 1020; x_wconf 81' lang='lat' dir='ltr'>rei</span> <span class='ocrx_word' id='word_1_73' title='bbox 663 994 842 1021; x_wconf 81' lang='lat' dir='ltr'><strong>memoriam.</strong></span> 
     </span>
    </p>
   </div>
   <div class='ocr_carea' id='block_1_13' title="bbox 224 1072 990 2447">
    <p class='ocr_par' dir='ltr' id='par_1_13' title="bbox 224 1072 990 2447">
     <span class='ocr_line' id='line_1_24' title="bbox 291 1072 986 1115; baseline 0.001 -11"><span class='ocrx_word' id='word_1_74' title='bbox 291 1072 305 1115; x_wconf 67' lang='grc' dir='ltr'><strong>ἓ</strong></span> <span class='ocrx_word' id='word_1_75' title='bbox 331 1072 359 1104; x_wconf 80' lang='grc' dir='ltr'>Ἰ.</span> <span class='ocrx_word' id='word_1_76' title='bbox 385 1072 506 1115; x_wconf 85' lang='lat' dir='ltr'>Exponi</span> <span class='ocrx_word' id='word_1_77' title='bbox 531 1072 621 1105; x_wconf 87' lang='lat' dir='ltr'>nobis</span> <span class='ocrx_word' id='word_1_78' title='bbox 641 1082 741 1115; x_wconf 83' lang='lat' dir='ltr'>nuper</span> <span class='ocrx_word' id='word_1_79' title='bbox 758 1073 830 1105; x_wconf 85' lang='lat' dir='ltr'>sccit</span> <span class='ocrx_word' id='word_1_80' title='bbox 853 1072 986 1106; x_wconf 87' lang='lat' dir='ltr'>dilectus</span> 
     </span>
     <span class='ocr_line' id='line_1_25' title="bbox 247 1123 986 1168; baseline 0.001 -11"><span class='ocrx_word' id='word_1_81' title='bbox 247 1123 329 1157; x_wconf 79' lang='lat' dir='ltr'>lilius</span> <span class='ocrx_word' id='word_1_82' title='bbox 353 1125 537 1158; x_wconf 84' lang='lat' dir='ltr'>Theodorus</span> <span class='ocrx_word' id='word_1_83' title='bbox 561 1125 703 1166; x_wconf 74' lang='lat' dir='ltr'>Stratius,</span> <span class='ocrx_word' id='word_1_84' title='bbox 719 1125 807 1168; x_wconf 90' lang='lat' dir='ltr'>prior</span> <span class='ocrx_word' id='word_1_85' title='bbox 831 1126 986 1167; x_wconf 79' lang='lat' dir='ltr'>generalis</span> 
     </span>
     <span class='ocr_line' id='line_1_26' title="bbox 246 1177 986 1212; baseline 0.003 -3"><span class='ocrx_word' id='word_1_86' title='bbox 246 1177 380 1210; x_wconf 75' lang='lat' dir='ltr'>fratrum</span> <span class='ocrx_word' id='word_1_87' title='bbox 405 1177 530 1212; x_wconf 80' lang='lat' dir='ltr'>Ordinis</span> <span class='ocrx_word' id='word_1_88' title='bbox 555 1178 663 1212; x_wconf 84' lang='lat' dir='ltr'>beatae</span> <span class='ocrx_word' id='word_1_89' title='bbox 688 1179 801 1211; x_wconf 83' lang='lat' dir='ltr'>Mariae</span> <span class='ocrx_word' id='word_1_90' title='bbox 825 1178 864 1211; x_wconf 88' lang='lat' dir='ltr'>de</span> <span class='ocrx_word' id='word_1_91' title='bbox 885 1179 986 1212; x_wconf 81' lang='lat' dir='ltr'>Monte</span> 
     </span>
     <span class='ocr_line' id='line_1_27' title="bbox 246 1230 986 1274; baseline 0.001 -11"><span class='ocrx_word' id='word_1_92' title='bbox 246 1230 390 1264; x_wconf 86' lang='lat' dir='ltr'>Carmelo</span> <span class='ocrx_word' id='word_1_93' title='bbox 415 1231 561 1274; x_wconf 75' lang='lat' dir='ltr'>antiquae</span> <span class='ocrx_word' id='word_1_94' title='bbox 578 1231 796 1264; x_wconf 71' lang='lat' dir='ltr'>observantiae</span> <span class='ocrx_word' id='word_1_95' title='bbox 821 1231 986 1274; x_wconf 73' lang='lat' dir='ltr'>regularis,</span> 
     </span>
     <span class='ocr_line' id='line_1_28' title="bbox 246 1283 986 1328; baseline 0.001 -12"><span class='ocrx_word' id='word_1_96' title='bbox 246 1283 330 1327; x_wconf 89' lang='lat' dir='ltr'>quod</span> <span class='ocrx_word' id='word_1_97' title='bbox 343 1284 532 1317; x_wconf 88' lang='lat' dir='ltr'>venerabilis</span> <span class='ocrx_word' id='word_1_98' title='bbox 546 1284 642 1317; x_wconf 78' lang='lat' dir='ltr'>frater</span> <span class='ocrx_word' id='word_1_99' title='bbox 655 1285 808 1318; x_wconf 87' lang='lat' dir='ltr'>llenricus</span> <span class='ocrx_word' id='word_1_100' title='bbox 821 1285 986 1328; x_wconf 85' lang='lat' dir='ltr'>episcopus</span> 
     </span>
     <span class='ocr_line' id='line_1_29' title="bbox 248 1337 986 1378; baseline 0.003 -9"><span class='ocrx_word' id='word_1_101' title='bbox 248 1337 441 1378; x_wconf 83' lang='lat' dir='ltr'>Vasatensis,</span> <span class='ocrx_word' id='word_1_102' title='bbox 461 1347 496 1371; x_wconf 91' lang='lat' dir='ltr'>ac</span> <span class='ocrx_word' id='word_1_103' title='bbox 520 1337 653 1370; x_wconf 83' lang='lat' dir='ltr'>dilectus</span> <span class='ocrx_word' id='word_1_104' title='bbox 672 1337 756 1370; x_wconf 80' lang='lat' dir='ltr'>silius</span> <span class='ocrx_word' id='word_1_105' title='bbox 781 1338 932 1371; x_wconf 87' lang='lat' dir='ltr'>llenricus</span> <span class='ocrx_word' id='word_1_106' title='bbox 949 1338 986 1371; x_wconf 89' lang='lat' dir='ltr'>de</span> 
     </span>
     <span class='ocr_line' id='line_1_30' title="bbox 247 1388 987 1434; baseline 0.003 -12"><span class='ocrx_word' id='word_1_107' title='bbox 247 1388 405 1434; x_wconf 76' lang='lat' dir='ltr'>Gournay,</span> <span class='ocrx_word' id='word_1_108' title='bbox 425 1400 532 1424; x_wconf 89' lang='lat' dir='ltr'>comes</span> <span class='ocrx_word' id='word_1_109' title='bbox 557 1390 616 1423; x_wconf 91' lang='lat' dir='ltr'>loci</span> <span class='ocrx_word' id='word_1_110' title='bbox 641 1390 679 1423; x_wconf 90' lang='lat' dir='ltr'>de</span> <span class='ocrx_word' id='word_1_111' title='bbox 704 1391 912 1430; x_wconf 81' lang='lat' dir='ltr'>Marelieville,</span> <span class='ocrx_word' id='word_1_112' title='bbox 929 1401 987 1434; x_wconf 92' lang='lat' dir='ltr'>pro</span> 
     </span>
     <span class='ocr_line' id='line_1_31' title="bbox 248 1442 987 1487; baseline 0.001 -12"><span class='ocrx_word' id='word_1_113' title='bbox 248 1442 410 1486; x_wconf 83' lang='lat' dir='ltr'>singulari,</span> <span class='ocrx_word' id='word_1_114' title='bbox 431 1453 525 1486; x_wconf 88' lang='lat' dir='ltr'>quem</span> <span class='ocrx_word' id='word_1_115' title='bbox 551 1453 627 1486; x_wconf 82' lang='lat' dir='ltr'>erga</span> <span class='ocrx_word' id='word_1_116' title='bbox 651 1443 864 1477; x_wconf 72' lang='lat' dir='ltr'>beatissimam</span> <span class='ocrx_word' id='word_1_117' title='bbox 889 1444 987 1487; x_wconf 83' lang='lat' dir='ltr'>Virgi-</span> 
     </span>
     <span class='ocr_line' id='line_1_32' title="bbox 247 1496 987 1540; baseline 0.001 -11"><span class='ocrx_word' id='word_1_118' title='bbox 247 1505 319 1529; x_wconf 88' lang='lat' dir='ltr'>nem</span> <span class='ocrx_word' id='word_1_119' title='bbox 344 1496 471 1529; x_wconf 80' lang='lat' dir='ltr'>Mariam</span> <span class='ocrx_word' id='word_1_120' title='bbox 489 1496 671 1540; x_wconf 90' lang='lat' dir='ltr'>dictumque</span> <span class='ocrx_word' id='word_1_121' title='bbox 691 1496 838 1530; x_wconf 79' lang='lat' dir='ltr'>Ordinem</span> <span class='ocrx_word' id='word_1_122' title='bbox 864 1502 987 1539; x_wconf 77' lang='lat' dir='ltr'>gerunt,</span> 
     </span>
     <span class='ocr_line' id='line_1_33' title="bbox 247 1549 988 1594; baseline 0.001 -12"><span class='ocrx_word' id='word_1_123' title='bbox 247 1549 420 1583; x_wconf 87' lang='lat' dir='ltr'>devotionis</span> <span class='ocrx_word' id='word_1_124' title='bbox 433 1550 556 1592; x_wconf 80' lang='lat' dir='ltr'>ass&#39;ectu,</span> <span class='ocrx_word' id='word_1_125' title='bbox 574 1560 777 1594; x_wconf 81' lang='lat' dir='ltr'>summopere</span> <span class='ocrx_word' id='word_1_126' title='bbox 797 1550 938 1594; x_wconf 86' lang='lat' dir='ltr'>cupiunt,</span> <span class='ocrx_word' id='word_1_127' title='bbox 955 1556 988 1583; x_wconf 90' lang='lat' dir='ltr'>ut</span> 
     </span>
     <span class='ocr_line' id='line_1_34' title="bbox 247 1602 986 1646; baseline 0.001 -11"><span class='ocrx_word' id='word_1_128' title='bbox 247 1607 335 1635; x_wconf 83' lang='lat' dir='ltr'>vetus</span> <span class='ocrx_word' id='word_1_129' title='bbox 368 1602 420 1635; x_wconf 89' lang='lat' dir='ltr'>illa</span> <span class='ocrx_word' id='word_1_130' title='bbox 454 1603 617 1637; x_wconf 75' lang='lat' dir='ltr'>reviviscat</span> <span class='ocrx_word' id='word_1_131' title='bbox 652 1603 815 1646; x_wconf 71' lang='lat' dir='ltr'>disciplina</span> <span class='ocrx_word' id='word_1_132' title='bbox 847 1604 986 1636; x_wconf 89' lang='lat' dir='ltr'>eiusdem</span> 
     </span>
     <span class='ocr_line' id='line_1_35' title="bbox 247 1655 988 1701; baseline -0.001 -11"><span class='ocrx_word' id='word_1_133' title='bbox 247 1655 382 1696; x_wconf 80' lang='lat' dir='ltr'>Ordinis,</span> <span class='ocrx_word' id='word_1_134' title='bbox 400 1657 571 1690; x_wconf 88' lang='lat' dir='ltr'>secundum</span> <span class='ocrx_word' id='word_1_135' title='bbox 590 1667 683 1700; x_wconf 86' lang='lat' dir='ltr'>quam</span> <span class='ocrx_word' id='word_1_136' title='bbox 708 1657 782 1690; x_wconf 92' lang='lat' dir='ltr'>olim</span> <span class='ocrx_word' id='word_1_137' title='bbox 808 1657 926 1701; x_wconf 86' lang='lat' dir='ltr'>antiqui</span> <span class='ocrx_word' id='word_1_138' title='bbox 945 1657 988 1689; x_wconf 91' lang='lat' dir='ltr'>di-</span> 
     </span>
     <span class='ocr_line' id='line_1_36' title="bbox 247 1709 986 1753; baseline -0.001 -9"><span class='ocrx_word' id='word_1_139' title='bbox 247 1710 288 1744; x_wconf 90' lang='lat' dir='ltr'>cti</span> <span class='ocrx_word' id='word_1_140' title='bbox 313 1709 438 1744; x_wconf 79' lang='lat' dir='ltr'>Ordinis</span> <span class='ocrx_word' id='word_1_141' title='bbox 462 1710 587 1750; x_wconf 80' lang='lat' dir='ltr'>fratres,</span> <span class='ocrx_word' id='word_1_142' title='bbox 612 1710 670 1743; x_wconf 90' lang='lat' dir='ltr'>sub</span> <span class='ocrx_word' id='word_1_143' title='bbox 695 1710 852 1753; x_wconf 76' lang='lat' dir='ltr'>primitiva</span> <span class='ocrx_word' id='word_1_144' title='bbox 878 1711 986 1753; x_wconf 77' lang='lat' dir='ltr'>regula</span> 
     </span>
     <span class='ocr_line' id='line_1_37' title="bbox 247 1762 987 1808; baseline 0.003 -13"><span class='ocrx_word' id='word_1_145' title='bbox 247 1773 264 1795; x_wconf 89' lang='lat' dir='ltr'>a</span> <span class='ocrx_word' id='word_1_146' title='bbox 283 1762 442 1806; x_wconf 86' lang='lat' dir='ltr'>quondam</span> <span class='ocrx_word' id='word_1_147' title='bbox 467 1763 595 1796; x_wconf 84' lang='lat' dir='ltr'>Alberto</span> <span class='ocrx_word' id='word_1_148' title='bbox 612 1763 790 1806; x_wconf 82' lang='lat' dir='ltr'>patriarcha</span> <span class='ocrx_word' id='word_1_149' title='bbox 811 1763 987 1808; x_wconf 70' lang='lat' dir='ltr'>Hierosolv-</span> 
     </span>
     <span class='ocr_line' id='line_1_38' title="bbox 248 1815 986 1856; baseline 0.003 -9"><span class='ocrx_word' id='word_1_150' title='bbox 248 1815 366 1848; x_wconf 92' lang='lat' dir='ltr'>mitano</span> <span class='ocrx_word' id='word_1_151' title='bbox 391 1815 526 1856; x_wconf 76' lang='lat' dir='ltr'>tradita,</span> <span class='ocrx_word' id='word_1_152' title='bbox 551 1816 583 1848; x_wconf 91' lang='lat' dir='ltr'>in</span> <span class='ocrx_word' id='word_1_153' title='bbox 607 1817 709 1849; x_wconf 86' lang='lat' dir='ltr'>Monte</span> <span class='ocrx_word' id='word_1_154' title='bbox 733 1817 876 1850; x_wconf 87' lang='lat' dir='ltr'>Carmelo</span> <span class='ocrx_word' id='word_1_155' title='bbox 902 1822 931 1850; x_wconf 86' lang='lat' dir='ltr'>et</span> <span class='ocrx_word' id='word_1_156' title='bbox 957 1817 986 1849; x_wconf 90' lang='lat' dir='ltr'>in</span> 
     </span>
     <span class='ocr_line' id='line_1_39' title="bbox 248 1868 988 1903; baseline 0.004 -3"><span class='ocrx_word' id='word_1_157' title='bbox 248 1868 317 1901; x_wconf 87' lang='lat' dir='ltr'>aliis</span> <span class='ocrx_word' id='word_1_158' title='bbox 343 1868 513 1901; x_wconf 73' lang='lat' dir='ltr'>Palestinae</span> <span class='ocrx_word' id='word_1_159' title='bbox 541 1869 618 1902; x_wconf 88' lang='lat' dir='ltr'>locis</span> <span class='ocrx_word' id='word_1_160' title='bbox 647 1870 819 1902; x_wconf 88' lang='lat' dir='ltr'>solitariam</span> <span class='ocrx_word' id='word_1_161' title='bbox 852 1870 988 1903; x_wconf 87' lang='lat' dir='ltr'>eremiti-</span> 
     </span>
     <span class='ocr_line' id='line_1_40' title="bbox 248 1921 985 1965; baseline 0.001 -11"><span class='ocrx_word' id='word_1_162' title='bbox 248 1932 316 1954; x_wconf 88' lang='lat' dir='ltr'>cam</span> <span class='ocrx_word' id='word_1_163' title='bbox 342 1921 435 1954; x_wconf 90' lang='lat' dir='ltr'>vitam</span> <span class='ocrx_word' id='word_1_164' title='bbox 455 1922 484 1954; x_wconf 92' lang='lat' dir='ltr'>in</span> <span class='ocrx_word' id='word_1_165' title='bbox 502 1922 623 1954; x_wconf 87' lang='lat' dir='ltr'>cellulis</span> <span class='ocrx_word' id='word_1_166' title='bbox 647 1922 797 1965; x_wconf 88' lang='lat' dir='ltr'>separatis</span> <span class='ocrx_word' id='word_1_167' title='bbox 821 1922 985 1955; x_wconf 83' lang='lat' dir='ltr'>ducebant.</span> 
     </span>
     <span class='ocr_line' id='line_1_41' title="bbox 247 1974 987 2014; baseline 0.003 -7"><span class='ocrx_word' id='word_1_168' title='bbox 247 1974 348 2014; x_wconf 82' lang='lat' dir='ltr'>Quare</span> <span class='ocrx_word' id='word_1_169' title='bbox 365 1975 467 2012; x_wconf 75' lang='lat' dir='ltr'>dictus</span> <span class='ocrx_word' id='word_1_170' title='bbox 492 1975 645 2008; x_wconf 79' lang='lat' dir='ltr'>Henricus</span> <span class='ocrx_word' id='word_1_171' title='bbox 670 1986 776 2008; x_wconf 83' lang='lat' dir='ltr'>comes</span> <span class='ocrx_word' id='word_1_172' title='bbox 793 1986 809 2008; x_wconf 84' lang='lat' dir='ltr'>e</span> <span class='ocrx_word' id='word_1_173' title='bbox 829 1976 928 2010; x_wconf 77' lang='lat' dir='ltr'>Gallia</span> <span class='ocrx_word' id='word_1_174' title='bbox 949 1976 987 2009; x_wconf 86' lang='lat' dir='ltr'>ad</span> 
     </span>
     <span class='ocr_line' id='line_1_42' title="bbox 247 2028 987 2062; baseline 0.001 -1"><span class='ocrx_word' id='word_1_175' title='bbox 247 2029 360 2061; x_wconf 87' lang='lat' dir='ltr'>almam</span> <span class='ocrx_word' id='word_1_176' title='bbox 380 2028 494 2062; x_wconf 86' lang='lat' dir='ltr'>Urbem</span> <span class='ocrx_word' id='word_1_177' title='bbox 513 2036 650 2062; x_wconf 82' lang='lat' dir='ltr'>nostram</span> <span class='ocrx_word' id='word_1_178' title='bbox 670 2039 731 2061; x_wconf 92' lang='lat' dir='ltr'>non</span> <span class='ocrx_word' id='word_1_179' title='bbox 748 2029 839 2061; x_wconf 86' lang='lat' dir='ltr'>aliam</span> <span class='ocrx_word' id='word_1_180' title='bbox 861 2030 902 2062; x_wconf 89' lang='lat' dir='ltr'>ob</span> <span class='ocrx_word' id='word_1_181' title='bbox 915 2040 987 2062; x_wconf 88' lang='lat' dir='ltr'>can-</span> 
     </span>
     <span class='ocr_line' id='line_1_43' title="bbox 248 2082 987 2126; baseline 0.001 -12"><span class='ocrx_word' id='word_1_182' title='bbox 248 2092 314 2114; x_wconf 86' lang='lat' dir='ltr'>sam</span> <span class='ocrx_word' id='word_1_183' title='bbox 341 2092 455 2125; x_wconf 77' lang='lat' dir='ltr'>magno</span> <span class='ocrx_word' id='word_1_184' title='bbox 480 2093 536 2116; x_wconf 90' lang='lat' dir='ltr'>suo</span> <span class='ocrx_word' id='word_1_185' title='bbox 563 2082 722 2126; x_wconf 84' lang='lat' dir='ltr'>impendio</span> <span class='ocrx_word' id='word_1_186' title='bbox 747 2088 776 2114; x_wconf 84' lang='lat' dir='ltr'>et</span> <span class='ocrx_word' id='word_1_187' title='bbox 801 2082 907 2115; x_wconf 85' lang='lat' dir='ltr'>labore</span> <span class='ocrx_word' id='word_1_188' title='bbox 938 2093 987 2115; x_wconf 87' lang='lat' dir='ltr'>ve-</span> 
     </span>
     <span class='ocr_line' id='line_1_44' title="bbox 249 2135 986 2180; baseline -0.001 -12"><span class='ocrx_word' id='word_1_189' title='bbox 249 2135 304 2175; x_wconf 89' lang='lat' dir='ltr'>nit,</span> <span class='ocrx_word' id='word_1_190' title='bbox 325 2147 417 2179; x_wconf 87' lang='lat' dir='ltr'>quam</span> <span class='ocrx_word' id='word_1_191' title='bbox 437 2141 469 2169; x_wconf 86' lang='lat' dir='ltr'>ut</span> <span class='ocrx_word' id='word_1_192' title='bbox 489 2147 545 2169; x_wconf 92' lang='lat' dir='ltr'>suo</span> <span class='ocrx_word' id='word_1_193' title='bbox 562 2143 591 2169; x_wconf 85' lang='lat' dir='ltr'>et</span> <span class='ocrx_word' id='word_1_194' title='bbox 611 2136 683 2169; x_wconf 88' lang='lat' dir='ltr'>dicti</span> <span class='ocrx_word' id='word_1_195' title='bbox 706 2136 828 2168; x_wconf 83' lang='lat' dir='ltr'>llenrici</span> <span class='ocrx_word' id='word_1_196' title='bbox 848 2136 986 2180; x_wconf 75' lang='lat' dir='ltr'>episcopi</span> 
     </span>
     <span class='ocr_line' id='line_1_45' title="bbox 249 2189 986 2233; baseline -0.001 -12"><span class='ocrx_word' id='word_1_197' title='bbox 249 2189 377 2222; x_wconf 90' lang='lat' dir='ltr'>nomine</span> <span class='ocrx_word' id='word_1_198' title='bbox 402 2190 592 2233; x_wconf 72' lang='lat' dir='ltr'>supplicaret</span> <span class='ocrx_word' id='word_1_199' title='bbox 618 2190 675 2232; x_wconf 86' lang='lat' dir='ltr'>ipsi</span> <span class='ocrx_word' id='word_1_200' title='bbox 696 2189 862 2222; x_wconf 82' lang='lat' dir='ltr'>Theodoro</span> <span class='ocrx_word' id='word_1_201' title='bbox 889 2189 986 2232; x_wconf 70' lang='lat' dir='ltr'>priori</span> 
     </span>
     <span class='ocr_line' id='line_1_46' title="bbox 250 2242 989 2287; baseline 0 -12"><span class='ocrx_word' id='word_1_202' title='bbox 250 2243 400 2285; x_wconf 81' lang='lat' dir='ltr'>generali,</span> <span class='ocrx_word' id='word_1_203' title='bbox 425 2249 518 2286; x_wconf 85' lang='lat' dir='ltr'>prout</span> <span class='ocrx_word' id='word_1_204' title='bbox 543 2243 743 2287; x_wconf 76' lang='lat' dir='ltr'>supplicavit,</span> <span class='ocrx_word' id='word_1_205' title='bbox 763 2252 820 2285; x_wconf 85' lang='lat' dir='ltr'>pro</span> <span class='ocrx_word' id='word_1_206' title='bbox 845 2242 989 2275; x_wconf 78' lang='lat' dir='ltr'>l&#39;acultate</span> 
     </span>
     <span class='ocr_line' id='line_1_47' title="bbox 224 2295 989 2339; baseline -0.001 -11"><span class='ocrx_word' id='word_1_207' title='bbox 224 2306 235 2318; x_wconf 75' lang='lat'>¹¹</span> <span class='ocrx_word' id='word_1_208' title='bbox 250 2296 398 2328; x_wconf 78' lang='lat' dir='ltr'>fundandi</span> <span class='ocrx_word' id='word_1_209' title='bbox 430 2296 460 2328; x_wconf 92' lang='lat' dir='ltr'>in</span> <span class='ocrx_word' id='word_1_210' title='bbox 491 2296 597 2339; x_wconf 82' lang='lat' dir='ltr'>aliquo</span> <span class='ocrx_word' id='word_1_211' title='bbox 632 2306 756 2328; x_wconf 78' lang='lat' dir='ltr'>secessu</span> <span class='ocrx_word' id='word_1_212' title='bbox 787 2301 818 2328; x_wconf 87' lang='lat' dir='ltr'>et</span> <span class='ocrx_word' id='word_1_213' title='bbox 849 2295 989 2327; x_wconf 85' lang='lat' dir='ltr'>solitario</span> 
     </span>
     <span class='ocr_line' id='line_1_48' title="bbox 252 2348 988 2392; baseline -0.003 -10"><span class='ocrx_word' id='word_1_214' title='bbox 252 2349 321 2382; x_wconf 90' lang='lat' dir='ltr'>loco</span> <span class='ocrx_word' id='word_1_215' title='bbox 339 2360 431 2382; x_wconf 88' lang='lat' dir='ltr'>unam</span> <span class='ocrx_word' id='word_1_216' title='bbox 449 2350 578 2383; x_wconf 90' lang='lat' dir='ltr'>domum</span> <span class='ocrx_word' id='word_1_217' title='bbox 595 2350 771 2389; x_wconf 63' lang='lat' dir='ltr'>reeularem</span> <span class='ocrx_word' id='word_1_218' title='bbox 783 2375 790 2387; x_wconf 89' lang='lat'>,</span> <span class='ocrx_word' id='word_1_219' title='bbox 809 2348 912 2392; x_wconf 87' lang='lat' dir='ltr'>inqua</span> <span class='ocrx_word' id='word_1_220' title='bbox 929 2359 988 2381; x_wconf 89' lang='lat' dir='ltr'>non</span> 
     </span>
     <span class='ocr_line' id='line_1_49' title="bbox 251 2402 990 2447; baseline -0.003 -12"><span class='ocrx_word' id='word_1_221' title='bbox 251 2402 289 2435; x_wconf 90' lang='lat' dir='ltr'>ad</span> <span class='ocrx_word' id='word_1_222' title='bbox 308 2409 430 2446; x_wconf 85' lang='lat' dir='ltr'>tempus</span> <span class='ocrx_word' id='word_1_223' title='bbox 448 2403 500 2435; x_wconf 89' lang='lat' dir='ltr'>sed</span> <span class='ocrx_word' id='word_1_224' title='bbox 528 2414 583 2447; x_wconf 87' lang='lat' dir='ltr'>per</span> <span class='ocrx_word' id='word_1_225' title='bbox 610 2409 703 2436; x_wconf 88' lang='lat' dir='ltr'>totam</span> <span class='ocrx_word' id='word_1_226' title='bbox 724 2402 814 2435; x_wconf 90' lang='lat' dir='ltr'>vitam</span> <span class='ocrx_word' id='word_1_227' title='bbox 834 2402 928 2445; x_wconf 87' lang='lat' dir='ltr'>aliqui</span> <span class='ocrx_word' id='word_1_228' title='bbox 947 2402 990 2434; x_wconf 91' lang='lat' dir='ltr'>di-</span> 
     </span>
    </p>
   </div>
   <div class='ocr_carea' id='block_1_14' title="bbox 290 2625 757 2663">
    <p class='ocr_par' dir='ltr' id='par_1_14' title="bbox 290 2625 757 2663">
     <span class='ocr_line' id='line_1_50' title="bbox 290 2625 757 2663; baseline 0.002 -10"><span class='ocrx_word' id='word_1_229' title='bbox 290 2627 301 2653; x_wconf 82' lang='lat'><strong>1</strong></span> <span class='ocrx_word' id='word_1_230' title='bbox 324 2625 361 2654; x_wconf 81' lang='lat' dir='ltr'>Ex</span> <span class='ocrx_word' id='word_1_231' title='bbox 382 2625 489 2663; x_wconf 73' lang='lat' dir='ltr'>Regest.</span> <span class='ocrx_word' id='word_1_232' title='bbox 510 2626 537 2654; x_wconf 91' lang='lat' dir='ltr'>in</span> <span class='ocrx_word' id='word_1_233' title='bbox 557 2625 659 2655; x_wconf 83' lang='lat' dir='ltr'>Secret.</span> <span class='ocrx_word' id='word_1_234' title='bbox 680 2625 757 2654; x_wconf 85' lang='lat' dir='ltr'>Brev.</span> 
     </span>
    </p>
   </div>
   <div class='ocr_carea' id='block_1_15' title="bbox 861 226 1154 251">
    <p class='ocr_par' dir='ltr' id='par_1_15' title="bbox 861 226 1154 251">
     <span class='ocr_line' id='line_1_51' title="bbox 861 226 1154 251; baseline 0 -1"><span class='ocrx_word' id='word_1_235' title='bbox 861 226 1003 251; x_wconf 65' lang='lat' dir='ltr'>uanaxt‘s</span> <span class='ocrx_word' id='word_1_236' title='bbox 1028 226 1083 250; x_wconf 80' lang='lat' dir='ltr'>vm</span> <span class='ocrx_word' id='word_1_237' title='bbox 1108 226 1154 250; x_wconf 73' lang='lat' dir='ltr'>Pe.</span> 
     </span>
    </p>
   </div>
   <div class='ocr_carea' id='block_1_16' title="bbox 1002 641 1010 2559">
    <p class='ocr_par' dir='ltr' id='par_1_16' title="bbox 1002 641 1010 2559">
     <span class='ocr_line' id='line_1_52' title="bbox 1002 641 1010 2559; baseline 0 0"><span class='ocrx_word' id='word_1_238' title='bbox 1002 641 1010 2559; x_wconf 95' lang='lat' dir='ltr'> </span> 
     </span>
    </p>
   </div>
   <div class='ocr_carea' id='block_1_17' title="bbox 1017 273 1822 424">
    <p class='ocr_par' dir='ltr' id='par_1_17' title="bbox 1017 273 1806 424">
     <span class='ocr_line' id='line_1_53' title="bbox 1017 273 1757 318; baseline -0.003 -11"><span class='ocrx_word' id='word_1_239' title='bbox 1017 275 1089 316; x_wconf 79' lang='lat' dir='ltr'>Deo,</span> <span class='ocrx_word' id='word_1_240' title='bbox 1115 274 1332 318; x_wconf 77' lang='lat' dir='ltr'>Deiparaeque</span> <span class='ocrx_word' id='word_1_241' title='bbox 1357 273 1476 316; x_wconf 78' lang='lat' dir='ltr'>Virgini</span> <span class='ocrx_word' id='word_1_242' title='bbox 1501 273 1664 313; x_wconf 78' lang='lat' dir='ltr'>servirent,</span> <span class='ocrx_word' id='word_1_243' title='bbox 1693 273 1757 306; x_wconf 84' lang='lat' dir='ltr'>suis</span> 
     </span>
     <span class='ocr_line' id='line_1_54' title="bbox 1017 326 1758 371; baseline -0.003 -11"><span class='ocrx_word' id='word_1_244' title='bbox 1017 328 1193 371; x_wconf 84' lang='lat' dir='ltr'>sumptibus</span> <span class='ocrx_word' id='word_1_245' title='bbox 1217 327 1463 360; x_wconf 71' lang='lat' dir='ltr'>aedificandam:</span> <span class='ocrx_word' id='word_1_246' title='bbox 1480 326 1529 359; x_wconf 91' lang='lat' dir='ltr'>cui</span> <span class='ocrx_word' id='word_1_247' title='bbox 1555 331 1617 359; x_wconf 90' lang='lat' dir='ltr'>tam</span> <span class='ocrx_word' id='word_1_248' title='bbox 1636 326 1688 370; x_wconf 88' lang='lat' dir='ltr'>pio</span> <span class='ocrx_word' id='word_1_249' title='bbox 1708 326 1758 359; x_wconf 88' lang='lat' dir='ltr'>de-</span> 
     </span>
     <span class='ocr_line' id='line_1_55' title="bbox 1017 380 1822 424; baseline -0.003 -11"><span class='ocrx_word' id='word_1_250' title='bbox 1017 380 1132 414; x_wconf 82' lang='lat' dir='ltr'>sideiio</span> <span class='ocrx_word' id='word_1_251' title='bbox 1157 382 1315 424; x_wconf 83' lang='lat' dir='ltr'>piaetatns</span> <span class='ocrx_word' id='word_1_252' title='bbox 1339 380 1524 413; x_wconf 86' lang='lat' dir='ltr'>Theodorus</span> <span class='ocrx_word' id='word_1_253' title='bbox 1549 380 1637 423; x_wconf 83' lang='lat' dir='ltr'>piior</span> <span class='ocrx_word' id='word_1_254' title='bbox 1661 389 1822 422; x_wconf 67' lang='lat' dir='ltr'>gene-11</span> 
     </span>
    </p>
   </div>
   <div class='ocr_carea' id='block_1_18' title="bbox 1018 422 1957 491">
    <p class='ocr_par' dir='ltr' id='par_1_18' title="bbox 1018 422 1957 491">
     <span class='ocr_line' id='line_1_56' title="bbox 1018 422 1956 477; baseline -0.002 -11"><span class='ocrx_word' id='word_1_255' title='bbox 1018 433 1091 466; x_wconf 89' lang='lat' dir='ltr'>ralis</span> <span class='ocrx_word' id='word_1_256' title='bbox 1116 443 1266 473; x_wconf 83' lang='lat' dir='ltr'>annuens,</span> <span class='ocrx_word' id='word_1_257' title='bbox 1290 444 1347 477; x_wconf 84' lang='lat' dir='ltr'>pei</span> <span class='ocrx_word' id='word_1_258' title='bbox 1367 444 1438 466; x_wconf 88' lang='lat' dir='ltr'>suas</span> <span class='ocrx_word' id='word_1_259' title='bbox 1463 437 1602 477; x_wconf 87' lang='lat' dir='ltr'>patentes</span> <span class='ocrx_word' id='word_1_260' title='bbox 1627 433 1777 474; x_wconf 82' lang='lat' dir='ltr'>litteras,</span> <span class='ocrx_word' id='word_1_261' title='bbox 1773 422 1887 476; x_wconf 55' lang='lat' dir='ltr'>&#39;inas</span> <span class='ocrx_word' id='word_1_262' title='bbox 1874 451 1910 470; x_wconf 74' lang='lat' dir='ltr'>ir</span> <span class='ocrx_word' id='word_1_263' title='bbox 1914 428 1932 464; x_wconf 57' lang='grc' dir='ltr'>ι’</span> <span class='ocrx_word' id='word_1_264' title='bbox 1928 452 1956 465; x_wconf 63' lang='lat'>..1</span> 
     </span>
     <span class='ocr_line' id='line_1_57' title="bbox 1887 478 1957 491; baseline 0 -5"><span class='ocrx_word' id='word_1_265' title='bbox 1887 479 1897 490; x_wconf 81' lang='grc'>,</span> <span class='ocrx_word' id='word_1_266' title='bbox 1902 478 1957 491; x_wconf 52' lang='grc' dir='ltr'>Η..</span> 
     </span>
    </p>
   </div>
   <div class='ocr_carea' id='block_1_19' title="bbox 1772 473 1821 492">
    <p class='ocr_par' dir='ltr' id='par_1_19' title="bbox 1772 473 1821 492">
     <span class='ocr_line' id='line_1_58' title="bbox 1772 473 1821 492; baseline 0 -1"><span class='ocrx_word' id='word_1_267' title='bbox 1772 473 1821 492; x_wconf 72' lang='lat' dir='ltr'>cili</span> 
     </span>
    </p>
   </div>
   <div class='ocr_carea' id='block_1_20' title="bbox 1018 486 1798 2179">
    <p class='ocr_par' dir='ltr' id='par_1_20' title="bbox 1018 486 1798 2179">
     <span class='ocr_line' id='line_1_59' title="bbox 1019 486 1798 530; baseline 0 -11"><span class='ocrx_word' id='word_1_268' title='bbox 1019 487 1050 519; x_wconf 93' lang='lat' dir='ltr'>in</span> <span class='ocrx_word' id='word_1_269' title='bbox 1068 486 1177 519; x_wconf 80' lang='lat' dir='ltr'>eadem</span> <span class='ocrx_word' id='word_1_270' title='bbox 1203 487 1284 518; x_wconf 77' lang='lat' dir='ltr'>alma</span> <span class='ocrx_word' id='word_1_271' title='bbox 1310 487 1393 520; x_wconf 82' lang='lat' dir='ltr'>[libe</span> <span class='ocrx_word' id='word_1_272' title='bbox 1411 497 1451 519; x_wconf 82' lang='lat' dir='ltr'>xv</span> <span class='ocrx_word' id='word_1_273' title='bbox 1469 487 1578 530; x_wconf 72' lang='lat' dir='ltr'>aprilis</span> <span class='ocrx_word' id='word_1_274' title='bbox 1595 486 1666 518; x_wconf 90' lang='lat' dir='ltr'>anni</span> <span class='ocrx_word' id='word_1_275' title='bbox 1687 496 1757 529; x_wconf 79' lang='grc' dir='ltr'>ρι’-ο</span> <span class='ocrx_word' id='word_1_276' title='bbox 1772 505 1798 519; x_wconf 67' lang='lat' dir='ltr'>s</span> 
     </span>
     <span class='ocr_line' id='line_1_60' title="bbox 1019 539 1758 583; baseline 0.001 -12"><span class='ocrx_word' id='word_1_277' title='bbox 1019 539 1100 571; x_wconf 79' lang='lat' dir='ltr'>xime</span> <span class='ocrx_word' id='word_1_278' title='bbox 1118 539 1277 583; x_wconf 73' lang='lat' dir='ltr'>praeteriti</span> <span class='ocrx_word' id='word_1_279' title='bbox 1296 539 1393 579; x_wconf 89' lang='lat' dir='ltr'>datas,</span> <span class='ocrx_word' id='word_1_280' title='bbox 1411 539 1558 572; x_wconf 80' lang='lat' dir='ltr'>dilectum</span> <span class='ocrx_word' id='word_1_281' title='bbox 1581 539 1678 572; x_wconf 81' lang='lat' dir='ltr'>tilium</span> <span class='ocrx_word' id='word_1_282' title='bbox 1697 542 1758 572; x_wconf 82' lang='lat' dir='ltr'>An—</span> 
     </span>
     <span class='ocr_line' id='line_1_61' title="bbox 1018 591 1758 636; baseline 0 -12"><span class='ocrx_word' id='word_1_283' title='bbox 1018 591 1126 624; x_wconf 86' lang='lat' dir='ltr'>dream</span> <span class='ocrx_word' id='word_1_284' title='bbox 1153 592 1338 632; x_wconf 80' lang='lat' dir='ltr'>Blancltard,</span> <span class='ocrx_word' id='word_1_285' title='bbox 1355 592 1428 626; x_wconf 89' lang='lat' dir='ltr'>dicti</span> <span class='ocrx_word' id='word_1_286' title='bbox 1450 592 1573 626; x_wconf 84' lang='lat' dir='ltr'>Ordinis</span> <span class='ocrx_word' id='word_1_287' title='bbox 1591 598 1617 625; x_wconf 90' lang='lat' dir='ltr'>et</span> <span class='ocrx_word' id='word_1_288' title='bbox 1636 593 1758 636; x_wconf 84' lang='lat' dir='ltr'>provin-</span> 
     </span>
     <span class='ocr_line' id='line_1_62' title="bbox 1019 645 1756 689; baseline 0 -12"><span class='ocrx_word' id='word_1_289' title='bbox 1019 645 1083 677; x_wconf 87' lang='lat' dir='ltr'>ciae</span> <span class='ocrx_word' id='word_1_290' title='bbox 1098 645 1309 678; x_wconf 77' lang='lat' dir='ltr'>Narbonensis</span> <span class='ocrx_word' id='word_1_291' title='bbox 1327 646 1549 689; x_wconf 79' lang='lat' dir='ltr'>professorem,</span> <span class='ocrx_word' id='word_1_292' title='bbox 1563 646 1756 678; x_wconf 77' lang='lat' dir='ltr'>sacerdotem</span> 
     </span>
     <span class='ocr_line' id='line_1_63' title="bbox 1019 698 1756 738; baseline 0.001 -8"><span class='ocrx_word' id='word_1_293' title='bbox 1019 703 1048 730; x_wconf 82' lang='lat' dir='ltr'>ct</span> <span class='ocrx_word' id='word_1_294' title='bbox 1061 698 1223 731; x_wconf 86' lang='lat' dir='ltr'>doctorem</span> <span class='ocrx_word' id='word_1_295' title='bbox 1236 699 1452 738; x_wconf 79' lang='lat' dir='ltr'>Parisicnscm,</span> <span class='ocrx_word' id='word_1_296' title='bbox 1464 699 1492 731; x_wconf 91' lang='lat' dir='ltr'>in</span> <span class='ocrx_word' id='word_1_297' title='bbox 1505 699 1756 732; x_wconf 78' lang='lat' dir='ltr'>commissarium</span> 
     </span>
     <span class='ocr_line' id='line_1_64' title="bbox 1019 752 1754 793; baseline 0.001 -10"><span class='ocrx_word' id='word_1_298' title='bbox 1019 752 1200 793; x_wconf 77' lang='lat' dir='ltr'>generalem</span> <span class='ocrx_word' id='word_1_299' title='bbox 1233 752 1271 784; x_wconf 90' lang='lat' dir='ltr'>ad</span> <span class='ocrx_word' id='word_1_300' title='bbox 1304 752 1335 785; x_wconf 87' lang='lat' dir='ltr'>id</span> <span class='ocrx_word' id='word_1_301' title='bbox 1367 753 1520 792; x_wconf 87' lang='lat' dir='ltr'>instituit,</span> <span class='ocrx_word' id='word_1_302' title='bbox 1541 763 1612 785; x_wconf 86' lang='lat' dir='ltr'>cum</span> <span class='ocrx_word' id='word_1_303' title='bbox 1644 758 1754 785; x_wconf 89' lang='lat' dir='ltr'>aucto-</span> 
     </span>
     <span class='ocr_line' id='line_1_65' title="bbox 1021 805 1756 846; baseline 0.001 -9"><span class='ocrx_word' id='word_1_304' title='bbox 1021 805 1111 838; x_wconf 89' lang='lat' dir='ltr'>ritate</span> <span class='ocrx_word' id='word_1_305' title='bbox 1132 806 1280 838; x_wconf 78' lang='lat' dir='ltr'>fundandi</span> <span class='ocrx_word' id='word_1_306' title='bbox 1293 833 1300 846; x_wconf 94' lang='lat'>,</span> <span class='ocrx_word' id='word_1_307' title='bbox 1318 807 1448 839; x_wconf 88' lang='lat' dir='ltr'>servatis</span> <span class='ocrx_word' id='word_1_308' title='bbox 1468 806 1638 845; x_wconf 73' lang='lat' dir='ltr'>servandis,</span> <span class='ocrx_word' id='word_1_309' title='bbox 1663 816 1756 838; x_wconf 89' lang='lat' dir='ltr'>unam</span> 
     </span>
     <span class='ocr_line' id='line_1_66' title="bbox 1019 858 1758 903; baseline 0.003 -14"><span class='ocrx_word' id='word_1_310' title='bbox 1019 867 1160 890; x_wconf 83' lang='lat' dir='ltr'>crennun</span> <span class='ocrx_word' id='word_1_311' title='bbox 1188 858 1217 891; x_wconf 91' lang='lat' dir='ltr'>in</span> <span class='ocrx_word' id='word_1_312' title='bbox 1243 859 1312 892; x_wconf 91' lang='lat' dir='ltr'>loco</span> <span class='ocrx_word' id='word_1_313' title='bbox 1337 859 1395 891; x_wconf 88' lang='lat' dir='ltr'>sibi</span> <span class='ocrx_word' id='word_1_314' title='bbox 1415 870 1431 891; x_wconf 94' lang='lat' dir='ltr'>a</span> <span class='ocrx_word' id='word_1_315' title='bbox 1453 859 1599 903; x_wconf 78' lang='lat' dir='ltr'>praefatis</span> <span class='ocrx_word' id='word_1_316' title='bbox 1621 858 1758 891; x_wconf 84' lang='lat' dir='ltr'>ilenrico</span> 
     </span>
     <span class='ocr_line' id='line_1_67' title="bbox 1019 911 1758 956; baseline 0.001 -13"><span class='ocrx_word' id='word_1_317' title='bbox 1019 911 1169 955; x_wconf 87' lang='lat' dir='ltr'>episcopo</span> <span class='ocrx_word' id='word_1_318' title='bbox 1189 918 1219 944; x_wconf 87' lang='lat' dir='ltr'>et</span> <span class='ocrx_word' id='word_1_319' title='bbox 1236 913 1372 946; x_wconf 80' lang='lat' dir='ltr'>Hem-ico</span> <span class='ocrx_word' id='word_1_320' title='bbox 1389 914 1502 946; x_wconf 87' lang='lat' dir='ltr'>comite</span> <span class='ocrx_word' id='word_1_321' title='bbox 1517 913 1714 956; x_wconf 72' lang='lat' dir='ltr'>assignando,</span> <span class='ocrx_word' id='word_1_322' title='bbox 1728 912 1758 945; x_wconf 91' lang='lat' dir='ltr'>in</span> 
     </span>
     <span class='ocr_line' id='line_1_68' title="bbox 1019 964 1759 1010; baseline 0.004 -15"><span class='ocrx_word' id='word_1_323' title='bbox 1019 974 1080 1006; x_wconf 88' lang='lat' dir='ltr'>qna</span> <span class='ocrx_word' id='word_1_324' title='bbox 1101 964 1131 996; x_wconf 92' lang='lat' dir='ltr'>in</span> <span class='ocrx_word' id='word_1_325' title='bbox 1155 965 1311 1008; x_wconf 88' lang='lat' dir='ltr'>principio</span> <span class='ocrx_word' id='word_1_326' title='bbox 1329 966 1433 999; x_wconf 76' lang='lat' dir='ltr'>vivere</span> <span class='ocrx_word' id='word_1_327' title='bbox 1459 966 1578 1010; x_wconf 84' lang='lat' dir='ltr'>possint</span> <span class='ocrx_word' id='word_1_328' title='bbox 1594 967 1652 999; x_wconf 89' lang='lat' dir='ltr'>sub</span> <span class='ocrx_word' id='word_1_329' title='bbox 1673 976 1759 1009; x_wconf 88' lang='lat' dir='ltr'>prac-</span> 
     </span>
     <span class='ocr_line' id='line_1_69' title="bbox 1019 1016 1759 1060; baseline 0.004 -12"><span class='ocrx_word' id='word_1_330' title='bbox 1019 1016 1101 1049; x_wconf 76' lang='lat' dir='ltr'>dicta</span> <span class='ocrx_word' id='word_1_331' title='bbox 1126 1018 1236 1060; x_wconf 73' lang='lat' dir='ltr'>regula</span> <span class='ocrx_word' id='word_1_332' title='bbox 1268 1018 1432 1051; x_wconf 81' lang='lat' dir='ltr'>duodecim</span> <span class='ocrx_word' id='word_1_333' title='bbox 1459 1020 1496 1051; x_wconf 91' lang='lat' dir='ltr'>ad</span> <span class='ocrx_word' id='word_1_334' title='bbox 1524 1019 1626 1051; x_wconf 88' lang='lat' dir='ltr'>minus</span> <span class='ocrx_word' id='word_1_335' title='bbox 1650 1019 1759 1051; x_wconf 88' lang='lat' dir='ltr'>eremi-</span> 
     </span>
     <span class='ocr_line' id='line_1_70' title="bbox 1021 1070 1759 1114; baseline 0.004 -13"><span class='ocrx_word' id='word_1_336' title='bbox 1021 1074 1079 1108; x_wconf 87' lang='lat' dir='ltr'>tae,</span> <span class='ocrx_word' id='word_1_337' title='bbox 1096 1070 1283 1114; x_wconf 87' lang='lat' dir='ltr'>computatis</span> <span class='ocrx_word' id='word_1_338' title='bbox 1308 1071 1430 1104; x_wconf 83' lang='lat' dir='ltr'>clericis</span> <span class='ocrx_word' id='word_1_339' title='bbox 1456 1077 1485 1104; x_wconf 86' lang='lat' dir='ltr'>et</span> <span class='ocrx_word' id='word_1_340' title='bbox 1509 1072 1604 1113; x_wconf 87' lang='lat' dir='ltr'>laicis,</span> <span class='ocrx_word' id='word_1_341' title='bbox 1623 1082 1695 1104; x_wconf 89' lang='lat' dir='ltr'>cum</span> <span class='ocrx_word' id='word_1_342' title='bbox 1714 1072 1759 1104; x_wconf 92' lang='lat' dir='ltr'>in-</span> 
     </span>
     <span class='ocr_line' id='line_1_71' title="bbox 1020 1122 1759 1166; baseline 0.004 -12"><span class='ocrx_word' id='word_1_343' title='bbox 1020 1122 1193 1166; x_wconf 75' lang='lat' dir='ltr'>frascriptis</span> <span class='ocrx_word' id='word_1_344' title='bbox 1217 1124 1316 1166; x_wconf 87' lang='lat' dir='ltr'>pactis</span> <span class='ocrx_word' id='word_1_345' title='bbox 1341 1129 1370 1157; x_wconf 85' lang='lat' dir='ltr'>et</span> <span class='ocrx_word' id='word_1_346' title='bbox 1395 1125 1649 1164; x_wconf 85' lang='lat' dir='ltr'>conditionibus,</span> <span class='ocrx_word' id='word_1_347' title='bbox 1674 1125 1759 1157; x_wconf 83' lang='lat' dir='ltr'>vidc-</span> 
     </span>
     <span class='ocr_line' id='line_1_72' title="bbox 1021 1175 1755 1220; baseline 0.004 -12"><span class='ocrx_word' id='word_1_348' title='bbox 1021 1175 1108 1209; x_wconf 86' lang='lat' dir='ltr'>licet:</span> <span class='ocrx_word' id='word_1_349' title='bbox 1133 1176 1221 1216; x_wconf 88' lang='lat' dir='ltr'>Quod</span> <span class='ocrx_word' id='word_1_350' title='bbox 1249 1177 1398 1211; x_wconf 88' lang='lat' dir='ltr'>nimirum</span> <span class='ocrx_word' id='word_1_351' title='bbox 1429 1178 1567 1220; x_wconf 73' lang='lat' dir='ltr'>religiosi</span> <span class='ocrx_word' id='word_1_352' title='bbox 1596 1178 1636 1211; x_wconf 93' lang='lat' dir='ltr'>ibi</span> <span class='ocrx_word' id='word_1_353' title='bbox 1666 1189 1755 1212; x_wconf 90' lang='lat' dir='ltr'>com-</span> 
     </span>
     <span class='ocr_line' id='line_1_73' title="bbox 1021 1230 1735 1274; baseline 0.003 -12"><span class='ocrx_word' id='word_1_354' title='bbox 1021 1235 1180 1263; x_wconf 84' lang='lat' dir='ltr'>morantes</span> <span class='ocrx_word' id='word_1_355' title='bbox 1219 1230 1398 1264; x_wconf 86' lang='lat' dir='ltr'>immediate</span> <span class='ocrx_word' id='word_1_356' title='bbox 1436 1231 1556 1264; x_wconf 89' lang='lat' dir='ltr'>subsint</span> <span class='ocrx_word' id='word_1_357' title='bbox 1594 1231 1735 1274; x_wconf 76' lang='lat' dir='ltr'>generali</span> 
     </span>
     <span class='ocr_line' id='line_1_74' title="bbox 1021 1284 1758 1328; baseline 0.001 -13"><span class='ocrx_word' id='word_1_358' title='bbox 1021 1288 1232 1327; x_wconf 82' lang='lat' dir='ltr'>reganturque</span> <span class='ocrx_word' id='word_1_359' title='bbox 1262 1289 1292 1316; x_wconf 84' lang='lat' dir='ltr'>et</span> <span class='ocrx_word' id='word_1_360' title='bbox 1322 1284 1539 1327; x_wconf 80' lang='lat' dir='ltr'>gubernentur</span> <span class='ocrx_word' id='word_1_361' title='bbox 1574 1295 1630 1328; x_wconf 89' lang='lat' dir='ltr'>per</span> <span class='ocrx_word' id='word_1_362' title='bbox 1662 1295 1758 1318; x_wconf 88' lang='lat' dir='ltr'>unum</span> 
     </span>
     <span class='ocr_line' id='line_1_75' title="bbox 1021 1337 1760 1381; baseline 0.001 -13"><span class='ocrx_word' id='word_1_363' title='bbox 1021 1337 1273 1369; x_wconf 86' lang='lat' dir='ltr'>commissarium</span> <span class='ocrx_word' id='word_1_364' title='bbox 1298 1347 1315 1369; x_wconf 88' lang='lat' dir='ltr'>a</span> <span class='ocrx_word' id='word_1_365' title='bbox 1340 1337 1447 1381; x_wconf 89' lang='lat' dir='ltr'>priore</span> <span class='ocrx_word' id='word_1_366' title='bbox 1471 1337 1610 1380; x_wconf 78' lang='lat' dir='ltr'>generali</span> <span class='ocrx_word' id='word_1_367' title='bbox 1635 1337 1760 1370; x_wconf 68' lang='lat' dir='ltr'>ordini:</span> 
     </span>
     <span class='ocr_line' id='line_1_76' title="bbox 1021 1390 1760 1434; baseline 0 -13"><span class='ocrx_word' id='word_1_368' title='bbox 1021 1399 1078 1432; x_wconf 85' lang='lat' dir='ltr'>pro</span> <span class='ocrx_word' id='word_1_369' title='bbox 1105 1395 1246 1433; x_wconf 87' lang='lat' dir='ltr'>tempore</span> <span class='ocrx_word' id='word_1_370' title='bbox 1265 1390 1501 1431; x_wconf 86' lang='lat' dir='ltr'>instituendum,</span> <span class='ocrx_word' id='word_1_371' title='bbox 1514 1391 1567 1434; x_wconf 92' lang='lat' dir='ltr'>qni</span> <span class='ocrx_word' id='word_1_372' title='bbox 1585 1401 1679 1434; x_wconf 86' lang='lat' dir='ltr'>super</span> <span class='ocrx_word' id='word_1_373' title='bbox 1700 1390 1760 1423; x_wconf 71' lang='lat' dir='ltr'>illis</span> 
     </span>
     <span class='ocr_line' id='line_1_77' title="bbox 1021 1442 1762 1477; baseline 0.001 -2"><span class='ocrx_word' id='word_1_374' title='bbox 1021 1442 1162 1475; x_wconf 76' lang='lat' dir='ltr'>eamden]</span> <span class='ocrx_word' id='word_1_375' title='bbox 1178 1443 1516 1477; x_wconf 79' lang='lat' dir='ltr'>liabeatauctoritatem</span> <span class='ocrx_word' id='word_1_376' title='bbox 1532 1449 1561 1477; x_wconf 87' lang='lat' dir='ltr'>et</span> <span class='ocrx_word' id='word_1_377' title='bbox 1576 1443 1762 1477; x_wconf 84' lang='lat' dir='ltr'>iurisdictio-</span> 
     </span>
     <span class='ocr_line' id='line_1_78' title="bbox 1021 1496 1759 1540; baseline 0.003 -12"><span class='ocrx_word' id='word_1_378' title='bbox 1021 1506 1102 1537; x_wconf 89' lang='lat' dir='ltr'>nem,</span> <span class='ocrx_word' id='word_1_379' title='bbox 1115 1506 1209 1539; x_wconf 89' lang='lat' dir='ltr'>quam</span> <span class='ocrx_word' id='word_1_380' title='bbox 1226 1496 1348 1540; x_wconf 87' lang='lat' dir='ltr'>priores</span> <span class='ocrx_word' id='word_1_381' title='bbox 1362 1497 1570 1540; x_wconf 74' lang='lat' dir='ltr'>provinciales</span> <span class='ocrx_word' id='word_1_382' title='bbox 1585 1497 1615 1529; x_wconf 93' lang='lat' dir='ltr'>in</span> <span class='ocrx_word' id='word_1_383' title='bbox 1632 1507 1759 1530; x_wconf 87' lang='lat' dir='ltr'>suarum</span> 
     </span>
     <span class='ocr_line' id='line_1_79' title="bbox 1022 1549 1761 1592; baseline 0.003 -12"><span class='ocrx_word' id='word_1_384' title='bbox 1022 1549 1253 1592; x_wconf 80' lang='lat' dir='ltr'>provinciarum</span> <span class='ocrx_word' id='word_1_385' title='bbox 1290 1550 1402 1582; x_wconf 82' lang='lat' dir='ltr'>fratres</span> <span class='ocrx_word' id='word_1_386' title='bbox 1433 1550 1572 1591; x_wconf 86' lang='lat' dir='ltr'>habent,</span> <span class='ocrx_word' id='word_1_387' title='bbox 1605 1553 1761 1584; x_wconf 77' lang='lat' dir='ltr'>reservata</span> 
     </span>
     <span class='ocr_line' id='line_1_80' title="bbox 1022 1602 1761 1646; baseline 0.003 -13"><span class='ocrx_word' id='word_1_388' title='bbox 1022 1607 1125 1634; x_wconf 88' lang='lat' dir='ltr'>tamen</span> <span class='ocrx_word' id='word_1_389' title='bbox 1144 1602 1201 1645; x_wconf 81' lang='lat' dir='ltr'>ipsi</span> <span class='ocrx_word' id='word_1_390' title='bbox 1219 1602 1317 1646; x_wconf 89' lang='lat' dir='ltr'>priori</span> <span class='ocrx_word' id='word_1_391' title='bbox 1343 1603 1482 1646; x_wconf 77' lang='lat' dir='ltr'>generali</span> <span class='ocrx_word' id='word_1_392' title='bbox 1504 1604 1602 1636; x_wconf 75' lang='lat' dir='ltr'>libera</span> <span class='ocrx_word' id='word_1_393' title='bbox 1618 1603 1761 1636; x_wconf 74' lang='lat' dir='ltr'>facultate</span> 
     </span>
     <span class='ocr_line' id='line_1_81' title="bbox 1021 1655 1763 1700; baseline 0.003 -13"><span class='ocrx_word' id='word_1_394' title='bbox 1021 1660 1051 1687; x_wconf 82' lang='lat' dir='ltr'>et</span> <span class='ocrx_word' id='word_1_395' title='bbox 1075 1655 1270 1695; x_wconf 88' lang='lat' dir='ltr'>auctoritate,</span> <span class='ocrx_word' id='word_1_396' title='bbox 1287 1657 1409 1699; x_wconf 85' lang='lat' dir='ltr'>quoties</span> <span class='ocrx_word' id='word_1_397' title='bbox 1427 1657 1492 1700; x_wconf 87' lang='lat' dir='ltr'>ipse</span> <span class='ocrx_word' id='word_1_398' title='bbox 1513 1656 1660 1700; x_wconf 81' lang='lat' dir='ltr'>expedire</span> <span class='ocrx_word' id='word_1_399' title='bbox 1685 1657 1763 1689; x_wconf 86' lang='lat' dir='ltr'>iudi-</span> 
     </span>
     <span class='ocr_line' id='line_1_82' title="bbox 1021 1708 1763 1753; baseline 0.005 -14"><span class='ocrx_word' id='word_1_400' title='bbox 1021 1708 1148 1747; x_wconf 80' lang='lat' dir='ltr'>caverit,</span> <span class='ocrx_word' id='word_1_401' title='bbox 1169 1708 1305 1752; x_wconf 80' lang='lat' dir='ltr'>aliquem</span> <span class='ocrx_word' id='word_1_402' title='bbox 1324 1709 1419 1741; x_wconf 89' lang='lat' dir='ltr'>alium</span> <span class='ocrx_word' id='word_1_403' title='bbox 1445 1709 1518 1742; x_wconf 88' lang='lat' dir='ltr'>dicti</span> <span class='ocrx_word' id='word_1_404' title='bbox 1545 1709 1669 1743; x_wconf 87' lang='lat' dir='ltr'>Ordinis</span> <span class='ocrx_word' id='word_1_405' title='bbox 1693 1720 1763 1753; x_wconf 65' lang='lat' dir='ltr'>pro&lt;</span> 
     </span>
     <span class='ocr_line' id='line_1_83' title="bbox 1022 1762 1764 1806; baseline 0.003 -13"><span class='ocrx_word' id='word_1_406' title='bbox 1022 1762 1171 1794; x_wconf 81' lang='lat' dir='ltr'>sessorem</span> <span class='ocrx_word' id='word_1_407' title='bbox 1197 1762 1257 1794; x_wconf 89' lang='lat' dir='ltr'>sibi</span> <span class='ocrx_word' id='word_1_408' title='bbox 1283 1762 1474 1803; x_wconf 84' lang='lat' dir='ltr'>benevisum,</span> <span class='ocrx_word' id='word_1_409' title='bbox 1499 1763 1552 1806; x_wconf 92' lang='lat' dir='ltr'>qui</span> <span class='ocrx_word' id='word_1_410' title='bbox 1574 1773 1715 1795; x_wconf 82' lang='lat' dir='ltr'>eremum</span> <span class='ocrx_word' id='word_1_411' title='bbox 1733 1768 1764 1796; x_wconf 85' lang='lat' dir='ltr'>et</span> 
     </span>
     <span class='ocr_line' id='line_1_84' title="bbox 1022 1816 1763 1860; baseline 0.001 -12"><span class='ocrx_word' id='word_1_412' title='bbox 1022 1816 1133 1849; x_wconf 83' lang='lat' dir='ltr'>fratres</span> <span class='ocrx_word' id='word_1_413' title='bbox 1159 1816 1337 1849; x_wconf 84' lang='lat' dir='ltr'>huiusmodi</span> <span class='ocrx_word' id='word_1_414' title='bbox 1364 1822 1428 1849; x_wconf 83' lang='lat' dir='ltr'>tuni</span> <span class='ocrx_word' id='word_1_415' title='bbox 1455 1817 1485 1849; x_wconf 89' lang='lat' dir='ltr'>in</span> <span class='ocrx_word' id='word_1_416' title='bbox 1511 1816 1612 1860; x_wconf 86' lang='lat' dir='ltr'>capite</span> <span class='ocrx_word' id='word_1_417' title='bbox 1641 1821 1706 1849; x_wconf 81' lang='lat' dir='ltr'>tum</span> <span class='ocrx_word' id='word_1_418' title='bbox 1732 1817 1763 1849; x_wconf 91' lang='lat' dir='ltr'>in</span> 
     </span>
     <span class='ocr_line' id='line_1_85' title="bbox 1023 1870 1765 1914; baseline 0.001 -12"><span class='ocrx_word' id='word_1_419' title='bbox 1023 1870 1172 1902; x_wconf 83' lang='lat' dir='ltr'>membris</span> <span class='ocrx_word' id='word_1_420' title='bbox 1189 1871 1315 1904; x_wconf 86' lang='lat' dir='ltr'>visitare</span> <span class='ocrx_word' id='word_1_421' title='bbox 1331 1877 1362 1903; x_wconf 88' lang='lat' dir='ltr'>et</span> <span class='ocrx_word' id='word_1_422' title='bbox 1379 1871 1540 1913; x_wconf 74' lang='lat' dir='ltr'>corrigere</span> <span class='ocrx_word' id='word_1_423' title='bbox 1559 1871 1666 1914; x_wconf 88' lang='lat' dir='ltr'>possit,</span> <span class='ocrx_word' id='word_1_424' title='bbox 1682 1870 1765 1903; x_wconf 90' lang='lat' dir='ltr'>insti-</span> 
     </span>
     <span class='ocr_line' id='line_1_86' title="bbox 1023 1923 1762 1966; baseline 0 -12"><span class='ocrx_word' id='word_1_425' title='bbox 1023 1923 1146 1955; x_wconf 86' lang='lat' dir='ltr'>tuendi:</span> <span class='ocrx_word' id='word_1_426' title='bbox 1171 1923 1260 1962; x_wconf 81' lang='lat' dir='ltr'>Quod</span> <span class='ocrx_word' id='word_1_427' title='bbox 1285 1924 1435 1956; x_wconf 86' lang='lat' dir='ltr'>eremitae</span> <span class='ocrx_word' id='word_1_428' title='bbox 1471 1923 1622 1966; x_wconf 81' lang='lat' dir='ltr'>praedicti</span> <span class='ocrx_word' id='word_1_429' title='bbox 1655 1933 1762 1956; x_wconf 88' lang='lat' dir='ltr'>vocem</span> 
     </span>
     <span class='ocr_line' id='line_1_87' title="bbox 1021 1976 1765 2020; baseline 0.001 -13"><span class='ocrx_word' id='word_1_430' title='bbox 1021 1976 1154 2008; x_wconf 81' lang='lat' dir='ltr'>activam</span> <span class='ocrx_word' id='word_1_431' title='bbox 1173 1977 1217 2008; x_wconf 83' lang='lat' dir='ltr'>vel</span> <span class='ocrx_word' id='word_1_432' title='bbox 1238 1977 1393 2020; x_wconf 74' lang='lat' dir='ltr'>passivam</span> <span class='ocrx_word' id='word_1_433' title='bbox 1416 1976 1446 2008; x_wconf 89' lang='lat' dir='ltr'>in</span> <span class='ocrx_word' id='word_1_434' title='bbox 1471 1976 1614 2019; x_wconf 86' lang='lat' dir='ltr'>capitulis</span> <span class='ocrx_word' id='word_1_435' title='bbox 1638 1976 1765 2019; x_wconf 86' lang='lat' dir='ltr'>provin-</span> 
     </span>
     <span class='ocr_line' id='line_1_88' title="bbox 1022 2029 1762 2072; baseline 0.003 -13"><span class='ocrx_word' id='word_1_436' title='bbox 1022 2029 1151 2062; x_wconf 81' lang='lat' dir='ltr'>cialibus</span> <span class='ocrx_word' id='word_1_437' title='bbox 1166 2040 1227 2062; x_wconf 92' lang='lat' dir='ltr'>non</span> <span class='ocrx_word' id='word_1_438' title='bbox 1242 2030 1385 2069; x_wconf 77' lang='lat' dir='ltr'>habeant,</span> <span class='ocrx_word' id='word_1_439' title='bbox 1403 2040 1460 2062; x_wconf 85' lang='lat' dir='ltr'>nec</span> <span class='ocrx_word' id='word_1_440' title='bbox 1480 2029 1516 2061; x_wconf 87' lang='lat' dir='ltr'>ad</span> <span class='ocrx_word' id='word_1_441' title='bbox 1532 2029 1612 2061; x_wconf 87' lang='lat' dir='ltr'>dicta</span> <span class='ocrx_word' id='word_1_442' title='bbox 1627 2029 1762 2072; x_wconf 81' lang='lat' dir='ltr'>capitula</span> 
     </span>
     <span class='ocr_line' id='line_1_89' title="bbox 1023 2081 1764 2125; baseline 0.001 -12"><span class='ocrx_word' id='word_1_443' title='bbox 1023 2081 1190 2124; x_wconf 84' lang='lat' dir='ltr'>proficisci,</span> <span class='ocrx_word' id='word_1_444' title='bbox 1209 2082 1254 2114; x_wconf 82' lang='lat' dir='ltr'>vel</span> <span class='ocrx_word' id='word_1_445' title='bbox 1273 2083 1310 2114; x_wconf 90' lang='lat' dir='ltr'>ad</span> <span class='ocrx_word' id='word_1_446' title='bbox 1330 2082 1360 2114; x_wconf 91' lang='lat' dir='ltr'>id</span> <span class='ocrx_word' id='word_1_447' title='bbox 1386 2082 1541 2125; x_wconf 79' lang='lat' dir='ltr'>compelli,</span> <span class='ocrx_word' id='word_1_448' title='bbox 1559 2092 1615 2114; x_wconf 81' lang='lat' dir='ltr'>nec</span> <span class='ocrx_word' id='word_1_449' title='bbox 1641 2082 1679 2114; x_wconf 88' lang='lat' dir='ltr'>ab</span> <span class='ocrx_word' id='word_1_450' title='bbox 1697 2082 1764 2125; x_wconf 77' lang='lat' dir='ltr'>ipsa</span> 
     </span>
     <span class='ocr_line' id='line_1_90' title="bbox 1022 2136 1765 2179; baseline 0 -11"><span class='ocrx_word' id='word_1_451' title='bbox 1022 2146 1130 2169; x_wconf 87' lang='lat' dir='ltr'>eremo</span> <span class='ocrx_word' id='word_1_452' title='bbox 1147 2136 1213 2167; x_wconf 83' lang='lat' dir='ltr'>sine</span> <span class='ocrx_word' id='word_1_453' title='bbox 1235 2136 1358 2168; x_wconf 78' lang='lat' dir='ltr'>licentia</span> <span class='ocrx_word' id='word_1_454' title='bbox 1380 2136 1494 2179; x_wconf 83' lang='lat' dir='ltr'>prioris</span> <span class='ocrx_word' id='word_1_455' title='bbox 1512 2136 1668 2178; x_wconf 77' lang='lat' dir='ltr'>generalis</span> <span class='ocrx_word' id='word_1_456' title='bbox 1683 2146 1765 2168; x_wconf 89' lang='lat' dir='ltr'>rece-</span> 
     </span>
    </p>
   </div>
   <div class='ocr_carea' id='block_1_21' title="bbox 1004 2189 1765 2232">
    <p class='ocr_par' dir='ltr' id='par_1_21' title="bbox 1004 2189 1765 2232">
     <span class='ocr_line' id='line_1_91' title="bbox 1004 2189 1765 2232; baseline 0 -11"><span class='ocrx_word' id='word_1_457' title='bbox 1004 2189 1096 2232; x_wconf 78' lang='lat' dir='ltr'>¹(lere</span> <span class='ocrx_word' id='word_1_458' title='bbox 1123 2189 1257 2232; x_wconf 84' lang='lat' dir='ltr'>possint;</span> <span class='ocrx_word' id='word_1_459' title='bbox 1283 2189 1429 2232; x_wconf 85' lang='lat' dir='ltr'>quodque</span> <span class='ocrx_word' id='word_1_460' title='bbox 1455 2189 1494 2221; x_wconf 84' lang='lat' dir='ltr'>ibi</span> <span class='ocrx_word' id='word_1_461' title='bbox 1526 2194 1678 2232; x_wconf 77' lang='lat' dir='ltr'>perpetuo</span> <span class='ocrx_word' id='word_1_462' title='bbox 1703 2199 1765 2221; x_wconf 87' lang='lat' dir='ltr'>ser-</span> 
     </span>
    </p>
   </div>
   <div class='ocr_carea' id='block_1_22' title="bbox 1023 2243 1766 2443">
    <p class='ocr_par' dir='ltr' id='par_1_22' title="bbox 1023 2243 1766 2443">
     <span class='ocr_line' id='line_1_92' title="bbox 1025 2243 1764 2286; baseline 0.001 -12"><span class='ocrx_word' id='word_1_463' title='bbox 1025 2248 1093 2274; x_wconf 84' lang='lat' dir='ltr'>vent</span> <span class='ocrx_word' id='word_1_464' title='bbox 1109 2243 1298 2286; x_wconf 87' lang='lat' dir='ltr'>primitivam</span> <span class='ocrx_word' id='word_1_465' title='bbox 1312 2243 1451 2285; x_wconf 68' lang='lat' dir='ltr'>regulam</span> <span class='ocrx_word' id='word_1_466' title='bbox 1463 2243 1501 2275; x_wconf 90' lang='lat' dir='ltr'>ab</span> <span class='ocrx_word' id='word_1_467' title='bbox 1513 2243 1623 2276; x_wconf 82' lang='lat' dir='ltr'>eodem</span> <span class='ocrx_word' id='word_1_468' title='bbox 1637 2243 1764 2276; x_wconf 84' lang='lat' dir='ltr'>Alberto</span> 
     </span>
     <span class='ocr_line' id='line_1_93' title="bbox 1025 2296 1766 2338; baseline 0.003 -11"><span class='ocrx_word' id='word_1_469' title='bbox 1025 2296 1202 2338; x_wconf 70' lang='lat' dir='ltr'>patriarcha</span> <span class='ocrx_word' id='word_1_470' title='bbox 1221 2296 1368 2328; x_wconf 87' lang='lat' dir='ltr'>traditam</span> <span class='ocrx_word' id='word_1_471' title='bbox 1396 2297 1425 2328; x_wconf 91' lang='lat' dir='ltr'>in</span> <span class='ocrx_word' id='word_1_472' title='bbox 1451 2306 1507 2329; x_wconf 88' lang='lat' dir='ltr'>suo</span> <span class='ocrx_word' id='word_1_473' title='bbox 1532 2297 1648 2338; x_wconf 73' lang='lat' dir='ltr'>rigore,</span> <span class='ocrx_word' id='word_1_474' title='bbox 1669 2296 1766 2329; x_wconf 72' lang='lat' dir='ltr'>nulla-</span> 
     </span>
     <span class='ocr_line' id='line_1_94' title="bbox 1023 2348 1765 2391; baseline 0.001 -11"><span class='ocrx_word' id='word_1_475' title='bbox 1023 2358 1084 2391; x_wconf 86' lang='lat' dir='ltr'>que</span> <span class='ocrx_word' id='word_1_476' title='bbox 1109 2348 1245 2380; x_wconf 76' lang='lat' dir='ltr'>admissa</span> <span class='ocrx_word' id='word_1_477' title='bbox 1273 2349 1486 2381; x_wconf 86' lang='lat' dir='ltr'>moderatione</span> <span class='ocrx_word' id='word_1_478' title='bbox 1515 2354 1545 2381; x_wconf 89' lang='lat' dir='ltr'>et</span> <span class='ocrx_word' id='word_1_479' title='bbox 1570 2348 1765 2391; x_wconf 77' lang='lat' dir='ltr'>mitigatione</span> 
     </span>
     <span class='ocr_line' id='line_1_95' title="bbox 1027 2401 1764 2443; baseline 0.001 -10"><span class='ocrx_word' id='word_1_480' title='bbox 1027 2401 1123 2433; x_wconf 72' lang='lat' dir='ltr'>felicis</span> <span class='ocrx_word' id='word_1_481' title='bbox 1143 2401 1369 2434; x_wconf 85' lang='lat' dir='ltr'>recordationis</span> <span class='ocrx_word' id='word_1_482' title='bbox 1390 2401 1560 2434; x_wconf 74' lang='lat' dir='ltr'>innocentii</span> <span class='ocrx_word' id='word_1_483' title='bbox 1587 2402 1621 2433; x_wconf 84' lang='lat' dir='ltr'>lv</span> <span class='ocrx_word' id='word_1_484' title='bbox 1637 2428 1644 2440; x_wconf 92' lang='lat'>,</span> <span class='ocrx_word' id='word_1_485' title='bbox 1662 2402 1764 2443; x_wconf 73' lang='lat' dir='ltr'>Euge-</span> 
     </span>
    </p>
   </div>
   <div class='ocr_carea' id='block_1_23' title="bbox 252 2454 1766 2499">
    <p class='ocr_par' dir='ltr' id='par_1_23' title="bbox 252 2454 1766 2499">
     <span class='ocr_line' id='line_1_96' title="bbox 252 2454 1766 2499; baseline -0.001 -10"><span class='ocrx_word' id='word_1_486' title='bbox 252 2456 291 2489; x_wconf 87' lang='lat' dir='ltr'>cti</span> <span class='ocrx_word' id='word_1_487' title='bbox 317 2456 441 2490; x_wconf 86' lang='lat' dir='ltr'>Ordinis</span> <span class='ocrx_word' id='word_1_488' title='bbox 466 2456 587 2496; x_wconf 77' lang='lat' dir='ltr'>fratres,</span> <span class='ocrx_word' id='word_1_489' title='bbox 612 2457 669 2488; x_wconf 89' lang='lat' dir='ltr'>snb</span> <span class='ocrx_word' id='word_1_490' title='bbox 695 2457 855 2499; x_wconf 72' lang='lat' dir='ltr'>primitiva</span> <span class='ocrx_word' id='word_1_491' title='bbox 881 2456 990 2497; x_wconf 71' lang='lat' dir='ltr'>regula</span> <span class='ocrx_word' id='word_1_492' title='bbox 1026 2454 1067 2486; x_wconf 94' lang='lat' dir='ltr'>nii</span> <span class='ocrx_word' id='word_1_493' title='bbox 1094 2454 1140 2493; x_wconf 70' lang='lat' dir='ltr'>ll&#39;,</span> <span class='ocrx_word' id='word_1_494' title='bbox 1160 2454 1201 2486; x_wconf 82' lang='lat' dir='ltr'>Pii</span> <span class='ocrx_word' id='word_1_495' title='bbox 1228 2455 1263 2494; x_wconf 89' lang='lat' dir='ltr'>lt,</span> <span class='ocrx_word' id='word_1_496' title='bbox 1288 2454 1362 2488; x_wconf 71' lang='lat' dir='ltr'>sixti</span> <span class='ocrx_word' id='word_1_497' title='bbox 1390 2455 1436 2495; x_wconf 88' lang='lat' dir='ltr'>lv,</span> <span class='ocrx_word' id='word_1_498' title='bbox 1456 2458 1485 2488; x_wconf 83' lang='lat' dir='ltr'>ct</span> <span class='ocrx_word' id='word_1_499' title='bbox 1505 2454 1637 2487; x_wconf 85' lang='lat' dir='ltr'>aliorum</span> <span class='ocrx_word' id='word_1_500' title='bbox 1656 2454 1766 2487; x_wconf 79' lang='lat' dir='ltr'>Roma-</span> 
     </span>
    </p>
   </div>
   <div class='ocr_carea' id='block_1_24' title="bbox 252 2506 1009 2554">
    <p class='ocr_par' dir='ltr' id='par_1_24' title="bbox 252 2506 1009 2554">
     <span class='ocr_line' id='line_1_97' title="bbox 252 2506 1009 2554; baseline -0.001 -12"><span class='ocrx_word' id='word_1_501' title='bbox 252 2509 381 2552; x_wconf 85' lang='lat' dir='ltr'>praesati</span> <span class='ocrx_word' id='word_1_502' title='bbox 406 2509 524 2542; x_wconf 80' lang='lat' dir='ltr'>Alberti</span> <span class='ocrx_word' id='word_1_503' title='bbox 550 2509 757 2553; x_wconf 86' lang='lat' dir='ltr'>patriarchae,</span> <span class='ocrx_word' id='word_1_504' title='bbox 782 2506 1009 2554; x_wconf 68' lang='lat' dir='ltr'>omnipoteniil</span> 
     </span>
    </p>
   </div>
   <div class='ocr_carea' id='block_1_25' title="bbox 1025 2507 1764 2657">
    <p class='ocr_par' dir='ltr' id='par_1_25' title="bbox 1025 2507 1764 2657">
     <span class='ocr_line' id='line_1_98' title="bbox 1026 2507 1764 2551; baseline 0.001 -12"><span class='ocrx_word' id='word_1_505' title='bbox 1026 2517 1138 2540; x_wconf 89' lang='lat' dir='ltr'>norum</span> <span class='ocrx_word' id='word_1_506' title='bbox 1170 2507 1355 2540; x_wconf 71' lang='lat' dir='ltr'>Pontificum</span> <span class='ocrx_word' id='word_1_507' title='bbox 1392 2508 1670 2551; x_wconf 85' lang='lat' dir='ltr'>praedecessorum</span> <span class='ocrx_word' id='word_1_508' title='bbox 1707 2518 1764 2541; x_wconf 90' lang='lat' dir='ltr'>no-</span> 
     </span>
     <span class='ocr_line' id='line_1_99' title="bbox 1025 2561 1764 2605; baseline 0 -11"><span class='ocrx_word' id='word_1_509' title='bbox 1025 2566 1183 2600; x_wconf 81' lang='lat' dir='ltr'>strorum,</span> <span class='ocrx_word' id='word_1_510' title='bbox 1209 2567 1341 2605; x_wconf 81' lang='lat' dir='ltr'>excepto</span> <span class='ocrx_word' id='word_1_511' title='bbox 1365 2561 1447 2605; x_wconf 89' lang='lat' dir='ltr'>quod</span> <span class='ocrx_word' id='word_1_512' title='bbox 1475 2561 1555 2594; x_wconf 92' lang='lat' dir='ltr'>bona</span> <span class='ocrx_word' id='word_1_513' title='bbox 1581 2561 1764 2602; x_wconf 86' lang='lat' dir='ltr'>immobilia,</span> 
     </span>
     <span class='ocr_line' id='line_1_100' title="bbox 1025 2614 1764 2657; baseline -0.001 -8"><span class='ocrx_word' id='word_1_514' title='bbox 1025 2615 1214 2650; x_wconf 78' lang='lat' dir='ltr'>iuxtasacri</span> <span class='ocrx_word' id='word_1_515' title='bbox 1237 2614 1367 2650; x_wconf 87' lang='lat' dir='ltr'>Coucilii</span> <span class='ocrx_word' id='word_1_516' title='bbox 1391 2615 1563 2649; x_wconf 85' lang='lat' dir='ltr'>Tridentini</span> <span class='ocrx_word' id='word_1_517' title='bbox 1588 2626 1662 2649; x_wconf 87' lang='lat' dir='ltr'>sess.</span> <span class='ocrx_word' id='word_1_518' title='bbox 1689 2624 1764 2657; x_wconf 83' lang='lat' dir='ltr'>xxv,</span> 
     </span>
    </p>
   </div>
   <div class='ocr_carea' id='block_1_26' title="bbox 1655 215 1955 254">
    <p class='ocr_par' dir='ltr' id='par_1_26' title="bbox 1655 215 1955 254">
     <span class='ocr_line' id='line_1_101' title="bbox 1655 215 1955 254; baseline 0.013 -5"><span class='ocrx_word' id='word_1_519' title='bbox 1655 215 1717 249; x_wconf 52' lang='lat'>7117</span> <span class='ocrx_word' id='word_1_520' title='bbox 1764 225 1815 254; x_wconf 69' lang='lat' dir='ltr'>An.</span> <span class='ocrx_word' id='word_1_521' title='bbox 1838 226 1864 253; x_wconf 85' lang='lat' dir='ltr'>c.</span> <span class='ocrx_word' id='word_1_522' title='bbox 1888 225 1955 254; x_wconf 71' lang='lat'>1639</span> 
     </span>
    </p>
   </div>
   <div class='ocr_carea' id='block_1_27' title="bbox 1773 347 1956 412">
    <p class='ocr_par' dir='ltr' id='par_1_27' title="bbox 1773 347 1956 411">
     <span class='ocr_line' id='line_1_102' title="bbox 1828 347 1956 360; baseline 0.008 -2"><span class='ocrx_word' id='word_1_523' title='bbox 1828 350 1845 359; x_wconf 47' lang='grc' dir='ltr'>,ιι</span> <span class='ocrx_word' id='word_1_524' title='bbox 1882 351 1886 357; x_wconf 59' lang='grc' dir='ltr'><em>ν</em></span> <span class='ocrx_word' id='word_1_525' title='bbox 1923 347 1956 360; x_wconf 59' lang='grc' dir='ltr'>ικ-</span> 
     </span>
     <span class='ocr_line' id='line_1_103' title="bbox 1773 367 1946 412; baseline 0.013 -27"><span class='ocrx_word' id='word_1_526' title='bbox 1773 367 1796 385; x_wconf 83' lang='grc' dir='ltr'>Ιι·</span> <span class='ocrx_word' id='word_1_527' title='bbox 1813 368 1846 412; x_wconf 71' lang='lat' dir='ltr'>On.</span> <span class='ocrx_word' id='word_1_528' title='bbox 1850 368 1876 386; x_wconf 81' lang='lat' dir='ltr'>‘nt</span> <span class='ocrx_word' id='word_1_529' title='bbox 1873 369 1946 387; x_wconf 81' lang='grc' dir='ltr'>ιιιιΙιιι</span> 
     </span>
     <span class='ocr_line' id='line_1_104' title="bbox 1910 400 1956 411; baseline 0 -4"><span class='ocrx_word' id='word_1_530' title='bbox 1910 400 1956 411; x_wconf 37' lang='grc' dir='ltr'>μη..</span> 
     </span>
    </p>
   </div>
   <div class='ocr_carea' id='block_1_28' title="bbox 1751 1189 1958 1272">
    <p class='ocr_par' dir='ltr' id='par_1_28' title="bbox 1751 1189 1958 1272">
     <span class='ocr_line' id='line_1_105' title="bbox 1813 1189 1958 1210; baseline 0 0"><span class='ocrx_word' id='word_1_531' title='bbox 1813 1190 1863 1210; x_wconf 66' lang='lat' dir='ltr'>{inm</span> <span class='ocrx_word' id='word_1_532' title='bbox 1882 1189 1958 1210; x_wconf 67' lang='lat' dir='ltr'>condi-</span> 
     </span>
     <span class='ocr_line' id='line_1_106' title="bbox 1774 1217 1958 1243; baseline -0.005 -5"><span class='ocrx_word' id='word_1_533' title='bbox 1774 1217 1878 1239; x_wconf 59' lang='lat' dir='ltr'>tiondiuz.</span> <span class='ocrx_word' id='word_1_534' title='bbox 1903 1222 1958 1243; x_wconf 74' lang='lat' dir='ltr'>quac</span> 
     </span>
     <span class='ocr_line' id='line_1_107' title="bbox 1751 1246 1923 1272; baseline -0.006 -8"><span class='ocrx_word' id='word_1_535' title='bbox 1751 1258 1758 1272; x_wconf 85' lang='lat'>,</span> <span class='ocrx_word' id='word_1_536' title='bbox 1774 1246 1923 1270; x_wconf 74' lang='lat' dir='ltr'>exprimuntur.</span> 
     </span>
    </p>
   </div>
  </div>
 </body>
</html>
