2248 3229
195 204 241 231 An.
261 203 288 231 c.
312 203 375 231 1631
425 195 490 229 ⁶204

393 252 561 285 steriorum
587 251 788 284 residentiam
820 249 1048 293 requirentium
1076 248 1130 280 de-

392 304 485 338 beant
504 304 630 338 omnino
647 304 678 336 in
696 303 739 336 eis
757 302 965 346 personaliter
980 301 1130 342 residere,

393 368 450 391 nec
474 358 538 391 ullo
563 362 726 401 praetextu
744 355 865 399 possint
888 356 926 388 ab
953 355 997 388 eis
1021 355 1131 388 abesse

392 411 475 444 ultra
495 415 616 453 tenipus
633 408 860 453 praescriptum
877 418 895 440 a
911 408 1131 441 constitutione

393 462 475 495 edita
509 473 526 494 a
557 462 694 505 capitulo
726 461 797 493 anni
828 471 964 501 iuncxvi,
988 461 1132 494 videlicet

393 516 474 547 ultra
490 514 597 557 viginti
614 514 680 547 dies
700 514 875 547 continuos.
894 514 1063 556 Praelatas,
1078 513 1131 557 qui

392 568 474 600 ultra
506 567 701 611 praedictum
736 572 875 611 ternpus,
900 568 947 600 vel
976 567 1007 599 in
1037 567 1132 600 totius

393 620 465 652 anni
489 631 584 654 cursu
608 621 690 653 ultra
714 621 921 664 quadraginta
940 620 1017 662 dies,
1038 620 1132 654 conti-

392 674 464 706 nuis
488 678 518 706 et
542 673 748 707 discontinuis
772 673 978 717 computatis,
1003 673 1069 706 sine
1093 674 1132 705 li-

393 726 495 759 centia
518 727 682 770 regiminis
707 738 743 759 ex
768 727 909 770 legitima
927 728 1020 760 causa
1044 726 1076 759 in
1100 726 1133 759 li·

394 780 495 812 centia
519 780 722 824 exprimenda
747 785 778 813 et
801 780 832 813 in
861 780 937 813 actis
961 780 1133 823 redigenda

393 832 528 866 abfuerit
551 843 569 866 a
592 843 648 866 suo
673 833 883 873 monasterio,
907 833 1046 875 graviter
1073 843 1132 877 pu-

392 886 506 928 niatur,
533 886 627 919 etiam
652 886 828 930 privatione
852 886 937 919 vocis
962 886 1078 919 activae
1104 891 1134 919 et

393 939 553 983 passivae:
579 939 655 983 quin
679 939 772 973 etiam
797 939 856 983 ipsi
880 945 985 983 patres
1008 939 1134 983 regimi-

393 992 452 1033 nis,
477 992 502 1025 si
527 992 644 1036 absque
668 992 809 1035 legitima
835 994 928 1026 causa
952 992 1133 1026 huiusmodi

394 1044 551 1077 licentiam
576 1045 806 1085 concesserint,
831 1045 918 1088 gravi
942 1047 1043 1089 poena
1073 1056 1133 1090 pro

394 1098 526 1132 arbitrio
550 1098 720 1132 definitorii
745 1098 929 1131 afficiantur.

440 1152 609 1185 Universae
634 1152 786 1196 pecuniae
804 1162 988 1186 communes
1012 1152 1050 1185 ad
1075 1152 1134 1185 sin-

395 1198 484 1248 gulas
500 1205 678 1249 provincias
693 1206 885 1249 pertinentes
898 1205 1072 1238 habeantur
1089 1216 1134 1238 re-

395 1258 515 1301 positae
529 1263 558 1291 et
569 1258 741 1291 custoditae
755 1258 785 1290 in
799 1260 893 1302 capsa
909 1259 1041 1299 triclavi,
1054 1269 1134 1302 quae

395 1312 567 1345 retineatur
583 1313 687 1345 clausa
711 1312 813 1345 tribus
833 1313 982 1353 clavibus,
999 1323 1133 1357 quarum

395 1375 456 1398 una
469 1375 634 1398 remanere
660 1365 771 1398 debeat
783 1369 878 1409 peries
898 1371 990 1410 caput
1010 1365 1135 1408 regimi-

395 1418 461 1459 nis,
487 1418 584 1456 altera
614 1429 709 1462 penes
741 1419 931 1452 visitatorem
964 1419 1134 1460 maiorem,

396 1472 486 1504 tertia
499 1482 594 1515 penes
615 1472 880 1516 capserium,quo
902 1483 1033 1506 munere
1046 1473 1135 1516 fungi

395 1523 507 1557 debeat
523 1535 604 1558 unus
624 1535 661 1557 ex
686 1525 851 1559 abbatibus
871 1519 1136 1571 titularibusfflizi

396 1588 456 1621 pro
479 1578 641 1621 provincia
665 1579 873 1612 Lombardiae
896 1584 1039 1612 teneatur
1062 1571 1136 1612 resi-

397 1631 471 1664 dere
502 1632 534 1664 in
562 1633 753 1666 monasterio
785 1632 814 1666 S.
847 1632 1022 1676 Ambrosii,
1047 1633 1136 1676 isque

397 1685 470 1728 eligi
495 1685 606 1719 debeat
629 1697 686 1730 per
700 1686 881 1730 capitulum,
900 1692 930 1720 et
946 1686 1072 1719 interim
1088 1697 1137 1719 us-

396 1749 457 1782 que
482 1738 520 1771 ad
544 1739 611 1772 eius
636 1739 880 1773 celebrationem
904 1739 1081 1784 providebit
1100 1739 1137 1772 il-

396 1790 604 1825 lustrissimus
616 1798 786 1836 protector,
800 1793 964 1837 dictusque
978 1794 1137 1838 capsarius

397 1845 529 1878 retineat
542 1846 640 1878 libros
654 1846 800 1880 introitus
814 1852 844 1880 et
855 1847 964 1889 exitus,
975 1848 1007 1880 in
1023 1847 1137 1891 quibus

398 1898 503 1932 omnia
527 1898 670 1932 distincte
695 1905 725 1932 et
749 1899 891 1933 ordinate
914 1900 1059 1935 adnotata
1083 1911 1137 1945 ap-

398 1958 538 1996 pareant,
555 1964 612 1987 nec
636 1953 753 1997 aliquid
777 1954 906 1988 omnino
926 1965 1058 1997 erogare
1085 1960 1138 1987 aut

399 2006 521 2039 solvere
533 2007 631 2050 possit
644 2007 736 2040 alicui
756 2018 910 2051 personae
924 2008 1041 2052 absque
1054 2018 1138 2041 man-

399 2059 471 2093 dato
484 2060 648 2102 regiminis
665 2061 695 2093 in
713 2061 850 2105 scriptis,
867 2066 907 2104 et,
925 2061 951 2094 si
967 2061 1034 2094 sine
1050 2072 1138 2106 prae-

399 2113 482 2147 dicto
508 2114 652 2147 mandato
680 2114 852 2158 quidquam
877 2115 1055 2158 erogaverit
1086 2121 1138 2149 aut

399 2167 537 2209 solverit,
555 2168 763 2211 privationem
778 2168 976 2212 praelaturae
989 2169 1137 2202 incurrat.

400 2220 585 2264 Supradicta
616 2227 720 2254 autem
753 2227 899 2265 computa
933 2227 962 2255 et
993 2222 1139 2255 mandata

400 2274 505 2306 omnia
530 2274 660 2317 singulis
685 2274 837 2315 trienniis,
862 2279 932 2307 ante
957 2275 1137 2318 capitulum,

401 2327 567 2370 diligenter
583 2327 718 2361 revideri
738 2327 881 2369 debeant,
902 2339 960 2371 pro
977 2328 1139 2372 provincia

400 2380 605 2414 Lonibardiae
634 2392 691 2424 per
722 2375 848 2414 abbates
873 2380 901 2414 S.
927 2381 1077 2425 Stephani
1101 2381 1138 2414 de

401 2435 505 2467 Cornu
521 2440 549 2467 et
570 2434 826 2478 Aquaefrigidae,
848 2439 877 2467 et
896 2445 953 2478 pro
977 2434 1139 2478 provincia

401 2487 530 2521 Tusciae
555 2499 572 2520 a
597 2488 719 2521 duobus
744 2488 902 2532 praelatis,
927 2488 981 2532 qui
997 2498 1060 2521 non
1079 2488 1139 2521 sint

402 2539 440 2573 de
464 2541 634 2583 regimine,
659 2541 844 2585 deputandis
868 2552 924 2585 per
949 2536 1145 2585 capitulum,

402 2593 456 2637 qui
469 2599 647 2629 accuratam
663 2600 692 2627 et
709 2595 834 2638 plenam
849 2594 1033 2629 relationem
1050 2603 1138 2638 prae-

968 201 1145 226 BUbLARIUM
1170 199 1324 224 ROMANUM

1164 247 1321 280 dictorum
1341 246 1484 280 omnium
1499 237 1663 282 teneantur
1686 247 1788 280 facere
1805 247 1836 279 in
1854 245 1901 280 'ca-

1164 300 1273 344 pitulo.

1209 353 1362 396 Tempore
1374 362 1431 396 per
1445 351 1682 385 constitutiones
1692 352 1730 384 ad
1741 351 1901 395 eligendos

1165 406 1318 440 discretos
1331 405 1490 449 deputato,
1503 406 1608 438 nullus
1620 404 1767 438 abbatum
1776 405 1902 439 accedat

1165 459 1205 492 ad
1228 458 1328 491 aliena
1345 458 1544 501 monasteria,
1566 458 1620 492 sed
1639 458 1855 502 unusquisque
1871 458 1902 491 in

1166 522 1223 545 suo
1254 522 1287 545 se
1303 512 1508 546 ‘monasterio
1541 511 1710 552 contineat3
1736 510 1790 555 qui
1814 522 1903 545 secus

1166 565 1293 606 fecerit,
1323 576 1399 598 voce
1429 565 1530 598 activa
1561 565 1593 598 in
1623 565 1759 610 capitulo
1790 570 1902 599 careat.

1166 619 1263 652 Electi
1287 619 1319 652 in
1343 619 1495 652 discretos
1511 619 1549 652 ad
1573 618 1633 652 alia
1657 618 1847 652 monasteria
1871 628 1904 652 se

1167 672 1297 705 minime
1321 673 1518 714 transferant,
1535 672 1589 706 sed
1605 672 1637 706 in
1654 671 1854 713 monasterio,
1872 672 1904 705 in

1167 736 1229 769 quo
1254 726 1380 769 degunt,
1398 730 1564 770 expectent
1587 726 1758 760 discessum
1784 726 1831 760 sui
1855 726 1905 759 ab·

1166 779 1255 821 batis,
1274 790 1345 813 cum
1371 791 1433 824 quo
1457 781 1544 813 recta
1561 780 1709 813 accedant
1727 779 1766 812 ad
1783 779 1905 824 capitu-

1167 833 1250 873 lum3
1275 833 1300 866 si
1325 844 1415 867 secus
1439 834 1589 877 fecerint,
1614 844 1690 867 voce
1714 833 1746 865 in
1770 832 1905 876 capitulo

1167 892 1308 927 careant,
1339 886 1464 920 interim
1498 897 1572 920 vero
1604 897 1636 919 se
1670 886 1841 919 informent
1868 884 1906 918 de

1167 944 1248 972 statu
1278 940 1479 981 monasterii,
1510 939 1548 972 de
1579 949 1641 983 quo
1672 938 1907 981 interrogentur

1167 992 1335 1036 diligenter
1358 993 1390 1026 in
1415 993 1567 1037 capitulo:
1594 996 1624 1027 et
1648 1003 1721 1026 casu
1753 1002 1816 1036 quo
1843 1000 1906 1025 non

1167 1046 1365 1089 reperiantur
1389 1046 1555 1090 diligenter
1579 1045 1749 1086 informati,
1775 1044 1836 1078 sint
1859 1044 1907 1077 in-

1167 1099 1286 1133 habiles
1302 1100 1333 1132 in
1352 1100 1494 1133 futurum
1507 1099 1546 1133 ad
1564 1099 1625 1133 hoc
1645 1103 1679 1132 ut
1697 1098 1818 1142 possint
1833 1097 1905 1142 eligi

1168 1152 1199 1185 in
1215 1153 1376 1187 discretos.

1212 1206 1246 1238 In
1263 1206 1378 1240 virtute
1399 1212 1523 1240 sanctae
1540 1206 1736 1240 obedientiae
1752 1205 1906 1250 praecipi-

1168 1269 1255 1300 mus,
1278 1264 1342 1292 tam
1366 1260 1525 1301 discretis,
1550 1270 1589 1293 ne
1614 1259 1690 1303 quid
1715 1258 1844 1292 omnino
1868 1259 1906 1292 ah

1168 1312 1273 1356 aliquo
1297 1313 1460 1357 accipiant,
1477 1313 1570 1346 etiam
1595 1317 1705 1356 sponte
1721 1312 1788 1345 dari
1805 1312 1908 1345 volen-

1168 1370 1208 1406 te,
1233 1376 1327 1410 quam
1353 1366 1500 1399 omnibus
1525 1371 1555 1399 et
1574 1365 1705 1409 singulis
1733 1365 1906 1408 religiosis,

1168 1429 1207 1451 ne
1221 1419 1296 1464 quid
1310 1419 1354 1452 eis
1370 1419 1444 1452 dare
1458 1419 1604 1452 audeant:
1618 1418 1703 1462 quod
1717 1418 1743 1451 si
1759 1417 1907 1452 delictum

1169 1472 1350 1506 huiusmodi
1363 1472 1433 1517 quis
1446 1472 1640 1506 commiserit
1664 1477 1694 1505 et
1716 1471 1810 1505 fuerit
1826 1471 1909 1505 suffi-

1169 1527 1288 1559 cienter
1311 1526 1488 1570 probatum,
1514 1532 1597 1567 tunc,
1622 1532 1684 1559 tam
1713 1525 1790 1559 dans
1814 1536 1907 1570 quarn

1169 1573 1346 1624 accipiens,
1370 1579 1577 1623 privationem
1602 1579 1744 1613 omnium
1768 1578 1905 1622 dignita-

1168 1637 1235 1665 tum
1261 1637 1290 1665 et
1314 1632 1490 1666 officiorum
1515 1632 1690 1674 incurrant,
1715 1641 1837 1666 necnon
1860 1631 1907 1665 in-

1170 1686 1364 1720 habilitatem
1385 1686 1424 1719 ad
1448 1685 1556 1720 eadem
1588 1686 1636 1719 vel
1657 1685 1717 1719 alia
1740 1685 1771 1718 in
1795 1695 1907 1730 perpe-

1170 1744 1267 1772 tuum.

1214 1792 1300 1826 Sicut
1319 1803 1355 1826 ex
1379 1792 1575 1836 praescripto
1593 1791 1851 1826 constitutionum
1867 1796 1909 1826 te-

1170 1851 1283 1879 nentur
1300 1845 1415 1878 subditi
1430 1846 1561 1889 singulis
1577 1845 1665 1878 annis
1681 1845 1805 1879 tradere
1822 1855 1910 1889 prae-

1171 1898 1240 1931 latis
1261 1899 1433 1932 inventaria
1457 1910 1564 1932 rerum
1589 1899 1730 1933 omnium
1758 1908 1834 1943 quas
1853 1897 1908 1931 ha-

1170 1952 1244 1985 bent
1268 1963 1364 1996 penes
1396 1963 1450 1994 se,
1483 1957 1512 1987 et
1540 1952 1798 1986 contrafacientes
1827 1951 1909 1985 inter

1171 2006 1398 2050 proprietarios
1415 2011 1582 2039 censentur
1599 2011 1629 2038 et
1643 2005 1754 2049 poenis
1771 2005 1908 2049 proprie-

1171 2060 1324 2092 tariorum
1349 2059 1380 2092 in
1404 2064 1538 2103 utroque
1566 2059 1634 2092 foro
1666 2058 1842 2100 subiacent,
1868 2059 1909 2092 ita

1172 2113 1378 2157 imposterum
1409 2112 1535 2147 abbates
1573 2118 1603 2145 et
1638 2112 1769 2156 praelati
1800 2121 1909 2146 omnes

1172 2172 1314 2211 tempore
1339 2166 1540 2207 visitationis,
1565 2166 1630 2210 ipse
1655 2169 1759 2200 autem
1782 2175 1909 2210 praeses

1172 2225 1202 2253 et
1218 2220 1393 2253 visitatores
1410 2224 1553 2263 tempore
1567 2218 1705 2263 capituli,
1723 2219 1780 2253 sub
1797 2218 1908 2253 iisdem

1172 2274 1279 2317 poenis
1309 2273 1378 2317 ipso
1403 2273 1482 2307 sacto
1506 2272 1721 2313 incurrendis,
1748 2275 1910 2306 teneantur

1172 2326 1327 2360 conficere
1341 2326 1524 2367 inventaria,
1541 2326 1572 2358 in
1596 2326 1710 2370 quibus
1735 2326 1910 2359 cuiuscum-

1172 2390 1233 2424 que
1249 2380 1374 2423 generis
1390 2390 1441 2413 res
1454 2380 1591 2421 omnino,
1609 2379 1760 2423 pecuniae
1774 2384 1803 2413 et
1816 2379 1909 2419 bona,

1172 2443 1251 2477 quae
1276 2433 1402 2474 habent,
1427 2444 1520 2477 quam
1548 2433 1786 2475 diligentissime
1811 2442 1906 2476 prae-

1173 2487 1291 2531 scripta
1323 2486 1405 2527 sint,
1430 2496 1529 2529 eaque
1561 2486 1689 2519 abbates
1720 2491 1751 2519 et
1779 2485 1909 2529 praelati

1172 2539 1340 2583 supradicti
1356 2539 1493 2583 praesidi
1503 2544 1533 2572 et
1547 2538 1768 2580 visitatoribus,
1783 2547 1910 2582 praeses

1171 2598 1275 2628 autern
1300 2597 1329 2625 et
1353 2592 1528 2627 visitatores
1551 2591 1771 2626 definitoribus
1787 2590 1910 2625 tradere

1910 198 1959 225 An.
1978 197 2009 225 G.
2031 196 2095 225 1631
