2226 3235
139 194 188 222 An.
205 193 233 220 C.
258 192 324 220 1630

179 576 261 595 Causas*
277 580 326 594 con*

143 605 267 623 lroversmc.

177 2122 237 2147 Quod
246 2127 334 2148 genera·

150 2149 176 2170 lis
184 2149 237 2170 infra
248 2148 336 2175 quinde-

151 2175 192 2196 cim
203 2175 249 2196 dies
259 2175 333 2196 confir-

150 2204 194 2222 met
230 2202 334 2223 vicarium

151 2228 278 2254 generalem.

947 191 1047 215 [nnn
1054 191 1089 215 L'S
1109 191 1163 215 vlu
1182 190 1230 215 ΓΡ.

339 238 557 272 famulantium
582 249 736 284 prospero
750 239 854 279 statui,
874 239 1020 283 felicique
1034 239 1079 273 di-

340 291 472 326 rectioni
497 292 692 333 consulitur,
725 292 832 326 sedulo
863 292 1080 333 intendamus,

342 355 440 390 eaque
464 348 636 379 statuamus
650 350 679 378 et
697 346 915 398 decernamussffi
929 357 987 390 per
1001 357 1081 389 quae

342 399 436 432 iidem
455 399 684 441 christifideles,
702 399 804 433 litium
822 400 951 433 sublatis
976 400 1080 433 obsta-

342 452 431 492 culis
448 452 481 484 in
496 452 582 496 pacis
604 452 791 485 amoenitate
810 452 943 486 reddere
962 453 1082 485 valeant

342 505 477 539 Domino
499 505 696 538 abundanter
720 506 841 538 fructus
866 516 948 538 suos.

387 557 402 601 ἓ
428 556 455 589 l.
481 557 558 590 Cum
582 556 698 600 itaque,
723 554 803 589 sicut
823 556 1012 600 accepimus,
1040 556 1083 588 in-

345 615 391 642 ter
404 609 535 642 dilectos
548 609 629 642 filios
650 609 762 642 fratres
779 610 938 643 Calceatos
959 608 1083 642 Ordinis

344 662 376 695 B.
402 662 516 695 Mariae
540 661 578 695 de
600 663 742 696 Mercede
767 662 1002 706 Rcdeiuptionis
1027 661 1083 695 Ca-

346 715 505 759 ptivorum
531 727 568 750 ex
592 718 653 749 una
679 721 708 749 et
733 718 845 750 fratres
877 716 1084 749 Discalceatos

345 775 542 814 nuncupatos
561 771 701 803 ciusdem
717 770 841 804 Ordinis
854 780 889 803 ex
904 770 1003 802 altera
1017 780 1086 813 par-

345 822 428 856 tibus
464 829 603 857 vertatur
633 824 670 857 lis
702 829 732 857 et
757 834 848 857 causa
874 823 912 855 de
937 827 967 855 ct
990 833 1085 866 super

345 877 585 910 confirmatione
611 877 718 910 vicarii
742 877 898 921 generalis
914 876 1086 921 praedicto-

346 940 417 962 rum
442 930 576 963 fratrum
596 930 877 969 Disealceamrum3
899 929 1086 962 instantibus

347 986 377 1016 et
392 983 569 1027 petentibus
586 983 736 1016 fratribus
757 982 958 1015 Discalceatis
977 982 1085 1023 liuius-

347 1037 443 1078 modi,
468 1041 498 1071 et
522 1047 592 1070 cum
619 1036 755 1080 supplici
779 1036 886 1070 libello
907 1036 998 1069 nobis
1018 1047 1087 1080 por-

347 1094 433 1124 recto
465 1096 497 1124 et
521 1101 578 1135 per
608 1100 666 1124 nos
690 1090 728 1123 ad
753 1090 949 1123 venerabiles
975 1091 1087 1124 fratres

346 1149 471 1179 nostros
495 1145 524 1178 S.
549 1146 583 1178 R.
610 1145 642 1178 E.
668 1145 843 1179 cardinales
872 1145 1007 1188 negotiis
1038 1155 1086 1178 re-

345 1198 503 1242 gularium
520 1198 717 1242 praepositos
733 1198 928 1238 transmisso,
954 1198 1024 1231 illos
1049 1198 1087 1231 de

346 1257 452 1285 cetero
483 1252 637 1296 amplius,
663 1252 749 1286 iuxta
781 1242 984 1286 eonctstdiam
1006 1252 1088 1285 inter

345 1306 432 1350 ipsos
455 1305 567 1340 factam
593 1311 622 1338 et
646 1317 702 1349 per
730 1306 829 1339 felicis
859 1306 1087 1339 recordationis

345 1360 534 1404 Gregorium
559 1361 642 1404 Papa
666 1361 715 1393 XV
740 1360 1017 1404 praedecessorem
1036 1371 1088 1393 no-

346 1417 445 1448 strum
470 1424 506 1446 ac
537 1413 631 1447 etiam
662 1424 719 1447 nos
749 1413 967 1447 confirmatam
982 1415 1001 1454 ¹,
1026 1424 1087 1447 non

346 1466 499 1511 adstringi
513 1472 565 1501 aut
579 1468 677 1501 teneri
689 1473 798 1512 petere
811 1467 912 1501 dictae
927 1467 1088 1500 electionis

346 1521 618 1554 confirmationem
651 1532 668 1554 a
699 1521 814 1555 dilecto
846 1521 911 1554 filio
937 1521 1088 1564 magistro

347 1574 487 1617 generali
512 1574 647 1607 fratrum
660 1574 876 1609 Calceatorum
895 1574 1088 1615 huiusmodi,

348 1639 385 1662 ex
409 1638 472 1672 quo
495 1628 527 1661 id
551 1628 621 1662 fieri
649 1639 713 1662 non
745 1628 844 1673 possit
874 1628 941 1661 sine
973 1639 1088 1671 magno

347 1683 490 1727 ipsorum
514 1682 647 1716 fratrum
671 1683 936 1716 Discalceatorum
969 1682 1088 1715 incom-

347 1736 441 1770 modo
469 1742 499 1769 et
525 1736 779 1780 perturbatione,
804 1735 991 1780 praesertim
1016 1746 1087 1768 cum

348 1789 498 1833 magister
515 1789 681 1833 generalis,
698 1789 791 1823 etiam
810 1789 876 1822 sine
890 1789 994 1832 aliqua
1007 1789 1089 1821 iusta

348 1844 452 1884 causa,
468 1853 526 1887 per
542 1843 631 1876 binas
648 1843 731 1876 vices
748 1843 832 1875 illam
851 1843 1023 1876 concedere
1044 1853 1090 1883 re-

348 1895 504 1929 cusaverit
526 1895 575 1927 vel
599 1894 674 1927 dare
698 1894 874 1934 distulerit3
900 1894 990 1927 dictis
1015 1905 1089 1927 vero

346 1949 497 1982 fratribus
517 1948 665 1982 Calceatis
685 1948 775 1980 aliter
795 1947 1089 1991 praetendentibus,

348 2001 506 2046 rebusque
525 2001 594 2034 aliis
612 2001 642 2034 in
657 2001 734 2034 actis
747 2011 859 2034 causae
877 2006 910 2034 et'
924 2010 1089 2034 causarum

348 2056 530 2090 huiusmodi
553 2056 646 2089 latius
670 2055 828 2089 deductis:
865 2067 867 2069 ¹

393 2110 409 2154 ἓ
433 2109 462 2143 2.
486 2110 571 2151 Nos,
595 2121 653 2154 pro
678 2109 777 2142 nostri
803 2108 971 2153 pastoralis
996 2108 1090 2141 officii

349 2163 472 2204 debito,
495 2163 564 2207 paci
588 2169 618 2197 et
642 2163 756 2207 quieti,
781 2162 926 2206 felicique
957 2161 1090 2194 fratrum

350 2216 490 2250 eiusdem
508 2216 632 2250 Ordinis
649 2216 814 2259 regimini,
840 2222 991 2260 quantum
1017 2226 1088 2249 cum

349 2271 483 2304 Domino
505 2281 684 2314 possumus,
703 2271 867 2304 consulere
887 2270 1034 2309 volentes,
1053 2270 1091 2303 ad

349 2324 575 2365 dissensiones,
600 2324 714 2368 quibus
739 2324 879 2367 religiosi
904 2334 1012 2357 carere
1038 2323 1090 2356 de-

347 2378 433 2420 bent,
457 2378 495 2412 de
520 2383 624 2412 cetero
649 2378 817 2419 evitandas,
843 2378 880 2411 de
905 2377 1089 2411 eorumdem

349 2433 557 2468 cardinalium
574 2433 716 2475 consilio,
737 2433 879 2478 partibus
904 2433 1024 2477 pluries
1041 2443 1092 2466 au-

387 2515 399 2540 1
418 2514 458 2541 De
472 2513 547 2540 hisce
561 2513 623 2540 vide
638 2513 729 2540 Const.
746 2519 793 2540 CCL
809 2513 889 2540 liuius
907 2513 1044 2540 Pontificis
1064 2512 1090 2539 in

1754 180 1817 214 177

1113 239 1195 280 ditis,
1220 239 1392 283 apostoliea
1417 237 1612 278 auctoritate,
1639 241 1747 271 tenore
1763 247 1855 281 prac-

1114 293 1259 332 sentium,
1271 297 1425 336 perpetuo
1440 292 1605 324 statuimus
1617 295 1647 323 et
1660 290 1854 329 ordinamus,

1115 346 1198 388 quod
1224 345 1359 377 vicarius
1375 344 1531 387 generalis
1549 343 1705 377 dictorum
1723 343 1855 375 fratrum

1114 399 1380 432 Discalceatorum
1408 409 1465 442 pro
1494 403 1638 441 tempore
1668 397 1800 434 electus,
1828 397 1856 428 in

1115 451 1240 494 signum
1267 451 1363 483 solius
1388 450 1653 494 praeeminentiae
1682 450 1764 483 dicto
1792 460 1857 482 ma-

1116 504 1214 547 gistro
1239 505 1378 547 generali
1404 505 1537 537 l'ratrum
1562 504 1776 537 Calceatorum
1802 496 1859 535 lui-

1118 557 1252 590 iusmodi
1263 557 1293 588 in
1301 557 1481 600 supradicta
1493 556 1661 590 eoncordia
1672 561 1857 594 reservatae,

1118 611 1198 643 infra
1219 615 1282 643 tres
1306 620 1429 642 menses
1447 621 1460 641 :i
1479 609 1529 642 die
1547 620 1620 642 suae
1636 609 1797 642 electionis
1814 614 1858 642 te-

1117 669 1228 696 neatur
1260 662 1404 696 eamdem
1438 663 1623 696 electionem
1658 667 1859 706 praesentare

1119 717 1220 750 eidem
1245 717 1397 760 magistro
1422 717 1560 759 generali
1588 717 1719 750 fratrum
1740 717 1860 750 Calc-ea<

1119 775 1234 811 torum,
1259 770 1311 814 qui
1334 770 1418 803 illam
1443 770 1561 813 absque
1578 770 1683 813 aliqua
1707 770 1860 804 contradi-

1119 824 1222 857 ctione
1246 825 1293 857 rel
1319 823 1498 866 cognitione
1523 833 1617 866 super
1642 824 1781 856 eiusdem
1803 824 1860 857 elc-

1119 878 1231 911 ctionis
1256 877 1433 919 validitate,
1467 887 1504 909 an
1537 876 1680 910 videlicet
1712 877 1860 910 canonice

1120 933 1198 965 sacta
1223 931 1332 974 fuerit,
1359 932 1549 964 confirmare
1580 930 1712 971 debeat;
1737 931 1762 964 si
1788 942 1861 965 vero

1121 985 1151 1017 id
1176 985 1278 1018 facere
1299 984 1503 1025 recusaverit,
1521 984 1568 1017 vel
1587 984 1861 1018 confirmationem

1121 1039 1313 1083 praedictam
1339 1050 1356 1072 a
1380 1039 1430 1071 die
1456 1043 1674 1083 praesentatae
1699 1038 1862 1071 electionis

1120 1094 1202 1127 ultra
1228 1093 1408 1136 quindecim
1434 1092 1500 1125 dies
1525 1092 1599 1125 dare
1624 1091 1792 1132 distulerit,
1817 1092 1862 1124 di-

1121 1153 1189 1180 ctus
1214 1147 1347 1179 vicarius
1364 1146 1573 1179 Discalceatus
1593 1146 1711 1178 electus
1735 1144 1862 1178 accedat

1121 1206 1151 1234 et
1168 1211 1333 1234 recursum
1351 1200 1472 1239 habeat,
1486 1210 1545 1243 pro
1563 1199 1671 1232 eadem
1698 1199 1862 1232 confirma-

1122 1253 1205 1287 tione
1222 1253 1400 1295 obtinenda,
1419 1253 1457 1285 ad
1475 1257 1618 1285 nostrum
1637 1256 1667 1285 et
1682 1251 1770 1285 Sedis
1787 1262 1861 1296 apo-

1122 1308 1249 1341 stolicae
1275 1307 1475 1344 nuntiumin
1500 1308 1606 1350 regnis
1639 1306 1863 1350 Hispaniarum

1122 1367 1382 1395 commorantem.
1408 1361 1503 1395 Dictis
1524 1371 1598 1394 vero
1618 1361 1777 1402 fratribus,
1799 1365 1861 1393 tam

1119 1415 1271 1468 ffialceatis
1289 1425 1383 1458 quam
1396 1414 1596 1448 Discalceatis
1609 1419 1798 1458 perpetuum
1815 1423 1863 1446 su-

1122 1478 1178 1512 per
1202 1467 1383 1512 praemissis
1408 1467 1565 1499 silentium
1591 1466 1795 1510 imponimus.

1167 1523 1182 1565 ἓ
1206 1521 1235 1555 3.
1260 1522 1469 1554 Decernentes
1494 1525 1644 1553 statutum
1676 1525 1706 1553 et
1738 1520 1864 1553 ordina-

1123 1575 1240 1608 tionem
1258 1580 1398 1608 nostram
1416 1573 1607 1613 huiusmodi,
1621 1579 1865 1617 praesentesque

1123 1629 1252 1669 litteras,
1270 1634 1423 1673 perpetuo
1444 1628 1554 1668 valida,
1572 1628 1663 1660 firma
1681 1632 1711 1660 et
1728 1627 1866 1660 efficacia

1123 1683 1189 1715 sore
1208 1687 1238 1715 et
1255 1692 1333 1721 esse,
1351 1692 1487 1724 suosque
1504 1680 1661 1724 plenarios
1679 1685 1709 1713 et
1726 1680 1866 1722 integros

1123 1735 1252 1769 effectus
1277 1735 1383 1768 sortiri
1403 1740 1433 1768 et
1454 1734 1608 1774 obtinere,
1629 1734 1736 1777 sicque
1757 1738 1786 1766 et
1803 1743 1867 1767 non

1123 1789 1214 1822 aliter
1238 1789 1269 1821 in
1293 1788 1474 1833 praemissis
1499 1792 1654 1831 perpetuo
1681 1786 1864 1826 observari,

1124 1847 1153 1875 et
1174 1842 1216 1875 ita
1233 1852 1290 1886 per
1308 1852 1524 1885 quoscumque
1544 1840 1664 1874 iudices
1690 1839 1868 1873 ordinarios

1124 1901 1154 1929 et
1177 1896 1348 1938 delegatos,
1375 1895 1469 1928 etiam
1487 1905 1652 1928 causarum
1671 1893 1777 1938 palatii
1795 1904 1868 1937 apo-

1125 1949 1227 1983 stolici
1247 1949 1425 1989 auditores,
1451 1959 1485 1982 ac
1509 1948 1537 1982 S.
1564 1948 1600 1981 R.
1625 1948 1657 1980 E.
1683 1947 1867 1987 cardinales,

1125 2003 1219 2036 etiam
1248 2003 1285 2035 de
1312 2003 1409 2036 latere
1439 2003 1567 2044 legatos,
1593 2001 1756 2045 dictaeque
1780 2000 1868 2035 Sedis

1126 2057 1262 2098 nuntios,
1280 2057 1395 2099 ubique
1414 2056 1545 2089 iudicari
1559 2060 1588 2088 et
1602 2055 1726 2088 definiri
1741 2055 1867 2095 debere,

1125 2121 1162 2144 ac
1185 2111 1310 2143 irritum
1337 2115 1367 2142 et
1392 2110 1493 2150 inane,
1519 2110 1544 2142 si
1564 2109 1639 2153 quid
1665 2119 1754 2142 secus
1775 2118 1868 2152 super

1127 2165 1174 2197 his
1188 2175 1205 2197 a
1218 2174 1388 2208 quoquam,
1403 2163 1511 2207 quavis
1523 2163 1719 2202 auctoritate,
1734 2161 1868 2195 scienter

1127 2218 1175 2251 vel
1199 2218 1392 2260 ignoranter,
1417 2216 1585 2259 contigerit
1610 2215 1766 2248 attentari.

1171 2271 1185 2314 ἓ
1209 2270 1238 2303 4.
1264 2270 1418 2309 Quocirca
1450 2269 1571 2302 dilectis
1604 2269 1676 2301 filiis
1701 2277 1867 2301 causarum

1127 2325 1232 2357 curiae
1250 2318 1394 2357 camerae
1411 2323 1601 2367 apostolicae
1622 2322 1759 2365 generali
1785 2321 1869 2354 audi-

1127 2377 1209 2417 tori,
1241 2387 1276 2410 ac
1308 2382 1472 2418 nostroet
1495 2375 1693 2420 Apostolicae
1725 2373 1813 2408 Sedis
1837 2373 1869 2407 in

1127 2431 1232 2474 regnis
1249 2430 1471 2474 Hispaniarum
1489 2429 1609 2469 nuntio,
1624 2439 1658 2460 ac
1676 2428 1800 2461 officiali
1814 2427 1869 2461 Το-

1127 2485 1240 2525 letano,
1257 2493 1340 2517 nunc
1357 2488 1387 2516 et
1404 2493 1461 2526 pro
1486 2488 1630 2525 tempore
1655 2480 1868 2520 existentibus,

1866 190 1916 216 Αιι.
1933 190 1960 215 C.
1987 188 2055 216 1630

1892 1554 1895 1556 -
1906 1525 2018 1547 Decretum
2036 1526 2065 1546 lr-

1879 1555 1952 1574 ritans.

1106 2534 1109 2578 l
1126 2549 1184 2582 per
1195 2543 1374 2582 praesentes
1388 2536 1614 2570 committimus
1628 2540 1658 2567 et
1671 2534 1866 2576 mandamus,

350 2561 417 2586 tom.
434 2565 493 2592 xiii,
506 2565 565 2594 pag.
578 2558 641 2592 565,
653 2561 680 2585 et
688 2557 845 2593 specialiter
856 2557 869 2593 ς
883 2557 924 2591 10,
939 2565 1000 2593 pag.
1013 2557 1064 2584 506
1076 2558 1090 2584 b

1104 2579 1278 2637 iquatenus
1303 2591 1378 2636 ipsi,
1399 2591 1447 2624 vel
1468 2590 1540 2633 duo,
1565 2594 1617 2623 aut
1640 2599 1722 2622 unus
1746 2598 1868 2630 eorum,

349 2608 388 2638 (n.
403 2602 453 2638 T.).

434 2657 512 2686 Bull.
533 2656 616 2685 Rom.
633 2671 667 2676 —
685 2656 744 2685 Vol.
760 2655 835 2686 XIV.
1003 2654 1037 2684 23
