2248 3229
96 221 148 249 An.
166 222 196 248 C.
215 220 283 248 ¹639

142 1668 219 1689 Contra
237 1667 288 1688 dan-

103 1698 134 1717 tes
143 1711 148 1720 .
167 1695 288 1721 promitten-

103 1724 142 1746 tes,
156 1725 196 1742 ete.
213 1724 288 1748 proce-

103 1749 125 1769 di
141 1750 209 1774 potest
224 1748 288 1769 etiam

103 1775 167 1795 unico
181 1777 234 1795 teste
251 1774 288 1795 ad·

103 1801 178 1822 bibito.

133 2199 251 2222 clausulae.

911 219 1054 243 [affixus
1080 218 1134 242 ΠΗ
1160 219 1206 242 ΙΨ.

1721 208 1782 242 097
1831 218 1881 243 Au.
1899 217 1925 243 c.
1945 215 2012 244 ¹639

294 266 532 312 quomodolibet
550 266 719 311 praedictis
737 266 842 306 rebus,
856 266 990 299 obtentis
1007 272 1037 299 et
1071 267 1114 299 vis
1138 266 1345 306 auctoritate,
1371 266 1506 299 scienter
1534 266 1579 299 rel
1608 265 1811 309 ignoranter,

295 320 383 354 sactis
407 330 463 363 per
489 320 569 352 viam
594 319 781 359 donationis,
806 320 1036 363 promissionis,
1070 320 1237 363 contigerit
1262 319 1417 354 attentari.

294 373 568 413 renumerationis,
578 373 765 413 donationis,
773 379 825 406 aut
838 373 1037 417 receptionis,

294 438 351 471 per
375 437 407 459 se
433 427 479 459 vel
504 427 592 466 alios,
615 432 646 459 ut
672 428 858 470 praefertur,
877 426 934 465 uti,
951 436 1037 459 com—

296 481 461 525 prehensis
486 481 578 513 etiam
604 481 868 524 promissionibus
884 485 913 512 et
935 480 1036 521 rebus,

299 535 414 578 quibus
438 545 544 578 supra,
569 535 615 567 vel
642 534 672 567 in
697 535 758 567 illis
772 534 970 578 portionibus
987 540 1037 566 aut

299 588 424 621 illarum
451 588 595 631 partibus
619 588 797 631 suppositas
816 597 968 631 personas
988 597 1040 630 po-

301 651 387 682 nere,
405 641 451 673 vet
470 652 592 680 curare,
611 651 784 684 procurare
804 646 857 672 aut
873 640 1038 683 cooperari

299 699 330 727 ut
355 700 522 737 ponantur,
547 694 659 726 audeat
683 704 738 726 seu
762 698 950 737 praesmuat,
976 693 1036 725 mi-

298 757 419 791 nusque
450 747 627 791 suppositas
652 757 802 790 personas
829 746 1009 779 huiusmodi
1022 745 1040 787 ¹,

299 801 393 834 ctiam
418 801 476 834 sub
501 800 836 834 excommunicationis
870 800 949 833 latae
973 810 1041 832 sen-

300 855 433 895 tentiae,
459 855 542 887 ultra
574 854 786 888 concessionis
810 859 839 887 ot
864 858 1042 887 contractus

299 909 435 952 desuper
452 908 713 941 celebrandorum
731 908 914 947 nullitatem,
930 908 1041 950 poena,

300 962 367 1005 ipso
393 962 474 994 sacto
499 962 614 994 nedum
639 972 657 994 a
682 961 861 1005 praedictis,
878 970 914 993 ac
931 971 1042 993 corum

299 1015 442 1058 singulis,
468 1015 522 1047 sed
547 1015 640 1047 ctiam
661 1014 699 1047 ab
724 1013 871 1047 omnibus
896 1013 1044 1047 mediato-

299 1069 411 1108 ribus,
443 1068 700 1112 promotoribus,
732 1067 990 1101 sollicitatoribus
1014 1072 1041 1100 et

299 1121 463 1165 quibusvis
488 1121 556 1154 aliis
582 1121 612 1154 in
633 1121 814 1165 praemissis
834 1120 1044 1154 mediantibus

300 1174 512 1218 promissione
532 1180 562 1207 et
578 1174 647 1207 aliis
668 1174 769 1207 modis
793 1174 983 1218 supradictis
1003 1174 1045 1206 in-

301 1228 558 1268 tervenientibus,
583 1239 617 1262 ac
643 1229 821 1269 consilium,
841 1238 971 1272 operam
998 1228 1044 1261 vel

301 1281 441 1314 savorem
460 1281 554 1314 etiam
572 1287 719 1315 oretenus
740 1282 982 1325 praestantibus,
1003 1281 1045 1314 in-

301 1333 481 1375 currenda,
506 1344 524 1366 a
547 1345 608 1378 qua
633 1335 863 1368 absolutionem
895 1335 986 1368 nobis
1016 1339 1045 1368 et

301 1387 451 1421 Romanis
467 1388 672 1421 Pontificibus
686 1399 744 1432 pro
754 1394 896 1431 tempore
910 1388 1045 1421 existen-

303 1440 386 1473 tibus
409 1451 536 1485 semper
559 1445 588 1476 et
613 1441 796 1482 dumtaxat,
823 1446 1044 1485 praeterquam

303 1497 406 1527 tamen
423 1493 454 1526 in
465 1494 598 1528 articulo
615 1495 735 1534 mortis,
752 1505 960 1535 reservamus,
974 1504 1046 1538 apo-

302 1547 412 1580 stolica
425 1548 622 1587 auctoritate,
637 1553 745 1581 tenore
762 1548 987 1591 praesentium,
1002 1548 1046 1581 in-

304 1600 486 1634 terdicimus
511 1606 541 1634 et
564 1601 782 1645 probibemus.

347 1654 362 1697 ἓ
385 1653 415 1687 3.
438 1654 475 1687 Et
499 1654 628 1698 insuper
660 1655 804 1688 volumus
835 1659 866 1687 et
896 1664 1045 1698 expresse

303 1706 512 1747 declaramuS,
537 1707 621 1750 quod
647 1712 708 1740 tam
733 1711 843 1742 contra
860 1707 968 1741 [lantes
990 1718 1046 1741 seu

303 1760 534 1804 promittentes,
550 1771 645 1804 quam
666 1760 863 1804 recipientes,
882 1766 911 1794 et
929 1761 1046 1793 media-

305 1819 399 1854 tores,
414 1824 536 1847 necnon
553 1819 662 1847 eontra
679 1815 763 1858 ipsos
779 1814 997 1857 conductores,
1016 1820 1047 1848 et

303 1867 432 1911 quosvis
455 1867 532 1900 alios
557 1867 740 1911 praemissis
764 1868 1045 1910 contravenientes,

304 1931 360 1964 per
381 1920 461 1953 riam
478 1920 697 1963 accusationis,
716 1921 928 1965 inquisitionis
943 1922 1046 1955 etalio

304 1974 414 2018 quovis
440 1974 534 2007 modo
559 1974 707 2017 procedi,
740 1978 769 2008 et
800 1975 994 2008 accusatoris
1018 1981 1048 2008 et

304 2027 398 2061 unius
423 2028 508 2060 testis
536 2033 590 2060 aut
613 2027 706 2061 etiam
732 2027 815 2060 unici
847 2027 932 2060 testis
964 2027 1047 2061 dieto

304 2091 505 2125 quacumque
529 2081 590 2113 alia
615 2081 874 2125 praesumptione
899 2091 955 2114 scu
971 2081 1048 2114 veri-

305 2135 510 2168 similitudine
535 2135 721 2168 eoadiurato
742 2135 815 2168 stari
849 2135 981 2174 debcat;

350 2189 365 2232 ἓ
389 2188 418 2221 4.
452 2188 565 2232 Sicque
596 2199 652 2232 per
681 2198 899 2232 quoscumque
929 2187 1048 2220 iudices

305 2242 483 2276 ordinarios
507 2247 537 2275 et
562 2242 736 2285 delegatos,
763 2242 856 2274 etiam
882 2251 1047 2274 causarum

306 2295 412 2340 palatii
437 2296 601 2339 apostolici
627 2295 799 2335 auditores,
815 2295 938 2327 sumata
958 2295 1002 2327 cis
1019 2300 1049 2327 et

306 2360 416 2383 eorum
442 2348 572 2382 cuilibet
595 2348 704 2393 quavis
730 2349 820 2382 aliter
844 2348 1002 2381 iudicandi
1020 2353 1049 2381 ct

307 2402 533 2447 interpretandi
559 2403 702 2435 facultate
727 2407 757 2434 et
782 2401 978 2441 auctoritate,
1006 2402 1049 2435 iu—

307 2456 404 2490 dicari
429 2461 459 2489 et
483 2455 607 2488 deliniri
633 2455 770 2496 debere,
802 2467 836 2489 ac
868 2456 994 2489 irritum
1019 2461 1049 2488 et

308 2511 410 2553 inane,
424 2510 449 2543 si
463 2520 553 2543 secus
573 2521 668 2553 super
686 2510 734 2542 liis
754 2520 771 2542 a
791 2520 960 2554 quoquam,
977 2520 1050 2554 qua-

346 2619 353 2645 ¹
373 2618 483 2645 Comma
498 2616 568 2644 istud
586 2620 676 2644 manet
691 2616 873 2645 inabsolutum
889 2620 926 2654 (n.
945 2618 994 2653 T.).

396 2680 475 2709 Buce.
496 2681 579 2710 Rom.
623 2681 681 2711 Vol.
701 2681 776 2710 XIV.
940 2681 974 2709 88

1115 374 1130 417 ξ
1154 373 1183 406 5.
1210 374 1277 406 Non
1303 372 1500 405 obstantibus
1536 371 1812 405 constitutionibus
1879 384 2013 406 ammutium

1071 432 1101 459 et
1121 425 1373 459 ordinationibus
1387 425 1578 469 apostolicis,
1596 435 1631 458 ac
1651 425 1814 469 quibusvis
1828 411 1947 435 ‘'⁸⁰⁸³‘w'

1072 480 1299 519 instrumentis,
1325 480 1590 523 promissionibus
1615 484 1645 512 et
1667 479 1736 512 aliis
1760 479 1813 512 de-

1072 544 1168 577 super
1185 533 1423 576 quomodolibet
1440 533 1528 565 saetis
1545 539 1574 566 et
1592 532 1751 572 faciendis,
1767 542 1814 572 ac,

1072 590 1226 629 quatenus
1251 597 1331 629 opus
1349 586 1398 625 sit,
1423 586 1595 629 quibusvis,
1616 586 1710 619 etiam
1736 586 1815 620 iura—

1074 645 1189 679 mento,
1208 640 1448 672 confirmatione
1468 639 1652 683 apostolica,
1671 640 1718 672 vel
1741 650 1814 684 qua-

1075 693 1119 725 vis
1143 693 1290 725 firmitate
1308 693 1368 725 alia
1383 693 1549 733 roboratis,
1567 693 1688 726 statutis
1701 699 1731 726 et
1745 704 1817 727 con·

1074 747 1302 787 suetufflnibus,
1316 747 1491 791 ceterisque
1506 747 1673 781 contrariis
1693 747 1817 791 quibus-

1075 811 1219 844 cumque.

1120 854 1134 897 g
1159 855 1188 886 u.
1215 854 1252 887 [ft
1276 859 1380 886 autem
1407 854 1578 898 praemissa
1607 854 1646 887 ad
1674 854 1815 888 omnium

1076 907 1217 940 notitiam
1244 907 1364 940 facilius
1389 908 1568 948 deveniant,
1594 908 1758 948 volumus,
1785 913 1817 941 ut

1076 966 1256 1005 praesentes
1271 962 1391 994 litterae
1406 961 1436 993 in
1451 961 1620 1004 praedictis
1640 962 1818 994 Ferrarien-

1077 1014 1102 1047 si
1136 1019 1166 1047 et
1200 1014 1393 1047 Comaclcnsi
1430 1014 1627 1056 civitatibus,
1661 1020 1693 1047 ut
1722 1015 1818 1048 moris

1077 1071 1123 1101 est
1148 1067 1179 1100 in
1203 1067 1360 1100 similibus
1375 1094 1382 1108 ‚
1407 1067 1610 1111 publicentur
1634 1073 1664 1100 et
1688 1068 1818 1110 alligan-

1078 1127 1144 1160 tur,
1170 1131 1260 1164 quae,
1286 1127 1450 1164 postquam
1468 1121 1512 1153 sic
1533 1122 1642 1153 affixae
1664 1126 1694 1153 et
1714 1121 1819 1164 publi-

1078 1180 1163 1207 catae
1189 1174 1326 1215 suerint,
1351 1185 1461 1208 omnes
1491 1179 1521 1207 et
1553 1175 1715 1217 singulos,
1741 1185 1820 1217 quos

1078 1227 1149 1261 illae
1174 1233 1377 1270 concernunt,
1396 1228 1433 1260 ad
1449 1228 1573 1260 illarum
1588 1227 1819 1261 observantiam

1078 1282 1209 1327 perinde
1233 1287 1354 1314 arctent
1378 1287 1408 1314 et
1431 1281 1576 1321 assiciant,
1601 1291 1637 1314 ac
1657 1280 1682 1313 si
1702 1280 1820 1314 eisdem

1079 1336 1285 1380 personaliter
1310 1335 1469 1367 intimatae
1494 1334 1636 1367 fuissent.

1123 1390 1234 1423 Datum
1244 1390 1372 1428 Romae,
1383 1387 1465 1432 apud
1473 1388 1502 1421 S.
1511 1388 1649 1427 Petrum,
1661 1387 1719 1420 sub
1727 1397 1823 1420 annu-

1079 1445 1109 1477 lo
1134 1442 1319 1485 Piscatoris,
1340 1441 1390 1475 die
1410 1452 1444 1474 111
1472 1440 1623 1475 februarii
1647 1451 1820 1483 uncxxxtx,

1079 1496 1280 1542 pontificatus
1304 1495 1403 1529 nostri
1427 1505 1509 1528 anno
1535 1505 1599 1528 xvt.

1115 1560 1173 1601 Dat,
1190 1559 1234 1587 die
1249 1559 1265 1587 3
1281 1557 1412 1587 februarii
1429 1557 1506 1592 ¹639,
1522 1557 1616 1593 pontit.
1632 1565 1703 1585 auno
1718 1563 1773 1584 xvr.

1873 862 2017 882 Praesentmm

1833 888 1930 909 facienda
1950 887 2017 915 pumt-

1831 918 1896 936 cauo.

1375 1701 1528 1735 Dcxxxl.

1080 1784 1217 1818 Mandat
1240 1783 1412 1817 nonnullis
1436 1783 1591 1827 episcopis
1618 1782 1760 1823 Galliae,
1788 1788 1825 1816 ut

1126 1838 1218 1871 intra
1243 1838 1423 1871 triennium
1447 1837 1624 1870 nonnullos
1655 1833 1826 1881 archiepi-

1125 1902 1232 1935 scopos
1257 1895 1285 1924 et
1310 1891 1470 1934 episcopos
1494 1890 1637 1923 eiusdem
1662 1890 1766 1933 rcyni,
1790 1891 1826 1923 in.

1126 1956 1236 1978 corum
1253 1945 1317 1977 υίιιὶ
1334 1948 1362 1977 el
1380 1944 1526 1976 moribus
1546 1943 1826 1987 reprehensibiles,

1126 2003 1279 2032 moneant
1306 2003 1339 2031 ιιι
1364 1996 1591 2042 νεεῐρίεεαημ.

1081 2079 1308 2108 venerabilibus
1324 2078 1468 2106 fratribus
1480 2078 1663 2110 Ehroieensi,
1676 2077 1826 2113 sagiensi,

1117 2124 1350 2156 silvanectensi,
1366 2123 1542 2150 carnotensi
1558 2127 1590 2150 et
1603 2123 1750 2151 Meldensi
1765 2122 1827 2157 epi—

1118 2169 1226 2202 scopis,
1249 2171 1280 2196 et.
1300 2175 1402 2195 eorum
1423 2167 1559 2198 cuilibet,

1278 2222 1416 2250 Urbanus
1444 2222 1523 2256 Papa
1549 2222 1627 2250 vul.

1295 2283 1481 2312 Venerabilis
1502 2284 1610 2316 frater.

1119 2329 1250 2356 salutem
1270 2331 1301 2356 et
1322 2328 1518 2362 apostolicam
1537 2327 1786 2356 benedictionem.

1127 2401 1221 2441 Cum,
1253 2400 1333 2433 sicut
1364 2399 1454 2433 nobis
1485 2410 1586 2444 nuper
1613 2399 1728 2444 exponi
1753 2399 1826 2433 feeit
1867 2406 2027 2454 eausfsrosffl

1083 2453 1286 2487 charissimus
1312 2453 1342 2486 in
1366 2453 1490 2487 Cbristo
1515 2453 1598 2486 filius
1627 2459 1734 2487 noster
1758 2453 1821 2486 Lu·
1840 2436 2027 2489 iiiiiw'essiie-ssiiss

1148 2507 1153 2512 .
1597 2506 1602 2511 .
1638 2507 1642 2512 .
1690 2507 1696 2511 .
1735 2506 1740 2512 .
1840 2490 1975 2511 admonendi.

1083 2508 1213 2541 doricus
1238 2507 1431 2541 Francorum
1457 2517 1511 2540 rex
1536 2507 1825 2548 christiamssnnus,

1123 2618 1130 2644 t
1151 2616 1187 2643 Ex
1203 2618 1302 2651 regest.
1319 2615 1347 2642 in
1362 2614 1463 2644 Secret.
1480 2613 1558 2642 Brev.
