2248 3229
252 231 299 256 An.
311 229 338 257 c.
362 230 430 259 1635
474 220 538 255 488

318 1091 433 1117 Regum-es

248 1124 356 1139 recursum
387 1124 434 1144 pro-

249 1145 334 1165 motoris
355 1145 434 1166 fiscalis

249 1172 395 1197 subreptitium
405 1172 434 1192 di-

248 1200 305 1219 cunt.

277 2053 329 2074 Hinc
340 2052 436 2073 Pontifex

251 2079 437 2100 iiiandatcommis·

251 2107 324 2129 sartis.
340 2108 401 2132 prout
415 2106 436 2126 iu

252 2133 343 2154 rubrica.

448 289 514 321 nos,
530 278 668 312 eiusdem
692 278 883 321 promotoris
908 277 1022 310 fiscalis
1040 277 1187 320 precibus

448 338 521 365 tunc
535 335 716 371 annuentes,
726 331 813 363 vobis
827 342 884 374 per
898 331 973 362 alias
986 334 1118 371 nostraS,
1130 330 1188 364 sub

449 385 553 417 datum
573 384 715 416 videlicet
732 386 815 416 nona
832 385 905 416 maii
919 384 1119 428 pontificatus
1135 395 1189 417 no-

448 439 503 471 stri
521 448 602 470 anno
622 447 665 471 xti
678 436 697 480 ¹,
723 438 755 470 in
776 438 870 470 simili
894 430 1119 470 sormaBreVJs
1139 437 1189 470 de-

448 501 542 534 super
567 491 725 534 expeditas
746 491 865 524 litteras
890 490 1033 524 dedimus
1050 491 1081 523 in
1101 501 1189 523 man-

448 543 542 586 datis,
569 549 722 588 quatenus
747 555 823 585 vos,
848 545 895 577 vel
921 544 1004 586 duo,
1030 548 1083 578 aut
1107 555 1188 577 unus

448 601 608 639 vestrum,
634 597 752 630 vocatis
776 597 815 630 ad
843 597 873 630 id
898 597 951 641 qui
975 597 1092 640 suerint
1115 608 1188 630 evo-

448 649 549 690 candi,
570 660 696 683 causam
717 656 746 682 et
771 660 879 682 causas
903 650 1090 694 praedictas,
1116 660 1187 682 cum

447 703 593 736 omnibus
617 708 647 736 et
671 703 803 746 singulis
828 703 893 736 suis
916 703 1103 744 incidentiis,
1128 703 1185 736 de-

447 757 641 800 pendendis,
667 758 795 790 annexis
820 763 849 790 et
874 758 1035 798 connexis,
1061 763 1189 801 totoque

446 810 574 852 negotio
598 810 777 854 principali,
793 811 886 844 etiam
905 811 1077 844 summarie
1094 816 1189 854 prout

446 863 478 895 in
502 863 748 904 beneficialibus,
766 864 950 898 auctoritate
970 866 1079 897 nostra
1104 864 1189 897 audi·³

446 916 538 956 retis,
567 917 816 959 cognosceretis,
840 917 965 961 fineque
989 917 1095 951 debito
1119 923 1186 950 ter-

448 969 608 1002 minaretis
634 974 664 1003 et
687 969 894 1011 decideretis,
919 976 949 1003 et
974 971 1069 1011 alias,
1094 976 1189 1015 prout

448 1023 479 1055 in
503 1023 594 1056 dictis
618 1024 730 1056 litteris
754 1024 877 1068 plenius
902 1025 1087 1066 continetur.

493 1077 508 1120 g
523 1077 551 1111 t.
573 1077 649 1111 Cum
666 1083 780 1118 autem,
798 1078 878 1111 sicut
894 1078 976 1112 dicta
993 1079 1101 1122 petitio
1118 1079 1190 1112 sub-

449 1131 607 1174 iungebat,
624 1132 758 1166 tacuerit
770 1132 871 1165 dictus
883 1138 1048 1176 promotor
1065 1133 1189 1173 fiscalis,

449 1186 532 1229 quod
553 1186 715 1228 regulares
736 1185 888 1229 praedicti
909 1196 1034 1219 causam
1055 1187 1191 1230 appella-

449 1238 542 1271 tionis
559 1249 575 1270 a
594 1238 728 1271 decretis
742 1249 796 1271 seu
814 1239 974 1271 sententiis
985 1239 1059 1272 dicti
1073 1240 1191 1273 archie-

448 1291 568 1335 piscopi
582 1292 854 1335 Rothomagensis,
866 1292 929 1325 sive
940 1293 1044 1326 dilecti
1058 1293 1113 1325 filii
1124 1293 1190 1326 eius

449 1345 601 1388 officialis,
620 1350 729 1379 contra
747 1356 800 1378 eos
816 1345 885 1378 latis
902 1356 997 1389 super
1017 1347 1190 1390 praetensis

449 1399 633 1433 eorumdem
645 1399 839 1442 regularium
854 1399 1027 1443 privilegiis
1045 1405 1075 1433 et
1090 1411 1192 1433 exem-

448 1452 566 1496 ptione,
585 1452 645 1484 iam
663 1457 734 1485 ante
752 1452 894 1485 obtentas
915 1463 972 1496 per
989 1453 1107 1486 dictum
1121 1465 1192 1498 pro-

449 1510 605 1539 motorem
631 1506 769 1540 fiscalem
793 1507 913 1540 litteras
937 1508 1114 1551 praedictas
1138 1519 1190 1542 co-

449 1569 518 1592 ram
542 1560 634 1593 nobis
659 1560 914 1600 introduxerant;
940 1562 1087 1606 quodque
1108 1573 1192 1595 man-

449 1613 637 1647 daveramus
650 1641 658 1655 ,
690 1615 862 1647 examinari
901 1625 1010 1648 eorum
1047 1616 1116 1649 iura
1152 1616 1191 1648 ad

450 1667 595 1700 effectum
614 1667 750 1712 desuper
769 1668 881 1701 deinde
897 1669 1092 1713 providendi;
1107 1670 1191 1714 quod

450 1721 577 1765 quidem
595 1722 619 1754 si
634 1723 847 1766 expressisset,
862 1723 970 1766 utique
990 1723 1089 1757 dictas
1109 1723 1190 1756 litte·

449 1773 520 1807 ras²
536 1774 623 1808 vobis
639 1775 794 1808 committi
811 1786 874 1809 non
898 1776 1102 1810 obtinuisset:
1121 1778 1191 1813 ideo

449 1828 540 1861 nobis
558 1828 720 1862 humiliter
741 1829 912 1873 supplicari
937 1830 1078 1863 fecerunt
1103 1842 1192 1874 regu-

449 1882 531 1914 lares
554 1882 716 1926 praedicti,
734 1886 768 1915 ut
784 1882 828 1915 eis
845 1883 875 1915 in
899 1884 1081 1927 praemissis
1099 1885 1190 1918 etiam

451 1940 627 1978 opportune
657 1935 825 1979 providere
862 1936 899 1968 de
932 1936 1026 1969 simili
1051 1937 1192 1981 benigni-

451 1992 512 2022 tate
535 1988 748 2031 dignaremur.

495 2042 510 2085 ἓ
526 2041 555 2075 3.
574 2043 636 2075 Nos
653 2042 759 2085 igitur,
774 2043 899 2075 eosdem
917 2044 1078 2087 regulares
1096 2050 1125 2077 et
1142 2056 1191 2079 eo-

452 2106 521 2129 rum
536 2096 676 2138 singulos
689 2107 705 2129 a
719 2097 882 2140 quibusvis
897 2099 1192 2133 excommunicatio-

450 2149 508 2190 nis,
526 2150 740 2193 suspensionis
757 2155 787 2183 et
804 2151 970 2193 interdicti,
988 2152 1119 2197 aliisque
1144 2163 1191 2187 ec-

451 2203 632 2236 clesiasticis
650 2204 822 2245 sententiis,
840 2205 981 2238 censuris
995 2211 1024 2238 et
1037 2206 1158 2250 poenis,
1174 2218 1190 2239 a

450 2256 518 2289 iure
540 2257 585 2289 vel
603 2256 641 2289 ab
663 2257 801 2298 homine,
822 2258 929 2302 quavis
954 2259 1118 2293 occasione
1143 2260 1190 2293 vel

450 2312 542 2343 causa
553 2310 632 2351 latis,
643 2310 667 2343 si
677 2311 790 2354 quibus
801 2312 1039 2355 quomodolibet
1052 2313 1190 2347 innodati

450 2365 595 2405 existunt,
616 2364 654 2397 ad
674 2365 818 2398 effectum
839 2366 1053 2409 praesentium
1074 2367 1191 2400 dumta-

451 2422 499 2453 xat
517 2419 782 2463 consequendum,
799 2419 912 2452 harum
930 2420 1011 2454 serie
1033 2421 1190 2454 absolven-

450 2477 495 2505 tes
511 2478 542 2505 et
558 2473 717 2506 absolutos
730 2473 796 2506 sore
808 2479 979 2515 censentes,
994 2475 1190 2519 supplicatio-

450 2526 542 2558 nibus
553 2526 709 2559 dictorum
724 2527 917 2570 regularium
930 2528 1023 2560 etiam
1041 2528 1189 2569 inclinati,

488 2599 496 2623 1
516 2597 587 2628 Quae
602 2597 629 2624 iu
644 2598 777 2626 Bullart'o
794 2598 870 2626 datae
886 2607 940 2626 non
960 2599 1071 2626 fuerunt
1085 2599 1174 2634 (ἰωὴ).

485 2641 501 2666 2
517 2641 615 2670 Forsan
631 2651 731 2670 causas
744 2643 850 2678 legend.
867 2651 920 2671 non
942 2644 1053 2673 litteras
1068 2647 1105 2679 (a.
1123 2645 1170 2679 Τ.).

1028 229 1206 254 BULLAfflUM
1231 229 1385 254 ROMANUM

1973 232 2023 260 An.
2036 232 2063 260 C.
2087 232 2155 260 1635

1222 277 1323 310 eidem
1348 277 1533 310 fraternitati
1558 283 1688 321 vestrae,
1708 279 1819 313 fratres
1839 280 1958 313 archie-

1221 330 1341 374 piscopi
1359 336 1388 362 et
1404 331 1553 374 episcopi,
1568 341 1621 363 seu
1635 331 1814 365 discretioni
1826 337 1956 375 vestrae,

1221 384 1278 415 filii
1292 384 1449 425 officiales,
1467 394 1524 427 per
1540 390 1720 427 praesentes
1733 387 1957 419 committimus

1223 442 1252 469 et
1262 436 1457 477 mandamus,
1468 441 1620 480 quatenus
1634 437 1659 468 is
1678 440 1888 481 vestrum,qui
1904 440 1958 472 hu-

1222 490 1356 523 iusmodi
1374 501 1485 523 causae
1510 490 1721 533 cognitionem
1747 493 1958 535 assumpserit,

1222 543 1338 577 vocatis
1362 544 1401 576 ad
1426 544 1456 576 id
1481 545 1534 588 qui
1558 544 1675 577 suerint
1698 545 1847 586 vocandi,
1872 556 1959 579 suam

1223 597 1405 631 moderetur
1435 597 1675 639 inhibitionem,
1708 598 1837 641 perinde
1868 609 1903 631 ac
1935 600 1960 631 si

1223 650 1323 694 dictae
1348 651 1469 684 litterae
1492 661 1555 684 non
1580 657 1784 685 emanassent.
1810 653 1878 686 Non
1902 653 1960 685 ob-

1223 704 1374 737 stantibus
1398 704 1596 747 praemissis,
1621 714 1657 738 ac
1688 705 1962 738 constitutionibus

1223 762 1253 790 et
1277 757 1528 791 ordinationibus
1560 758 1761 802 apostolicis,
1786 759 1962 802 ceterisque

1223 811 1389 855 contrariis
1414 811 1674 855 quibuscumque.

1267 865 1377 897 Datum
1398 865 1526 906 Romae,
1551 865 1633 909 apud
1657 865 1686 899 S.
1708 865 1837 898 Mariam
1861 866 1958 900 Maio-

1224 929 1301 959 rem,
1316 918 1373 952 suh
1391 919 1505 952 annulo
1523 919 1699 956 Piscatoris,
1715 919 1764 952 die
1776 930 1807 952 ix
1819 920 1961 963 augusti¹

1224 982 1382 1014 MDcxxxv,
1400 972 1600 1016 pontificatus
1619 973 1719 1006 nostri
1739 983 1820 1006 anno
1843 983 1895 1006 xn.

1258 1035 1319 1063 Dat.
1337 1035 1379 1063 die
1394 1036 1411 1062 9
1425 1035 1532 1071 augusti
1554 1035 1633 1069 1635,
1649 1035 1742 1070 pontif.
1765 1043 1835 1063 auno
1855 1042 1904 1062 ΧΠ.

1549 1152 1636 1186 DXX.

1389 1225 1510 1258 Avocat
1534 1224 1577 1256 ad
1601 1235 1633 1257 se
1666 1234 1799 1256 causam

1247 1278 1284 1310 de
1308 1288 1375 1322 qua
1398 1278 1435 1310 in
1458 1278 1686 1311 constitutione
1706 1276 1911 1321 praecedenti
1921 1275 1938 1309 ⁹.

1433 1350 1567 1377 Urbanus
1586 1349 1661 1383 Papa
1680 1349 1759 1381 VIII,

1345 1394 1381 1421 ad
1400 1397 1575 1428 perpetuam
1598 1393 1643 1420 rei
1659 1392 1840 1420 memoriam.

1270 1456 1322 1500 §l
1333 1456 1441 1500 Nuper
1454 1467 1471 1489 a
1483 1455 1574 1489 nobis
1588 1460 1774 1489 emanarunt
1786 1455 1908 1490 litterae
1922 1460 1963 1488 te-
1983 1463 2071 1511 1¹2⁰&
2073 1463 2161 1511 gssffim

1225 1520 1318 1544 nores
1332 1509 1562 1553 subsequentis,
1574 1509 1732 1543 videlicet:
1751 1509 1962 1542 Venerabilib.
1977 1495 2002 1517 Π
2019 1496 2029 1512 ⁹
2133 1506 2139 1510 '

1224 1564 1384 1607 fratribus
1405 1563 1643 1606 archiepiscopo
1661 1563 1847 1603 Senonensi,
1865 1563 1961 1604 etc.,³.

1269 1617 1284 1660 ἐ
1308 1616 1337 1650 2.
1366 1617 1447 1657 Nos,
1472 1616 1541 1660 paci
1567 1621 1596 1648 et
1627 1616 1723 1659 quieti
1755 1616 1836 1649 inter
1858 1621 1963 1659 partes
1983 1622 2162 1670 'Nungnmffidess

1225 1670 1401 1714 praedictas
1421 1680 1480 1714 pro
1499 1669 1665 1713 pastoralis
1685 1669 1778 1702 officii
1798 1670 1897 1702 nostri
1915 1669 1963 1703 de·
1977 1656 2060 1699 Σῗὲῗιῖι.

1225 1723 1308 1764 bito,
1333 1728 1484 1767 quantum
1517 1734 1588 1756 cum
1612 1723 1746 1756 Domino
1778 1734 1963 1766 possumus,

1226 1777 1390 1810 consulere
1414 1776 1562 1818 volentes,
1588 1781 1676 1809 motu
1699 1776 1849 1819 proprio,
1875 1781 1904 1809 et
1928 1787 1966 1809 ex

1226 1832 1312 1864 certa
1347 1830 1476 1864 scientia
1511 1841 1546 1863 ac
1587 1831 1709 1862 matura
1741 1829 1967 1863 deliberatione

1225 1883 1351 1924 nostris,
1368 1883 1469 1927 deque
1501 1883 1691 1927 apostolicae
1719 1883 1880 1927 potestatis
1904 1883 1968 1927 ple-

1225 1937 1377 1978 nitudine,
1394 1937 1480 1970 litem
1498 1937 1562 1970 sive
1580 1947 1688 1969 causas
1709 1936 1739 1968 in
1764 1936 1966 1980 praeinsertis

1225 1991 1337 2025 litteris
1355 2001 1530 2035 expressas,
1549 2000 1684 2034 quarum
1709 1993 1822 2023 statum
1848 1995 1877 2022 et
1902 2000 1966 2023 me-

1226 2045 1294 2087 rita,
1320 2045 1441 2089 aliaque
1466 2045 1559 2078 etiam
1584 2044 1622 2077 de
1646 2044 1830 2078 necessitate
1860 2045 1965 2088 expri-

1226 2099 1353 2140 menda,
1379 2097 1596 2142 praesentibus
1620 2108 1679 2142 pro
1704 2098 1895 2131 sufficienter
1919 2108 1967 2130 ex-

1225 2153 1342 2197 pressis
1359 2151 1469 2185 haberi
1486 2152 1630 2185 volumus
1641 2178 1648 2192 ‚
1666 2152 1696 2184 in
1715 2154 1796 2185 statu
1813 2156 1843 2184 et
1860 2151 1965 2184 termi-

1225 2206 1273 2239 nis
1301 2206 1332 2238 in
1351 2206 1465 2250 quibus
1483 2206 1693 2249 reperiuntur,
1711 2205 1749 2238 ad
1777 2216 1834 2238 nos
1851 2206 1963 2238 harum

1226 2259 1306 2294 serie
1323 2270 1507 2299 avocamus,
1526 2259 1707 2303 eisdemque
1727 2259 1964 2303 archiepiscopo

1225 2314 1406 2355 Senonensi,
1419 2325 1454 2347 ac
1465 2314 1650 2347 Lexoviensi
1663 2319 1691 2346 et
1701 2313 1963 2346 Autissiodorensi

1225 2368 1390 2412 episcopis,
1412 2368 1476 2401 sive
1501 2368 1621 2402 dilectis
1638 2368 1710 2401 filiis
1727 2378 1836 2400 eorum
1854 2367 1966 2401 officia-

1260 2467 1272 2493 1
1292 2466 1391 2494 Forsan
1404 2466 1548 2502 legendum
1567 2473 1593 2493 lx
1610 2466 1748 2493 halendas
1763 2465 1886 2500 augusti,
1899 2464 1967 2492 idest

1225 2511 1258 2538 24
1272 2511 1352 2545 iulii,
1368 2519 1431 2537 nam
1447 2510 1570 2546 sequitur
1585 2511 1689 2545 pontif.
1707 2518 1756 2537 an·
1771 2517 1825 2542 x11;
1846 2509 1967 2544 alioquin

1226 2555 1269 2582 die
1284 2556 1300 2582 9
1316 2555 1422 2590 augusti
1437 2555 1492 2582 iam
1507 2556 1578 2582 foret
1593 2563 1636 2582 an.
1654 2561 1711 2581 xm.

1261 2600 1276 2626 ΕΖ
1297 2600 1333 2627 Ex
1354 2601 1463 2635 Regest.
1485 2600 1512 2626 in
1532 2600 1634 2627 Secret.
1655 2599 1732 2626 Brev.

1259 2645 1275 2672 3
1290 2644 1405 2681 Reliqua
1420 2644 1505 2673 habes
1525 2645 1552 2673 in
1569 2645 1659 2673 Coust.
1676 2644 1803 2679 praeced.
1820 2644 1856 2671 (a.
1872 2643 1920 2678 T.).
