2248 3229
182 201 233 228 An.
255 200 283 228 C.
301 201 365 227 1631

244 1972 373 1998 Depositarii

190 2000 289 2021 osticium.

229 2296 310 2316 Poena<
326 2300 375 2315 enn-

192 2325 224 2342 tra
240 2328 280 2342 non
296 2323 375 2347 integre

191 2350 298 2369 solventes
311 2354 375 2374 impo-

416 191 480 224 '194

381 248 605 291 signandarum
638 247 871 292 percipiendas,
898 245 1068 288 exigendas
1093 250 1123 279 et

382 302 527 335 levandas
562 302 599 334 ab
631 301 779 335 omnibus
812 304 842 332 ct
871 299 1122 343 quibuscumque

383 356 538 399 episcopis
553 381 560 395 ‚
591 353 837 397 archiepiscopis
861 358 891 386 et
914 353 1100 396 primatibus
1114 380 1121 394 ,

382 408 568 453 patriarchis
589 411 618 441 ct
642 407 709 439 aliis
734 407 938 440 ecclesiarum
962 407 1121 451 praelatis,

383 472 417 495 ac
432 461 554 501 ceteris,
568 460 795 505 cuiuscumque
809 459 979 503 dignitatis,
996 460 1122 503 gradus,

383 522 480 549 status
497 520 527 548 et
544 514 741 556 conditionis,
760 515 862 548 officia
877 514 1036 559 praedicta
1049 525 1124 558 quo—

383 579 520 612 cumque
537 569 605 603 iure
621 573 651 600 et
668 568 758 601 titulo
777 567 990 601 obtinentibus
1006 568 1054 601 vel
1071 567 1123 601 ob-

384 622 526 662 tentaris,
543 631 667 654 necnon
683 621 866 655 oeconomis
883 627 913 654 et
930 621 1124 654 administra-

385 675 506 709 toribus
542 674 701 718 perpetuis
726 679 757 707 ct
781 674 1029 718 temporalibus,
1054 685 1125 708 usu-

383 729 573 772 fructuariis,
594 740 630 762 ac
653 729 782 770 fructus,
809 729 995 773 pensioneS,
1020 739 1071 762 res
1095 734 1125 762 ct

383 784 443 816 alia
466 782 647 815 huiusmodi
673 783 742 815 iura
758 793 794 815 ex
812 793 1011 826 quacumque
1032 783 1124 815 causa

383 836 441 869 sibi
468 835 641 880 apostolica
666 836 851 868 auctoritate
875 836 907 868 in
930 840 995 869 toto
1021 836 1069 868 vel
1093 835 1124 867 in

382 894 469 933 parte
495 895 655 922 reservata
684 890 874 922 habentibus
899 895 929 922 et
952 889 1124 930 habituris,

383 944 578 977 secularibus
604 949 634 976 et
657 943 858 986 regularibus
880 943 1038 986 ordinum,
1056 952 1126 976 con-

383 997 625 1040 gregationum,
651 997 834 1030 militiarum
863 1002 893 1030 et
922 996 1125 1040 hospitalium

383 1051 472 1094 (non
507 1055 609 1083 tamen
643 1050 670 1083 S.
697 1051 845 1093 loannis)
869 1050 1124 1094 praedictorum,

383 1114 505 1137 necnon
518 1104 556 1136 ab
570 1103 644 1147 ipsis
658 1103 807 1144 ecclesiis,
821 1102 1037 1147 cappellanis¹,
1051 1113 1127 1136 con-

384 1158 539 1198 ventibus,
553 1157 727 1199 ordinibus,
743 1156 1053 1200 congregationibus,
1068 1156 1128 1189 col-

385 1211 484 1253 legiis,
505 1210 724 1254 hospitalibus,
748 1210 879 1250 militiis,
905 1209 1032 1249 mensis,
1050 1220 1128 1243 mas-

384 1265 426 1297 sis
443 1270 473 1297 et
486 1263 573 1303 locis,
585 1274 786 1307 quocumque
802 1263 968 1307 privilegio
983 1268 1012 1295 et
1026 1273 1129 1296 exem-

384 1317 489 1361 ptione
515 1316 602 1356 reali,
626 1316 783 1360 personali
809 1321 838 1349 et
863 1316 975 1356 mixta,
1001 1316 1128 1360 antiqua

385 1375 415 1404 et
432 1369 689 1410 immemorabili,
707 1369 839 1413 pacifica
859 1374 889 1402 et
906 1369 1053 1403 continua
1071 1369 1130 1402 suf-

388 1425 481 1466 fultis,
499 1434 578 1467 quos
595 1433 705 1456 omncs
726 1423 764 1455 ad
784 1423 845 1456 hoc
862 1423 1050 1465 obbligatos,
1070 1433 1129 1466 pro

386 1480 448 1511 una
472 1478 553 1510 intra
578 1476 759 1521 proximum
783 1476 867 1509 diem
892 1476 1005 1510 festum
1030 1476 1128 1509 sancti

387 1531 546 1565 Michaelis
570 1530 753 1573 archangeli
778 1529 915 1573 proximi
941 1529 1057 1562 mensis
1074 1540 1125 1563 se-

388 1584 552 1629 ptembris,
578 1590 607 1617 et
631 1594 690 1628 pro
715 1584 775 1616 :ilia
801 1583 882 1617 intra
906 1583 1053 1616 eumdem
1086 1584 1129 1617 se-

388 1645 469 1674 stum
494 1639 566 1671 anni
591 1637 733 1682 proxime
757 1637 854 1670 suturi
869 1664 876 1678 ,
902 1643 931 1670 et
954 1648 1013 1681 pro
1037 1638 1129 1670 tertia

388 1693 531 1738 partibus
545 1691 728 1735 aequalibus
741 1691 823 1725 intra
832 1690 920 1724 illum
932 1690 1034 1734 ipsum
1045 1689 1128 1723 diem

388 1748 502 1781 festum
523 1745 742 1789 consequentis
763 1745 908 1789 protinus
925 1744 1007 1788 anni,
1029 1755 1131 1778 came-

390 1812 442 1834 rae
467 1799 657 1844 praedictae,
675 1803 705 1831 ct
729 1798 811 1831 illius
827 1797 1017 1842 depositario
1035 1808 1129 1841 gene-

390 1854 448 1888 rali
466 1854 503 1886 ad
529 1853 559 1885 id
584 1851 815 1894 constituendo,
831 1852 960 1886 omnino
987 1853 1130 1885 volumus

388 1907 586 1952 persolvisse.

434 1963 448 2005 ξ
472 1961 501 1994 3.
531 1959 679 1993 Eiusdem
706 1969 778 1992 vero
807 1959 989 2003 depositarii
1016 1969 1130 1992 munus

390 2015 449 2048 erit
467 2013 575 2047 sedulo
596 2023 718 2053 curare,
738 2018 782 2053 ut,
803 2012 953 2056 quicquid
976 2012 1127 2056 pecunia-

390 2079 460 2102 rum
487 2078 523 2101 ex
548 2066 678 2100 decimis
703 2065 882 2109 colligitur,
909 2065 939 2098 id
963 2065 1131 2109 diligenter

390 2134 425 2156 ac
443 2121 577 2155 fideliter
598 2125 785 2163 asservetur,
803 2120 840 2153 de
861 2119 1008 2153 mandato
1021 2124 1130 2153 nostro

390 2176 519 2221 speciali
536 2176 566 2208 in
584 2174 759 2219 praedictos
784 2185 858 2208 usus
883 2174 1053 2215 dumtaxat,
1073 2184 1130 2208 nec

390 2231 478 2273 alias,
505 2229 709 2272 erogandum.

435 2286 450 2329 g
474 2284 504 2317 4.
530 2283 724 2327 Quicumque
758 2293 831 2316 vcro
855 2282 992 2316 decimas
1016 2281 1128 2315 huius·

392 2338 476 2372 modi
500 2338 587 2371 nullo
611 2336 708 2370 modo
736 2337 783 2370 vel
803 2346 866 2370 non
884 2336 1015 2379 integre,
1036 2336 1133 2369 scien-

392 2399 449 2434 ter,
470 2397 602 2425 autnon
623 2390 794 2425 secundum
817 2401 925 2424 verum
946 2399 1062 2423 annum
1079 2399 1132 2422 va-

393 2447 493 2479 lorem
519 2446 688 2485 fructuum,
706 2444 895 2485 reddituum,
913 2447 1132 2488 proventuum,

394 2500 527 2542 iurium,
553 2499 795 2539 obventiomlm,
821 2497 1077 2532 distributionum
1104 2501 1134 2530 et

395 2553 691 2593 emolumentorum,
702 2553 749 2586 vel
760 2552 962 2586 concordiam
974 2562 1044 2584 cum
1055 2550 1133 2584 Sede

433 2616 441 2642 t
459 2615 551 2642 Potius
563 2615 621 2650 lege
632 2615 767 2650 cappellis
780 2614 819 2642 vel
830 2613 1020 2649 cappellaniz's
1031 2613 1070 2647 (R.
1084 2612 1131 2648 12).

951 198 1132 222 BULLARIUM
1156 197 1310 222 ROMANUM

1156 250 1186 279 et
1198 246 1322 279 camera
1339 247 1517 290 praedictis,
1533 252 1567 281 ut
1583 249 1769 292 praefertur,
1787 249 1893 282 ineun-

1155 299 1237 340 dam,
1251 299 1315 332 sive
1335 300 1477 333 terminis
1494 301 1718 335 constituendis
1734 312 1797 336 non
1810 302 1893 335 exhi-

1155 351 1301 393 buerint,
1326 362 1380 386 seu
1404 352 1435 385 in
1459 353 1586 387 illorum
1611 354 1801 388 exhibitione
1825 366 1893 388 ma-

1155 406 1254 438 litiam
1280 406 1496 440 commiserint
1531 408 1579 440 vel
1607 407 1767 451 fraudem,
1795 410 1893 442 eccle-

1156 460 1274 492 siarum
1298 460 1450 494 antistites
1475 461 1695 505 suspendimus
1723 472 1741 494 a
1764 461 1894 503 divinis,

1156 513 1291 557 capitula
1304 524 1389 554 vero,
1401 519 1580 557 conventus,
1591 514 1723 558 collegia
1732 524 1896 557 quaecum-

1157 577 1218 611 que
1243 567 1453 600 ecclesiastico
1483 567 1648 601 interdicto
1673 568 1895 612 supponimus,

1157 631 1192 653 ac
1211 620 1386 664 singulares
1406 631 1556 664 personas
1572 621 1709 655 antistite
1732 621 1897 655 inferiores

1158 674 1493 707 excommunicationis
1524 675 1676 708 sententia
1700 674 1896 708 innodamus.

1158 727 1301 761 Ceterum
1316 727 1354 760 ad
1370 727 1547 771 praedictas
1559 727 1696 761 decimas
1709 738 1898 772 consequen-

1158 780 1212 814 das
1228 780 1441 824 praecipimus
1458 780 1552 814 etiam
1569 781 1715 814 omnibus
1732 781 1898 815 conducto-

1158 834 1264 875 ribus,
1289 834 1461 867 censuariis
1486 839 1516 868 et
1539 834 1732 868 locatoribus
1757 834 1900 878 proprie-

1159 892 1267 928 tatum,
1292 888 1462 929 sructuum,
1483 899 1590 921 rerum
1615 893 1645 921 et
1669 888 1786 921 iurium
1811 898 1900 931 prae-

1160 941 1318 975 dictorum
1333 969 1341 983 ,
1362 942 1454 976 etiam
1485 942 1666 976 huiusmodi
1696 941 1900 986 pensionibus

1160 1001 1373 1037 oneratorum,
1395 1000 1427 1030 ut
1443 1001 1593 1040 utrasque
1613 996 1750 1029 decimas
1773 995 1901 1029 nominc

1160 1048 1360 1082 dominorum
1381 1060 1417 1082 ac
1442 1050 1728 1093 pcnsionariorum,
1753 1049 1791 1082 ad
1817 1059 1902 1082 com-

1160 1106 1271 1146 putum
1296 1113 1369 1135 suae
1394 1103 1527 1147 quisque
1551 1103 1729 1145 locationis,
1755 1102 1900 1136 omnibus

1162 1166 1235 1188 vero
1259 1156 1504 1200 possessoribus,
1523 1157 1762 1190 usufructum-iis
1787 1161 1817 1190 et
1833 1156 1901 1189 aliis

1161 1208 1328 1252 pensiones
1342 1210 1463 1242 solvere
1476 1210 1673 1251 debentibus,
1691 1214 1724 1242 ut
1738 1210 1796 1254 ipsi
1809 1210 1901 1244 etiam

1162 1262 1299 1295 decimas
1334 1263 1522 1307 pensionum
1558 1264 1739 1298 huiusmodi
1773 1264 1901 1297 nomine

1161 1316 1436 1359 pensionariorum
1472 1328 1616 1352 camerae
1648 1324 1678 1352 et
1708 1317 1901 1362 depositario

1162 1370 1352 1413 persolvant.

1207 1424 1222 1467 g
1236 1423 1264 1456 5.
1279 1424 1488 1458 Decernentes
1501 1425 1638 1460 decimas
1651 1426 1821 1468 fructuum,
1835 1426 1902 1459 red-

1163 1476 1295 1520 dituum,
1324 1482 1548 1521 proventuum,
1573 1484 1603 1512 et
1627 1478 1761 1512 aliorum
1785 1478 1902 1512 iurium

1162 1530 1407 1574 praedictorum,
1432 1532 1604 1564 secundum
1630 1542 1739 1565 verum
1763 1532 1902 1566 valorem

1164 1593 1313 1624 annuum,
1338 1583 1386 1616 vel
1407 1584 1516 1616 saltem
1541 1584 1626 1617 iuxta
1650 1590 1762 1626 taxam,
1779 1585 1817 1618 de
1841 1596 1902 1629 qua

1164 1648 1235 1670 cum
1253 1637 1374 1670 dilectis
1390 1637 1463 1670 filiis
1478 1638 1595 1671 nostris
1611 1638 1781 1683 Hippolyto
1799 1638 1827 1672 S.
1845 1640 1902 1672 An-

1164 1690 1225 1734 geli
1260 1690 1291 1723 in
1322 1691 1539 1734 Foropiscium
1571 1692 1704 1725 diacono
1728 1692 1902 1735 cardinali,

1164 1750 1288 1778 sanctae
1305 1745 1463 1778 Romanae
1484 1746 1641 1780 Ecclesiae
1665 1747 1851 1788 camerario,
1868 1758 1903 1781 ac

1164 1803 1272 1832 nostro
1297 1802 1327 1832 et
1344 1809 1488 1832 camerae
1512 1799 1691 1843 praedictae
1706 1800 1903 1834 thesaurario

1146 1894 1148 1906 ¹
1164 1852 1303 1895 generali
1317 1852 1446 1896 (quibus
1463 1853 1556 1886 etiam
1570 1854 1786 1895 ecclesiarum,
1799 1865 1904 1888 mona-

1165 1905 1345 1947 steriorum,
1359 1905 1588 1940 beneficiorum
1614 1912 1644 1940 et
1663 1907 1798 1941 aliorum
1815 1918 1905 1952 prae-

1164 1959 1320 1993 dictorum
1352 1960 1472 1993 fructus
1508 1960 1657 1993 hactenus
1689 1971 1753 1994 non
1783 1966 1904 1995 taxatos

1166 2013 1299 2054 taxandi,
1320 2019 1350 2046 et
1367 2018 1469 2046 taxam
1494 2014 1525 2046 in
1549 2013 1637 2046 libris
1662 2023 1804 2047 camerae
1825 2025 1903 2059 apo-

1165 2066 1294 2100 stolicae
1319 2066 1560 2099 describendam
1584 2066 1721 2100 describi
1752 2067 1903 2110 faciendi,

1165 2129 1287 2153 necnon
1312 2124 1397 2152 taxas
1420 2119 1574 2163 antiquas,
1595 2130 1672 2163 quas
1696 2130 1776 2164 opus
1799 2121 1904 2162 suerit,

1165 2174 1248 2207 iuxta
1274 2184 1381 2207 verum
1406 2173 1566 2206 fructuum
1595 2174 1735 2207 valorem
1759 2175 1904 2218 augendi,

1165 2226 1343 2269 licentiam,
1376 2226 1553 2260 facultatem
1589 2232 1619 2259 et
1653 2232 1839 2271 potestatem
1875 2233 1906 2262 et

1166 2280 1385 2314 auctoritatem
1409 2280 1549 2324 plenarie
1574 2281 1775 2315 concedimus
1796 2285 1826 2316 et
1848 2282 1906 2315 im-

1166 2334 1346 2379 pertimur),
1364 2339 1398 2367 ut
1422 2334 1612 2378 praefertur,
1634 2335 1903 2377 concordaverint,

1167 2388 1242 2422 alias
1268 2398 1341 2421 vero
1374 2388 1560 2432 pensionum
1585 2388 1723 2422 decimas
1746 2389 1785 2422 ad
1809 2389 1904 2422 ratio-

1166 2452 1238 2475 nem
1263 2441 1371 2475 decem
1392 2452 1450 2485 pro
1475 2442 1655 2476 centenario
1680 2442 1833 2486 praestari
1856 2442 1905 2475 de-

1167 2496 1252 2537 bere,
1280 2501 1310 2529 et
1335 2495 1507 2529 secundum
1538 2506 1573 2528 ea
1597 2495 1772 2540 praedictos
1796 2505 1905 2529 omnes

1168 2550 1198 2582 in
1212 2549 1347 2582 solidum
1366 2549 1523 2593 cogendos
1540 2559 1618 2590 esse,
1636 2549 1839 2593 ipsarumque
1855 2548 1905 2582 de-

1168 2602 1322 2637 cimarum
1347 2607 1568 2648 procuratores
1593 2613 1609 2636 a
1632 2601 1745 2647 quibus
1776 2601 1905 2637 libuerit

1902 200 1954 228 An.
1978 201 2005 228 C.
2025 201 2089 229 1631

1944 1436 2032 1457 Solvere
2042 1436 2101 1457 iubet

1917 1463 1975 1484 iuxta
1997 1463 2100 1487 valorem.

1918 1490 1950 1510 vel
1965 1489 2101 1511 concordata.
