2248 3229
233 190 283 219 An.
305 190 332 219 c.
355 190 423 219 1632
467 182 532 216 290

1014 191 1191 215 eruanimi

432 239 616 274 huiusmodi
640 239 775 283 amplius
799 238 1039 278 declararit-nus,
1057 243 1086 271 et
1102 243 1193 315 aue-⁴

433 293 505 327 stati
529 303 646 332 sumus,
670 295 776 335 prout,
802 296 890 324 motu
913 291 1058 335 proprio,
1084 296 1113 324 et
1138 302 1194 347 ex¹

435 349 521 381 certa
545 346 673 380 scientia
691 349 721 379 et
741 347 865 378 matura
880 345 1107 379 deliberatione
1124 355 1176 379 no·
1191 349 1193 368 '=

435 401 521 440 stris,
546 400 646 443 deque
670 399 859 443 apostolicae
884 399 1047 443 potestatis
1073 369 1194 444 pleni-i

436 454 551 494 tudine,
577 453 669 486 ctiam
684 453 721 486 de
735 453 919 487 eorumdem
938 453 1088 495 Laudirii,
1104 454 1176 487 Ber·
1191 484 1194 498 ⁴

434 507 579 549 lingerii⁷
612 506 740 541 Fabritii
773 513 803 540 ct.
834 507 934 547 Martii
968 503 1193 553 cardinalium}

435 560 575 600 consilio,
602 564 709 593 tenore
732 560 945 604 praesentium
971 560 1193 604 attestamur·,{

434 613 633 647 decernimus
657 619 687 647 et
711 614 917 655 declaramus,
935 615 1057 657 mentis,
1076 610 1193 648 inten-'

436 667 527 701 tionis
541 673 571 701 et
584 668 751 701 voluntatis
770 668 1035 702 incommutabilis
1049 671 1175 702 nostrae
1192 692 1193 696 ,

433 721 528 754 fuisse
545 725 575 754 et
592 731 659 754 esse
676 732 712 754 ac
728 720 886 754 suturum¹
903 722 980 762 sore,
993 731 1054 765 per
1070 732 1176 765 quam-
1192 742 1193 751 t

435 785 571 818 cumque
594 780 734 808 nostram
751 775 965 819 praeteritam,
978 779 1174 819 praesentem

433 833 464 861 ct
478 828 615 861 suturam
634 828 888 869 taciturnitatem,
902 828 1132 862 conniventiam
1146 834 1176 862 et

434 882 646 922 tolerantiam,
671 886 702 915 et
725 892 783 926 per
804 881 1059 926 quemcumque2
1075 881 1175 926 ipsius

433 935 579 979 Gasparis
603 936 743 980 episcopi
766 940 795 970 et
815 930 982 970 cardinalis
996 936 1035 969 ad
1047 936 1175 970 audien-

434 989 509 1022 tiam
533 994 675 1023 nostram
698 1000 756 1033 pro
781 989 917 1033 negotiis
933 989 1086 1033 praedicti
1104 990 1175 1023 Phi·
1192 1000 1193 1005 ¹

433 1041 511 1086 lippi
535 1042 620 1085 regis
647 1042 839 1086 exponendis
863 1047 893 1075 et
917 1042 1118 1087 expediendis
1146 1049 1175 1076 et

433 1095 514 1129 alias*
533 1096 772 1140 quomodolibet
799 1096 991 1141 ubicumque
1015 1101 1045 1129 et
1069 1107 1172 1141 quan-

433 1149 613 1193 documque
640 1149 787 1192 gerendis
815 1154 845 1182 et
874 1148 1045 1182 tractandis
1070 1159 1174 1182 acces-

434 1212 513 1244 sum,
540 1212 576 1235 ac
600 1202 693 1235 etiam
711 1213 769 1246 per
788 1208 1020 1246 quamcumque
1033 1207 1174 1236 nostram

433 1255 517 1289 illius
541 1255 776 1296 admissionem,
796 1257 962 1300 minusque
987 1267 1023 1290 ex
1050 1256 1176 1300 quibus-

434 1308 509 1341 libet
540 1309 670 1351 gratiis,
703 1309 834 1353 aliisque
865 1309 1121 1343 concessionibus
1146 1315 1176 1342 et

433 1362 690 1406 dispositionibus
714 1373 772 1406 per
795 1373 853 1396 nos
874 1362 966 1395 etiam
987 1362 1019 1395 iri
1035 1363 1174 1396 favorem

433 1416 586 1459 praedicti
621 1416 758 1460 Philippi
793 1417 911 1462 regis,
940 1416 1034 1450 ctiam
1066 1421 1175 1457 motu,

434 1469 574 1511 scientia,
599 1469 824 1503 deliberatione
844 1475 874 1502 et
894 1470 1057 1514 potestatis
1080 1470 1176 1514 pleni-

435 1523 541 1556 tudine
565 1523 704 1567 paribus,
721 1534 757 1556 ac
781 1524 856 1556 alias
880 1524 1128 1568 quomodolibet,
1146 1529 1177 1557 et

435 1587 472 1610 cx
497 1577 751 1620 quibuscumque
776 1577 845 1610 aliis
861 1578 983 1611 actibus
1000 1583 1030 1610 et
1046 1577 1177 1611 functio-

435 1630 528 1663 nibus
546 1631 674 1671 nostris,
690 1636 721 1663 et
737 1630 871 1664 aliorum
890 1641 1175 1675 quorumcumque,

436 1689 498 1716 tam
522 1683 656 1728 publicis
680 1694 774 1728 quam
798 1683 939 1727 privatis,
956 1694 991 1717 ac
1007 1684 1082 1717 alias
1098 1695 1176 1727 quo-

435 1737 669 1781 modocumque
693 1743 723 1770 et
747 1737 1010 1781 quandocumque
1034 1737 1123 1770 factis
1147 1743 1177 1770 et

436 1790 606 1830 faciendis,
631 1800 704 1830 nos,
730 1795 802 1833 post
835 1800 996 1823 accessum
1024 1790 1176 1833 praedicti

435 1843 629 1876 marchionis
643 1843 741 1877 Castri
755 1843 910 1885 Rodcrici,
921 1853 1119 1887 nequaquam
1135 1843 1178 1876 in·
1192 1858 1195 1894 ᾖ

438 1897 603 1937 tellexisse‚
627 1907 686 1929 nec
709 1897 900 1939 intelligere,
925 1896 1092 1940 minusque
1116 1895 1195 1930 vo-l

437 1951 542 1991 luisse,
566 1960 626 1984 nec
650 1950 858 1994 imposterum
883 1950 972 1990 velle,
998 1950 1100 1983 eidem
1124 1951 1179 1983 Ga-

437 2004 522 2049 spari
540 2003 688 2048 episcopo
706 2009 735 2036 et
752 2003 902 2036 cardinali
919 2003 1077 2036 licentiam
1091 2014 1179 2048 prae-

437 2059 552 2092 dictam
588 2058 636 2090 vel
672 2058 852 2090 facultatem
888 2057 1082 2099 concedere,
1123 2068 1195 2103 seul

437 2113 574 2157 desuper
591 2121 779 2145 consensum
795 2117 937 2145 nostrum
959 2117 1118 2155 praestare
1138 2117 1179 2144 ta·
1194 2109 1195 2143 l

439 2167 497 2201 cite
508 2176 608 2210 neque
618 2175 773 2210 expresse,
782 2176 839 2198 nec
848 2165 993 2198 eumdem
1007 2166 1177 2209 Gasparem
1194 2155 1196 2193 ἶ

438 2221 621 2265 episcopum
637 2224 667 2254 et
680 2219 869 2252 cardinalem
882 2219 913 2251 in
927 2224 1086 2252 oratorem
1101 2219 1180 2252 eius·
1194 2230 1195 2239 ¹

438 2275 510 2308 dem
528 2274 662 2318 Philippi
684 2273 768 2316 regis
791 2273 986 2306 ordinarium
1005 2273 1052 2307 vel
1069 2279 1174 2307 extra--

439 2328 656 2369 ordinarium,
692 2332 745 2360 aut
777 2327 815 2360 de
847 2327 995 2368 interim,
1023 2327 1069 2360 vel
1101 2327 1195 2360 alias

438 2387 651 2426 nuncupatum
666 2365 764 2422 ‚⁸ncc
799 2381 892 2415 etiam
923 2381 1062 2414 eiusdem
1094 2381 1195 2424 regis*

439 2436 570 2479 negocia
595 2441 756 2478 gerentem
773 2435 821 2467 vel
838 2440 1022 2468 tractantem
1038 2435 1177 2479 recipere
1194 2459 1195 2479 3

439 2499 496 2523 nec
513 2489 688 2530 admittere,
713 2499 770 2522 nec
795 2488 900 2534 aliquo
919 2489 1011 2523 modo
1033 2488 1177 2522 eumdem
1194 2506 1195 2513 κ

476 2562 487 2587 1
508 2560 573 2587 Male
590 2560 654 2587 edit.
671 2560 752 2587 atain.
771 2560 836 2595 legit
849 2562 979 2595 suturam
999 2560 1035 2594 sn.
1049 2561 1097 2595 T.).

474 2603 491 2630 2
506 2604 576 2631 Edit.
592 2605 675 2632 Maiu.
691 2606 755 2641 legit
771 2613 963 2640 quoscumque
981 2606 1016 2641 [n.
1032 2604 1080 2638 T.].

1215 191 1369 216 nonxnrn

1210 238 1379 282 Gasparem
1405 240 1587 284 episcopum
1616 247 1646 275 et
1674 241 1865 276 cardinalem
1888 252 1948 287 pro

1209 292 1262 324 tali
1291 296 1418 325 oratore
1446 293 1494 325 vel
1520 294 1653 337 negocia
1682 296 1767 339 regis
1796 295 1948 340 praedicti

1209 350 1338 388 gerente
1361 356 1601 389 recognoscere,
1620 357 1678 381 nec
1697 358 1823 392 poenas,
1839 349 1878 382 ab
1898 359 1948 382 eo-

1209 398 1281 431 dem
1303 399 1440 443 Gaspare
1463 399 1614 444 episcopo
1631 406 1663 434 ct
1678 401 1834 435 cardinale
1847 403 1949 436 incur-

1210 461 1258 484 sas
1275 457 1305 485 et
1321 452 1536 496 incurrendas‚
1551 453 1595 486 illi
1613 453 1784 496 remittere,
1800 465 1858 488 nec
1875 466 1949 489 con-

1209 505 1336 538 donare.
1351 506 1559 541 Decernentcs
1569 507 1662 540 etiam
1675 507 1800 541 irritum
1809 513 1839 541 et
1847 509 1948 550 inane,

1209 559 1234 592 si
1260 569 1349 592 secus
1375 570 1469 604 super
1485 560 1534 594 liis
1551 571 1568 594 a
1585 571 1754 605 quoquam,
1773 562 1882 605 quavis
1899 573 1950 595 au-

1209 613 1362 653 ctoritate,
1389 613 1522 647 scienter
1546 614 1594 647 vel
1618 615 1818 658 ignoranter,
1843 615 1946 649 conti-

1209 667 1289 709 gerit
1315 667 1470 710 attentari,
1497 667 1619 700 sublata
1635 668 1826 712 quibuslibet
1839 669 1948 713 quavis

1209 720 1299 753 aliter
1323 720 1481 753 iudicandi
1507 726 1535 754 ct
1560 721 1787 766 interpretandi
1804 722 1949 756 facultate

1210 779 1239 807 et
1264 773 1459 807 auctoritate.

1253 828 1268 871 ἓ
1292 826 1321 860 3.
1347 828 1416 861 Non
1440 827 1636 862 obstantibus
1653 839 1851 874 quacumque
1868 840 1946 864 con-

1208 881 1366 922 niventia,
1391 881 1561 924 dilatione,
1587 882 1798 916 taciturnitate
1822 888 1853 916 et
1875 884 1951 918 tole-

1209 936 1311 968 rantia
1341 935 1457 969 nostris
1485 936 1684 979 huiusmodi,
1712 947 1792 980 quae
1818 942 1882 970 tam
1911 948 1950 972 ex

1209 999 1409 1032 quocumque
1419 989 1572 1033 temporis
1585 1000 1690 1031 cursu,
1704 1001 1799 1034 quam
1808 1001 1844 1024 ex
1853 1001 1950 1035 supra

1190 1042 1365 1086 4expressis
1397 1047 1427 1076 et
1459 1043 1712 1087 quibuscumque
1736 1044 1804 1077 aliis
1828 1044 1950 1079 actibus

1209 1100 1239 1129 et
1254 1096 1470 1129 functionibus
1487 1097 1614 1138 nostris,
1629 1102 1659 1130 et
1676 1098 1751 1131 alias
1775 1098 1949 1142 quomodo-

1209 1148 1304 1189 libet,
1329 1149 1480 1184 hactenus
1511 1155 1542 1183 et
1575 1160 1634 1194 pro
1665 1155 1831 1195 tempore,
1856 1151 1950 1184 etiam

1208 1206 1375 1245 postquam
1398 1203 1464 1246 ipse
1490 1203 1610 1247 Gaspar
1634 1204 1801 1248 episcopus
1825 1209 1856 1237 et
1879 1214 1948 1238 car-

1209 1254 1321 1288 dinalis
1354 1255 1482 1298 negotia
1516 1256 1669 1300 praedicti
1700 1257 1837 1301 Philippi
1865 1258 1950 1301 regis

1210 1318 1321 1350 gerere
1346 1307 1512 1350 desinerit,
1537 1309 1645 1350 sactis,
1665 1310 1819 1344 resultare
1843 1315 1874 1344 et
1897 1311 1950 1344 de-

1210 1360 1281 1394 duci
1305 1361 1464 1405 possunt¹‚
1480 1361 1613 1406 perinde
1632 1372 1667 1396 ac
1688 1363 1714 1396 si
1734 1363 1837 1396 statim
1857 1368 1889 1397 et
1903 1364 1952 1397 in«

1209 1414 1380 1447 continenti
1404 1420 1475 1459 post
1499 1415 1642 1449 incursas
1661 1415 1702 1450 ob
1722 1417 1898 1460 praemissa
1913 1418 1951 1452 ab

1210 1468 1320 1501 eodem
1338 1469 1475 1513 Gaspare
1493 1469 1644 1514 episcopo
1661 1475 1691 1503 et
1708 1470 1857 1504 cardinali
1877 1481 1952 1515 poe-

1210 1532 1265 1555 nas
1290 1527 1400 1555 contra
1424 1533 1497 1555 eum
1520 1533 1705 1567 processum
1725 1524 1816 1565 foret,
1833 1524 1952 1561 dilatio-

1211 1586 1281 1619 que,
1306 1576 1511 1618 taciturnitas,
1526 1577 1724 1611 conniventia
1740 1583 1770 1611 et
1787 1579 1950 1612 tolerantia

1211 1634 1338 1662 nostrae
1362 1629 1542 1662 huiusmodi
1566 1630 1745 1665 nullatenus
1769 1631 1951 1664 intervenis-

1211 1687 1293 1724 sent,
1312 1683 1487 1727 ceterisque
1505 1683 1670 1717 contrariis
1686 1684 1948 1729 quibuscumque.

1255 1737 1270 1780 ἓ
1293 1736 1322 1769 4.
1349 1737 1499 1770 Volumus
1523 1742 1638 1780 autem,
1664 1737 1748 1781 quod
1770 1743 1952 1782 praesentes

1210 1789 1342 1831 litterae,
1353 1801 1425 1823 cuin
1438 1790 1584 1823 omnibus
1595 1796 1625 1823 et
1637 1790 1769 1834 singulis
1782 1791 1813 1824 in
1826 1791 1871 1824 eis
1882 1802 1952 1826 con-

1212 1845 1313 1884 tentis,
1335 1855 1426 1878 suum
1451 1844 1630 1888 plenarium
1655 1845 1827 1878 sortiantur
1843 1851 1874 1879 et
1889 1856 1953 1879 sor-

1212 1897 1263 1929 tiri
1288 1897 1421 1930 debeant
1451 1897 1618 1939 effectum,
1650 1899 1837 1942 pracsertim
1868 1899 1951 1933 circa

1212 1951 1447 1984 translationem
1473 1956 1503 1984 et
1527 1951 1795 1985 transmissionem
1826 1952 1865 1985 ad
1894 1963 1952 1997 op-

1211 2004 1378 2048 portunius
1405 1998 1529 2049 t'empus
1557 2015 1613 2038 seu
1638 2005 1867 2049 beneplacitum
1894 2016 1951 2040 no-

1212 2063 1312 2090 strum
1322 2058 1603 2092 animadversionis
1617 2058 1647 2090 in
1663 2058 1766 2102 ipsum
1781 2059 1952 2103 Gasparem

1213 2111 1395 2155 episcopum
1410 2116 1439 2144 et
1453 2111 1654 2152 cardinalem,
1667 2112 1819 2156 illumque
1832 2118 1953 2146 arctent

1212 2169 1242 2197 et
1263 2164 1398 2199 afficiant
1415 2165 1446 2197 in
1464 2165 1612 2210 omnibns
1632 2171 1662 2198 et
1678 2176 1734 2209 per
1758 2166 1872 2208 omnia,
1896 2176 1951 2210 pe-

1213 2217 1302 2250 rinde
1327 2228 1362 2250 ac
1386 2217 1411 2250 si
1436 2217 1626 2261 publicatae,
1651 2218 1798 2263 dictoque
1822 2219 1953 2264 Gaspari

1212 2271 1362 2314 episcopo
1379 2271 1572 2304 etcardinali
1599 2273 1808 2316 personaliter
1833 2272 1953 2307 intima-

1212 2330 1260 2358 tae
1284 2325 1425 2358 fuissent.

1255 2379 1365 2413 Datum
1388 2380 1521 2420 Romae,
1549 2380 1634 2424 apud
1658 2380 1687 2414 S.
1708 2380 1836 2415 Mariam
1861 2381 1953 2416 Maio-

1214 2444 1290 2474 rem,
1316 2433 1373 2466 sub
1391 2434 1506 2467 annulo
1530 2434 1706 2474 piscatoris,
1725 2434 1774 2469 die
1791 2434 1952 2470 xva-iunii

1213 2496 1376 2526 nncxxxu,
1395 2486 1597 2531 pontificatus
1616 2488 1714 2522 nostri
1732 2498 1814 2522 anno
1831 2498 1871 2523 lx.

1194 2545 1195 2571 3
1247 2541 1304 2567 Dat.
1327 2541 1369 2567 die
1391 2541 1418 2567 1]
1443 2533 1603 2573 iu21ii'1632,
1625 2541 1719 2577 ponus.
1738 2550 1809 2569 anno
1824 2548 1861 2569 ix.

1251 2606 1257 2630 t
1279 2604 1371 2639 Aptius
1386 2603 1522 2639 legeretur
1532 2607 1647 2640 possent
1659 2607 1699 2638 (n.
1717 2605 1763 2637 m.

1961 195 2010 223 An.
2027 197 2056 223 C..

2079 196 2145 224 1032

2015 842 2127 864 Obstantiu

1965 868 2083 903 dqrogatio.

1993 1748 2112 1771 Clausulam.
