2248 3229
204 266 252 293 An.
276 264 302 292 c.
327 265 391 293 1637
440 257 502 290 618

987 262 1164 287 BULLAIUL'M
1190 261 1344 285 ROMANUM

403 315 479 348 Sixti
495 341 502 354 ,
527 313 692 347 Cloinentis
717 316 745 345 et
770 312 855 344 Pauli
890 322 924 343 ac
949 315 1072 343 nostras
1097 310 1141 342 lit-
1159 314 1161 330 t
1176 309 1234 350 avi,
1260 309 1357 348 aviac,
1383 308 1447 340 sive
1470 309 1602 352 paterni,
1624 308 1688 341 sive
1705 309 1848 349 materni,
1862 313 1916 342 aut

404 374 495 406 teras,
513 366 680 408 omniaque
694 370 723 397 et
737 365 859 407 singula
877 364 907 396 in
928 364 973 397 eis
986 369 1016 396 et
1033 373 1141 396 earum

405 420 539 464 qualibet
556 428 702 462 expressa
719 422 749 450 et
762 417 932 461 prohibita,
951 426 1142 460 poenasque,
1159 425 1161 434 ’

404 478 466 505 tani
492 470 642 504 nullitatis
664 474 881 503 contractuum
907 479 943 502 ac
967 469 1143 512 dispositio-

404 536 490 564 num,
515 534 608 567 quam
633 523 709 555 alias
734 532 960 566 quascumque,
981 521 1020 553 ab
1045 521 1088 554 eis
1113 525 1143 554 et

404 577 535 620 singulis
559 586 668 609 earum
693 576 786 608 etiam
811 580 919 608 contra
951 573 1090 607 notarios
1114 578 1144 606 et

405 631 481 663 alios
506 639 722 672 quoscumque
747 628 880 661 inflictas
905 628 1143 671 approbamus,

405 682 628 716 confirmamus
653 686 683 714 et
707 681 900 714 innovamus.
926 681 1053 714 Necnon
1077 680 1145 712 illas

405 735 583 779 ampliando
608 745 643 768 ac
668 734 865 775 declarando,
892 733 1015 766 easdem
1034 732 1146 766 consti-

407 789 559 829 tutiones,
585 799 620 821 ac
645 788 749 821 omnia
774 792 804 820 et
829 787 951 830 singula
980 787 1011 819 in
1040 786 1084 819 eis
1116 790 1146 818 et

406 852 514 875 earum
541 841 679 885 qualibet
699 845 854 880 contenta,
871 840 909 872 ad
929 850 1146 883 quoscumque

406 901 585 928 contractus
621 896 714 927 causa
749 894 795 927 vel
826 898 989 937 praetextu
1025 893 1145 926 dotium

406 948 638 993 quomodolibet
656 949 861 991 imposterum
876 947 1038 987 iucundos,
1057 957 1092 979 ac
1109 946 1146 979 ad
1163 957 1164 967 ¹

406 1013 619 1048 quascumque
633 1002 720 1036 dotes
738 1002 963 1045 cuiuscumque
979 1000 1145 1044 qualitatis,

407 1056 586 1101 quantitatis
619 1067 655 1088 ac
686 1056 822 1095 valoris,
852 1060 881 1088 et,
917 1054 1148 1098 quantumlibet

407 1110 620 1155 privilegiatas
645 1114 674 1143 ct
698 1109 896 1148 favorabiles,
915 1109 1008 1141 etiam
1027 1107 1147 1140 ratione
1164 1121 1166 1138 z

408 1163 601 1197 educationis
626 1163 799 1203 infantium,
822 1161 1015 1205 pupillorum
1033 1165 1062 1192 et
1080 1171 1148 1203 per-

408 1228 557 1251 sonarum
593 1225 887 1260 quaruutcumque‚
920 1219 950 1247 et
981 1213 1149 1246 cuiuslibet

408 1270 535 1303 alterius
550 1268 754 1308 necessitatis,
772 1273 802 1300 et
818 1267 893 1299 alias
910 1266 1148 1309 111101110110111101

408 1334 466 1368 per
490 1333 725 1367 quoscumque,
752 1322 816 1354 sive
840 1320 983 1353 subditos
1008 1320 1071 1353 sive
1096 1320 1144 1352 so-

408 1386 526 1416 renses,
551 1375 715 1418 utriusque
730 1385 831 1414 sexus,
848 1375 1075 1417 cuiuscumque
1093 1378 1150 1405 sta-

409 1435 468 1470 tus,
486 1429 612 1472 gradus,
630 1428 828 1467 conditionis,
846 1427 1003 1472 qualitatis
1021 1431 1050 1460 et
1063 1436 1150 1470 prae-

410 1483 616 1523 eminentiae,
653 1482 747 1514 etiam
782 1481 976 1525 imperialis,
1012 1480 1149 1523 regalis,

410 1537 538 1577 ducalis,
564 1546 647 1569 nunc
672 1540 702 1568 et
728 1545 785 1579 pro
811 1539 954 1578 tempore
972 1534 1149 1575 existentes,

411 1596 441 1623 et
465 1600 663 1634 quacumque
693 1588 876 1622 auctoritate
909 1598 945 1620 ac
977 1585 1149 1630 dignitate,

411 1643 504 1677 etiam
530 1642 741 1676 ecclesiastica
765 1646 793 1674 et
818 1641 1010 1674 individuam
1028 1651 1151 1684 expres-

411 1698 529 1730 sionem
555 1696 734 1739 requirente
762 1695 932 1739 praeditos,
956 1695 994 1727 de
1019 1694 1150 1737 quibus-

411 1760 546 1793 cumque
570 1749 660 1782 bonis
677 1754 707 1782 et
724 1748 854 1789 iuribus,
877 1748 941 1780 sive
965 1747 1152 1780 iurisdictio-

413 1803 535 1835 nalibus
560 1802 623 1833 sive
649 1811 711 1833 non
737 1800 1060 1840 iurisdictionalibus,
1090 1805 1151 1832 sta-

411 1855 529 1887 bilibus
561 1860 664 1886 tamcn
697 1864 751 1886 5011
776 1853 1012 1893 immobilibus,
1045 1852 1151 1884 aliisve

412 1908 503 1941 bonis
538 1912 568 1939 et
601 1907 744 1947 iuribus,
780 1917 859 1950 quae
895 1916 953 1949 pro
989 1905 1170 1938 stabilibus

412 1962 579 2001 habentur,
603 1960 734 1993 ubilibet
758 1960 789 1992 in
815 1959 924 1992 eodem
946 1960 1032 1992 Statu
1052 1959 1153 1991 Eccle-

414 2016 548 2055 siastico,
574 2014 760 2058 praesertim
777 2014 808 2046 in
823 2013 998 2047 confinibus
1012 2013 1151 2045 eiusdem

414 2070 517 2102 Status
549 2078 607 2111 pro
632 2068 734 2110 aliqua
768 2067 835 2099 eius
867 2072 954 2109 parte
992 2066 1152 2108 contigui,

415 2123 490 2163 sitis,
517 2128 578 2153 tam
604 2120 795 2153 coniunctim
813 2131 905 2162 quain
927 2119 1062 2159 divisim,
1083 2119 1152 2151 abs-

415 2187 474 2220 que
499 2177 604 2208 nostra
626 2181 655 2207 01
673 2175 804 2207 [tomani
825 2174 984 2207 Pontilicis
1004 2185 1062 2217 pro
1082 2178 1172 2207 10111Γ

414 2240 492 2274 pore
510 2228 668 2261 existentis
683 2229 831 2271 expressa
847 2227 969 2260 lieentia
983 2227 1152 2270 praedicta,

415 2285 621 2327 ii‘uposterui‘n
651 2283 743 2315 01111111
769 2282 885 2325 absque
916 2281 1018 2324 aliqua
1047 2281 1154 2324 111111111-

417 2338 500 2370 110110
525 2336 728 2379 assignandas
743 2340 768 2369 01
785 2335 1020 2378 111101110110111111
1039 2334 1155 2367 dandas
1172 2349 1173 2357 ¹

418 2391 604 2434 cuicumque
629 2390 751 2434 ptullae
776 2400 830 2422 seu
848 2389 982 2429 inulieri,
1004 2389 1096 2421 etiam
1116 2388 1156 2420 vi-

417 2445 506 2485 duae,
532 2445 624 2477 etiam
647 2444 801 2483 subditae,
819 2448 848 2475 et.
869 2443 979 2486 quovis
1002 2442 1095 2475 niodo
1124 2447 1157 2474 ut

420 2497 629 2540 praemittitur
654 2496 861 2540 qualifieatae,
886 2496 916 2528 in
948 2496 1086 2528 savorem
1113 2500 1156 2528 ta-

418 2560 489 2582 men
514 2550 679 2582 cuiuslibet
704 2550 845 2591 sorensis,
867 2549 1096 2592 quantumlibet
1125 2554 1174 2581 ut*

418 2603 628 2646 praemittitur
659 2603 849 2646 qualificati,
882 2603 973 2635 etiam
1006 2602 1157 2646 principis

1171 2259 1173 2283 i

1171 2368 1173 2384 l

1172 2387 1173 2395 i

1176 362 1292 403 fratris,
1318 361 1365 394 vel
1382 360 1452 403 11111,
1470 365 1523 393 aut
1538 361 1671 404 nepotis,
1692 361 1783 394 etiam
1797 373 1834 395 ex
1849 362 1915 394 eius

1177 415 1271 449 fratre
1285 415 1330 448 vel
1346 424 1455 447 sorore
1472 423 1555 446 nunc
1575 413 1638 445 nati
1658 418 1688 445 et
1701 413 1915 457 quandocum-

1177 478 1237 512 que
1262 467 1421 509 nascituri,
1447 466 1643 499 extendimus
1669 471 1698 498 et
1718 466 1916 510 ampliamus,

1177 521 1306 565 perinde
1324 532 1360 554 ac
1376 521 1400 554 si
1417 521 1506 554 dotes
1523 525 1553 553 et
1570 524 1749 553 contractus
1767 530 1803 552 ex
1824 523 1916 554 causa

1177 574 1296 608 dotium
1322 573 1502 607 huiusmodi
1519 583 1582 606 non
1599 572 1730 605 fuissent
1749 572 1780 605 in
1796 573 1918 617 praedi-

1178 627 1235 660 ctis
1256 626 1531 661 constitutionibus
1548 631 1693 670 exceptae
1713 636 1770 659 nec
1787 626 1917 669 excepti.

1223 681 1238 724 g
1252 680 1280 713 5.
1295 680 1450 720 Quinimo,
1466 679 1548 712 ultra
1564 689 1682 723 poenas
1703 678 1733 711 in
1750 679 1919 723 praedictis

1179 734 1456 769 constitutionibus
1469 732 1611 774 inflictas,
1625 731 1768 765 addimus
1783 742 1918 776 poenam

1179 786 1363 831 privationis
1388 790 1417 820 01
1441 785 1672 819 confiscationis
1696 784 1839 828 ipsorum
1863 785 1919 818 bo-

1180 851 1292 874 norum
1312 844 1341 872 et
1358 839 1474 872 iurium
1493 848 1768 882 quorumcumque
1795 849 1832 872 eo
1852 839 1920 883 ipso

1181 894 1300 937 absque
1325 892 1384 925 alia
1410 892 1620 925 declaratione
1644 891 1864 924 incurrendam
1890 892 1921 924 in

1180 948 1318 980 savorem
1344 956 1487 979 camerae
1511 945 1710 990 apostolicae,
1735 945 1799 978 sive
1823 946 1921 978 eccle-

1181 1000 1298 1032 siarum
1318 999 1513 1039 inferiorum,
1539 1008 1556 1030 a
1570 998 1683 1042 quibus
1701 998 1921 1031 contrahentes

1182 1054 1229 1086 vel
1254 1054 1453 1097 disponentes
1470 1053 1521 1085 illa
1543 1056 1795 1095 recognoverunt
1811 1052 1860 1086 vel
1877 1063 1922 1085 re-

1182 1110 1384 1150 cognoscunt.

1226 1161 1241 1203 g
1266 1160 1294 1192 6.
1320 1160 1417 1198 Quam
1443 1159 1569 1203 quidem
1595 1159 1866 1193 confirmationem
1892 1165 1922 1193 et

1182 1213 1395 1247 extensionem
1420 1213 1461 1246 ita
1493 1213 1710 1253 declaramus,
1735 1218 1790 1254 ut,
1819 1213 1921 1257 quoad

1183 1266 1451 1306 iurisdicdonafia,
1476 1271 1620 1310 respectu
1644 1265 1763 1299 dotium
1788 1270 1818 1300 et
1841 1276 1919 1299 con-

1183 1323 1340 1353 tractuum
1370 1330 1405 1352 ac
1436 1319 1678 1363 dispositionum
1710 1319 1921 1363 praefatarum

1183 1373 1221 1406 de
1239 1378 1344 1406 cetero
1365 1372 1584 1413 ineundorum,
1610 1371 1869 1415 assignandarum
1894 1379 1924 1405 01

1184 1426 1398 1460 faciendarum
1414 1426 1481 1458 sine
1500 1425 1626 1458 licentia
1646 1425 1819 1469 apostolica
1838 1436 1925 1470 prac-

1184 1480 1275 1522 dieta,
1296 1485 1359 1512 tam
1386 1479 1545 1523 principes
1574 1479 1702 1511 maioris
1721 1479 1878 1523 potentiae
1895 1485 1925 1512 ct

1184 1533 1231 1566 sui
1255 1533 1398 1577 praefati,
1424 1543 1517 1576 quam
1542 1533 1735 1576 quicumque
1759 1532 1811 1565 alii
1840 1543 1925 1577 quo-

1185 1586 1359 1619 modolibet
1389 1585 1577 1629 qualificati,
1603 1585 1783 1618 subiaceant
1807 1585 1924 1618 eisdem

1184 1639 1294 1684 poenis
1315 1639 1409 1672 etiam
1431 1638 1616 1682 privationis
1634 1643 1664 1671 et
1683 1638 1924 1679 confiscationis,

1185 1692 1277 1725 etiam
1294 1692 1318 1725 si
1333 1691 1393 1736 ipsi
1418 1692 1457 1725 ita
1475 1691 1695 1725 contrahentes
1712 1702 1748 1725 ac
1761 1691 1926 1736 disponen-

1186 1750 1230 1778 tes
1246 1745 1336 1778 nobis
1357 1749 1385 1777 et
1402 1744 1472 1778 Sedi
1493 1743 1689 1788 Apostolicae
1706 1745 1827 1778 ratione
1843 1745 1926 1778 feudi

1186 1804 1289 1831 essent
1313 1797 1439 1838 subditi,
1459 1808 1494 1831 ac
1513 1798 1605 1830 etiam
1627 1797 1652 1830 si
1670 1802 1781 1840 castra,
1802 1798 1850 1831 vel
1867 1798 1927 1831 alia

1186 1851 1445 1884 iurisdictionalia
1469 1861 1695 1894 quaecumque,
1716 1856 1768 1884 aut
1792 1851 1925 1894 stabilia,

1186 1909 1238 1936 aut
1262 1904 1394 1948 palatia,
1417 1904 1466 1936 vel
1492 1903 1602 1936 domos
1627 1908 1750 1948 apertas
1774 1903 1928 1938 haberent

1188 1958 1217 1990 in
1243 1958 1354 1991 eodem
1380 1957 1486 1998 Statu,
1511 1958 1559 1990 vel
1591 1958 1683 1990 ctiam
1709 1958 1741 1990 in
1766 1958 1870 1999 Urbe,
1895 1960 1927 1992 in

1187 2011 1301 2054 quibus
1327 2011 1385 2055 ipsi
1406 2011 1552 2044 continue
1571 2022 1641 2044 cum
1667 2021 1777 2044 eorum
1801 2011 1927 2044 familiis

1188 2070 1217 2097 et
1241 2064 1358 2097 laribus
1390 2075 1461 2097 vere
1478 2066 1480 2068 ’
1495 2070 1525 2097 et
1554 2065 1762 2109 personaliter
1786 2066 1928 2099 habitare

1188 2129 1249 2151 non
1269 2119 1504 2158 consueverint,
1522 2129 1583 2162 quo
1599 2129 1671 2152 1010
1697 2119 1735 2151 ad
1758 2130 1821 2152 non
1841 2120 1929 2153 iuris-

1189 2173 1364 2212 dietonalia,
1387 2172 1507 2205 stabilia
1534 2178 1647 2213 tamen,
1665 2183 1719 2206 5011
1744 2173 1928 2215 immobilia,

1171 2227 1172 2253 l
1189 2237 1224 2258 ac
1248 2236 1370 2266 census,
1385 2230 1414 2259 et
1431 2226 1490 2258 alia
1514 2236 1593 2270 quae
1614 2236 1672 2270 pro
1690 2226 1852 2259 stabilibus
1873 2227 1927 2259 ha-

1188 2280 1312 2320 bentur,
1337 2290 1398 2313 non
1425 2283 1526 2313 tamen
1550 2281 1707 2313 Romanae
1731 2280 1835 2313 curiae
1860 2280 1928 2313 offi-

1190 2333 1254 2374 cia,
1279 2344 1337 2366 nec
1369 2333 1546 2377 portiones,
1572 2344 1627 2366 seu
1658 2333 1811 2366 montium
1842 2333 1928 2374 loca,

1190 2387 1283 2418 iidem
1309 2387 1469 2430 principes
1495 2386 1623 2419 maioris
1644 2387 1802 2431 potentiae
1827 2391 1856 2419 et
1881 2387 1928 2419 sui

1172 2440 1343 2486 {praedicti
1369 2440 1486 2473 eisdem
1520 2440 1630 2484 poenis
1655 2440 1852 2480 subiaceant;
1878 2451 1928 2472 10-

1191 2493 1266 2537 liqui
1291 2504 1365 2527 vero
1382 2494 1522 2531 forenses
1539 2493 1656 2537 pariter
1673 2493 1795 2526 easdem
1813 2503 1929 2537 poenas

1191 2548 1284 2580 etiam
1308 2547 1493 2592 privationis
1525 2553 1555 2580 et
1584 2546 1815 2580 confiscationis
1838 2556 1929 2590 prae-

1191 2603 1326 2634 fatorum
1354 2601 1513 2638 stabilium
1546 2606 1575 2633 et
1599 2601 1733 2634 aliorum
1768 2610 1847 2643 quae
1871 2610 1930 2643 pro

420 2656 547 2689 maioris
572 2656 738 2700 potentiae,
759 2657 806 2688 vel
827 2656 893 2688 eius
913 2656 1020 2700 patris,
1038 2656 1157 2696 matris,
1174 2674 1176 2698 1
1192 2654 1355 2688 stabilibus
1380 2655 1535 2688 habentur
1561 2653 1706 2696 (ubilibet
1736 2653 1767 2686 in
1790 2653 1930 2697 praefato

1927 259 1977 286 An.
1999 258 2026 286 (ἶ.
2043 258 2111 287 1637

1968 691 1994 711 Et
2009 691 2069 711 aliter
2084 697 2118 712 su·

1934 717 2038 744 pei-addit.

1943 1168 2065 1189 Declaratio
2073 1173 2122 1189 cou-

1938 1195 2061 1224 firmationis
2101 1197 2121 1217 et

1938 1224 2071 1243 extensionis.
2103 1230 2107 1233 Δ
