2226 3235
85 219 135 254 lin.
152 225 180 252 c.
203 224 271 252 ¹629

132 500 218 520 vritur-i
234 505 274 519 non

106 529 159 547 otest
169 533 207 556 nisi
216 533 227 546 a
237 526 275 546 Rc·

99 557 192 574 emulis.

126 1031 231 1052 Moderati
248 1031 283 1051 tit*-

100 1059 135 1079 bet
159 1060 213 1078 sicut
242 1059 283 1077 aba

100 1085 209 1112 pruvincia
219 1084 283 1105 resur<

101 1114 165 1133 mata.

889 220 1032 245 URBANUS
1050 220 1106 244 VIH
1127 220 1175 243 PP.

285 273 359 306 ralis
370 273 453 305 iuxta
466 268 588 305 Bullamv
598 271 723 304 unionis
736 270 824 303 electi
834 271 907 313 (non
919 275 1022 302 autem

287 325 578 359 commissariorum
603 324 797 367 generalium
819 323 958 356 eiusdem
973 322 1027 356 Or-

287 379 368 412 dinis
393 384 423 411 et
447 367 702 445 regnorun'
726 377 899 422 superioris
919 377 967 409 vel
985 376 1027 408 in-

289 432 414 466 ferioris
438 432 640 472 Germaniae,

334 485 391 529 §3
403 486 445 518 lta
456 485 538 529 quod
555 485 697 518 minister
710 496 744 518 ac
755 485 890 518 vicarius
903 489 932 517 et
946 493 1029 516 com—

291 539 453 572 missarius
477 540 640 582 generales
664 539 825 583 praedicti,
853 539 937 571 iuxta
962 537 1030 569 Bul-

291 594 351 626 lam
369 592 549 626 huiusmodi
568 593 668 632 electi,
685 593 768 625 illam
788 591 910 625 nonnisi
927 601 984 635 per
997 600 1029 623 se

292 647 378 690 ipsos
397 652 451 679 aut
471 647 705 679 commissarios
722 646 846 679 Ordinis
870 645 1030 678 Reforma-

292 705 396 732 torum
422 700 657 743 praedictorum
683 700 808 732 visitare
832 698 967 741 valeant)
984 697 1030 730 iu-

294 753 498 793 risdictione,
523 753 709 786 auctoritate
735 758 764 785 et
790 751 1031 796 superiorssate,

293 806 445 850 cuiusque
463 807 575 839 fratres
593 806 678 839 iuxta
694 806 921 839 declarationes
936 804 1033 836 felicis

295 860 521 893 recordationis
546 861 663 893 Nicolai
694 860 733 893 111
765 865 795 892 et
822 858 988 893 Clementis
1012 857 1033 889 V

296 914 510 947 Romanorum
542 914 727 948 Pontificum
756 913 1035 957 praedecessorum

297 974 479 1001 nostrorum
504 968 608 1000 vivere
628 968 775 1007 debeaut;

344 1022 358 1064 ἓ
383 1022 413 1054 4.
440 1023 477 1055 Et
497 1033 567 1055 cum
585 1022 645 1055 hoc
665 1022 768 1063 etiam,
786 1021 870 1068 quod
895 1031 932 1054 ex
955 1030 1038 1053 nunc

301 1074 442 1107 minister
456 1074 656 1118 provincialis
666 1074 846 1118 provinciae
861 1073 1038 1116 Hungariae

300 1128 481 1171 huiusmodi
506 1138 632 1161 omnem
658 1128 917 1166 iurisdiCtionem,
942 1127 1040 1160 sacul-

301 1187 395 1214 tatem
421 1187 449 1215 et
475 1182 702 1223 auctoritatem,
728 1187 790 1214 tam
813 1182 842 1214 in
860 1181 972 1214 fratres
988 1181 1042 1214 Or-

302 1235 382 1267 dinis
402 1235 552 1278 praedicti
577 1235 635 1267 sibi
661 1235 821 1275 subditos„
839 1246 933 1278 qnam
959 1235 1042 1267 circa

302 1298 453 1321 novarum
490 1289 657 1321 domorum
686 1289 827 1322 eiusdem
858 1289 987 1322 instituti
1012 1289 1042 1321 in

303 1341 413 1374 eadem
432 1342 594 1385 provincia
612 1342 823 1374 fundationem
842 1353 896 1374 scu
914 1342 1043 1375 erectio-

304 1405 375 1427 nem
390 1401 439 1427 aut
454 1395 713 1436 aedificationem,
725 1406 844 1427 necnon
855 1396 946 1427 ctiam
962 1395 1044 1427 circa

305 1448 450 1487 novitios,
475 1448 597 1491 aliaque
619 1449 650 1481 in
668 1449 779 1481 litteris
804 1449 983 1492 apostOIIcis
1001 1459 1046 1481 rc-

307 1501 455 1534 colendae
481 1503 652 1535 memoriae
684 1503 828 1545 Gregorii
854 1503 954 1546 Papae
979 1502 1045 1535 Xlll

307 1555 399 1588 etiam
411 1556 661 1598 praedecessorIs
674 1557 771 1588 nostri
787 1561 941 1596 contenta,
955 1562 1047 1600 prout

308 1608 359 1641 atii
385 1608 517 1641 ministri
542 1609 750 1651 provinciales
774 1609 905 1642 aliarum
925 1610 1049 1653 provin-

309 1662 427 1694 ciarum
442 1661 575 1694 fratrum
591 1662 731 1695 eiusdem
750 1662 874 1696 Ordinis
891 1663 1049 1696 Reforma-

309 1719 414 1748 torum
440 1715 703 1748 Discalceatorum
730 1722 993 1760 nuncupatorum,
1019 1717 1050 1749 in

311 1769 457 1802 omnibus
481 1775 511 1802 et
535 1780 591 1813 per
615 1771 721 1803 omnia
744 1769 908 1811 liabeant¹,
934 1776 963 1803 et
988 1775 1048 1803 tam

312 1823 388 1866 ipsi,
413 1833 506 1865 quam
532 1823 725 1865 singularum
752 1824 919 1857 domorum
951 1824 1051 1856 dietae

312 1877 492 1919 provinciae
516 1877 648 1909 fratrum
673 1878 826 1910 Minorum
848 1878 876 1911 S.
895 1877 1051 1910 Francisci

314 1929 565 1962 Reformatorum
584 1923 844 1964 Disealceatorum
862 1937 1054 1975 nuncupato-

315 1993 385 2015 rum
400 1983 579 2025 Ilungariae
593 1984 772 2026 superiores
782 1983 802 2024 ²,
817 1995 937 2017 necnon
951 1985 1055 2027 singu-

315 2035 398 2069 lares
408 2047 517 2069 eorum
530 2043 556 2069 et
572 2037 737 2069 cuiuslibet
753 2038 877 2071 illorum
891 2049 1064 2081 personae,⁴

318 2090 463 2122 omnibus
475 2097 503 2122 et
517 2091 648 2133 singulis
661 2092 897 2134 praerogativis,
907 2092 1058 2135 praeemi—

318 2144 442 2181 nemus,
460 2144 645 2187 privilegiis,
663 2146 926 2189 exemptionibus,
949 2146 1059 2178 immu-

320 2196 480 2235 nitatibus,
505 2198 641 2239 indultis,
663 2199 928 2240 concessionibus,
950 2199 1060 2232 favori-

321 2250 381 2283 bus
395 2256 423 2283 ct
435 2251 544 2293 gratiis
557 2253 771 2295 spiritualibus
783 2259 812 2285 et
824 2254 1059 2296 temporalibus,

323 2303 437 2347 quibus
446 2304 496 2336 alii
509 2305 688 2339 huiusmodi
700 2307 832 2339 ministri
851 2307 1061 2350 provinciales

324 2363 355 2391 et
372 2358 494 2390 illarum
513 2359 678 2392 domorum
702 2361 894 2403 regularium
919 2362 1061 2405 superio-

324 2422 376 2445 res
392 2417 422 2444 et.
439 2411 613 2454 singulares
631 2424 783 2457 personae
803 2414 859 2454 uti,
878 2414 948 2455 frui,
967 2415 1062 2458 potiri

327 2470 357 2497 et
381 2465 519 2508 gaudere
543 2466 652 2506 solent,
670 2477 705 2500 ae
722 2473 852 2510 possunt
868 2472 898 2500 et
918 2473 1066 2511 poterunt

327 2520 567 2563 quomodolibet
590 2520 620 2553 in
645 2522 796 2562 futurum,
813 2521 935 2565 pariter
959 2527 1066 2566 et-pa-

363 2591 377 2619 1
397 2591 512 2626 Legem.
530 2592 641 2621 habeat,
658 2595 683 2618 el
700 2595 755 2619 lam
770 2593 831 2627 ipse
845 2593 885 2627 (R.
903 2594 938 2626 T).

363 2636 381 2664 2
394 2637 543 2672 perperam
557 2638 600 2665 ed.
616 2637 696 2665 Mein.
712 2637 777 2674 legit
789 2639 947 2673 superioris
961 2638 1000 2674 (R.
1019 2639 1066 2675 T.)-

1699 206 1758 238 2101

1059 268 1230 301 ril'ormiter
1244 277 1278 299 ac
1294 275 1392 309 aeque
1417 264 1642 309 principaliter,
1658 264 1723 295 siue
1738 264 1800 295 ulla

1062 332 1192 365 prorsus
1216 320 1410 360 differentia,
1435 319 1498 359 uti,
1523 318 1585 350 srui
1610 321 1639 351 el
1663 317 1800 360 gaudere

1061 375 1181 419 possint
1205 380 1235 407 ct
1259 374 1396 413 valeanl;

1106 429 1120 472 ἓ
1137 428 1166 460 5.
1191 427 1342 471 Quodque
1357 437 1439 460 nunc
1457 431 1487 459 et
1505 436 1562 470 pro
1580 431 1723 468 tempore
1743 424 1803 456 exi-

1063 535 1238 568 visitatores
1262 534 1300 566 ab
1326 545 1362 566 co
1387 533 1479 566 etiam
1502 544 1560 576 pro
1577 538 1719 574 tempore
1737 530 1803 563 mil-

1065 588 1157 629 tendi,
1168 593 1291 627 statuta,
1301 587 1540 619 constitutiones
1550 591 1577 618 et
1590 584 1804 618 ordinationes

1065 641 1204 673 ciusdem
1229 640 1410 684 provinciae
1435 639 1632 681 Ilungariae,
1658 638 1805 680 illiusque

1066 695 1233 728 domorum
1258 694 1452 736 regularium
1479 691 1670 732 huiusmodi,
1692 690 1750 722 nisi
1769 689 1806 721 dc

1067 758 1221 781 consensu
1242 747 1370 780 maioris
1387 747 1484 790 partis
1502 748 1633 778 l'ratrum
1653 744 1806 777 vocalium

1067 801 1167 835 dictae
1187 801 1367 845 provinciae
1384 799 1561 842 llungariae
1580 799 1610 830 in
1631 808 1740 830 eorum
1759 807 1809 828 ca-

1069 855 1175 898 pitulis
1200 854 1448 898 provincialibus
1466 851 1662 896 praestando,
1677 851 1809 883 alterare

1071 909 1117 941 vel
1141 908 1318 947 immutare,
1339 912 1392 939 aut
1409 906 1537 939 eosdem
1557 906 1670 937 fratres
1695 905 1733 936 ab
1758 914 1809 936 eo-

1072 972 1142 994 rum
1170 961 1264 994 modo
1288 960 1422 999 vivendi,
1449 958 1620 991 dummodo
1642 958 1726 990 iuxta
1748 967 1811 989 eas-

1073 1014 1144 1048 dem
1169 1014 1397 1047 declarationes
1422 1013 1536 1053 vivant,
1561 1011 1749 1049 disturbare,

1118 1069 1176 1113 56.
1195 1070 1322 1102 Necnon
1340 1068 1422 1111 quod
1442 1068 1552 1099 fratres
1570 1065 1710 1098 eiusdem
1728 1063 1814 1098 Ordi-

1074 1123 1122 1155 nis
1139 1122 1237 1155 sancti
1252 1121 1408 1154 Francisei
1426 1121 1463 1153 dc
1477 1119 1681 1154 observantia
1698 1128 1815 1150 nuncu-

1075 1176 1148 1219 pati,
1160 1175 1364 1208 inst-alimites
1379 1173 1520 1207 eiusdem
1536 1184 1591 1205 seu
1605 1171 1733 1204 alterius
1747 1181 1815 1214 pro-

1078 1230 1195 1262 vinciae
1209 1230 1386 1268 existentes,
1401 1228 1547 1260 collectas
1561 1236 1614 1258 seu
1632 1228 1816 1268 quaesturas

1077 1284 1114 1316 ad
1139 1284 1250 1317 domos
1280 1283 1442 1325 regulares
1471 1280 1610 1313 eiusdem
1636 1277 1816 1322 provinciae

1079 1338 1331 1370 Reformatorum
1350 1336 1614 1368 Discalceatorum
1639 1330 1816 1373 Ilungariae

1079 1396 1264 1434 spectantes,
1283 1389 1422 1432 exceptis
1440 1389 1484 1421 eis
1509 1399 1526 1420 a
1551 1386 1701 1419 Fratribus
1718 1385 1817 1416 dictae

1080 1444 1259 1488 provinciae
1285 1443 1463 1485 Ilungariae
1488 1442 1519 1473 in
1544 1440 1626 1472 dicto
1644 1449 1754 1471 eorum
1773 1447 1821 1469 ea-

1080 1499 1178 1542 pitulo
1203 1497 1386 1541 provinciali
1408 1496 1511 1528 forsan
1536 1491 1755 1530 concedendis,
1773 1500 1822 1522 oc-

1082 1562 1217 1596 cupare,
1243 1557 1295 1584 aut
1324 1549 1451 1583 eosdem
1483 1549 1594 1580 fratres
1626 1546 1822 1579 Reformatos

1082 1606 1289 1639 DIsealceatos
1313 1603 1492 1648 provinciae
1520 1600 1699 1643 llungariae
1720 1598 1824 1631 liuius-

1085 1660 1169 1693 modi
1194 1659 1328 1702 desuper
1354 1657 1541 1701 perturbare
1565 1654 1651 1686 nullo
1672 1662 1823 1694 umquam

1086 1720 1227 1757 tempore
1254 1712 1387 1756 possint,
1413 1721 1470 1743 nec
1494 1707 1627 1751 valeant]
1653 1705 1824 1750 apostolica

1085 1767 1280 1805 auctoritate,
1298 1772 1406 1798 tenore
1430 1762 1654 1807 praesentium,
1672 1764 1825 1804 perpetuo

1086 1821 1239 1864 erigimus
1263 1825 1292 1852 et
1317 1819 1519 1852 instituimus.

1132 1876 1146 1919 g
1171 1875 1199 1907 7.
1225 1875 1269 1907 Ac
1294 1873 1421 1916 insuper
1445 1871 1546 1904 eidem
1568 1868 1712 1901 ministro
1738 1876 1828 1908 gene-

1089 1929 1156 1968 rali,
1170 1933 1203 1960 ut
1217 1927 1395 1960 ministrum
1410 1923 1646 1969 provincialem,
1665 1920 1827 1954 custodem

1089 1988 1119 2016 et
1138 1982 1319 2015 definitores
1335 1980 1435 2012 dictae
1452 1977 1633 2022 provinciae
1650 1973 1829 2017 Iluugariae

1090 2046 1198 2069 creare
1223 2041 1251 2068 et
1272 2034 1399 2076 eligere,
1418 2038 1583 2073 ceteraque
1604 2028 1709 2061 omnia
1727 2032 1756 2059 et
1773 2026 1831 2058 sin-

1091 2091 1165 2134 gula
1188 2089 1219 2121 in
1244 2087 1425 2132 praemissis
1443 2091 1472 2118 et
1489 2086 1572 2117 circa
1597 2094 1632 2116 ea
1656 2081 1831 2115 necessaria

1093 2149 1122 2177 ct
1146 2143 1384 2187 quomodolibet
1409 2144 1595 2184 opportuna,
1615 2135 1735 2169 etiamsi
1760 2135 1832 2167 talia

1094 2198 1164 2237 sint,
1189 2197 1237 2228 vel
1261 2195 1394 2233 fuerint,
1419 2203 1499 2237 quae
1524 2191 1623 2234 magis
1648 2188 1831 2233 specialem,

1095 2250 1284 2296 specificam,
1310 2247 1504 2281 individuam
1529 2249 1557 2279 et
1582 2252 1764 2287 expressam
1790 2252 1834 2273 re-

1096 2306 1256 2349 quirerent
1280 2303 1484 2341 mentionem,
1510 2301 1621 2338 facere,
1646 2298 1759 2337 dIcere,
1785 2305 1835 2328 or-

1096 2359 1204 2392 dinare
1222 2363 1253 2391 et
1275 2357 1385 2401 exequi
1407 2357 1505 2389 libere
1530 2360 1559 2387 et
1583 2353 1666 2385 licite
1691 2350 1789 2394 possit
1806 2354 1836 2381 et

1098 2414 1207 2453 valeat,
1225 2412 1361 2456 plenam,
1374 2411 1507 2442 liberam
1526 2412 1555 2441 el
1571 2406 1718 2449 amplam,
1733 2409 1838 2444 aucto:

1098 2466 1189 2499 ritate
1207 2465 1300 2498 etiam
1326 2470 1356 2497 et
1383 2469 1491 2496 tenore
1508 2457 1705 2506 praedietis¹,
1731 2467 1838 2491 conce-

1138 2550 1146 2575 1
1166 2546 1285 2574 Pessime
1301 2544 1365 2572 edit.
1383 2543 1462 2570 Main.
1479 2542 1543 2576 legit
1558 2544 1583 2568 el
1598 2540 1725 2574 amplam
1740 2540 1839 2565 aucto-

1100 2595 1233 2626 ritatem,
1253 2592 1343 2621 eciam
1362 2594 1457 2620 tenore
1478 2589 1636 2625 praedictis
1657 2585 1840 2614 concedimus

1101 2640 1197 2675 (mr).

1811 215 1860 240 An.
1877 214 1904 240 (ἶ.
1929 213 1996 240 1029

1853 436 1893 455 Μειι

1872 464 1894 481 li·

1899 435 1940 454 istri
1967 441 2001 459 ga·

1909 465 1967 487 {ult-x

1062 486 1146 514 stens
1171 481 1314 513 minister
1339 480 1495 523 generalis
1520 479 1719 523 praedictus,
1750 483 1802 509 aut
1818 470 1944 509 ll'sss'lusatl-s.
1972 465 2001 481 '⁴⁴
