2221 3224
166 222 216 248 An.
233 222 260 247 e.
284 221 351 247 ¹629
397 211 440 245 74

193 388 332 409 Prooemium.

183 1185 266 1205 Fratres
274 1182 353 1203 Discat·

169 1211 224 1231 :eati
236 1210 320 1230 Ordinis
332 1216 353 1229 e-

170 1238 291 1258 remitarum
307 1241 353 1256 san·

170 1264 198 1283 cti
244 1263 353 1288 Augustini

170 1290 291 1317 provinciae
306 1289 353 1309 novi

170 1317 229 1342 regni
273 1315 354 1336 Grana·

170 1344 235 1364 tensis
250 1342 288 1362 sub
304 1347 354 1361 rura

171 1370 256 1391 fratrum
269 1369 354 1389 Calcea-

170 1399 238 1416 torum
260 1395 354 1415 eius-tem

172 1422 255 1443 Ordinis
266 1424 354 1442 existen-

172 1453 202 1469 tes
243 1450 353 1474 plurimum

171 1475 258 1501 cupiunt
301 1475 354 1494 uniri

182 1502 343 1527 Congregattoni

172 1529 257 1550 {ratium
275 1528 355 1548 Discat-

171 1558 278 1576 teatorum
320 1554 355 1574 Hi-

172 1582 292 1607 spaniarum
322 1586 355 1600 ac-

171 1609 260 1629 cedente
272 1613 355 1633 expres⁴

253 1640 356 1654 consensu

171 1661 248 1687 prioris
267 1666 356 1686 genera-

171 1689 196 1709 lis
208 1690 228 1708 et
239 1688 309 1708 vicarii
324 1687 356 1707 di-

173 1717 218 1735 ctae
238 1714 355 1740 Congrega-

172 1741 243 1761 tionis.

570 268 705 295 Urbanus
723 266 799 299 Papa
817 264 895 296 VIII,

486 313 521 339 ad
541 314 715 346 perpetuam
735 309 778 336 rei
799 307 977 335 memoriam.

409 373 598 408 Universalis
629 370 786 404 Ecclesiae
816 368 984 412 regimini,
1008 368 1102 401 nullis

365 430 437 462 licet
462 427 577 460 nostris
610 423 853 466 suffragantibus
881 421 1024 462 meritis,
1049 421 1102 454 sed

365 482 518 514 immensa
544 477 760 520 ltet‘lemptoris
784 475 883 509 nostri
912 475 1102 518 benignitate

364 533 546 578 praepositi,
564 543 600 563 ex
622 529 751 562 iniuncti
775 528 865 561 nobis
890 527 1029 561 muneris
1053 527 1104 560 de-

365 587 446 627 bito,
473 583 724 618 christifidelium
749 582 807 616 sub
832 582 917 614 suavi
941 581 1121 624 religionis

366 640 439 681 iugo
458 644 486 670 et
503 636 668 669 strictioris
688 635 904 668 observantiae
924 634 1042 677 regulis
1057 634 1105 667 Al-

367 691 487 724 tissimo
513 689 731 722 famulantium
757 687 847 728 votis,
864 699 920 731 per
937 698 1016 731 quae
1035 697 1106 730 pro-

367 755 469 789 spero,
494 742 638 786 felicique
663 752 773 775 eorum
799 741 891 773 statui
916 746 1008 784 atque
1032 751 1106 784 pro-

367 797 488 840 gressui
524 800 701 840 opportune
737 793 910 828 consulitur
930 821 938 835 ,
972 793 1106 826 libenter

367 851 551 890 annuimus,
577 861 612 882 ac
637 849 772 892 desuper
801 847 941 880 eiusdem
967 847 1106 880 muneris

366 909 470 948 partes
495 903 659 946 propensis
683 901 793 935 studiis
817 900 1057 944 interponimus,
1075 905 1106 932 ut

368 956 464 989 iidem
492 955 710 989 christifideles
742 954 773 987 in
804 954 890 998 pacis
921 953 1107 987 amoenitate

368 1020 404 1042 ac
421 1009 538 1042 iustitia
556 1014 585 1041 et
602 1008 764 1041 sanctitate
788 1018 894 1040 coram
919 1007 1052 1040 Domino
1068 1006 1109 1039 se-

367 1062 531 1095 lioioribus
549 1062 579 1094 in
596 1062 662 1094 dies
685 1061 840 1105 proficere
866 1061 987 1093 valeant
1006 1059 1107 1092 incre-

368 1116 489 1149 mentis.

413 1171 427 1213 g
448 1170 477 1202 1.
495 1169 614 1213 Exponi
632 1169 785 1212 siquidem
806 1168 896 1201 nobis
917 1177 1018 1211 nuper
1037 1167 1109 1199 fecit

369 1222 501 1255 dilectus
519 1222 601 1254 lilius
616 1222 800 1253 Franciscus
817 1220 854 1253 de
868 1219 1109 1253 Rcsurrectione

368 1280 555 1319 procurator
581 1274 735 1317 generalis
755 1274 886 1305 fratrum
907 1272 1127 1312 Discalceato-1

369 1340 440 1361 rum
465 1334 718 1371 nuncupatorum
743 1326 868 1359 Ordinis
897 1325 1107 1358 Eremitarum

370 1383 398 1415 S.
414 1382 578 1425 Augustini
602 1381 768 1414 domorum
791 1379 984 1422 regularium
1002 1378 1110 1412 bealae

370 1436 483 1469 Mariae
513 1435 550 1468 de
578 1434 758 1469 Camlclaria
787 1444 822 1466 ac
851 1437 975 1465 sanctae
1003 1431 1109 1465 Crucis

371 1489 408 1521 de
425 1489 454 1521 la
474 1489 557 1532 Popa
581 1488 613 1520 iu
638 1487 802 1531 provincia
826 1486 898 1519 novi
923 1485 1012 1528 regni
1037 1484 1111 1517 Gra-

370 1542 522 1582 natensis,
547 1551 669 1574 necnon
695 1540 723 1573 S.
748 1539 874 1583 losephi
899 1538 936 1571 de
961 1539 1109 1579 Panama,

371 1595 511 1628 eiusdem
536 1606 589 1627 seu
614 1594 768 1633 Quitensis
792 1592 980 1636 provinciae,
1006 1593 1037 1624 in
1062 1592 1110 1624 In-

372 1648 430 1681 diis
447 1647 708 1689 Occidentalibus,
727 1647 784 1679 sub
802 1647 879 1679 curti
903 1650 932 1678 et
956 1645 1111 1688 gubernio

370 1701 503 1734 fratrum
520 1702 732 1734 Calceatorun'i
751 1699 890 1732 eiusdem
909 1698 1033 1732 Ordinis
1051 1697 1112 1730 exi-

371 1755 529 1795 stentium,
549 1754 632 1797 quod
657 1755 770 1788 fratres
790 1752 952 1797 praedicti,
969 1763 1027 1795 pro
1053 1762 1114 1784 ma-

371 1808 431 1841 iori
456 1808 551 1841 (livini
575 1809 676 1840 cultus
700 1808 894 1840 incremento
909 1834 916 1847 ,
946 1817 981 1838 ac
1006 1805 1112 1838 catho-

372 1862 448 1894 licae
474 1862 635 1904 religionis
660 1860 900 1904 propagatione,
927 1864 956 1892 et
980 1859 1111 1892 feliciori

372 1926 482 1948 eorum
514 1921 592 1947 statu
619 1920 648 1947 et
673 1915 866 1953 directione,
892 1923 924 1946 se
948 1918 978 1945 et
1002 1923 1111 1945 eorum

372 1969 483 2002 domos
502 1968 677 2012 praedictas
701 1967 821 2000 dilectis
839 1967 930 1999 etiarn
956 1966 1028 1999 filiis
1044 1967 1109 1998 fra-

372 2023 473 2055 tribus
489 2021 688 2054 Disealceatis
708 2021 800 2053 etiam
826 2019 1014 2063 nuncupatis
1038 2019 1113 2052 dicti

373 2075 497 2109 Ordinis
523 2074 781 2117 Congregationis
808 2073 1032 2117 Hispaniarum
1057 2083 1114 2115 per

372 2139 439 2167 nos,
465 2134 495 2160 ut
522 2128 612 2169 infra,
630 2128 712 2160 uniri
739 2133 765 2159 ot
793 2126 989 2170 incorporari
1014 2126 1112 2169 pluri-

374 2192 460 2214 mum
494 2181 692 2222 desiderent,
719 2185 748 2213 et
772 2180 810 2212 a'd
834 2180 894 2212 boe
926 2179 1113 2211 dilectorum

373 2236 510 2268 filiorum
537 2235 651 2278 prioris
672 2234 827 2276 generalis
845 2233 918 2266 dicti
934 2231 1059 2266 Ordinis
1079 2241 1114 2264 ac

376 2288 482 2321 vicarii
514 2288 614 2320 dictae
649 2286 909 2329 Congregationis
945 2296 1114 2329 expressus

375 2341 494 2373 accedit
518 2351 681 2380 assensus,
708 2350 804 2383 quare
836 2339 929 2372 nobis
954 2338 1115 2371 humiliter

376 2438 475 2465 tionem
486 2444 573 2464 Lxxvu
585 2438 633 2466 (al.
646 2437 699 2471 75),
710 2437 754 2463 Ad
765 2444 890 2468 sacram,
903 2435 967 2462 ibid.
981 2443 1042 2470 pag.
1053 2435 1114 2462 731.

379 2483 485 2509 Praeter
496 2491 574 2517 quae,
587 2483 652 2509 scito
666 2483 734 2509 bunc
746 2481 947 2508 sanctissimum
959 2480 1116 2507 Pontificem

377 2526 617 2561 Congregatiouem
639 2526 730 2553 ltaliae
754 2526 849 2552 horum
869 2525 983 2551 fratrum
1003 2525 1029 2551 iu
1050 2533 1116 2560 qua-

378 2574 437 2596 tuor
453 2571 602 2604 proximius
618 2571 739 2598 divisisse
756 2575 785 2597 ut
800 2571 826 2597 in
842 2569 984 2597 Constitut.
1001 2576 1055 2603 mx,
1071 2570 1116 2596 A‘tt

379 2614 477 2641 uberes
491 2616 540 2648 tal.
557 2616 630 2649 180),
647 2619 674 2642 ut
691 2620 754 2642 tom,
770 2621 825 2650 xm,
841 2622 903 2650 pag.
923 2614 981 2641 479.

936 215 1114 240 BULLamru
1140 214 1293 238 ROMANUM

1872 212 1933 239 Ἀιι.
1954 212 1984 239 C.
2001 211 2070 240 ¹629

1134 261 1305 304 supplicari
1318 261 1468 302 fecerunt,
1488 266 1522 294 ut
1542 271 1652 294 eorum
1666 260 1745 294 votis
1764 260 1873 294 huius-

1135 313 1219 347 modi
1243 323 1382 346 annuere
1412 313 1450 346 de
1479 313 1669 356 benignitate
1700 313 1872 357 apostolica

1135 368 1349 411 dignaremur.

1180 420 1195 464 ἓ
1214 419 1243 453 ⁶2.
1269 420 1331 452 Nos
1355 419 1461 462 igitur⁷
1478 420 1530 463 qui
1547 420 1769 463 religiosorum
1787 419 1875 453 Ordi-
1915 431 2072 462 ornatius-mo-

1136 484 1210 506 num
1236 483 1510 517 quorumcumque
1526 473 1557 505 in
1582 473 1721 506 Ecclesia
1744 472 1798 506 Dei
1818 472 1875 504 mi·
1889 458 2074 517 Ξῗὲἱῗῖιῗῖεὲᾞῖιῗ

1136 526 1292 560 litantium
1317 536 1444 569 pacem,
1468 526 1653 569 felicemque
1677 531 1791 558 statum
1816 511 2075 563 sin-Elssgsslffiiiss‘lla‘

1137 579 1218 612 ceris
1242 578 1458 611 desideramus
1482 578 1655 618 affectibus,
1672 577 1874 610 Franciscurn
1890 567 2074 620 iritssffi‘ss'ffiffgssi

1138 638 1168 665 et
1189 633 1301 666 fratres
1326 631 1531 675 primodictos
1555 630 1742 675 specialibus
1766 616 2074 665 favori-liss‘l'ssssnffla‘ffi'iffil

1137 686 1196 719 bus
1216 691 1246 718 et
1263 685 1370 728 gratiis
1388 684 1536 728 prosequi
1554 684 1702 724 volentes,
1719 689 1749 716 et
1766 694 1875 717 eorum

1139 738 1313 781 singulares
1343 747 1494 782 personas
1517 747 1534 769 a
1558 737 1721 780 quibusvis
1745 746 1873 769 excom-

1139 791 1360 824 municationis
1375 817 1382 831 ,
1407 789 1621 833 suspensionis
1646 795 1676 821 et
1699 789 1876 830 interdicti,

1140 845 1271 890 aliisque
1297 843 1515 877 ecclesiasticis
1539 842 1710 883 sententiis,
1738 842 1879 875 censuris

1140 903 1170 931 et
1186 898 1304 942 poenis,
1319 908 1336 930 a
1349 897 1417 929 iure
1431 897 1477 929 vel
1494 896 1533 928 ab
1550 895 1689 936 homine,
1707 895 1815 938 quavis
1832 906 1880 928 oc-

1141 952 1265 985 casione
1280 951 1326 983 vcl
1341 952 1434 983 causa
1451 950 1530 992 latis,
1545 949 1570 982 si
1584 948 1696 992 quibus
1710 947 1881 992 quomodo-

1141 1005 1217 1037 libet
1233 1003 1399 1036 innodatae
1416 1003 1561 1044 existunt,
1576 1002 1614 1034 ad
1632 1001 1778 1035 effectum
1793 1011 1881 1046 prae-

1142 1058 1276 1091 sentium
1297 1057 1458 1090 dumtaxat
1480 1055 1747 1099 consequendum,
1767 1055 1881 1088 harum

1142 1111 1222 1144 serie
1247 1111 1444 1144 absolventes
1469 1113 1499 1144 et
1522 1109 1680 1142 absolutas
1708 1109 1774 1142 fore
1802 1119 1880 1142 cen-

1142 1169 1255 1205 sentes,
1275 1163 1457 1196 lmiusmodi
1482 1161 1766 1206 supplicationibus
1790 1162 1879 1195 incli-

1143 1218 1215 1260 nati,
1238 1217 1275 1250 de
1297 1216 1521 1250 venerabilium
1542 1217 1675 1248 fratrum
1698 1220 1880 1249 nostrorum

1143 1271 1172 1304 S.
1192 1271 1226 1304 R.
1243 1270 1276 1303 E.
1298 1269 1504 1302 cardinalium
1528 1269 1663 1312 negotiis
1688 1269 1882 1311 regularium

1144 1323 1397 1368 praepositorum
1416 1322 1557 1364 consilio,
1577 1323 1690 1355 fratres
1714 1321 1884 1355 Discalcea-

1145 1384 1190 1410 tos
1218 1376 1425 1421 primodictos
1452 1386 1625 1419 eorumque
1653 1375 1764 1408 domos
1791 1386 1881 1419 prae—

1144 1430 1240 1463 dictas
1268 1429 1418 1462 fratribus
1443 1428 1641 1461 Discalceatis
1661 1428 1883 1471 Congregatio-

1144 1483 1191 1516 nis
1208 1482 1430 1526 Hispaniarum
1448 1481 1573 1514 Ordinis
1597 1481 1777 1514 huiusmodi
1794 1481 1885 1525 (itaut

1145 1547 1240 1569 unum
1267 1547 1381 1580 corpus
1406 1536 1499 1568 simul
1528 1546 1685 1579 unamque
1710 1535 1885 1578 Congrega-

1147 1591 1262 1623 tionem
1288 1589 1345 1622 sul)
1371 1589 1489 1622 eisdem
1517 1588 1661 1631 legibus,
1688 1588 1884 1621 constitutio-

1145 1644 1237 1676 nibus
1262 1648 1291 1676 et
1315 1643 1437 1675 iuribus
1461 1642 1672 1682 constituant,
1700 1652 1758 1674 nec
1782 1641 1884 1685 aliqua

1145 1697 1226 1730 inter
1252 1707 1305 1730 cos
1329 1696 1368 1728 sit
1392 1695 1584 1734 differentia3

1190 1750 1204 1793 ἓ
1228 1749 1257 1782 ῧ.
1283 1748 1409 1793 Ipsique
1433 1747 1613 1792 primodicti
1631 1747 1743 1780 fratres
1767 1746 1884 1780 Discal-
1909 1759 2084 1789 rfatrqsproyiu-

1146 1804 1223 1837 ceati
1256 1802 1485 1836 secundodictis
1522 1801 1672 1834 fratribus
1704 1800 1885 1834 huiusmodi
1901 1788 2085 1843 fj'issssaiffigffissss?

1146 1868 1212 1890 sese
1237 1857 1445 1897 conformare,
1463 1865 1586 1888 necnon
1603 1854 1722 1887 vicario
1746 1855 1885 1897 generali
1901 1837 2087 1895 iiiegiiigssiqf³⁰2i

1146 1910 1245 1944 dictae
1270 1908 1528 1952 Congregationis
1556 1912 1586 1942 et
1610 1908 1827 1941 commissario
1847 1908 1886 1940 ab
1901 1891 2085 1944 {Eiiffiug'iissr‘ff

1147 1974 1183 1997 eo
1201 1963 1239 1996 ad
1257 1963 1425 1996 domorum
1443 1962 1636 2005 regularium
1653 1961 1886 2005 praedictarum
1901 1944 2086 1991 ἓξᾞιιέἕῖἑῖἶῗέᾇ

1207 2017 1212 2022 .
1496 2016 1502 2020 .
1901 1997 1989 2018 subesse
2006 1996 2085 2018 debere

1147 2027 1291 2060 regimen
1316 2021 1345 2049 ct
1370 2016 1559 2058 gubermum
1582 2025 1642 2058 pro
1666 2019 1809 2058 tempore
1833 2014 1886 2047 de·
1902 2023 2005 2046 declarat.

1147 2070 1285 2114 putando
1307 2069 1445 2109 subcs'se,
1463 2069 1569 2112 cisque
1586 2067 1722 2100 debitam
1743 2067 1888 2100 obedien-

1148 2124 1223 2156 tiam
1241 2129 1272 2156 ct
1288 2121 1495 2155 reverentiam
1514 2121 1545 2153 in
1563 2120 1709 2153 omnibus
1724 2125 1886 2164 praestare

1148 2177 1295 2216 debeant3

1192 2229 1260 2273 §se
1292 2230 1336 2262 lta
1368 2233 1550 2268 tamen‚·ut
1581 2227 1675 2260 iidem
1707 2227 1886 2271 primodicti
1917 2235 2087 2281 dEzkrecursum

1147 2285 1259 2316 fratres
1284 2287 1494 2316 conventuum
1523 2282 1683 2315 Indi-arum
1707 2281 1887 2315 huiusmodi
1902 2267 2087 2335 ῗφτξιῖἓῖῖῗτέῧῖ

1148 2336 1179 2368 in
1197 2347 1306 2369 eorum
1324 2335 1457 2378 negotiis
1475 2340 1503 2368 et
1521 2335 1622 2368 causis
1646 2335 1766 2379 possint
1788 2334 1887 2367 libere
1902 2319 2087 2388 Ξῖῗειῑῖἳῗοειοῐῆἓῖ

1149 2393 1178 2422 ct
1201 2389 1285 2422 licite
1310 2399 1475 2421 recurrere
1500 2388 1592 2422 etiam
1609 2399 1667 2432 per
1688 2389 1769 2420 viam
1785 2387 1888 2431 appel·
1902 2373 1949 2414 03³3}
1963 2369 2087 2415 diffidi-¹·

1149 2442 1272 2475 lationis
1289 2441 1327 2474 ad
1348 2441 1487 2486 priorem
1513 2442 1692 2484 generalem
1710 2441 1783 2474 dicti
1803 2440 1888 2474 Ordi-

1149 2496 1196 2528 nis
1221 2496 1250 2528 S.
1268 2495 1443 2538 Augustini,
1469 2505 1590 2528 necnon
1615 2495 1653 2527 ad
1677 2494 1789 2528 Sedent
1809 2494 1888 2537 Apo-

1150 2549 1302 2588 stolicam,
1320 2548 1437 2581 omisso
1461 2548 1577 2588 medio,
1594 2558 1658 2581 non
1682 2557 1771 2580 secus
1795 2552 1888 2590 atque

1150 2602 1174 2634 si
1192 2602 1273 2636 dicta
1291 2600 1364 2636 unio
1382 2601 1484 2646 quoad
1501 2601 1560 2635 hoc
1578 2602 1657 2635 sacta
1673 2610 1735 2634 non
1754 2599 1887 2644 fuisset),
1912 2631 1916 2634 .
