<?xml version="1.0" encoding="UTF-8"?>
<!DOCTYPE html PUBLIC "-//W3C//DTD XHTML 1.0 Transitional//EN"
    "http://www.w3.org/TR/xhtml1/DTD/xhtml1-transitional.dtd">
<html xmlns="http://www.w3.org/1999/xhtml" xml:lang="en" lang="en">
 <head>
  <title>
</title>
<meta http-equiv="Content-Type" content="text/html;charset=utf-8" />
  <meta name='ocr-system' content='tesseract 3.04.00' />
  <meta name='ocr-capabilities' content='ocr_page ocr_carea ocr_par ocr_line ocrx_word'/>
</head>
<body>
  <div class='ocr_page' id='page_1' title='image "./bullarumdiplomat14cath_0902.png"; bbox 0 0 2248 3229; ppageno 0'>
   <div class='ocr_carea' id='block_1_1' title="bbox 511 216 575 250">
    <p class='ocr_par' dir='ltr' id='par_1_1' title="bbox 511 216 575 250">
     <span class='ocr_line' id='line_1_1' title="bbox 511 216 575 250; baseline 0 0"><span class='ocrx_word' id='word_1_1' title='bbox 511 216 575 250; x_wconf 62' lang='lat'>782</span> 
     </span>
    </p>
   </div>
   <div class='ocr_carea' id='block_1_2' title="bbox 465 276 1094 374">
    <p class='ocr_par' dir='ltr' id='par_1_2' title="bbox 465 276 1094 374">
     <span class='ocr_line' id='line_1_2' title="bbox 465 276 1094 322; baseline 0 -11"><span class='ocrx_word' id='word_1_2' title='bbox 465 278 567 312; x_wconf 84' lang='lat' dir='ltr'><strong>Hodie</strong></span> <span class='ocrx_word' id='word_1_3' title='bbox 591 287 649 322; x_wconf 89' lang='lat' dir='ltr'>pro</span> <span class='ocrx_word' id='word_1_4' title='bbox 673 282 763 321; x_wconf 85' lang='lat' dir='ltr'>parte</span> <span class='ocrx_word' id='word_1_5' title='bbox 788 277 991 319; x_wconf 86' lang='lat' dir='ltr'>dilectorum,</span> <span class='ocrx_word' id='word_1_6' title='bbox 1019 276 1094 311; x_wconf 79' lang='grc'><strong>601.</strong></span> 
     </span>
     <span class='ocr_line' id='line_1_3' title="bbox 465 329 1094 374; baseline 0 -10"><span class='ocrx_word' id='word_1_7' title='bbox 465 331 565 365; x_wconf 87' lang='lat' dir='ltr'>Hodie</span> <span class='ocrx_word' id='word_1_8' title='bbox 591 341 649 374; x_wconf 90' lang='lat' dir='ltr'>pro</span> <span class='ocrx_word' id='word_1_9' title='bbox 674 337 764 374; x_wconf 88' lang='lat' dir='ltr'>parte</span> <span class='ocrx_word' id='word_1_10' title='bbox 789 331 991 371; x_wconf 85' lang='lat' dir='ltr'>dilectorum,</span> <span class='ocrx_word' id='word_1_11' title='bbox 1020 329 1094 364; x_wconf 67' lang='lat'>602.</span> 
     </span>
    </p>
   </div>
   <div class='ocr_carea' id='block_1_3' title="bbox 829 438 838 471">
    <p class='ocr_par' dir='ltr' id='par_1_3' title="bbox 829 438 838 471">
     <span class='ocr_line' id='line_1_4' title="bbox 829 438 838 471; baseline 0 0"><span class='ocrx_word' id='word_1_12' title='bbox 829 438 838 471; x_wconf 88' lang='lat'>1</span> 
     </span>
    </p>
   </div>
   <div class='ocr_carea' id='block_1_4' title="bbox 462 543 1178 803">
    <p class='ocr_par' dir='ltr' id='par_1_4' title="bbox 463 543 1178 695">
     <span class='ocr_line' id='line_1_5' title="bbox 464 543 1117 588; baseline -0.002 -11"><span class='ocrx_word' id='word_1_13' title='bbox 464 545 685 588; x_wconf 75' lang='lat' dir='ltr'>impensarum</span> <span class='ocrx_word' id='word_1_14' title='bbox 711 543 823 583; x_wconf 87' lang='lat' dir='ltr'>moles,</span> <span class='ocrx_word' id='word_1_15' title='bbox 852 554 932 587; x_wconf 87' lang='lat' dir='ltr'>quas</span> <span class='ocrx_word' id='word_1_16' title='bbox 956 543 1016 583; x_wconf 82' lang='lat' dir='ltr'>his,</span> <span class='ocrx_word' id='word_1_17' title='bbox 1043 543 1117 577; x_wconf 54' lang='lat'>4119.</span> 
     </span>
     <span class='ocr_line' id='line_1_6' title="bbox 464 596 1178 642; baseline 0 -11"><span class='ocrx_word' id='word_1_18' title='bbox 464 598 497 630; x_wconf 92' lang='lat' dir='ltr'>In</span> <span class='ocrx_word' id='word_1_19' title='bbox 525 598 719 642; x_wconf 83' lang='lat' dir='ltr'>apostolicae</span> <span class='ocrx_word' id='word_1_20' title='bbox 745 598 910 640; x_wconf 79' lang='lat' dir='ltr'>dignitatis</span> <span class='ocrx_word' id='word_1_21' title='bbox 934 598 1075 642; x_wconf 71' lang='lat' dir='ltr'>specula,</span> <span class='ocrx_word' id='word_1_22' title='bbox 1103 596 1178 631; x_wconf 73' lang='lat'>308.</span> 
     </span>
     <span class='ocr_line' id='line_1_7' title="bbox 463 651 1040 695; baseline 0.002 -11"><span class='ocrx_word' id='word_1_23' title='bbox 463 651 497 684; x_wconf 90' lang='lat' dir='ltr'>In</span> <span class='ocrx_word' id='word_1_24' title='bbox 522 651 571 685; x_wconf 84' lang='lat' dir='ltr'>his</span> <span class='ocrx_word' id='word_1_25' title='bbox 597 651 763 695; x_wconf 85' lang='lat' dir='ltr'>apostolici</span> <span class='ocrx_word' id='word_1_26' title='bbox 789 652 941 694; x_wconf 84' lang='lat' dir='ltr'>muneris,</span> <span class='ocrx_word' id='word_1_27' title='bbox 968 651 1040 685; x_wconf 65' lang='lat'>723.</span> 
     </span>
    </p>

    <p class='ocr_par' dir='ltr' id='par_1_5' title="bbox 462 704 1120 803">
     <span class='ocr_line' id='line_1_8' title="bbox 463 704 1120 749; baseline 0.005 -12"><span class='ocrx_word' id='word_1_28' title='bbox 463 704 496 738; x_wconf 91' lang='lat' dir='ltr'>In</span> <span class='ocrx_word' id='word_1_29' title='bbox 522 705 570 738; x_wconf 88' lang='lat' dir='ltr'>his</span> <span class='ocrx_word' id='word_1_30' title='bbox 595 705 763 749; x_wconf 88' lang='lat' dir='ltr'>pastoralis</span> <span class='ocrx_word' id='word_1_31' title='bbox 784 705 881 739; x_wconf 80' lang='lat' dir='ltr'>oflicii</span> <span class='ocrx_word' id='word_1_32' title='bbox 903 706 1019 747; x_wconf 77' lang='lat' dir='ltr'>nostri,</span> <span class='ocrx_word' id='word_1_33' title='bbox 1046 706 1120 740; x_wconf 85' lang='grc'><strong>741.</strong></span> 
     </span>
     <span class='ocr_line' id='line_1_9' title="bbox 462 758 1118 803; baseline 0.003 -12"><span class='ocrx_word' id='word_1_34' title='bbox 462 758 496 791; x_wconf 89' lang='lat' dir='ltr'>In</span> <span class='ocrx_word' id='word_1_35' title='bbox 522 758 559 791; x_wconf 90' lang='lat' dir='ltr'>iis</span> <span class='ocrx_word' id='word_1_36' title='bbox 584 759 757 803; x_wconf 77' lang='lat' dir='ltr'>praecipue</span> <span class='ocrx_word' id='word_1_37' title='bbox 781 760 1019 800; x_wconf 73' lang='lat' dir='ltr'>sollicitudinis,</span> <span class='ocrx_word' id='word_1_38' title='bbox 1043 759 1118 793; x_wconf 81' lang='grc'><strong>045.</strong></span> 
     </span>
    </p>
   </div>
   <div class='ocr_carea' id='block_1_5' title="bbox 461 811 1200 858">
    <p class='ocr_par' dir='ltr' id='par_1_6' title="bbox 461 811 1200 858">
     <span class='ocr_line' id='line_1_10' title="bbox 461 811 1200 858; baseline 0.004 -14"><span class='ocrx_word' id='word_1_39' title='bbox 461 811 597 845; x_wconf 90' lang='lat' dir='ltr'>Iniuncti</span> <span class='ocrx_word' id='word_1_40' title='bbox 623 813 716 846; x_wconf 88' lang='lat' dir='ltr'>nobis</span> <span class='ocrx_word' id='word_1_41' title='bbox 737 823 754 846; x_wconf 84' lang='lat' dir='ltr'>a</span> <span class='ocrx_word' id='word_1_42' title='bbox 771 813 908 847; x_wconf 89' lang='lat' dir='ltr'>Domino</span> <span class='ocrx_word' id='word_1_43' title='bbox 926 814 1104 858; x_wconf 88' lang='lat' dir='ltr'>apostolici,</span> <span class='ocrx_word' id='word_1_44' title='bbox 1125 813 1200 847; x_wconf 82' lang='grc'><strong>050.</strong></span> 
     </span>
    </p>
   </div>
   <div class='ocr_carea' id='block_1_6' title="bbox 460 864 1183 1496">
    <p class='ocr_par' dir='ltr' id='par_1_7' title="bbox 461 864 1183 1125">
     <span class='ocr_line' id='line_1_11' title="bbox 462 864 1145 911; baseline 0.004 -14"><span class='ocrx_word' id='word_1_45' title='bbox 462 864 598 899; x_wconf 90' lang='lat' dir='ltr'>Iniuncti</span> <span class='ocrx_word' id='word_1_46' title='bbox 624 866 717 899; x_wconf 90' lang='lat' dir='ltr'>nobis</span> <span class='ocrx_word' id='word_1_47' title='bbox 742 867 910 911; x_wconf 85' lang='lat' dir='ltr'>apostolici</span> <span class='ocrx_word' id='word_1_48' title='bbox 937 868 1089 909; x_wconf 84' lang='lat' dir='ltr'>muneris,</span> <span class='ocrx_word' id='word_1_49' title='bbox 1114 868 1145 900; x_wconf 74' lang='lat' dir='ltr'>t.</span> 
     </span>
     <span class='ocr_line' id='line_1_12' title="bbox 462 918 1183 965; baseline 0.003 -14"><span class='ocrx_word' id='word_1_50' title='bbox 462 918 597 952; x_wconf 89' lang='lat' dir='ltr'>lniuncti</span> <span class='ocrx_word' id='word_1_51' title='bbox 622 920 715 954; x_wconf 86' lang='lat' dir='ltr'>nobis</span> <span class='ocrx_word' id='word_1_52' title='bbox 741 920 879 965; x_wconf 80' lang='lat' dir='ltr'>desuper</span> <span class='ocrx_word' id='word_1_53' title='bbox 903 921 1081 964; x_wconf 87' lang='lat' dir='ltr'>apostolici,</span> <span class='ocrx_word' id='word_1_54' title='bbox 1111 920 1183 954; x_wconf 69' lang='lat'><strong>7:26.</strong></span> 
     </span>
     <span class='ocr_line' id='line_1_13' title="bbox 461 972 1168 1018; baseline 0.004 -13"><span class='ocrx_word' id='word_1_55' title='bbox 461 972 597 1006; x_wconf 89' lang='lat' dir='ltr'>Iniuncti</span> <span class='ocrx_word' id='word_1_56' title='bbox 623 973 716 1007; x_wconf 87' lang='lat' dir='ltr'>nobis</span> <span class='ocrx_word' id='word_1_57' title='bbox 741 985 799 1018; x_wconf 90' lang='lat' dir='ltr'>per</span> <span class='ocrx_word' id='word_1_58' title='bbox 824 975 1066 1016; x_wconf 76' lang='lat' dir='ltr'>abundantiam,</span> <span class='ocrx_word' id='word_1_59' title='bbox 1094 974 1168 1008; x_wconf 76' lang='lat'>353.</span> 
     </span>
     <span class='ocr_line' id='line_1_14' title="bbox 461 1025 1165 1071; baseline 0.003 -13"><span class='ocrx_word' id='word_1_60' title='bbox 461 1025 598 1059; x_wconf 90' lang='lat' dir='ltr'>Iniuncti</span> <span class='ocrx_word' id='word_1_61' title='bbox 624 1027 716 1060; x_wconf 88' lang='lat' dir='ltr'>nobis</span> <span class='ocrx_word' id='word_1_62' title='bbox 742 1038 799 1071; x_wconf 89' lang='lat' dir='ltr'>per</span> <span class='ocrx_word' id='word_1_63' title='bbox 824 1028 1066 1069; x_wconf 78' lang='lat' dir='ltr'>abundantiam,</span> <span class='ocrx_word' id='word_1_64' title='bbox 1093 1027 1165 1060; x_wconf 73' lang='grc'><strong>719.</strong></span> 
     </span>
     <span class='ocr_line' id='line_1_15' title="bbox 462 1077 1039 1125; baseline 0.007 -15"><span class='ocrx_word' id='word_1_65' title='bbox 462 1077 642 1112; x_wconf 87' lang='lat' dir='ltr'>lniunctum</span> <span class='ocrx_word' id='word_1_66' title='bbox 669 1080 762 1113; x_wconf 89' lang='lat' dir='ltr'>nobis</span> <span class='ocrx_word' id='word_1_67' title='bbox 788 1081 937 1125; x_wconf 84' lang='lat' dir='ltr'>desuper,</span> <span class='ocrx_word' id='word_1_68' title='bbox 966 1080 1039 1113; x_wconf 69' lang='grc'><strong>453.</strong></span> 
     </span>
    </p>

    <p class='ocr_par' dir='ltr' id='par_1_8' title="bbox 460 1132 1079 1227">
     <span class='ocr_line' id='line_1_16' title="bbox 460 1132 1079 1176; baseline 0.005 -13"><span class='ocrx_word' id='word_1_69' title='bbox 460 1132 494 1164; x_wconf 92' lang='lat' dir='ltr'>In</span> <span class='ocrx_word' id='word_1_70' title='bbox 519 1133 646 1175; x_wconf 82' lang='lat' dir='ltr'>quantis</span> <span class='ocrx_word' id='word_1_71' title='bbox 672 1143 785 1167; x_wconf 88' lang='lat' dir='ltr'>eorum</span> <span class='ocrx_word' id='word_1_72' title='bbox 811 1135 976 1176; x_wconf 76' lang='lat' dir='ltr'>augustiis,</span> <span class='ocrx_word' id='word_1_73' title='bbox 1004 1134 1079 1167; x_wconf 72' lang='grc'><strong>489.</strong></span> 
     </span>
     <span class='ocr_line' id='line_1_17' title="bbox 462 1184 1072 1227; baseline 0.003 -10"><span class='ocrx_word' id='word_1_74' title='bbox 462 1184 681 1219; x_wconf 86' lang='lat' dir='ltr'>Inscrutabilis</span> <span class='ocrx_word' id='word_1_75' title='bbox 707 1187 888 1220; x_wconf 85' lang='lat' dir='ltr'>indicorum</span> <span class='ocrx_word' id='word_1_76' title='bbox 914 1188 979 1227; x_wconf 85' lang='lat' dir='ltr'>Dei,</span> <span class='ocrx_word' id='word_1_77' title='bbox 998 1187 1072 1219; x_wconf 64' lang='lat'>211.</span> 
     </span>
    </p>

    <p class='ocr_par' dir='ltr' id='par_1_9' title="bbox 460 1238 1145 1496">
     <span class='ocr_line' id='line_1_18' title="bbox 460 1238 1133 1284; baseline 0.003 -14"><span class='ocrx_word' id='word_1_78' title='bbox 460 1238 492 1270; x_wconf 86' lang='lat' dir='ltr'>In</span> <span class='ocrx_word' id='word_1_79' title='bbox 514 1239 589 1272; x_wconf 81' lang='lat' dir='ltr'>sede</span> <span class='ocrx_word' id='word_1_80' title='bbox 614 1240 770 1284; x_wconf 79' lang='lat' dir='ltr'>Principis</span> <span class='ocrx_word' id='word_1_81' title='bbox 795 1241 1033 1284; x_wconf 78' lang='lat' dir='ltr'>Apostolorum,</span> <span class='ocrx_word' id='word_1_82' title='bbox 1062 1240 1133 1273; x_wconf 76' lang='lat' dir='ltr'>tlt.</span> 
     </span>
     <span class='ocr_line' id='line_1_19' title="bbox 460 1291 1145 1337; baseline 0.003 -13"><span class='ocrx_word' id='word_1_83' title='bbox 460 1291 494 1324; x_wconf 88' lang='lat' dir='ltr'>In</span> <span class='ocrx_word' id='word_1_84' title='bbox 518 1292 593 1325; x_wconf 88' lang='lat' dir='ltr'>sede</span> <span class='ocrx_word' id='word_1_85' title='bbox 618 1293 776 1337; x_wconf 86' lang='lat' dir='ltr'>Principis</span> <span class='ocrx_word' id='word_1_86' title='bbox 802 1294 1042 1337; x_wconf 76' lang='lat' dir='ltr'>Apostolorum,</span> <span class='ocrx_word' id='word_1_87' title='bbox 1071 1294 1145 1326; x_wconf 80' lang='grc'><strong>174.</strong></span> 
     </span>
     <span class='ocr_line' id='line_1_20' title="bbox 460 1345 1139 1390; baseline 0.004 -13"><span class='ocrx_word' id='word_1_88' title='bbox 460 1345 493 1377; x_wconf 89' lang='lat' dir='ltr'>In</span> <span class='ocrx_word' id='word_1_89' title='bbox 519 1346 593 1379; x_wconf 80' lang='lat' dir='ltr'>sede</span> <span class='ocrx_word' id='word_1_90' title='bbox 618 1346 776 1390; x_wconf 75' lang='lat' dir='ltr'>Principis</span> <span class='ocrx_word' id='word_1_91' title='bbox 801 1348 1040 1390; x_wconf 75' lang='lat' dir='ltr'>Apostolorum,</span> <span class='ocrx_word' id='word_1_92' title='bbox 1065 1347 1139 1380; x_wconf 53' lang='lat'>2203.</span> 
     </span>
     <span class='ocr_line' id='line_1_21' title="bbox 460 1398 1135 1442; baseline 0.004 -12"><span class='ocrx_word' id='word_1_93' title='bbox 460 1398 493 1430; x_wconf 88' lang='lat' dir='ltr'>ln</span> <span class='ocrx_word' id='word_1_94' title='bbox 518 1399 648 1442; x_wconf 81' lang='lat' dir='ltr'>specula</span> <span class='ocrx_word' id='word_1_95' title='bbox 672 1400 839 1433; x_wconf 86' lang='lat' dir='ltr'>militantis</span> <span class='ocrx_word' id='word_1_96' title='bbox 865 1401 1037 1442; x_wconf 76' lang='lat' dir='ltr'>Ecclesiae,</span> <span class='ocrx_word' id='word_1_97' title='bbox 1060 1401 1135 1433; x_wconf 55' lang='lat'>1144.</span> 
     </span>
     <span class='ocr_line' id='line_1_22' title="bbox 461 1453 1138 1496; baseline 0.003 -12"><span class='ocrx_word' id='word_1_98' title='bbox 461 1453 492 1484; x_wconf 93' lang='lat' dir='ltr'>In</span> <span class='ocrx_word' id='word_1_99' title='bbox 519 1453 648 1496; x_wconf 83' lang='lat' dir='ltr'>specula</span> <span class='ocrx_word' id='word_1_100' title='bbox 673 1453 840 1487; x_wconf 81' lang='lat' dir='ltr'>militantis</span> <span class='ocrx_word' id='word_1_101' title='bbox 865 1454 1036 1492; x_wconf 70' lang='lat' dir='ltr'>Ecclesiae,</span> <span class='ocrx_word' id='word_1_102' title='bbox 1064 1454 1138 1486; x_wconf 65' lang='grc'><strong>241.</strong></span> 
     </span>
    </p>
   </div>
   <div class='ocr_carea' id='block_1_7' title="bbox 460 1506 1197 1551">
    <p class='ocr_par' dir='ltr' id='par_1_10' title="bbox 460 1506 1197 1551">
     <span class='ocr_line' id='line_1_23' title="bbox 460 1506 1197 1551; baseline 0.003 -13"><span class='ocrx_word' id='word_1_103' title='bbox 460 1506 493 1538; x_wconf 90' lang='lat' dir='ltr'>In</span> <span class='ocrx_word' id='word_1_104' title='bbox 519 1508 773 1550; x_wconf 75' lang='lat' dir='ltr'>supereminenti</span> <span class='ocrx_word' id='word_1_105' title='bbox 787 1508 878 1541; x_wconf 81' lang='lat' dir='ltr'>Sedis</span> <span class='ocrx_word' id='word_1_106' title='bbox 892 1508 1105 1551; x_wconf 71' lang='lat' dir='ltr'>Apostolicae,</span> <span class='ocrx_word' id='word_1_107' title='bbox 1123 1507 1197 1540; x_wconf 64' lang='lat'>921.</span> 
     </span>
    </p>
   </div>
   <div class='ocr_carea' id='block_1_8' title="bbox 459 1559 1182 1818">
    <p class='ocr_par' dir='ltr' id='par_1_11' title="bbox 459 1559 1094 1604">
     <span class='ocr_line' id='line_1_24' title="bbox 459 1559 1094 1604; baseline 0.003 -13"><span class='ocrx_word' id='word_1_108' title='bbox 459 1559 493 1591; x_wconf 92' lang='lat' dir='ltr'>In</span> <span class='ocrx_word' id='word_1_109' title='bbox 518 1563 669 1603; x_wconf 77' lang='lat' dir='ltr'>suprema</span> <span class='ocrx_word' id='word_1_110' title='bbox 694 1561 862 1604; x_wconf 82' lang='lat' dir='ltr'>pastoralis</span> <span class='ocrx_word' id='word_1_111' title='bbox 887 1561 996 1598; x_wconf 74' lang='lat' dir='ltr'>oflicii,</span> <span class='ocrx_word' id='word_1_112' title='bbox 1021 1561 1094 1593; x_wconf 65' lang='lat'>2431.</span> 
     </span>
    </p>

    <p class='ocr_par' dir='ltr' id='par_1_12' title="bbox 460 1607 1108 1658">
     <span class='ocr_line' id='line_1_25' title="bbox 460 1607 1108 1658; baseline 0.003 -13"><span class='ocrx_word' id='word_1_113' title='bbox 460 1613 492 1645; x_wconf 89' lang='lat' dir='ltr'>ln</span> <span class='ocrx_word' id='word_1_114' title='bbox 518 1624 670 1657; x_wconf 88' lang='lat' dir='ltr'>supremo</span> <span class='ocrx_word' id='word_1_115' title='bbox 695 1607 893 1658; x_wconf 85' lang='lat' dir='ltr'>apostolatus</span> <span class='ocrx_word' id='word_1_116' title='bbox 918 1615 1010 1653; x_wconf 84' lang='lat' dir='ltr'>solio,</span> <span class='ocrx_word' id='word_1_117' title='bbox 1034 1614 1108 1647; x_wconf 65' lang='lat'>5158.</span> 
     </span>
    </p>

    <p class='ocr_par' dir='ltr' id='par_1_13' title="bbox 461 1667 1056 1710">
     <span class='ocr_line' id='line_1_26' title="bbox 461 1667 1056 1710; baseline 0.002 -12"><span class='ocrx_word' id='word_1_118' title='bbox 461 1667 493 1698; x_wconf 91' lang='lat' dir='ltr'>ln</span> <span class='ocrx_word' id='word_1_119' title='bbox 518 1677 671 1710; x_wconf 89' lang='lat' dir='ltr'>supremo</span> <span class='ocrx_word' id='word_1_120' title='bbox 698 1668 836 1701; x_wconf 86' lang='lat' dir='ltr'>iustitiae</span> <span class='ocrx_word' id='word_1_121' title='bbox 861 1668 953 1707; x_wconf 79' lang='lat' dir='ltr'>sotio,</span> <span class='ocrx_word' id='word_1_122' title='bbox 981 1668 1056 1700; x_wconf 64' lang='grc'><strong>478.</strong></span> 
     </span>
    </p>

    <p class='ocr_par' dir='ltr' id='par_1_14' title="bbox 459 1720 1182 1818">
     <span class='ocr_line' id='line_1_27' title="bbox 460 1720 1181 1766; baseline 0.003 -14"><span class='ocrx_word' id='word_1_123' title='bbox 460 1720 544 1752; x_wconf 90' lang='lat' dir='ltr'>Inter</span> <span class='ocrx_word' id='word_1_124' title='bbox 568 1726 690 1754; x_wconf 82' lang='lat' dir='ltr'>ceteras</span> <span class='ocrx_word' id='word_1_125' title='bbox 715 1722 911 1766; x_wconf 82' lang='lat' dir='ltr'>apostolicae</span> <span class='ocrx_word' id='word_1_126' title='bbox 937 1722 1108 1760; x_wconf 75' lang='lat' dir='ltr'>servitutis,</span> <span class='ocrx_word' id='word_1_127' title='bbox 1130 1722 1181 1754; x_wconf 74' lang='grc'><strong>50.</strong></span> 
     </span>
     <span class='ocr_line' id='line_1_28' title="bbox 459 1774 1182 1818; baseline 0.003 -13"><span class='ocrx_word' id='word_1_128' title='bbox 459 1774 545 1806; x_wconf 90' lang='lat' dir='ltr'>Inter</span> <span class='ocrx_word' id='word_1_129' title='bbox 570 1780 693 1807; x_wconf 84' lang='lat' dir='ltr'>ceteras</span> <span class='ocrx_word' id='word_1_130' title='bbox 718 1775 913 1818; x_wconf 87' lang='lat' dir='ltr'>apostolieae</span> <span class='ocrx_word' id='word_1_131' title='bbox 938 1775 1110 1813; x_wconf 75' lang='lat' dir='ltr'>servitutis,</span> <span class='ocrx_word' id='word_1_132' title='bbox 1131 1776 1182 1807; x_wconf 71' lang='lat' dir='ltr'>(it.</span> 
     </span>
    </p>
   </div>
   <div class='ocr_carea' id='block_1_9' title="bbox 458 1827 1196 1926">
    <p class='ocr_par' dir='ltr' id='par_1_15' title="bbox 458 1827 1196 1926">
     <span class='ocr_line' id='line_1_29' title="bbox 458 1827 1196 1871; baseline 0 -12"><span class='ocrx_word' id='word_1_133' title='bbox 458 1827 544 1859; x_wconf 91' lang='lat' dir='ltr'>Inter</span> <span class='ocrx_word' id='word_1_134' title='bbox 562 1832 683 1860; x_wconf 85' lang='lat' dir='ltr'>ceteras</span> <span class='ocrx_word' id='word_1_135' title='bbox 702 1829 895 1871; x_wconf 88' lang='lat' dir='ltr'>apostolicae</span> <span class='ocrx_word' id='word_1_136' title='bbox 911 1828 1098 1867; x_wconf 76' lang='lat' dir='ltr'>sollicitud,</span> <span class='ocrx_word' id='word_1_137' title='bbox 1122 1827 1196 1859; x_wconf 68' lang='grc'><strong>472.</strong></span> 
     </span>
     <span class='ocr_line' id='line_1_30' title="bbox 459 1880 1196 1926; baseline 0.001 -14"><span class='ocrx_word' id='word_1_138' title='bbox 459 1880 545 1912; x_wconf 85' lang='lat' dir='ltr'>Inter</span> <span class='ocrx_word' id='word_1_139' title='bbox 569 1887 692 1915; x_wconf 85' lang='lat' dir='ltr'>ceteras</span> <span class='ocrx_word' id='word_1_140' title='bbox 717 1882 914 1926; x_wconf 80' lang='lat' dir='ltr'>apostolieae</span> <span class='ocrx_word' id='word_1_141' title='bbox 939 1882 1108 1919; x_wconf 69' lang='lat' dir='ltr'>servitutis,</span> <span class='ocrx_word' id='word_1_142' title='bbox 1123 1881 1196 1914; x_wconf 74' lang='grc'><strong>744,</strong></span> 
     </span>
    </p>
   </div>
   <div class='ocr_carea' id='block_1_10' title="bbox 458 1933 1174 2246">
    <p class='ocr_par' dir='ltr' id='par_1_16' title="bbox 458 1933 1174 2246">
     <span class='ocr_line' id='line_1_31' title="bbox 459 1933 1110 1978; baseline 0.002 -12"><span class='ocrx_word' id='word_1_143' title='bbox 459 1933 544 1966; x_wconf 92' lang='lat' dir='ltr'>Inter</span> <span class='ocrx_word' id='word_1_144' title='bbox 568 1939 702 1975; x_wconf 86' lang='lat' dir='ltr'>ceteras,</span> <span class='ocrx_word' id='word_1_145' title='bbox 731 1935 848 1978; x_wconf 88' lang='lat' dir='ltr'>quibus</span> <span class='ocrx_word' id='word_1_146' title='bbox 873 1936 1010 1973; x_wconf 82' lang='lat' dir='ltr'>assidue,</span> <span class='ocrx_word' id='word_1_147' title='bbox 1036 1935 1110 1967; x_wconf 59' lang='lat'>3138.</span> 
     </span>
     <span class='ocr_line' id='line_1_32' title="bbox 460 1987 1145 2032; baseline 0 -13"><span class='ocrx_word' id='word_1_148' title='bbox 460 1987 545 2020; x_wconf 82' lang='lat' dir='ltr'>Inter</span> <span class='ocrx_word' id='word_1_149' title='bbox 570 1988 773 2029; x_wconf 78' lang='lat' dir='ltr'>gravissimas</span> <span class='ocrx_word' id='word_1_150' title='bbox 799 1988 1067 2032; x_wconf 84' lang='lat' dir='ltr'>multiplicesque,</span> <span class='ocrx_word' id='word_1_151' title='bbox 1093 1991 1145 2020; x_wconf 76' lang='grc'><strong>09.</strong></span> 
     </span>
     <span class='ocr_line' id='line_1_33' title="bbox 458 2040 1166 2085; baseline 0.001 -13"><span class='ocrx_word' id='word_1_152' title='bbox 458 2040 543 2073; x_wconf 80' lang='lat' dir='ltr'>Inter</span> <span class='ocrx_word' id='word_1_153' title='bbox 568 2041 770 2083; x_wconf 82' lang='lat' dir='ltr'>gravissimas</span> <span class='ocrx_word' id='word_1_154' title='bbox 796 2042 1067 2085; x_wconf 75' lang='lat' dir='ltr'>multiplicesque,</span> <span class='ocrx_word' id='word_1_155' title='bbox 1092 2041 1166 2073; x_wconf 65' lang='lat'>2313.</span> 
     </span>
     <span class='ocr_line' id='line_1_34' title="bbox 459 2094 1174 2138; baseline 0.003 -13"><span class='ocrx_word' id='word_1_156' title='bbox 459 2094 544 2126; x_wconf 80' lang='lat' dir='ltr'>Inter</span> <span class='ocrx_word' id='word_1_157' title='bbox 570 2094 772 2136; x_wconf 73' lang='lat' dir='ltr'>gravissimas</span> <span class='ocrx_word' id='word_1_158' title='bbox 797 2095 1070 2138; x_wconf 82' lang='lat' dir='ltr'>multiplicesque,</span> <span class='ocrx_word' id='word_1_159' title='bbox 1099 2094 1174 2127; x_wconf 68' lang='grc'><strong>442.</strong></span> 
     </span>
     <span class='ocr_line' id='line_1_35' title="bbox 459 2148 1169 2192; baseline 0.001 -13"><span class='ocrx_word' id='word_1_160' title='bbox 459 2148 544 2180; x_wconf 89' lang='lat' dir='ltr'>Inter</span> <span class='ocrx_word' id='word_1_161' title='bbox 568 2148 772 2189; x_wconf 72' lang='lat' dir='ltr'>gravissimas</span> <span class='ocrx_word' id='word_1_162' title='bbox 797 2149 1067 2192; x_wconf 78' lang='lat' dir='ltr'>multiplicesque,</span> <span class='ocrx_word' id='word_1_163' title='bbox 1097 2148 1169 2180; x_wconf 64' lang='lat'>2322.</span> 
     </span>
     <span class='ocr_line' id='line_1_36' title="bbox 459 2200 1168 2246; baseline 0.003 -14"><span class='ocrx_word' id='word_1_164' title='bbox 459 2200 544 2233; x_wconf 83' lang='lat' dir='ltr'>Inter</span> <span class='ocrx_word' id='word_1_165' title='bbox 568 2201 770 2242; x_wconf 72' lang='lat' dir='ltr'>gravissimas</span> <span class='ocrx_word' id='word_1_166' title='bbox 796 2202 1065 2246; x_wconf 78' lang='lat' dir='ltr'>multiplicesque,</span> <span class='ocrx_word' id='word_1_167' title='bbox 1094 2201 1168 2234; x_wconf 71' lang='grc'><strong>579.</strong></span> 
     </span>
    </p>
   </div>
   <div class='ocr_carea' id='block_1_11' title="bbox 459 2253 1199 2299">
    <p class='ocr_par' dir='ltr' id='par_1_17' title="bbox 459 2253 1199 2299">
     <span class='ocr_line' id='line_1_37' title="bbox 459 2253 1199 2299; baseline 0.003 -14"><span class='ocrx_word' id='word_1_168' title='bbox 459 2253 544 2286; x_wconf 86' lang='lat' dir='ltr'>Inter</span> <span class='ocrx_word' id='word_1_169' title='bbox 561 2254 764 2296; x_wconf 76' lang='lat' dir='ltr'>gravissimas</span> <span class='ocrx_word' id='word_1_170' title='bbox 781 2256 948 2299; x_wconf 83' lang='lat' dir='ltr'>pastoralis</span> <span class='ocrx_word' id='word_1_171' title='bbox 966 2262 1104 2293; x_wconf 84' lang='lat' dir='ltr'>nostrae,</span> <span class='ocrx_word' id='word_1_172' title='bbox 1126 2255 1199 2287; x_wconf 55' lang='lat'>21:3⁴3.</span> 
     </span>
    </p>
   </div>
   <div class='ocr_carea' id='block_1_12' title="bbox 460 2307 1177 2451">
    <p class='ocr_par' dir='ltr' id='par_1_18' title="bbox 460 2307 1177 2451">
     <span class='ocr_line' id='line_1_38' title="bbox 460 2307 1177 2352; baseline 0.003 -14"><span class='ocrx_word' id='word_1_173' title='bbox 460 2307 604 2340; x_wconf 87' lang='lat' dir='ltr'>Irritatus</span> <span class='ocrx_word' id='word_1_174' title='bbox 629 2308 764 2341; x_wconf 72' lang='lat' dir='ltr'>assiduis</span> <span class='ocrx_word' id='word_1_175' title='bbox 790 2309 922 2342; x_wconf 82' lang='lat' dir='ltr'>humani</span> <span class='ocrx_word' id='word_1_176' title='bbox 948 2309 1086 2352; x_wconf 70' lang='lat' dir='ltr'>generis,</span> <span class='ocrx_word' id='word_1_177' title='bbox 1104 2309 1116 2340; x_wconf 62' lang='lat' dir='ltr'>‘l</span> <span class='ocrx_word' id='word_1_178' title='bbox 1132 2308 1177 2340; x_wconf 61' lang='lat' dir='ltr'>ltl.</span> 
     </span>
     <span class='ocr_line' id='line_1_39' title="bbox 460 2359 1152 2406; baseline 0.004 -15"><span class='ocrx_word' id='word_1_179' title='bbox 460 2359 583 2392; x_wconf 81' lang='lat' dir='ltr'>Iteratis</span> <span class='ocrx_word' id='word_1_180' title='bbox 608 2361 768 2404; x_wconf 81' lang='lat' dir='ltr'>precibus,</span> <span class='ocrx_word' id='word_1_181' title='bbox 790 2368 885 2406; x_wconf 83' lang='lat' dir='ltr'>atque</span> <span class='ocrx_word' id='word_1_182' title='bbox 912 2362 1050 2401; x_wconf 78' lang='lat' dir='ltr'>indictis,</span> <span class='ocrx_word' id='word_1_183' title='bbox 1078 2361 1152 2394; x_wconf 62' lang='lat'>384.</span> 
     </span>
     <span class='ocr_line' id='line_1_40' title="bbox 461 2412 1129 2451; baseline 0.004 -7"><span class='ocrx_word' id='word_1_184' title='bbox 461 2412 551 2446; x_wconf 83' lang='lat' dir='ltr'>Iustis</span> <span class='ocrx_word' id='word_1_185' title='bbox 570 2419 600 2447; x_wconf 91' lang='lat' dir='ltr'>et.</span> <span class='ocrx_word' id='word_1_186' title='bbox 616 2414 758 2448; x_wconf 84' lang='lat' dir='ltr'>honestis</span> <span class='ocrx_word' id='word_1_187' title='bbox 779 2415 1049 2451; x_wconf 77' lang='lat' dir='ltr'>eliristititlelitun,</span> <span class='ocrx_word' id='word_1_188' title='bbox 1078 2415 1129 2447; x_wconf 64' lang='lat'>027.</span> 
     </span>
    </p>
   </div>
   <div class='ocr_carea' id='block_1_13' title="bbox 820 2497 840 2527">
    <p class='ocr_par' dir='ltr' id='par_1_19' title="bbox 820 2497 840 2527">
     <span class='ocr_line' id='line_1_41' title="bbox 820 2497 840 2527; baseline 0 0"><span class='ocrx_word' id='word_1_189' title='bbox 820 2497 840 2527; x_wconf 65' lang='lat' dir='ltr'>l.</span> 
     </span>
    </p>
   </div>
   <div class='ocr_carea' id='block_1_14' title="bbox 462 2572 1141 2672">
    <p class='ocr_par' dir='ltr' id='par_1_20' title="bbox 462 2572 1141 2672">
     <span class='ocr_line' id='line_1_42' title="bbox 462 2572 1141 2613; baseline 0.003 -8"><span class='ocrx_word' id='word_1_190' title='bbox 462 2572 547 2606; x_wconf 85' lang='lat' dir='ltr'>Licet</span> <span class='ocrx_word' id='word_1_191' title='bbox 571 2575 648 2607; x_wconf 71' lang='lat' dir='ltr'>alifis</span> <span class='ocrx_word' id='word_1_192' title='bbox 674 2575 774 2608; x_wconf 79' lang='lat' dir='ltr'>felicis</span> <span class='ocrx_word' id='word_1_193' title='bbox 799 2576 1043 2613; x_wconf 71' lang='lat' dir='ltr'>recordationis,</span> <span class='ocrx_word' id='word_1_194' title='bbox 1068 2575 1141 2607; x_wconf 71' lang='grc'><strong>547.</strong></span> 
     </span>
     <span class='ocr_line' id='line_1_43' title="bbox 463 2626 1062 2672; baseline 0.007 -13"><span class='ocrx_word' id='word_1_195' title='bbox 463 2626 548 2660; x_wconf 83' lang='lat' dir='ltr'>Licet</span> <span class='ocrx_word' id='word_1_196' title='bbox 572 2628 741 2672; x_wconf 87' lang='lat' dir='ltr'>episcopus</span> <span class='ocrx_word' id='word_1_197' title='bbox 766 2630 966 2667; x_wconf 67' lang='lat' dir='ltr'>Atheniensis,</span> <span class='ocrx_word' id='word_1_198' title='bbox 989 2629 1062 2662; x_wconf 58' lang='lat'>⁹285»,</span> 
     </span>
    </p>
   </div>
   <div class='ocr_carea' id='block_1_15' title="bbox 1055 224 1407 251">
    <p class='ocr_par' dir='ltr' id='par_1_21' title="bbox 1055 224 1407 251">
     <span class='ocr_line' id='line_1_44' title="bbox 1055 224 1407 251; baseline 0.003 -3"><span class='ocrx_word' id='word_1_199' title='bbox 1055 224 1233 250; x_wconf 69' lang='lat' dir='ltr'>BULLARIUM</span> <span class='ocrx_word' id='word_1_200' title='bbox 1258 225 1407 251; x_wconf 76' lang='lat' dir='ltr'>ROMANUM</span> 
     </span>
    </p>
   </div>
   <div class='ocr_carea' id='block_1_16' title="bbox 1257 278 1992 377">
    <p class='ocr_par' dir='ltr' id='par_1_22' title="bbox 1257 278 1992 377">
     <span class='ocr_line' id='line_1_45' title="bbox 1258 278 1992 325; baseline 0.008 -14"><span class='ocrx_word' id='word_1_201' title='bbox 1258 279 1343 312; x_wconf 86' lang='lat' dir='ltr'>Licet</span> <span class='ocrx_word' id='word_1_202' title='bbox 1359 278 1468 313; x_wconf 86' lang='lat' dir='ltr'>omnia</span> <span class='ocrx_word' id='word_1_203' title='bbox 1487 279 1520 313; x_wconf 89' lang='lat' dir='ltr'>in</span> <span class='ocrx_word' id='word_1_204' title='bbox 1539 279 1795 315; x_wconf 86' lang='lat' dir='ltr'>christifidelium</span> <span class='ocrx_word' id='word_1_205' title='bbox 1813 288 1897 325; x_wconf 84' lang='lat' dir='ltr'>vota,</span> <span class='ocrx_word' id='word_1_206' title='bbox 1915 282 1992 317; x_wconf 73' lang='lat'><strong>4⁶29.</strong></span> 
     </span>
     <span class='ocr_line' id='line_1_46' title="bbox 1257 332 1958 377; baseline 0.007 -12"><span class='ocrx_word' id='word_1_207' title='bbox 1257 332 1343 366; x_wconf 84' lang='lat' dir='ltr'>Licet</span> <span class='ocrx_word' id='word_1_208' title='bbox 1367 334 1476 375; x_wconf 70' lang='lat' dir='ltr'>vigore</span> <span class='ocrx_word' id='word_1_209' title='bbox 1502 339 1630 367; x_wconf 87' lang='lat' dir='ltr'>tuarum</span> <span class='ocrx_word' id='word_1_210' title='bbox 1656 335 1856 377; x_wconf 77' lang='lat' dir='ltr'>facultatum,</span> <span class='ocrx_word' id='word_1_211' title='bbox 1884 336 1958 370; x_wconf 77' lang='grc'><strong>534,</strong></span> 
     </span>
    </p>
   </div>
   <div class='ocr_carea' id='block_1_17' title="bbox 1615 441 1643 474">
    <p class='ocr_par' dir='ltr' id='par_1_23' title="bbox 1615 441 1643 474">
     <span class='ocr_line' id='line_1_47' title="bbox 1615 441 1643 474; baseline -0.036 0"><span class='ocrx_word' id='word_1_212' title='bbox 1615 441 1643 474; x_wconf 91' lang='lat' dir='ltr'>M</span> 
     </span>
    </p>
   </div>
   <div class='ocr_carea' id='block_1_18' title="bbox 1256 546 1993 965">
    <p class='ocr_par' dir='ltr' id='par_1_24' title="bbox 1256 546 1993 965">
     <span class='ocr_line' id='line_1_48' title="bbox 1257 546 1993 590; baseline 0.003 -11"><span class='ocrx_word' id='word_1_213' title='bbox 1257 546 1376 589; x_wconf 82' lang='lat' dir='ltr'>Magnis</span> <span class='ocrx_word' id='word_1_214' title='bbox 1390 547 1492 581; x_wconf 88' lang='lat' dir='ltr'>causis</span> <span class='ocrx_word' id='word_1_215' title='bbox 1506 547 1633 581; x_wconf 88' lang='lat' dir='ltr'>adducti</span> <span class='ocrx_word' id='word_1_216' title='bbox 1648 548 1901 590; x_wconf 87' lang='lat' dir='ltr'>concessionem,</span> <span class='ocrx_word' id='word_1_217' title='bbox 1917 547 1993 582; x_wconf 68' lang='lat'>423.</span> 
     </span>
     <span class='ocr_line' id='line_1_49' title="bbox 1257 600 1975 644; baseline 0.003 -11"><span class='ocrx_word' id='word_1_218' title='bbox 1257 600 1405 643; x_wconf 79' lang='lat' dir='ltr'>Magnum</span> <span class='ocrx_word' id='word_1_219' title='bbox 1431 601 1463 634; x_wconf 89' lang='lat' dir='ltr'>in</span> <span class='ocrx_word' id='word_1_220' title='bbox 1488 601 1611 635; x_wconf 88' lang='lat' dir='ltr'>Christo</span> <span class='ocrx_word' id='word_1_221' title='bbox 1636 608 1667 634; x_wconf 90' lang='lat' dir='ltr'>et</span> <span class='ocrx_word' id='word_1_222' title='bbox 1684 602 1716 634; x_wconf 91' lang='lat' dir='ltr'>in</span> <span class='ocrx_word' id='word_1_223' title='bbox 1734 602 1884 644; x_wconf 86' lang='lat' dir='ltr'>Ecclesia,</span> <span class='ocrx_word' id='word_1_224' title='bbox 1901 601 1975 635; x_wconf 89' lang='grc'><strong>595.</strong></span> 
     </span>
     <span class='ocr_line' id='line_1_50' title="bbox 1257 653 1911 695; baseline 0.002 -9"><span class='ocrx_word' id='word_1_225' title='bbox 1257 653 1426 687; x_wconf 81' lang='lat' dir='ltr'>Maiestatis</span> <span class='ocrx_word' id='word_1_226' title='bbox 1452 661 1524 688; x_wconf 89' lang='lat' dir='ltr'>tuae</span> <span class='ocrx_word' id='word_1_227' title='bbox 1549 655 1680 689; x_wconf 88' lang='lat' dir='ltr'>nomine</span> <span class='ocrx_word' id='word_1_228' title='bbox 1705 655 1809 695; x_wconf 87' lang='lat' dir='ltr'>nobis,</span> <span class='ocrx_word' id='word_1_229' title='bbox 1837 655 1911 688; x_wconf 70' lang='lat'>⁶254.</span> 
     </span>
     <span class='ocr_line' id='line_1_51' title="bbox 1257 707 1860 753; baseline 0.005 -14"><span class='ocrx_word' id='word_1_230' title='bbox 1257 707 1426 741; x_wconf 84' lang='lat' dir='ltr'>Maiestatis</span> <span class='ocrx_word' id='word_1_231' title='bbox 1451 715 1523 742; x_wconf 89' lang='lat' dir='ltr'>tuae</span> <span class='ocrx_word' id='word_1_232' title='bbox 1547 709 1640 749; x_wconf 84' lang='lat' dir='ltr'>votis,</span> <span class='ocrx_word' id='word_1_233' title='bbox 1668 719 1761 753; x_wconf 85' lang='lat' dir='ltr'>quae,</span> <span class='ocrx_word' id='word_1_234' title='bbox 1785 708 1860 743; x_wconf 71' lang='lat'>251.</span> 
     </span>
     <span class='ocr_line' id='line_1_52' title="bbox 1257 757 1871 805; baseline 0.003 -12"><span class='ocrx_word' id='word_1_235' title='bbox 1257 761 1417 794; x_wconf 84' lang='lat' dir='ltr'>Militantis</span> <span class='ocrx_word' id='word_1_236' title='bbox 1442 757 1603 795; x_wconf 81' lang='lat' dir='ltr'>Ecclesiae</span> <span class='ocrx_word' id='word_1_237' title='bbox 1627 762 1790 805; x_wconf 78' lang='lat' dir='ltr'>regimini,</span> <span class='ocrx_word' id='word_1_238' title='bbox 1817 762 1871 796; x_wconf 85' lang='grc'><strong>51.</strong></span> 
     </span>
     <span class='ocr_line' id='line_1_53' title="bbox 1256 814 1888 858; baseline 0.003 -11"><span class='ocrx_word' id='word_1_239' title='bbox 1256 814 1418 848; x_wconf 86' lang='lat' dir='ltr'>Militantis</span> <span class='ocrx_word' id='word_1_240' title='bbox 1442 815 1602 848; x_wconf 86' lang='lat' dir='ltr'>Ecclesiae</span> <span class='ocrx_word' id='word_1_241' title='bbox 1625 816 1786 858; x_wconf 80' lang='lat' dir='ltr'>regimini,</span> <span class='ocrx_word' id='word_1_242' title='bbox 1814 815 1888 849; x_wconf 71' lang='lat'>⁶219.</span> 
     </span>
     <span class='ocr_line' id='line_1_54' title="bbox 1256 867 1889 912; baseline 0.005 -13"><span class='ocrx_word' id='word_1_243' title='bbox 1256 867 1418 901; x_wconf 86' lang='lat' dir='ltr'>Militantis</span> <span class='ocrx_word' id='word_1_244' title='bbox 1442 869 1603 902; x_wconf 85' lang='lat' dir='ltr'>Ecclesiae</span> <span class='ocrx_word' id='word_1_245' title='bbox 1627 869 1788 912; x_wconf 77' lang='lat' dir='ltr'>regimini,</span> <span class='ocrx_word' id='word_1_246' title='bbox 1815 869 1889 903; x_wconf 75' lang='lat'>346.</span> 
     </span>
     <span class='ocr_line' id='line_1_55' title="bbox 1256 921 1889 965; baseline 0.003 -12"><span class='ocrx_word' id='word_1_247' title='bbox 1256 921 1416 955; x_wconf 82' lang='lat' dir='ltr'>Militantis</span> <span class='ocrx_word' id='word_1_248' title='bbox 1440 922 1599 956; x_wconf 85' lang='lat' dir='ltr'>Ecclesiae</span> <span class='ocrx_word' id='word_1_249' title='bbox 1625 922 1787 965; x_wconf 79' lang='lat' dir='ltr'>regimini,</span> <span class='ocrx_word' id='word_1_250' title='bbox 1813 921 1889 955; x_wconf 83' lang='grc'><strong>446.</strong></span> 
     </span>
    </p>
   </div>
   <div class='ocr_carea' id='block_1_19' title="bbox 1611 1031 1634 1063">
    <p class='ocr_par' dir='ltr' id='par_1_25' title="bbox 1611 1031 1634 1063">
     <span class='ocr_line' id='line_1_56' title="bbox 1611 1031 1634 1063; baseline 0 -1"><span class='ocrx_word' id='word_1_251' title='bbox 1611 1031 1634 1063; x_wconf 88' lang='lat' dir='ltr'>N</span> 
     </span>
    </p>
   </div>
   <div class='ocr_carea' id='block_1_20' title="bbox 1226 1136 1994 2673">
    <p class='ocr_par' dir='ltr' id='par_1_26' title="bbox 1254 1136 1994 1712">
     <span class='ocr_line' id='line_1_57' title="bbox 1256 1136 1971 1179; baseline 0.001 -11"><span class='ocrx_word' id='word_1_252' title='bbox 1256 1136 1363 1179; x_wconf 82' lang='lat' dir='ltr'>Nuper</span> <span class='ocrx_word' id='word_1_253' title='bbox 1387 1146 1404 1168; x_wconf 89' lang='lat' dir='ltr'>a</span> <span class='ocrx_word' id='word_1_254' title='bbox 1429 1136 1521 1168; x_wconf 86' lang='lat' dir='ltr'>nobis</span> <span class='ocrx_word' id='word_1_255' title='bbox 1546 1142 1739 1169; x_wconf 87' lang='lat' dir='ltr'>emanarunt</span> <span class='ocrx_word' id='word_1_256' title='bbox 1760 1137 1894 1176; x_wconf 87' lang='lat' dir='ltr'>litterae,</span> <span class='ocrx_word' id='word_1_257' title='bbox 1918 1137 1971 1169; x_wconf 76' lang='grc'><strong>14.</strong></span> 
     </span>
     <span class='ocr_line' id='line_1_58' title="bbox 1256 1188 1970 1232; baseline 0.001 -11"><span class='ocrx_word' id='word_1_258' title='bbox 1256 1188 1364 1232; x_wconf 88' lang='lat' dir='ltr'>Nuper</span> <span class='ocrx_word' id='word_1_259' title='bbox 1389 1199 1406 1221; x_wconf 85' lang='lat' dir='ltr'>a</span> <span class='ocrx_word' id='word_1_260' title='bbox 1430 1189 1524 1222; x_wconf 84' lang='lat' dir='ltr'>nobis</span> <span class='ocrx_word' id='word_1_261' title='bbox 1549 1196 1739 1222; x_wconf 89' lang='lat' dir='ltr'>emanarunt</span> <span class='ocrx_word' id='word_1_262' title='bbox 1759 1190 1894 1229; x_wconf 86' lang='lat' dir='ltr'>litterae,</span> <span class='ocrx_word' id='word_1_263' title='bbox 1918 1190 1970 1222; x_wconf 69' lang='grc'><strong>05.</strong></span> 
     </span>
     <span class='ocr_line' id='line_1_59' title="bbox 1256 1241 1994 1285; baseline 0.001 -12"><span class='ocrx_word' id='word_1_264' title='bbox 1256 1241 1365 1285; x_wconf 81' lang='lat' dir='ltr'>Nuper</span> <span class='ocrx_word' id='word_1_265' title='bbox 1389 1252 1405 1274; x_wconf 86' lang='lat' dir='ltr'>a</span> <span class='ocrx_word' id='word_1_266' title='bbox 1431 1242 1524 1275; x_wconf 88' lang='lat' dir='ltr'>nobis</span> <span class='ocrx_word' id='word_1_267' title='bbox 1549 1248 1742 1275; x_wconf 84' lang='lat' dir='ltr'>emanarunt</span> <span class='ocrx_word' id='word_1_268' title='bbox 1764 1242 1901 1283; x_wconf 82' lang='lat' dir='ltr'>litterae,</span> <span class='ocrx_word' id='word_1_269' title='bbox 1921 1242 1994 1274; x_wconf 74' lang='grc'><strong>150.</strong></span> 
     </span>
     <span class='ocr_line' id='line_1_60' title="bbox 1256 1295 1992 1338; baseline 0.001 -11"><span class='ocrx_word' id='word_1_270' title='bbox 1256 1295 1364 1338; x_wconf 89' lang='lat' dir='ltr'>Nuper</span> <span class='ocrx_word' id='word_1_271' title='bbox 1389 1307 1405 1328; x_wconf 84' lang='lat' dir='ltr'>a</span> <span class='ocrx_word' id='word_1_272' title='bbox 1430 1295 1523 1327; x_wconf 85' lang='lat' dir='ltr'>nobis</span> <span class='ocrx_word' id='word_1_273' title='bbox 1549 1302 1739 1328; x_wconf 84' lang='lat' dir='ltr'>emanarunt</span> <span class='ocrx_word' id='word_1_274' title='bbox 1759 1296 1894 1337; x_wconf 85' lang='lat' dir='ltr'>litterae,</span> <span class='ocrx_word' id='word_1_275' title='bbox 1917 1295 1992 1328; x_wconf 77' lang='lat'><strong>¹175.</strong></span> 
     </span>
     <span class='ocr_line' id='line_1_61' title="bbox 1256 1349 1992 1392; baseline -0.001 -10"><span class='ocrx_word' id='word_1_276' title='bbox 1256 1349 1364 1392; x_wconf 82' lang='lat' dir='ltr'>Nuper</span> <span class='ocrx_word' id='word_1_277' title='bbox 1389 1359 1406 1381; x_wconf 87' lang='lat' dir='ltr'>a</span> <span class='ocrx_word' id='word_1_278' title='bbox 1431 1349 1524 1382; x_wconf 89' lang='lat' dir='ltr'>nobis</span> <span class='ocrx_word' id='word_1_279' title='bbox 1550 1355 1741 1382; x_wconf 85' lang='lat' dir='ltr'>emanarunt</span> <span class='ocrx_word' id='word_1_280' title='bbox 1762 1349 1897 1389; x_wconf 87' lang='lat' dir='ltr'>litterae,</span> <span class='ocrx_word' id='word_1_281' title='bbox 1917 1349 1992 1381; x_wconf 76' lang='grc'><strong>490.</strong></span> 
     </span>
     <span class='ocr_line' id='line_1_62' title="bbox 1256 1402 1853 1445; baseline 0.002 -11"><span class='ocrx_word' id='word_1_282' title='bbox 1256 1402 1364 1445; x_wconf 85' lang='lat' dir='ltr'>Nuper</span> <span class='ocrx_word' id='word_1_283' title='bbox 1389 1413 1406 1435; x_wconf 85' lang='lat' dir='ltr'>a</span> <span class='ocrx_word' id='word_1_284' title='bbox 1430 1403 1522 1435; x_wconf 88' lang='lat' dir='ltr'>nobis</span> <span class='ocrx_word' id='word_1_285' title='bbox 1548 1408 1749 1441; x_wconf 83' lang='lat' dir='ltr'>emanarunt,</span> <span class='ocrx_word' id='word_1_286' title='bbox 1777 1402 1853 1435; x_wconf 73' lang='grc'><strong>488.</strong></span> 
     </span>
     <span class='ocr_line' id='line_1_63' title="bbox 1256 1455 1944 1498; baseline 0.001 -11"><span class='ocrx_word' id='word_1_287' title='bbox 1256 1455 1373 1498; x_wconf 82' lang='lat' dir='ltr'>Nuper,</span> <span class='ocrx_word' id='word_1_288' title='bbox 1397 1456 1490 1488; x_wconf 76' lang='lat' dir='ltr'>certis</span> <span class='ocrx_word' id='word_1_289' title='bbox 1509 1456 1547 1488; x_wconf 89' lang='lat' dir='ltr'>de</span> <span class='ocrx_word' id='word_1_290' title='bbox 1566 1456 1669 1489; x_wconf 79' lang='lat' dir='ltr'>causis</span> <span class='ocrx_word' id='word_1_291' title='bbox 1688 1456 1845 1497; x_wconf 83' lang='lat' dir='ltr'>animum,</span> <span class='ocrx_word' id='word_1_292' title='bbox 1871 1456 1944 1488; x_wconf 64' lang='lat'>1:302.</span> 
     </span>
     <span class='ocr_line' id='line_1_64' title="bbox 1254 1508 1955 1551; baseline 0 -10"><span class='ocrx_word' id='word_1_293' title='bbox 1254 1508 1373 1551; x_wconf 84' lang='lat' dir='ltr'>Nuper,</span> <span class='ocrx_word' id='word_1_294' title='bbox 1397 1509 1491 1542; x_wconf 75' lang='lat' dir='ltr'>certis</span> <span class='ocrx_word' id='word_1_295' title='bbox 1513 1510 1551 1542; x_wconf 81' lang='lat' dir='ltr'>(le</span> <span class='ocrx_word' id='word_1_296' title='bbox 1573 1509 1675 1543; x_wconf 86' lang='lat' dir='ltr'>causis</span> <span class='ocrx_word' id='word_1_297' title='bbox 1696 1509 1852 1549; x_wconf 87' lang='lat' dir='ltr'>animum,</span> <span class='ocrx_word' id='word_1_298' title='bbox 1880 1509 1955 1541; x_wconf 74' lang='grc'><strong>454.</strong></span> 
     </span>
     <span class='ocr_line' id='line_1_65' title="bbox 1254 1561 1969 1605; baseline -0.001 -11"><span class='ocrx_word' id='word_1_299' title='bbox 1254 1561 1362 1605; x_wconf 82' lang='lat' dir='ltr'>Nuper</span> <span class='ocrx_word' id='word_1_300' title='bbox 1387 1572 1457 1601; x_wconf 84' lang='lat' dir='ltr'>nos,</span> <span class='ocrx_word' id='word_1_301' title='bbox 1486 1562 1631 1604; x_wconf 77' lang='lat' dir='ltr'>ingentes</span> <span class='ocrx_word' id='word_1_302' title='bbox 1656 1562 1866 1602; x_wconf 86' lang='lat' dir='ltr'>orthodoxae,</span> <span class='ocrx_word' id='word_1_303' title='bbox 1895 1561 1969 1594; x_wconf 71' lang='lat'>378.</span> 
     </span>
     <span class='ocr_line' id='line_1_66' title="bbox 1254 1615 1902 1658; baseline 0 -11"><span class='ocrx_word' id='word_1_304' title='bbox 1254 1615 1362 1658; x_wconf 88' lang='lat' dir='ltr'>Nuper</span> <span class='ocrx_word' id='word_1_305' title='bbox 1386 1626 1455 1655; x_wconf 86' lang='lat' dir='ltr'>nos,</span> <span class='ocrx_word' id='word_1_306' title='bbox 1484 1616 1516 1648; x_wconf 88' lang='lat' dir='ltr'>in</span> <span class='ocrx_word' id='word_1_307' title='bbox 1542 1616 1800 1657; x_wconf 79' lang='lat' dir='ltr'>subventionem,</span> <span class='ocrx_word' id='word_1_308' title='bbox 1827 1615 1902 1647; x_wconf 71' lang='lat'><strong>“277.</strong></span> 
     </span>
     <span class='ocr_line' id='line_1_67' title="bbox 1254 1668 1857 1712; baseline 0 -12"><span class='ocrx_word' id='word_1_309' title='bbox 1254 1668 1362 1711; x_wconf 89' lang='lat' dir='ltr'>Nuper</span> <span class='ocrx_word' id='word_1_310' title='bbox 1378 1679 1436 1712; x_wconf 88' lang='lat' dir='ltr'>pro</span> <span class='ocrx_word' id='word_1_311' title='bbox 1454 1674 1544 1712; x_wconf 86' lang='lat' dir='ltr'>parte</span> <span class='ocrx_word' id='word_1_312' title='bbox 1562 1669 1669 1701; x_wconf 86' lang='lat' dir='ltr'>dilecti</span> <span class='ocrx_word' id='word_1_313' title='bbox 1686 1669 1755 1705; x_wconf 78' lang='lat' dir='ltr'>sitii,</span> <span class='ocrx_word' id='word_1_314' title='bbox 1776 1668 1857 1701; x_wconf 56' lang='lat'>⁶29&amp;</span> 
     </span>
    </p>

    <p class='ocr_par' dir='ltr' id='par_1_27' title="bbox 1252 1721 1895 2459">
     <span class='ocr_line' id='line_1_68' title="bbox 1252 1721 1887 1764; baseline 0 -11"><span class='ocrx_word' id='word_1_315' title='bbox 1252 1721 1361 1764; x_wconf 87' lang='lat' dir='ltr'>Nuper</span> <span class='ocrx_word' id='word_1_316' title='bbox 1384 1732 1444 1764; x_wconf 91' lang='lat' dir='ltr'>pro</span> <span class='ocrx_word' id='word_1_317' title='bbox 1470 1727 1560 1764; x_wconf 87' lang='lat' dir='ltr'>parte</span> <span class='ocrx_word' id='word_1_318' title='bbox 1586 1722 1694 1754; x_wconf 86' lang='lat' dir='ltr'>dilecti</span> <span class='ocrx_word' id='word_1_319' title='bbox 1720 1721 1787 1763; x_wconf 80' lang='lat' dir='ltr'>tilii,</span> <span class='ocrx_word' id='word_1_320' title='bbox 1813 1721 1887 1753; x_wconf 70' lang='grc'><strong>440.</strong></span> 
     </span>
     <span class='ocr_line' id='line_1_69' title="bbox 1254 1774 1887 1818; baseline 0.003 -12"><span class='ocrx_word' id='word_1_321' title='bbox 1254 1774 1361 1818; x_wconf 87' lang='lat' dir='ltr'>aner</span> <span class='ocrx_word' id='word_1_322' title='bbox 1386 1785 1445 1818; x_wconf 89' lang='lat' dir='ltr'>pro</span> <span class='ocrx_word' id='word_1_323' title='bbox 1471 1781 1561 1818; x_wconf 84' lang='lat' dir='ltr'>parte</span> <span class='ocrx_word' id='word_1_324' title='bbox 1586 1775 1693 1808; x_wconf 86' lang='lat' dir='ltr'>dilecti</span> <span class='ocrx_word' id='word_1_325' title='bbox 1720 1775 1788 1811; x_wconf 83' lang='lat' dir='ltr'>filii,</span> <span class='ocrx_word' id='word_1_326' title='bbox 1813 1774 1887 1808; x_wconf 79' lang='grc'><strong>677.</strong></span> 
     </span>
     <span class='ocr_line' id='line_1_70' title="bbox 1253 1827 1891 1871; baseline 0.002 -12"><span class='ocrx_word' id='word_1_327' title='bbox 1253 1828 1362 1871; x_wconf 87' lang='lat' dir='ltr'>Nuper</span> <span class='ocrx_word' id='word_1_328' title='bbox 1385 1838 1445 1870; x_wconf 90' lang='lat' dir='ltr'>pro</span> <span class='ocrx_word' id='word_1_329' title='bbox 1470 1833 1559 1871; x_wconf 87' lang='lat' dir='ltr'>parte</span> <span class='ocrx_word' id='word_1_330' title='bbox 1585 1828 1692 1860; x_wconf 79' lang='lat' dir='ltr'>dilecti</span> <span class='ocrx_word' id='word_1_331' title='bbox 1719 1827 1787 1868; x_wconf 86' lang='lat' dir='ltr'>filii,</span> <span class='ocrx_word' id='word_1_332' title='bbox 1817 1827 1891 1860; x_wconf 66' lang='lat'>724.</span> 
     </span>
     <span class='ocr_line' id='line_1_71' title="bbox 1253 1878 1892 1923; baseline 0 -11"><span class='ocrx_word' id='word_1_333' title='bbox 1253 1880 1362 1923; x_wconf 86' lang='lat' dir='ltr'>Nuper</span> <span class='ocrx_word' id='word_1_334' title='bbox 1385 1890 1444 1923; x_wconf 91' lang='lat' dir='ltr'>pro</span> <span class='ocrx_word' id='word_1_335' title='bbox 1468 1886 1559 1923; x_wconf 87' lang='lat' dir='ltr'>parte</span> <span class='ocrx_word' id='word_1_336' title='bbox 1584 1881 1789 1921; x_wconf 85' lang='lat' dir='ltr'>dilectorum,</span> <span class='ocrx_word' id='word_1_337' title='bbox 1817 1878 1892 1913; x_wconf 65' lang='lat'>220.</span> 
     </span>
     <span class='ocr_line' id='line_1_72' title="bbox 1254 1933 1895 1977; baseline -0.002 -11"><span class='ocrx_word' id='word_1_338' title='bbox 1254 1934 1361 1977; x_wconf 85' lang='lat' dir='ltr'>Nuper</span> <span class='ocrx_word' id='word_1_339' title='bbox 1385 1944 1444 1977; x_wconf 88' lang='lat' dir='ltr'>pro</span> <span class='ocrx_word' id='word_1_340' title='bbox 1470 1940 1561 1977; x_wconf 85' lang='lat' dir='ltr'>parte</span> <span class='ocrx_word' id='word_1_341' title='bbox 1587 1934 1792 1974; x_wconf 87' lang='lat' dir='ltr'>dilectorum,</span> <span class='ocrx_word' id='word_1_342' title='bbox 1821 1933 1895 1966; x_wconf 61' lang='lat'>0234.</span> 
     </span>
     <span class='ocr_line' id='line_1_73' title="bbox 1253 1986 1891 2031; baseline 0.002 -12"><span class='ocrx_word' id='word_1_343' title='bbox 1253 1987 1361 2031; x_wconf 88' lang='lat' dir='ltr'>Nuper</span> <span class='ocrx_word' id='word_1_344' title='bbox 1385 1997 1443 2031; x_wconf 90' lang='lat' dir='ltr'>pro</span> <span class='ocrx_word' id='word_1_345' title='bbox 1469 1993 1559 2031; x_wconf 88' lang='lat' dir='ltr'>parte</span> <span class='ocrx_word' id='word_1_346' title='bbox 1585 1987 1789 2027; x_wconf 87' lang='lat' dir='ltr'>dilectorum,</span> <span class='ocrx_word' id='word_1_347' title='bbox 1817 1986 1891 2020; x_wconf 68' lang='lat'>349.</span> 
     </span>
     <span class='ocr_line' id='line_1_74' title="bbox 1252 2039 1891 2085; baseline -0.002 -11"><span class='ocrx_word' id='word_1_348' title='bbox 1252 2041 1361 2085; x_wconf 83' lang='lat' dir='ltr'>Nuper</span> <span class='ocrx_word' id='word_1_349' title='bbox 1384 2052 1442 2085; x_wconf 87' lang='lat' dir='ltr'>pro</span> <span class='ocrx_word' id='word_1_350' title='bbox 1466 2046 1558 2084; x_wconf 86' lang='lat' dir='ltr'>parte</span> <span class='ocrx_word' id='word_1_351' title='bbox 1584 2041 1787 2081; x_wconf 86' lang='lat' dir='ltr'>dlleetorum,</span> <span class='ocrx_word' id='word_1_352' title='bbox 1815 2039 1891 2073; x_wconf 71' lang='lat'>371.</span> 
     </span>
     <span class='ocr_line' id='line_1_75' title="bbox 1253 2094 1891 2139; baseline -0.002 -12"><span class='ocrx_word' id='word_1_353' title='bbox 1253 2095 1361 2139; x_wconf 81' lang='lat' dir='ltr'>Nuper</span> <span class='ocrx_word' id='word_1_354' title='bbox 1384 2106 1444 2139; x_wconf 90' lang='lat' dir='ltr'>pro</span> <span class='ocrx_word' id='word_1_355' title='bbox 1469 2100 1560 2139; x_wconf 85' lang='lat' dir='ltr'>parte</span> <span class='ocrx_word' id='word_1_356' title='bbox 1586 2095 1788 2135; x_wconf 86' lang='lat' dir='ltr'>dilectorum,</span> <span class='ocrx_word' id='word_1_357' title='bbox 1816 2094 1891 2126; x_wconf 85' lang='grc'><strong>454.</strong></span> 
     </span>
     <span class='ocr_line' id='line_1_76' title="bbox 1254 2146 1893 2192; baseline -0.005 -11"><span class='ocrx_word' id='word_1_358' title='bbox 1254 2148 1362 2192; x_wconf 88' lang='lat' dir='ltr'>Nuper</span> <span class='ocrx_word' id='word_1_359' title='bbox 1386 2159 1445 2192; x_wconf 90' lang='lat' dir='ltr'>pro</span> <span class='ocrx_word' id='word_1_360' title='bbox 1470 2154 1560 2192; x_wconf 88' lang='lat' dir='ltr'>parte</span> <span class='ocrx_word' id='word_1_361' title='bbox 1586 2148 1791 2183; x_wconf 77' lang='lat' dir='ltr'>dilectorum,</span> <span class='ocrx_word' id='word_1_362' title='bbox 1817 2146 1893 2179; x_wconf 76' lang='grc'><strong>480.</strong></span> 
     </span>
     <span class='ocr_line' id='line_1_77' title="bbox 1254 2200 1891 2246; baseline -0.002 -12"><span class='ocrx_word' id='word_1_363' title='bbox 1254 2202 1361 2245; x_wconf 84' lang='lat' dir='ltr'>Nuper</span> <span class='ocrx_word' id='word_1_364' title='bbox 1386 2213 1445 2245; x_wconf 86' lang='lat' dir='ltr'>pro</span> <span class='ocrx_word' id='word_1_365' title='bbox 1469 2209 1560 2246; x_wconf 85' lang='lat' dir='ltr'>parte</span> <span class='ocrx_word' id='word_1_366' title='bbox 1585 2202 1788 2241; x_wconf 83' lang='lat' dir='ltr'>dilectorum,</span> <span class='ocrx_word' id='word_1_367' title='bbox 1816 2200 1891 2233; x_wconf 80' lang='grc'><strong>496.</strong></span> 
     </span>
     <span class='ocr_line' id='line_1_78' title="bbox 1254 2253 1890 2299; baseline -0.002 -12"><span class='ocrx_word' id='word_1_368' title='bbox 1254 2256 1362 2298; x_wconf 84' lang='lat' dir='ltr'>Nuper</span> <span class='ocrx_word' id='word_1_369' title='bbox 1386 2265 1446 2298; x_wconf 90' lang='lat' dir='ltr'>pro</span> <span class='ocrx_word' id='word_1_370' title='bbox 1471 2261 1560 2299; x_wconf 82' lang='lat' dir='ltr'>parte</span> <span class='ocrx_word' id='word_1_371' title='bbox 1586 2255 1788 2295; x_wconf 85' lang='lat' dir='ltr'>dilectorum,</span> <span class='ocrx_word' id='word_1_372' title='bbox 1816 2253 1890 2286; x_wconf 85' lang='grc'><strong>544.</strong></span> 
     </span>
     <span class='ocr_line' id='line_1_79' title="bbox 1253 2306 1889 2352; baseline -0.003 -11"><span class='ocrx_word' id='word_1_373' title='bbox 1253 2309 1362 2352; x_wconf 87' lang='lat' dir='ltr'>Nuper</span> <span class='ocrx_word' id='word_1_374' title='bbox 1386 2320 1444 2352; x_wconf 90' lang='lat' dir='ltr'>pro</span> <span class='ocrx_word' id='word_1_375' title='bbox 1470 2315 1560 2352; x_wconf 85' lang='lat' dir='ltr'>parte</span> <span class='ocrx_word' id='word_1_376' title='bbox 1585 2309 1787 2347; x_wconf 86' lang='lat' dir='ltr'>dilectorum,</span> <span class='ocrx_word' id='word_1_377' title='bbox 1815 2306 1889 2340; x_wconf 82' lang='grc'><strong>604,</strong></span> 
     </span>
     <span class='ocr_line' id='line_1_80' title="bbox 1254 2360 1890 2406; baseline 0 -12"><span class='ocrx_word' id='word_1_378' title='bbox 1254 2363 1361 2406; x_wconf 80' lang='lat' dir='ltr'>Nuper</span> <span class='ocrx_word' id='word_1_379' title='bbox 1384 2373 1444 2406; x_wconf 87' lang='lat' dir='ltr'>pro</span> <span class='ocrx_word' id='word_1_380' title='bbox 1469 2368 1558 2406; x_wconf 86' lang='lat' dir='ltr'>parte</span> <span class='ocrx_word' id='word_1_381' title='bbox 1583 2363 1787 2401; x_wconf 74' lang='lat' dir='ltr'>dilectorum,</span> <span class='ocrx_word' id='word_1_382' title='bbox 1816 2360 1890 2394; x_wconf 82' lang='grc'><strong>047.</strong></span> 
     </span>
     <span class='ocr_line' id='line_1_81' title="bbox 1254 2414 1890 2459; baseline -0.002 -11"><span class='ocrx_word' id='word_1_383' title='bbox 1254 2416 1361 2459; x_wconf 86' lang='lat' dir='ltr'>Nuper</span> <span class='ocrx_word' id='word_1_384' title='bbox 1385 2426 1444 2459; x_wconf 90' lang='lat' dir='ltr'>pro</span> <span class='ocrx_word' id='word_1_385' title='bbox 1469 2422 1559 2459; x_wconf 85' lang='lat' dir='ltr'>parte</span> <span class='ocrx_word' id='word_1_386' title='bbox 1584 2416 1787 2455; x_wconf 87' lang='lat' dir='ltr'>dilectorum,</span> <span class='ocrx_word' id='word_1_387' title='bbox 1816 2414 1890 2447; x_wconf 71' lang='grc'><strong>054.</strong></span> 
     </span>
    </p>

    <p class='ocr_par' dir='ltr' id='par_1_28' title="bbox 1227 2467 1889 2513">
     <span class='ocr_line' id='line_1_82' title="bbox 1227 2467 1889 2513; baseline 0 -13"><span class='ocrx_word' id='word_1_388' title='bbox 1227 2491 1228 2506; x_wconf 38' lang='lat' dir='ltr'>l</span> <span class='ocrx_word' id='word_1_389' title='bbox 1253 2469 1362 2512; x_wconf 84' lang='lat' dir='ltr'>Nuper</span> <span class='ocrx_word' id='word_1_390' title='bbox 1385 2480 1443 2513; x_wconf 90' lang='lat' dir='ltr'>pro</span> <span class='ocrx_word' id='word_1_391' title='bbox 1469 2475 1559 2513; x_wconf 88' lang='lat' dir='ltr'>parte</span> <span class='ocrx_word' id='word_1_392' title='bbox 1584 2469 1787 2507; x_wconf 80' lang='lat' dir='ltr'>dilectorum,</span> <span class='ocrx_word' id='word_1_393' title='bbox 1815 2467 1889 2500; x_wconf 71' lang='lat'>659.</span> 
     </span>
    </p>

    <p class='ocr_par' dir='ltr' id='par_1_29' title="bbox 1227 2520 1889 2567">
     <span class='ocr_line' id='line_1_83' title="bbox 1227 2520 1889 2567; baseline -0.005 -11"><span class='ocrx_word' id='word_1_394' title='bbox 1227 2536 1228 2552; x_wconf 71' lang='lat' dir='ltr'>t</span> <span class='ocrx_word' id='word_1_395' title='bbox 1253 2523 1361 2566; x_wconf 88' lang='lat' dir='ltr'>Nuper</span> <span class='ocrx_word' id='word_1_396' title='bbox 1386 2533 1444 2567; x_wconf 91' lang='lat' dir='ltr'>pro</span> <span class='ocrx_word' id='word_1_397' title='bbox 1469 2529 1559 2567; x_wconf 85' lang='lat' dir='ltr'>parte</span> <span class='ocrx_word' id='word_1_398' title='bbox 1585 2523 1788 2562; x_wconf 86' lang='lat' dir='ltr'>dilectorum,</span> <span class='ocrx_word' id='word_1_399' title='bbox 1815 2520 1889 2553; x_wconf 72' lang='lat'>065.</span> 
     </span>
    </p>

    <p class='ocr_par' dir='ltr' id='par_1_30' title="bbox 1226 2574 1888 2673">
     <span class='ocr_line' id='line_1_84' title="bbox 1226 2574 1888 2628; baseline -0.003 -19"><span class='ocrx_word' id='word_1_400' title='bbox 1226 2612 1228 2628; x_wconf 31' lang='grc' dir='ltr'><em>ἰ</em></span> <span class='ocrx_word' id='word_1_401' title='bbox 1253 2576 1360 2620; x_wconf 89' lang='lat' dir='ltr'>Nuper</span> <span class='ocrx_word' id='word_1_402' title='bbox 1384 2587 1443 2621; x_wconf 88' lang='lat' dir='ltr'>pro</span> <span class='ocrx_word' id='word_1_403' title='bbox 1469 2583 1559 2621; x_wconf 84' lang='lat' dir='ltr'>parte</span> <span class='ocrx_word' id='word_1_404' title='bbox 1585 2577 1786 2613; x_wconf 74' lang='lat' dir='ltr'>dilectorum„</span> <span class='ocrx_word' id='word_1_405' title='bbox 1815 2574 1888 2607; x_wconf 78' lang='grc'><strong>007.</strong></span> 
     </span>
     <span class='ocr_line' id='line_1_85' title="bbox 1252 2628 1887 2673; baseline -0.008 -9"><span class='ocrx_word' id='word_1_406' title='bbox 1252 2629 1360 2673; x_wconf 80' lang='lat' dir='ltr'>Nuper</span> <span class='ocrx_word' id='word_1_407' title='bbox 1384 2640 1442 2673; x_wconf 87' lang='lat' dir='ltr'>pro</span> <span class='ocrx_word' id='word_1_408' title='bbox 1467 2636 1556 2673; x_wconf 80' lang='lat' dir='ltr'>pai-te</span> <span class='ocrx_word' id='word_1_409' title='bbox 1583 2630 1785 2669; x_wconf 74' lang='lat' dir='ltr'>dilectorum,</span> <span class='ocrx_word' id='word_1_410' title='bbox 1815 2628 1887 2659; x_wconf 78' lang='grc'><strong>090.</strong></span> 
     </span>
    </p>
   </div>
   <div class='ocr_carea' id='block_1_21' title="bbox 1226 1087 1231 2669">
    <p class='ocr_par' dir='ltr' id='par_1_31' title="bbox 1226 1087 1231 2669">
     <span class='ocr_line' id='line_1_86' title="bbox 1226 1087 1231 2669; baseline 0 0"><span class='ocrx_word' id='word_1_411' title='bbox 1226 1087 1231 2669; x_wconf 95' lang='lat' dir='ltr'> </span> 
     </span>
    </p>
   </div>
  </div>
 </body>
</html>
