2248 3229
218 263 270 291 An.
287 263 317 291 C.
335 263 402 291 163ss

272 2462 317 2481 'ota
334 2462 408 2488 petilio

226 2487 393 2509 Caruivlitaium.

450 257 512 289 346
998 263 1176 287 certantum

423 314 535 346 dictam
562 312 682 344 beatam
709 310 888 343 Theresiam
908 311 1048 343 omnium
1066 323 1161 356 popu·
1178 314 1179 317 ’

423 368 524 399 lorum
551 375 613 397 non
639 364 738 396 solum
766 364 852 406 regni
872 364 1020 397 Castellae
1038 365 1162 405 veteris,

422 419 475 451 s··d
499 419 590 451 etiam
612 417 751 450 omnium
771 418 905 450 aliorum
923 428 1095 461 regnorum
1114 418 1164 451 lli-

422 472 610 515 spauiarum,
628 481 749 503 necnon
769 471 978 514 Portugalliae
1004 475 1031 503 et
1057 472 1163 514 Algar-

421 526 557 563 biorum,
583 524 819 558 concessionem
845 531 874 557 et
899 524 1054 557 indultum
1076 535 1163 568 prae-

421 579 501 611 dicta
536 578 573 610 ad
610 578 755 610 universa
787 578 1008 621 Hispaniarum
1040 589 1161 611 necnon

421 631 629 673 portugalliae
664 636 694 663 et
724 631 945 673 Algarbiorum
978 641 1075 673 regna
1106 642 1162 675 per

421 696 477 718 nos
495 685 666 729 apostolica
680 685 865 718 auctoritate
886 684 1010 717 extendi
1028 695 1163 718 summo-

421 749 497 783 pere
514 738 709 771 desiderent:
731 749 798 780 nos,
817 737 1097 782 supplicationibus
1114 750 1162 772 eo-

421 803 491 825 rum
517 792 644 825 nomine
667 792 760 825 nobis
785 803 879 836 super
899 793 959 825 hoc
978 792 1090 825 iterum
1108 793 1163 825 1111-

422 846 537 879 militer
561 846 716 890 porrectis
743 846 892 886 inclinati,
913 846 950 878 de
976 846 1161 879 eorumdem

421 900 554 932 fratrum
581 899 722 940 consilio,
747 899 831 943 quod
857 900 895 932 de
920 904 1025 932 cetero
1050 910 1180 948 perpe-¹

422 953 482 986 tuis
510 953 622 985 suturis
652 953 847 997 temporibus
876 953 907 985 in
935 953 1080 986 omnibus
1108 953 1162 985 lli-

422 1007 602 1050 spaniarum
621 1017 656 1039 ac
673 1006 766 1039 etiam
784 1006 994 1049 Portugalliae
1012 1012 1039 1039 et
1058 1007 1163 1049 Algar-

422 1061 545 1093 biorum
564 1060 670 1103 regnis
688 1060 769 1093 dicta
787 1060 836 1092 die
854 1070 872 1091 v
890 1060 1006 1092 mensis
1024 1060 1162 1093 octobris

422 1114 460 1146 ab
485 1114 630 1146 omnibus
655 1113 819 1157 utriusque
845 1124 936 1146 sexus
953 1113 1097 1158 personis
1116 1124 1164 1146 ec-

423 1167 615 1207 clesiasticis,
633 1167 827 1199 secularibus
848 1172 877 1199 et.
896 1167 1105 1209 regularibus,
1123 1168 1164 1200 os-

423 1222 550 1261 ficium,
575 1226 605 1253 et
630 1231 645 1251 a
671 1220 923 1264 quibuscumque
954 1221 1162 1265 presbyteris,

423 1281 485 1306 tam
511 1274 725 1314 secularibus,
752 1284 847 1318 quam
878 1273 1014 1306 cuiusvis
1039 1273 1180 1309 Ordinis:

421 1319 633 1371 regularibus,
658 1327 750 1361 etiam
777 1327 870 1359 missa
888 1327 925 1360 de
944 1327 1050 1360 eadem
1072 1327 1161 1360 beata
1179 1336 1181 1350 ¹

421 1382 580 1423 Tlieresia,
606 1381 736 1414 servatis
754 1381 828 1413 alias
847 1382 876 1413 in
894 1381 1040 1414 omnibus
1058 1385 1086 1415 et
1107 1392 1164 1425 per

422 1435 529 1468 omnia
553 1435 728 1468 litterarum
753 1435 987 1478 praedictarum
1012 1435 1113 1468 forma
1134 1439 1164 1466 ct

423 1495 541 1530 tenore,
557 1488 710 1521 celebrari
728 1493 757 1520 et
775 1488 900 1520 recitari
918 1488 1017 1520 libere
1034 1493 1063 1520 et
1080 1487 1163 1520 licite
1179 1522 1181 1528 ι

422 1543 521 1587 possit
545 1548 574 1574 et
593 1542 701 1583 valeat,
721 1542 890 1585 apostolica
911 1541 1106 1581 auctoritate,
1124 1546 1163 1573 te·
1180 1555 1181 1590 j

422 1607 500 1629 nore
518 1595 742 1640 praesentium,
757 1595 959 1628 concedimus
976 1600 1003 1627 et
1022 1595 1163 1638 indulge·
1180 1597 1181 1611 ³

423 1661 501 1682 mus.
527 1650 595 1682 Non
612 1649 807 1681 obstantibus
824 1648 970 1681 omnibus
996 1648 1066 1687 illis,
1084 1659 1163 1691 quae

423 1705 452 1736 in
479 1703 568 1736 dictis
593 1703 708 1736 nostris
730 1702 841 1734 litteris
859 1702 1015 1734 voluimus
1032 1711 1092 1734 non
1112 1702 1181 1741 ob-¹

424 1762 516 1797 stare,
529 1757 705 1799 ceterisque
719 1756 887 1788 contrariis
900 1755 1162 1798 quibuscumque.
1180 1746 1181 1751 ¹

424 1812 573 1844 Voluu‘uzs
598 1816 713 1849 autem,
740 1809 824 1852 quod
849 1809 1061 1853 praesentium
1084 1814 1162 1841 tran-

424 1865 568 1907 simiptis,
593 1864 686 1896 etiam
714 1863 885 1907 impressis,
912 1873 1005 1895 manu
1031 1863 1163 1895 alicuius

423 1918 537 1950 notarii
565 1917 679 1960 publici
704 1916 898 1960 sulse-ruitis.
926 1922 953 1949 et
979 1916 1082 1958 sigillo
1107 1917 1181 1954 ati„

424 1972 512 2003 cuius
542 1981 695 2014 personae
720 1970 751 2002 in
776 1970 926 2013 dignitate
952 1964 1181 2003 ecclesiastica}

424 2025 609 2058 constitutae
627 2035 680 2056 scu
703 2024 919 2068 procuratoris
940 2024 1095 2065 generalis
1117 2023 1163 2055 di·

424 2079 462 2111 cti
489 2078 613 2111 Ordinis
638 2077 765 2110 munitis
795 2076 902 2109 eadem
931 2087 1061 2120 prorsus
1086 2077 1182 2130 fides¹

424 2132 609 2165 adhibeatur
625 2132 655 2164 in
674 2131 789 2164 iudicio
810 2136 839 2163 et
860 2137 956 2171 extra,
978 2142 1056 2174 quae
1076 2142 1182 2176 prae-¹

424 2186 564 2218 sentibus
589 2185 809 2219 adhiberetur.
831 2184 854 2216 si
881 2185 983 2217 forent
1007 2177 1182 2233 exhibitae}

426 2240 471 2271 rel
499 2244 649 2271 ostensae.
675 2239 785 2271 Datum
808 2239 934 2277 Romae,
961 2239 1043 2282 apud
1065 2239 1165 2272 sna-

425 2293 502 2326 riam
522 2293 680 2333 Maiorem,
698 2293 755 2326 sub
783 2294 897 2326 annulo
916 2293 1092 2333 piscatoris,
1115 2293 1165 2326 die
1182 2284 1183 2287 Ἴ

1200 263 1353 288 ROMANUM

1196 313 1479 345 sanctaeRomanae
1505 312 1661 346 Ecclesiae
1691 316 1862 349 cardinales
1890 325 1946 354 sa-‚

1196 365 1258 398 cris
1278 366 1389 399 ritibus
1407 367 1602 411 praepositos
1620 367 1720 400 tribus
1736 369 1932 410 lectionibus,

1196 418 1318 451 duobus
1335 419 1460 464 hymnis
1484 424 1514 452 et
1538 419 1678 453 oratione
1698 431 1756 464 pro
1774 421 1851 455 sesto
1867 432 1933 455 san-

1197 476 1244 504 tae
1260 472 1428 505 Tberesiae
1444 473 1633 517 praedictae,
1647 473 1743 517 aliqui
1761 484 1796 507 ex
1815 474 1862 514 iis,
1879 475 1932 518 qui

1196 525 1387 568 praedictam
1412 527 1529 559 habent
1553 527 1748 568 facultatem,
1773 527 1932 560 dubitave-

1196 579 1267 619 rint,
1292 590 1330 612 an
1355 579 1452 613 dictas
1470 580 1631 623 lectiones,
1655 581 1789 626 hymnos
1814 585 1844 614 et
1864 592 1934 614 ora-

1198 633 1314 666 tionem
1338 634 1472 667 recitare
1496 634 1626 678 possint,
1642 638 1672 668 et
1691 640 1859 679 propterea
1880 635 1934 667 eis-

1196 685 1266 718 dem
1285 686 1495 720 cardinalibus
1513 698 1571 731 pro
1590 692 1679 731 parte
1692 687 1847 720 dictorum
1865 687 1935 721 reli-

1196 736 1359 780 giosorum
1376 738 1552 783 supplicato
1565 749 1624 782 pro
1635 738 1779 771 habenda
1799 738 1935 783 desuper

1196 793 1375 835 opportuna
1400 792 1621 833 declaratione,
1646 792 1740 825 iidem
1761 792 1934 826 cardinales

1197 845 1426 889 responderint,
1441 850 1507 880 tuto
1521 856 1613 890 posse
1626 851 1689 878 tam
1706 856 1722 878 a
1740 847 1934 880 secularibus

1196 908 1289 942 quam
1311 909 1327 931 a
1352 899 1551 942 regularibus
1571 899 1625 943 qui
1649 899 1781 932 recitant
1797 899 1934 933 officium

1196 956 1320 984 sanctae
1334 951 1500 984 Ther-esiae
1517 952 1547 984 in
1564 952 1613 985 die
1631 952 1697 985 eius
1714 952 1792 985 sesto
1809 952 1935 986 recitari

1197 1016 1267 1038 cum
1292 1005 1491 1047 lectionibus,
1516 1005 1641 1051 hymnis
1658 1010 1688 1039 et
1708 1005 1849 1039 oratione
1865 1017 1936 1050 pro-

1198 1058 1274 1102 priis
1307 1059 1489 1102 approbatis
1513 1059 1552 1092 ab
1578 1057 1694 1092 eisdem
1724 1059 1935 1093 cardinalibus

1197 1123 1255 1156 pro
1281 1112 1433 1155 religione
1450 1112 1699 1151 Car-melitarum,
1720 1117 1814 1156 prout
1833 1113 1865 1145 in
1882 1113 1935 1146 de-

1197 1171 1282 1198 creto
1296 1165 1430 1210 desuper
1441 1166 1498 1198 sub
1509 1166 1558 1199 die
1568 1176 1644 1200 xvni
1655 1166 1778 1209 augusti
1791 1176 1934 1201 uncum

1197 1224 1339 1252 emanato
1364 1219 1487 1263 plenius
1512 1219 1626 1253 dicitur
1650 1220 1820 1254 contineri:
1845 1215 1936 1254 nobis

1197 1277 1364 1316 propterea
1375 1273 1512 1315 religiosi
1528 1273 1680 1317 praedicti
1694 1274 1856 1306 humiliter
1866 1284 1936 1318 sup-

1198 1326 1305 1369 plicari
1328 1326 1478 1367 fecerunt,
1495 1331 1528 1359 ut
1544 1337 1603 1370 pro
1620 1326 1754 1360 firmiori
1779 1327 1863 1360 dicto
1887 1327 1936 1360 dc-

1197 1380 1272 1412 crcti
1298 1380 1454 1412 validitate
1479 1385 1508 1413 et
1533 1380 1732 1414 subsistentia
1761 1380 1837 1413 illud
1861 1391 1936 1425 apo-

1198 1433 1325 1466 stolicae
1343 1433 1591 1467 confirmationis
1604 1434 1721 1467 robore
1738 1434 1935 1468 communire

1197 1487 1235 1520 de
1260 1486 1451 1529 benignitate
1477 1487 1649 1530 apostolica
1673 1487 1884 1531 dignaremus.

1242 1541 1256 1583 g
1280 1540 1309 1573 3.
1336 1541 1399 1574 Nos
1424 1540 1539 1583 igitur,
1565 1541 1625 1585 piis
1649 1541 1750 1574 dictae
1774 1541 1937 1585 religioso-

1198 1605 1268 1627 rum
1295 1595 1394 1635 votis,
1419 1600 1570 1638 quantum
1599 1606 1671 1627 cum
1696 1595 1830 1628 Domino
1857 1606 1934 1639 pos—

1198 1659 1316 1689 sumus,
1341 1659 1497 1688 annuere,
1524 1648 1656 1691 illosque
1681 1648 1869 1692 specialibus
1893 1649 1937 1682 fa-

1199 1703 1327 1736 voribus
1355 1707 1385 1735 et
1413 1702 1522 1745 gratiis
1549 1702 1698 1745 prosequi
1724 1702 1879 1745 volentes,
1908 1708 1938 1735 et

1197 1767 1213 1788 a
1238 1755 1401 1799 quibusvis
1427 1755 1779 1799 excommunicationis,
1805 1766 1936 1800 suspen-

1197 1809 1293 1842 sionis
1319 1814 1345 1841 et
1369 1809 1536 1849 interdicti,
1561 1809 1692 1852 aliisque
1717 1809 1936 1843 ecclesiasticis

1198 1861 1368 1899 sententiis,
1393 1861 1534 1894 censuris
1558 1866 1587 1894 et
1611 1861 1730 1905 poenis,
1756 1872 1772 1894 a
1797 1862 1866 1895 iure
1890 1863 1937 1896 vel

1197 1915 1235 1947 ab
1267 1915 1394 1948 homine
1409 1942 1416 1955 ,
1441 1915 1550 1958 quavis
1582 1915 1746 1948 occasione
1770 1916 1818 1948 vel
1843 1918 1937 1949 causa

1199 1968 1276 2010 latis,
1297 1969 1321 2000 si
1341 1968 1457 2012 quibus
1472 1969 1709 2012 quomodolibet
1726 1968 1865 2002 innodati
1879 1969 1938 2002 cxi-

1198 2027 1292 2062 stunt,
1317 2021 1355 2054 ad
1381 2022 1526 2055 effectum
1548 2022 1759 2066 praesentium
1777 2022 1937 2056 dumtaxat

1199 2076 1473 2120 consequendum,
1500 2077 1611 2109 harum
1638 2075 1717 2109 serie
1743 2077 1938 2111 absolventes

1198 2136 1227 2164 ct
1252 2131 1410 2164 absolutos
1435 2131 1500 2164 fore
1525 2136 1704 2172 censentes,
1731 2131 1935 2175 supplicatio-

1198 2184 1290 2217 nibus
1311 2195 1420 2218 eorum
1441 2184 1566 2217 nomine
1586 2184 1677 2217 nobis
1698 2195 1792 2228 super
1809 2185 1940 2218 11001111-

1200 2237 1315 2270 militer
1332 2237 1486 2282 porrectis
1502 2238 1651 2280 inclinati,
1670 2238 1832 2271 decretum
1850 2249 1939 2282 prae-

1199 2291 1328 2331 dictum,
1339 2291 1508 2334 apostolica
1525 2291 1719 2332 auctoritate,
1730 2296 1840 2325 tenore
1853 2302 1939 2336 prae-

426 2358 458 2380 111
488 2347 610 2390 augusti
643 2357 791 2387 Mncxvu,
831 2347 1031 2391 pontificatus
1066 2341 1344 2399 nosti-Uscanam,
1363 2345 1574 2389 approbamus
1599 2350 1628 2378 et
1653 2346 1889 2386 confirmamus,
1907 2346 1939 2379 il-

425 2411 506 2433 anno
530 2411 596 2434 Xltl.

1200 2400 1282 2443 lique
1306 2404 1476 2443 perpetuae
1494 2404 1521 2432 et
1542 2399 1729 2432 inviolabilis
1750 2400 1938 2444 apostolicae

469 2456 483 2495 ,Ξ
507 2455 536 2488 9..
554 2456 628 2487 (lum
655 2461 770 2491 autem,
797 2455 875 2487 sicut
900 2465 957 2498 pro
978 2460 1065 2498 parte
1090 2455 1163 2487 reli·
1198 2453 1354 2486 firmitatis
1379 2453 1478 2486 robur
1501 2453 1683 2495 adiicimus,
1709 2464 1744 2487 ac
1775 2464 1884 2487 omnes
1909 2459 1939 2486 et

424 2508 584 2550 giosorum
604 2508 675 2541 dirti
691 2508 815 2540 Ordinis
835 2508 967 2540 fratrum
989 2508 1164 2541 Carmelita-

425 2572 494 2594 rum
508 2562 773 2595 Discalceatorum
788 2562 898 2595 Beatae
908 2561 1022 2594 Mariae
1036 2561 1163 2595 11011011-

425 2620 453 2647 te
477 2616 618 2648 Carmelo
642 2616 732 2648 nobis
756 2626 858 2659 nuper
883 2616 1058 2659 expeciuim
1085 2616 1161 2650 fuit,

1198 2508 1338 2550 singulos
1364 2513 1425 2540 tam
1458 2507 1536 2540 iuris
1566 2518 1659 2551 quam
1684 2507 1755 2540 sacti
1780 2507 1937 2548 desectus,

1198 2561 1220 2593 si
1236 2561 1289 2605 qui
1304 2561 1440 2605 desuper
1453 2560 1690 2605 quomodolibet
1703 2560 1935 2603 intervenerint,

1180 2637 1182 2650 ,1
1198 2616 1390 2658 supplemus.

425 2668 605 2712 approbatis
622 2679 679 2712 per
698 2669 891 2701 venerabiles
909 2670 1019 2701 fratres
1038 2674 1162 2701 nostros
1180 2652 1185 2710 i
1242 2668 1299 2711 §lr
1324 2669 1531 2702 Decernentes
1552 2673 1732 2713 praesentes
1750 2668 1869 2702 litteras
1886 2678 1938 2702 va-

1946 265 1994 293 Αη.
2011 266 2039 294 C.
2061 266 2129 295 1636

1978 1555 2099 1577 concessio.
2111 1555 2137 1575 de

1952 1587 1993 1608 qua
2010 1582 2030 1602 in
2043 1581 2136 1602 rubrica,

1965 2687 1969 2690 Δ
1985 2660 2096 2683 Decretum
2111 2661 2136 2683 tr-

1953 2689 2027 2711 ulans.
