2248 3229
125 197 178 226 An.
190 195 220 225 C.
242 194 311 225 ¹636

930 195 1075 222 canamus
1098 196 1148 222 PP.
1172 196 1230 222 vm
1749 187 1809 222 52⁴1

326 243 396 277 iure
419 243 467 277 vel
488 243 526 276 ab
549 243 693 285 homine,
706 243 816 287 quavis
841 243 1007 278 occasione
1022 245 1071 278 rel
1086 248 1089 290 ζ
1104 244 1201 278 tutela
1226 249 1255 278 et
1279 244 1474 290 protectione
1493 243 1666 289 recipimus
1682 249 1713 278 et
1736 244 1845 277 admit-

327 298 421 330 causa
445 296 523 338 latis,

326 349 388 384 dati
420 350 577 391 existunt,
603 350 642 384 ad
677 351 822 385 cili-ctum
855 351 1087 395 praesentium

327 403 488 436 dumtaxat
507 403 775 448 consequendum,
791 404 905 437 harum
923 403 1004 437 serie
1020 404 1071 436 ab·

328 458 484 491 solventes
523 463 553 491 et
597 458 756 491 absolutos
793 460 858 491 sore
891 462 1069 498 censentes,

326 521 451 545 necnon
476 511 674 556 singularum
701 513 875 552 litterarum
909 512 1069 556 praefata-

327 576 398 598 rum
412 571 549 606 tenores,
567 566 660 599 etiam
675 566 823 607 veriores,
838 576 874 599 ac
888 566 974 598 datas
984 566 1087 609 prae-¹

327 619 468 653 sentibus
482 630 541 663 pro
555 620 711 664 expressis
723 620 882 660 babentes,
900 624 986 652 motu
1000 628 1071 662 pro-

326 673 408 717 prio,
426 677 456 705 et
469 667 605 705 ex'ccrta‘i
620 673 759 711 scicntia,
774 684 808 706 ac
826 673 863 706 de
880 672 1071 716 apostolicae

326 725 491 770 potestatis
508 725 713 769 plenitudine,
726 736 789 759 non
814 725 852 758 acl
869 725 1001 758 alicuius
1020 734 1072 758 no-

326 777 375 811 his
399 777 535 822 desuper
559 780 657 811 sactae
686 779 846 823 petitionis
871 778 1070 819 instantiam,

327 830 381 864 sed
405 830 443 864 de
469 834 557 865 mci-a
580 834 688 865 nostra
713 832 910 872 liberalitate,
935 842 972 864 ex
998 836 1087 864 voto¹

326 890 432 918 tamen
463 885 691 918 venerabilium
723 886 856 919 fratrum
888 890 1070 918 nostrorum

327 945 450 973 sanctae
475 939 633 972 Romanae
670 939 827 972 Ecclesiae
863 938 1087 980 cardinalium]

326 993 462 1036 negotiis
479 992 675 1035 regularium
696 992 968 1036 praepositorum,
987 991 1070 1034 quod

327 1045 366 1079 de
379 1052 484 1079 cetero
504 1046 663 1090 praedicta
681 1045 901 1088 Congrcgatio,
918 1050 969 1078 aut
988 1045 1071 1078 illius

326 1099 478 1143 religiosi,
504 1100 551 1133 vel
578 1099 720 1132 minister
755 1099 931 1142 generalis,
956 1098 1071 1142 aliique

326 1153 477 1198 praelati,
486 1153 678 1197 superiores,
695 1152 843 1186 officiales
861 1158 891 1186 ct
906 1162 1070 1196 personae,

326 1207 488 1253 perpetuis
523 1206 637 1239 tuturis
675 1206 894 1250 temporibus,
928 1206 1072 1240 ministro

328 1260 468 1304 generali
492 1260 625 1294 siwalium
651 1259 865 1293 Calc-catorum
895 1259 990 1293 totius
1016 1259 1072 1293 Οι-

328 1314 409 1348 dinis
433 1313 596 1359 praedicti,
614 1323 697 1346 nunc
715 1319 744 1346 et
762 1323 820 1357 pto
838 1318 980 1356 tempore
997 1312 1074 1346 exis-

329 1367 427 1409 tenti,
456 1367 488 1400 in
517 1366 733 1411 spiritualibus
763 1366 810 1399 rel
846 1366 1072 1410 temporalibus

328 1421 458 1455 minime
483 1415 684 1462 subiaceant,
710 1425 762 1452 aut
787 1419 918 1454 subiecti
944 1425 974 1454 et
998 1429 1091 1464 sup-¹

327 1474 421 1521 positi
454 1484 522 1508 esse
553 1474 683 1507 minime
715 1473 870 1516 debeant,
901 1474 1072 1518 apostolica

328 1640 393 1671 tres
413 1635 632 1675 Discalccatos,
653 1634 801 1678 illiusque
825 1634 1004 1667 ministrum
1024 1645 1073 1678 ge-

543 296 699 341 siquibus
724 296 962 340 quomodolibet
986 293 1087 344 inno-i

1104 618 1345 659 confirmamus,

1103 304 1208 332 timus.

1148 352 1162 394 ξ
1188 351 1216 384 7.
1235 350 1409 397 Omniaque
1434 357 1464 385 et
1484 351 1607 395 singula
1623 350 1789 396 prixilegia
1806 351 1846 384 ei-

1859 198 1909 225 An.
1924 197 1953 224 C.
1973 197 2042 226 1636

1901 364 2008 391 approbat
2025 366 2046 385 οι

1861 391 1932 412 contri
1935 393 1970 412 nat
1982 397 2000 418 p·
2002 392 2022 412 it
2024 391 2046 412 i-

1103 405 1175 438 dem
1202 405 1445 449 Congregationi
1470 403 1736 446 Reformatorum,
1762 405 1893 444 circat-g
1897 424 1925 439 m.

1103 460 1333 502 exemptionem
1358 459 1452 492 huius
1456 459 1562 502 modi,
1587 464 1640 493 aut
1669 459 1766 502 ali’is,
1789 470 1846 504 per

1103 511 1215 545 Scdcm
1240 511 1453 556 Apostolicam
1478 523 1636 556 concessa,
1663 512 1772 547 eadem
1797 523 1847 546 au-

1104 565 1229 598 toritate
1263 565 1357 598 etiam
1393 570 1545 609 perpetuo
1580 565 1793 610 approbamus
1818 572 1848 599 et

1371 617 1478 662 eisque
1502 625 1674 663 perpetuae
1699 625 1729 653 et
1751 619 1849 653 invio-

1104 671 1208 704 labilis
1241 671 1400 704 firmitatis
1432 671 1531 705 robur
1567 672 1747 714 adiicimus,
1773 683 1844 706 om-

1104 734 1222 768 nesque
1247 730 1276 757 et
1301 724 1442 767 singulos
1467 730 1530 758 tam
1556 725 1633 759 iuris
1657 736 1751 770 quam
1776 725 1848 760 sacti

1105 777 1254 818 desectus,
1279 778 1480 821 quantumvis
1504 778 1733 822 substantiales,
1752 778 1777 812 si
1794 778 1848 823 qui

1098 830 1240 874 desuper
1275 830 1515 874 quomodolibet
1550 831 1782 866 invervenerint
1816 832 1848 866 in

1105 883 1234 924 eisdem,
1260 884 1453 928 supplemus.

1149 937 1163 981 ξ
1183 935 1216 978 ⁴8.
1242 937 1452 970 Decernentes
1476 943 1666 982 praesentes,
1692 938 1786 973 ctiam
1811 949 1849 974 ex

1104 999 1142 1023 eo
1170 989 1255 1034 quod
1272 990 1423 1024 interesse
1447 990 1597 1025 habentes
1615 991 1653 1024 ad
1672 992 1732 1026 lioc
1747 993 1850 1026 vocati

1104 1053 1167 1076 non
1191 1043 1318 1085 suerint,
1342 1049 1395 1077 aut
1419 1044 1602 1088 praemissis
1629 1055 1693 1079 non
1715 1055 1849 1080 consen-

1105 1096 1214 1138 serint,
1240 1097 1298 1131 sub
1322 1097 1485 1142 quibusvis
1511 1098 1661 1143 similium
1684 1099 1732 1133 vel
1757 1099 1848 1133 dissi-

1106 1151 1227 1184 milium
1251 1152 1424 1195 gratiarum
1441 1152 1707 1194 revocationibuS,
1724 1163 1851 1198 suspen-

1086 1205 1264 1257 sionibus,
1289 1205 1530 1240 limitationibus
1555 1211 1609 1240 aut
1632 1207 1701 1241 aliis
1725 1213 1849 1241 contra-

1088 1259 1161 1300 lriis
1193 1259 1480 1303 dispositionibus,
1515 1259 1608 1293 etiarn
1639 1271 1698 1306 per
1727 1271 1785 1296 nos
1821 1267 1852 1296 et

1088 1308 1305 1348 successores
1337 1318 1462 1347 nostros
1493 1313 1652 1348 Romanos
1684 1314 1851 1349 Pontifices

1107 1375 1164 1410 pro
1190 1369 1331 1410 tempore
1357 1366 1536 1408 existentes,
1559 1372 1614 1400 aut
1637 1366 1747 1401 sedem
1773 1368 1852 1412 Apo-

1108 1420 1272 1461 stolicam,
1304 1420 1362 1453 sub
1394 1419 1649 1465 quibuscumque
1679 1421 1852 1456 verborum

1089 1473 1218 1520 ¹formis
1248 1478 1279 1506 et
1309 1473 1492 1515 tenoribus,
1517 1483 1553 1508 ac
1582 1484 1654 1508 cum
1688 1474 1852 1520 quibusvis

329 1528 522 1570 auctoritate,
540 1532 651 1561 tenore
675 1527 898 1571 praesentium,
918 1533 1072 1572 perpetuo
1090 1528 1091 1557 1

296 1619 303 1625 .
329 1581 531 1616 concedimus
556 1586 586 1614 ct
610 1581 824 1624 indulgemus3
850 1580 997 1624 ipsosque
1014 1580 1074 1614 sra·
1108 1580 1285 1614 nullatenus
1310 1580 1560 1625 comprehendi,
1585 1581 1640 1616 sed
1670 1592 1798 1629 semper
1822 1588 1853 1616 et

1090 1641 1091 1676 j
1108 1639 1263 1678 perpetuo
1283 1633 1400 1667 validas
1424 1639 1455 1668 et
1479 1635 1621 1669 efficaces
1638 1635 1706 1669 sore
1723 1640 1753 1669 et
1774 1645 1852 1678 esse,

1108 1525 1257 1560 clausulis
1281 1531 1311 1560 et.
1335 1526 1480 1568 decretis,
1502 1537 1561 1572 pro
1585 1532 1730 1573 tempore
1753 1528 1852 1570 suetis,

328 1689 480 1730 neralem,
507 1688 668 1733 ipsiusque
692 1698 863 1731 personas,
890 1694 1072 1729 conventus,
1090 1684 1091 1737 l
1109 1697 1245 1732 suosque
1261 1687 1419 1732 plenarios
1437 1693 1467 1722 et
1483 1688 1624 1732 integros
1644 1689 1773 1723 effectus
1790 1699 1854 1724 sor-

329 1742 450 1783 domos,
473 1741 614 1785 collegia,
633 1740 821 1786 Ρι·οιίηοίειε,
843 1745 905 1775 tam
925 1751 1072 1785 piaesen-
1090 1741 1160 1778 ltiri
1185 1746 1215 1775 et
1235 1741 1387 1785 obtinere,
1413 1747 1457 1783 et,
1483 1743 1605 1786 quoties
1630 1743 1700 1777 illae
1732 1753 1853 1778 emana-

330 1796 373 1829 tia
397 1805 492 1840 quam
516 1796 632 1835 futui-‚a
656 1805 705 1828 res
730 1801 760 1828 et
776 1796 868 1836 bona,
885 1795 924 1828 ab
940 1796 1027 1830 omni
1044 1801 1074 1829 et

331 1859 531 1895 quacumque
564 1848 801 1890 iurisdictione,
833 1849 1073 1893 superioritate‚

331 1901 609 1944 subordinatione,
637 1902 833 1943 obedientia,
858 1902 1073 1944 correctione,

330 1957 517 1996 visitatione,
542 1956 713 1999 glibernio,
738 1961 791 1989 aut
815 1956 875 1991 alia
900 1957 1008 2001 quavis
1033 1953 1093 1990 iri-¹

330 2010 596 2050 risdictionc,tam
617 2010 750 2044 ministri
769 2010 924 2054 generalis
940 2011 1073 2044 fratrum

331 2064 546 2098 Calccatorum
584 2063 788 2106 huiusmodi,
813 2074 906 2109 quam
939 2064 1074 2097 aliorum

331 2118 545 2164 praelatorum
578 2123 607 2150 et
641 2118 842 2161 superiorum
877 2128 1074 2162 quacumque

332 2172 514 2206 auctoritate
539 2172 736 2214 fungentium
769 2176 797 2206 ct
830 2172 1021 2212 functorum,
1046 2168 1093 2206 et*

332 2226 532 2271 quantumvis
556 2225 759 2269 amplissimis
783 2225 957 2269 privilegiis
981 2230 1010 2260 et
1035 2226 1076 2259 sa-

333 2279 502 2314 cultatibus
527 2279 681 2313 utentium
711 2284 743 2312 et
765 2289 954 2321 usurorum,
981 2279 1126 2316 etiam.c

333 2334 595 2378 quandocumque
620 2332 905 2373 reformandorum,
931 2333 1072 2367 auctori-

332 2393 394 2421 tate
419 2389 456 2421 et'
474 2393 582 2421 tenore
605 2386 785 2431 praedictis,
804 2387 896 2420 ctiam
922 2393 1074 2432 perpetuo

332 2442 519 2482 eximimus,
544 2441 716 2474 liberamus
740 2446 769 2474 et
793 2441 1074 2483 dismembramus;

331 2496 466 2540 illosque
480 2495 526 2529 sic
539 2501 709 2540 exemptos,
722 2494 871 2529 liberatos
885 2499 914 2530 ct
931 2495 1075 2542 dismem-

331 2550 458 2590 bratOS‚
483 2549 528 2582 uti
561 2549 631 2583 Sedi
663 2550 860 2593 Apostolicae
892 2550 1074 2585 immediate

331 2603 500 2644 subiectos,
517 2603 574 2636 sul>
599 2606 707 2637 nostra
726 2607 756 2637 et
771 2603 858 2637 Sedis
873 2604 1074 2649 Apostolicae

414 2666 493 2696 Butt.
513 2666 597 2696 Rom.
619 2681 652 2687 -
675 2667 733 2696 t'ot.
754 2666 830 2696 MV.
975 2667 1010 2697 (50

1108 1795 1200 1837 bunt,
1219 1795 1309 1829 toties
1326 1795 1358 1828 in
1377 1796 1545 1840 pristinum
1571 1800 1601 1831 et
1624 1797 1853 1832 validissimum

1090 1849 1224 1898 fstattim
1255 1850 1437 1892 restitutas,
1467 1850 1621 1894 repositas
1653 1855 1683 1886 et
1712 1852 1854 1896 plenarie

1109 1902 1326 1946 ieintegratas,
1345 1913 1380 1936 ac
1405 1903 1442 1937 de
1466 1913 1559 1946 novo,
1580 1904 1674 1938 etiarn
1699 1904 1756 1938 sub
1781 1915 1856 1950 qua-

1110 1966 1246 2000 cumque
1270 1956 1441 2000 posteriori
1466 1956 1555 2000 data,
1582 1967 1640 2001 per
1671 1957 1853 2002 superiores

1110 2009 1369 2053 Congregationis
1390 2011 1646 2045 Reformatorum
1671 2011 1852 2046 huiusmodi

1110 2063 1372 2108 quandocumque
1389 2064 1543 2108 eugendii,
1557 2074 1722 2100 concessas
1739 2075 1806 2100 esse
1823 2071 1853 2099 et

1110 2118 1192 2154 l'01e;

1155 2171 1170 2214 g
1187 2169 1216 2203 9.
1235 2169 1358 2215 Sicque‚
1375 2176 1405 2204 et
1422 2181 1483 2205 non
1499 2171 1600 2213 aliter,
1613 2182 1670 2218 pei
1687 2183 1853 2218 quoscum-

1110 2234 1170 2268 que
1198 2223 1317 2258 iudices
1347 2225 1523 2260 ordinatios
1553 2226 1601 2260 vel
1625 2227 1798 2270 delegatos,
1822 2234 1853 2262 et

1111 2279 1344 2312 commissarios
1361 2279 1469 2324 quatis
1483 2280 1851 2324 auctoritatesungenteS,

1110 2333 1202 2366 etiam
1229 2343 1395 2367 causarum
1418 2334 1525 2378 palatii
1550 2335 1713 2379 apostolici
1734 2335 1855 2370 audito·

1110 2397 1169 2427 res,
1195 2396 1231 2419 ac
1260 2392 1384 2420 sanctae
1412 2387 1571 2421 Romanae
1592 2388 1749 2423 Ecclesiae
1777 2399 1849 2423 car-

1110 2440 1244 2483 dinales,
1271 2441 1364 2474 etiam
1389 2440 1428 2474 de
1451 2441 1549 2475 latere
1574 2442 1694 2486 legatos
1719 2447 1749 2475 et
1773 2443 1853 2477 vice-

1110 2495 1250 2538 legatos,
1283 2495 1405 2528 sublata
1437 2495 1480 2528 eis
1513 2501 1543 2529 et
1578 2506 1690 2530 eorum
1724 2495 1853 2531 cuilibet

1109 2548 1217 2592 quavis
1253 2548 1344 2582 aliter
1378 2548 1535 2583 iudicandi
1565 2554 1594 2583 et
1625 2550 1852 2596 interpretandi

1090 2603 1254 2651 ,facultate
1277 2609 1307 2638 et
1330 2603 1535 2647 auctoritate,
1560 2603 1693 2639 iudicari
1717 2609 1748 2650 et
1771 2603 1849 2640 desi-

1891 950 2010 973 clausulae.

1865 2180 1994 2232 mgtausula
2006 2180 2052 2203 nab·
