2248 3229
85 222 135 250 An.
155 220 184 249 C.
201 218 269 249 ¹637

120 760 179 783 Nune
201 761 270 782 entem

87 789 165 810 nuntio
185 788 221 808 dat
243 788 270 808 ta-

85 816 186 836 cuitatem
215 820 270 836 toui-

86 842 209 862 muotutem
258 848 271 862 a

86 869 181 889 censuris
202 869 270 889 absol·

84 894 271 921 vendi.quatenu·.

85 924 135 942 anto
163 922 271 942 obtentam

87 948 210 972 licentiam.
238 948 270 969 di-

86 978 143 996 ctum
181 975 270 1001 vectigal

86 1002 180 1028 euni-it
195 1002 222 1022 ab
238 1008 271 1023 ec-

87 1029 219 1050 clematitis.

131 2143 277 2172 Poenumque

93 2169 186 2191 tauricae
192 2170 278 2191 Vatica-

94 2205 133 2220 nae
149 2199 254 2220 tradendi.

893 217 1036 243 Ulmanus
1061 217 1117 241 vm
1142 217 1190 241 ΓΡ.

284 277 416 313 quarum
428 266 644 312 quantitatem,
663 270 916 312 quantacumque
930 271 1021 306 esset,

283 333 343 367 pro
367 321 558 356 sufficienter
571 323 718 366 expressa
732 321 840 354 liaberi
856 320 1021 362 voluimus,

283 375 419 409 fabricae
447 375 595 408 basilicae
624 374 779 419 Principis
806 374 1022 418 apostolorum

283 428 322 462 de
355 428 439 462 L'rbe
470 428 719 473 applicavimus,
752 438 788 461 ac
817 424 1023 472 pecuniarum

284 492 422 516 summas
445 482 627 516 huiusmodi
659 481 697 515 ad
729 492 820 514 usum
849 481 948 514 dictae
974 480 1021 512 sa-

284 534 390 569 bricae
415 535 497 579 exigi
515 540 545 568 et
561 535 591 568 in
609 546 680 568 eum
699 534 840 568 converti
858 533 1024 573 voluimus,

285 594 315 622 et
337 589 430 630 alias,
457 594 550 632 prout
575 588 605 621 in
629 588 720 621 dictis
744 588 867 627 litteris,
891 596 1025 630 quarum

286 646 410 676 tenores
434 641 653 686 praesentibus
667 652 726 686 pro
743 641 898 686 expressis
915 639 1024 673 liaberi

286 696 444 738 volumus,
469 695 598 729 uberius
623 695 802 729 continetur
813 695 830 728 ¹.

329 749 345 793 ἓ
356 748 386 782 3.
397 749 561 790 Quocirca,
571 749 813 794 applicationem
829 756 1025 781 summarum

285 802 491 846 pecuniarum
516 802 697 836 huiusmodi
718 812 756 835 ex
773 804 839 836 rata
865 800 1025 844 augmenti

286 855 428 900 gabellae
459 867 518 901 per
547 867 605 890 nos
637 862 671 890 ut
695 866 790 901 supra
826 855 938 889 factam
971 865 1025 899 ap-

287 910 456 954 probantes
480 916 510 943 et
534 910 768 950 contii-mantes,
793 909 894 942 eidem
919 913 1026 942 nostro

285 968 316 996 et
339 963 428 997 Sedis
456 964 653 1008 Apostolicae
684 965 714 996 in
747 972 845 1006 regno
880 961 1027 1006 Neapolis

286 1018 402 1052 nuncio
437 1028 494 1062 per
527 1022 708 1062 praesentes
740 1015 966 1050 committimus
997 1020 1027 1048 et

288 1071 482 1112 mandamus,
498 1076 533 1104 ut
550 1071 667 1104 eisdem
688 1069 905 1103 communitati
926 1074 957 1102 et
975 1069 1028 1102 ho-

288 1124 426 1158 minibus
459 1124 613 1167 gabellum
648 1123 828 1157 huiusmodi
863 1117 895 1156 iit
930 1132 1027 1166 prae-

288 1178 387 1211 fertur
412 1178 563 1222 augcndi‚
583 1178 648 1211 sive
673 1183 794 1211 auctam
819 1176 1028 1220 approbandi,

289 1231 438 1275 illamque
451 1242 468 1264 a
481 1231 644 1275 quibusvis
656 1231 799 1275 personis
809 1229 1029 1264 ecelesiasticis

287 1284 380 1317 etiam
417 1285 617 1328 regularibus
649 1284 849 1328 quantumvis
875 1283 1029 1327 exemptis

288 1337 431 1381 exigendi
456 1343 487 1371 et
514 1337 648 1371 habendi
677 1338 834 1371 licentiam
860 1336 1029 1376 concedat;

289 1396 467 1435 propterea,
491 1391 517 1424 si
535 1396 564 1424 et
584 1396 749 1435 postquam
775 1391 983 1424 communitas
1001 1394 1030 1423 et

290 1444 434 1478 liomines
453 1445 604 1489 praedicti
624 1450 724 1478 ratam
742 1455 778 1478 ex
792 1449 963 1487 augmento
980 1454 1031 1487 ga-

290 1498 390 1532 bellae
414 1498 596 1533 huiusmodi
612 1509 669 1543 pei·
685 1509 739 1533 eos
755 1499 794 1532 ab
811 1498 1030 1532 ecclesiasticis

289 1551 407 1595 absque
419 1554 528 1585 nostra
542 1557 572 1585 et
588 1552 681 1585 liuius
693 1558 817 1586 sanctae
831 1552 920 1586 Sedis
937 1552 1031 1585 licen-

290 1603 331 1637 tia
355 1608 495 1638 exactam
519 1605 621 1638 eidem
646 1605 782 1638 fabricae
807 1603 958 1648 eiusqiie‘³
977 1605 1031 1637 mi-

289 1657 395 1692 nistris
408 1662 438 1692 et
449 1658 606 1702 deputatis
630 1658 768 1691 totaliter
784 1663 814 1691 et
831 1669 903 1691 cum
918 1657 1031 1690 effectu

289 1711 497 1755 persolverint
528 1717 558 1745 et
588 1711 867 1755 consignaverint,
903 1711 1029 1744 cosdem

290 1765 548 1798 communitatem
585 1769 615 1799 et
646 1765 790 1798 homines
821 1774 838 1797 a
869 1764 1030 1808 quibusvis

291 1818 644 1860 excommunicationis,
673 1819 805 1862 aliisque
835 1818 976 1851 censuris
1001 1823 1032 1850 et

291 1872 402 1916 poenis
430 1871 650 1905 ecclesiasticis
679 1882 736 1915 pei·
760 1881 814 1905 eos
833 1871 1028 1915 praemisso-

292 1936 363 1958 rum
379 1925 544 1959 occasione
561 1924 798 1969 quomodolibet
815 1924 959 1965 incursis,
977 1925 1032 1957 im-

291 1978 394 2023 posita
418 1979 463 2012 eis
486 1984 515 2012 et
537 1989 649 2012 eorum
673 1977 801 2011 cuilibet
820 1978 953 2011 arbitrio
974 1988 1031 2011 suo

291 2031 482 2076 poenitentia
499 2032 637 2073 salutari,
653 2031 838 2065 auctoritate
855 2032 964 2064 nostra
981 2031 1032 2064 ab·

291 2085 400 2118 solvat.

337 2139 352 2183 §
375 2139 405 2172 4.
431 2138 564 2184 Insuper
583 2138 685 2172 eidem
709 2138 824 2172 nuncio
848 2143 957 2172 nostro
974 2148 1032 2182 per

1704 202 1767 238 603
1813 210 1864 242 An.
1883 211 1912 240 C.
1929 209 1996 240 1637

1057 276 1111 298 cae
1134 263 1300 310 praefectis
1325 260 1520 297 declarandis
1545 271 1604 306 pro
1629 261 1730 295 dictae
1757 261 1799 293 sa-

1057 319 1162 352 bricae
1187 318 1364 362 sumptibus
1389 317 1561 360 consignet.

1102 372 1116 415 §
1141 372 1169 405 5.
1196 372 1258 405 Nos
1283 371 1366 405 enim
1393 370 1565 415 praemissa
1592 368 1742 411 faciendi,
1769 372 1800 402 et
1857 379 1999 409 opportunis-

1058 425 1183 468 quasvis
1208 435 1358 468 personas
1375 424 1413 457 ad
1431 423 1555 457 casdem
1580 432 1719 455 summas
1743 422 1800 455 eis·
1815 407 1905 454 3332&
1923 405 2001 458 33¹2&ss

1058 477 1128 510 dem
1155 478 1376 520 persolvendas
1401 477 1548 510 omnibus
1573 476 1650 509 iuris
1674 480 1703 508 et
1728 475 1799 508 sacti
1815 463 1856 482 ω’

1059 530 1207 564 remediis
1232 541 1267 563 ac
1293 531 1434 563 censuris
1467 535 1495 563 ct
1520 529 1630 573 poenis
1655 529 1801 562 ecclesia·

1058 584 1153 625 sticis⁷
1180 583 1203 616 si
1230 594 1309 627 opus
1335 583 1438 623 suerit,
1456 583 1588 626 cogendi
1613 588 1643 616 ct
1667 581 1801 626 compel-

1058 637 1164 680 lendi,
1189 638 1403 682 auxiliumque
1429 637 1550 670 bracliii
1575 636 1746 677 secularis,
1774 635 1799 668 si

1059 691 1152 726 etiam
1178 702 1258 736 opus
1283 692 1396 732 suerit,
1423 691 1596 733 invocandi,
1621 691 1746 735 plenam
1771 693 1802 722 et

1059 745 1190 778 liberam
1217 746 1405 787 facultatem,
1427 745 1611 778 auctoritate
1637 749 1667 777 et
1692 749 1801 777 tenore

1060 799 1218 843 praefatiS,
1243 799 1445 832 concedimus
1470 804 1500 832 ct.
1524 798 1735 842 impertimur.

1104 852 1119 896 ἓ
1143 852 1172 886 6.
1205 853 1273 885 Non
1305 852 1500 886 obstantibus
1535 851 1738 896 praemissis,
1767 861 1802 883 ac

1060 906 1170 949 regula
1195 907 1304 939 nosti-a
1329 906 1366 939 de
1392 907 1459 938 itlt'e
1491 905 1632 949 quaesito
1657 915 1719 938 non
1744 904 1802 937 tol-

1059 959 1163 999 lendo,
1181 959 1313 1002 aliisque
1337 958 1613 992 constitutionibus
1630 963 1659 990 et
1680 957 1803 991 ordina-

1061 1011 1198 1045 tionibus
1217 1011 1408 1055 apostolicis,
1429 1022 1464 1044 ac
1482 1011 1604 1044 statutis
1624 1016 1654 1043 et
1670 1021 1803 1044 consuc-

1061 1065 1232 1106 tudinibus,
1249 1065 1341 1097 etiam
1361 1065 1546 1105 iuramento,
1564 1063 1804 1097 confirmatione

1061 1119 1244 1163 apostolica,
1261 1119 1308 1151 vel
1329 1118 1438 1162 quavis
1458 1118 1605 1151 firmitate
1631 1118 1690 1150 alia
1715 1117 1805 1150 robo-

1062 1173 1149 1212 ratis,
1166 1172 1341 1215 ceterisque
1359 1171 1525 1205 contrariis
1541 1171 1802 1214 quibuscumque.

1107 1226 1217 1258 Datum
1244 1226 1379 1265 Romae,
1404 1225 1486 1268 apud
1516 1224 1545 1258 S.
1571 1224 1698 1257 Mariam
1716 1224 1805 1256 Maio-

1062 1279 1209 1322 rem,sub
1223 1279 1338 1312 annulo
1355 1277 1533 1318 piscatoris,
1551 1277 1602 1310 die
1620 1286 1663 1310 vn
1679 1276 1806 1319 augusti

1066 1343 1249 1374 iincxxxvii,
1263 1333 1464 1377 pontificatus
1489 1331 1586 1365 nostri
1613 1341 1694 1364 anno
1711 1340 1761 1363 xv.

1100 1396 1157 1424 Dat.
1179 1397 1222 1423 die
1242 1397 1257 1423 7
1277 1396 1384 1432 augusti
1406 1396 1483 1430 1637,
1506 1394 1599 1431 pontif.
1621 1401 1691 1421 anno
1712 1399 1756 1419 Χν.

1889 859 2005 882 Contrariis

1818 887 1915 914 deierat.

1346 1511 1527 1546 DLxxt'lit.

1066 1585 1244 1619 Coimizitti‘t
1277 1583 1423 1617 auditori
1459 1592 1604 1616 camerae
1627 1586 1664 1615 ut
1688 1581 1806 1625 episco-

1106 1636 1188 1682 pum
1215 1638 1491 1681 Cataquricanum
1524 1636 1669 1669 absolvat
1693 1646 1713 1668 ιι
1737 1644 1808 1667 cen-

1109 1692 1197 1724 suris
1212 1718 1220 1732 ‚
1247 1692 1276 1724 si
1299 1701 1380 1735 quas
1411 1690 1553 1723 incurrit
1578 1689 1615 1722 ob
1639 1698 1808 1721 recursum

1107 1755 1166 1789 per
1186 1748 1402 1788 promotorem
1431 1742 1572 1786 fiscalem
1595 1752 1673 1774 snae
1696 1741 1808 1774 curiae

1108 1798 1230 1840 factum
1248 1796 1292 1829 act
1308 1795 1430 1829 iudices
1456 1792 1583 1828 laicos¹.

1083 1869 1198 1897 Dilecto
1218 1868 1280 1896 filio
1301 1867 1406 1895 Ioanni
1428 1866 1601 1900 Panzirolo,
1631 1871 1791 1894 causarum

1214 1912 1323 1946 palatii
1344 1911 1503 1946 apostolici
1523 1909 1664 1943 auditori,

1255 1967 1393 1994 Urbanus
1427 1966 1507 1999 Papa
1540 1964 1619 1991 vm.

1338 2028 1455 2055 Dilecto
1475 2025 1534 2057 fili,

1101 2073 1231 2101 satutem
1251 2075 1283 2100 et.
1303 2071 1500 2106 apostolicam
1522 2069 1772 2098 benedictionem.

1111 2136 1125 2179 ξ
1150 2135 1179 2168 ’1.
1204 2135 1312 2178 Nuper
1336 2144 1394 2178 pro
1419 2138 1509 2177 parte
1534 2131 1722 2165 venerabilis
1746 2131 1810 2164 sra-
1846 2138 2012 2169 Epifcopusca-

1823 2166 1953 2191 laguritaniis
1975 2173 2010 2194 po·

294 2196 474 2235 praesentes
497 2192 642 2227 similiter
658 2192 885 2226 committimus
901 2196 930 2226 et
947 2202 1032 2224 maii-
1066 2189 1122 2222 tris
1135 2188 1283 2223 Gundisal
1291 2187 1318 2220 vi
1337 2187 1475 2231 episcopi
1489 2186 1699 2229 Calaguritani
1716 2185 1808 2219 nobis
1824 2195 1847 2213 ιιι
1857 2193 1971 2219 provideri,
1983 2199 2010 2214 na

292 2244 412 2286 danius,
428 2250 461 2278 ut
483 2245 636 2289 praefatas
660 2245 866 2289 pecuniarum
892 2255 1032 2277 summas

1824 2226 1922 2240 recurms
1973 2226 2011 2246 pt'l'

1066 2243 1243 2288 expositum
1261 2242 1327 2284 suit,
1345 2241 1430 2285 quod
1450 2251 1467 2274 a
1484 2240 1591 2273 multis
1615 2239 1704 2273 annis
1722 2240 1759 2273 lis
1779 2244 1809 2272 ct
1824 2249 1966 2272 promotorem
1987 2246 2012 2266 s·-

1823 2273 1903 2293 scalt-m
1912 2277 1964 2293 suae
1974 2278 2011 2293 cu-

293 2308 349 2342 per
365 2308 422 2333 nos
439 2298 540 2332 eidem
562 2299 697 2332 sabi-icae
721 2303 754 2333 ut
777 2299 955 2343 praefertur
979 2308 1033 2342 ap·
1048 2318 1049 2324 ,
1066 2307 1158 2330 causa
1188 2296 1217 2328 in
1242 2305 1331 2328 sacro
1349 2295 1444 2328 Rotae
1469 2294 1627 2327 Romanae
1652 2291 1808 2325 auditorio
1824 2300 1870 2320 riae
1894 2299 1920 2319 aa
1944 2300 2012 2319 tribu-

293 2352 423 2395 plicatas
447 2363 483 2386 ex
504 2354 570 2386 rata
587 2352 746 2396 augmenti
771 2352 911 2395 gabellae
928 2352 1033 2384 liuius-

294 2405 378 2439 iiiodi
404 2406 525 2449 integre
549 2406 673 2449 exigat,
701 2411 731 2439 et
754 2416 893 2438 summas
917 2405 1029 2438 liuius-

293 2459 376 2493 iiiodi
407 2459 550 2503 personis
573 2470 590 2492 a
616 2459 849 2492 venerabilibus
885 2459 1033 2492 frati-ibus

293 2513 408 2546 nostris
431 2513 461 2546 S.
481 2513 514 2546 tt.
534 2513 565 2545 E.
584 2512 794 2546 cardinalibus
818 2512 918 2545 eidem
945 2494 1051 2545 sabri-¹

331 2587 339 2611 t
359 2585 429 2616 Quas
445 2583 506 2611 vide
521 2583 600 2620 paulo
615 2587 677 2611 ante
694 2583 791 2610 relatas
807 2583 844 2619 (a.
859 2583 908 2617 τ.).

328 2629 343 2656 2
361 2628 429 2656 Edit.
446 2627 526 2656 Main.
543 2628 607 2664 legit
621 2629 683 2655 eins
700 2628 734 2662 (a.
750 2628 797 2663 τ.).

1825 2326 1858 2346 nat
1882 2325 1959 2346 laicum
1979 2326 2011 2346 fa-

1067 2349 1183 2394 pendct
1208 2347 1345 2381 indecisa
1362 2347 1400 2380 de
1421 2352 1451 2381 et
1468 2357 1563 2390 super
1592 2345 1808 2378 iurisdictione
1824 2356 1870 2373 cius
1887 2353 1906 2372 in
1919 2353 2011 2381 ‹ima-n

1824 2384 1890 2399 causa
1911 2379 1951 2398 sibi
1973 2385 2012 2399 iio-

1066 2403 1271 2436 ecclesiarum
1289 2401 1318 2434 S.
1337 2400 1445 2435 Crucis
1470 2404 1500 2433 et
1523 2400 1552 2432 S.
1579 2398 1738 2432 Michaelis
1758 2408 1810 2442 op·
1824 2407 2012 2453 i1i³';ac‘¹r¹i³²⁰r¹.¹‚¹i¹2

1067 2456 1129 2501 pidi
1155 2455 1286 2489 civitatis
1311 2454 1482 2498 nuncupati
1500 2453 1538 2485 de
1555 2453 1677 2495 Nagera
1701 2457 1811 2486 contra
1825 2458 1927 2506 {fig-5³23?
1940 2459 2012 2479 caun-

1067 2510 1210 2543 abbatem
1229 2514 1259 2542 ct
1284 2507 1508 2541 monasterium
1527 2507 1556 2540 S.
1583 2506 1696 2539 Mariae
1720 2505 1811 2539 Ordi-

1068 2564 1115 2596 nis
1139 2563 1237 2596 sancti
1263 2561 1419 2595 Benedicti
1453 2560 1594 2594 eiusdem
1620 2559 1748 2604 oppidi,
1779 2559 1810 2591 in

1107 2629 1113 2654 1
1135 2627 1170 2654 Ex
1188 2627 1294 2662 Regest.
1313 2626 1338 2652 in
1354 2625 1456 2653 Secret.
1481 2624 1613 2652 Breviuin.
