<?xml version="1.0" encoding="UTF-8"?>
<!DOCTYPE html PUBLIC "-//W3C//DTD XHTML 1.0 Transitional//EN"
    "http://www.w3.org/TR/xhtml1/DTD/xhtml1-transitional.dtd">
<html xmlns="http://www.w3.org/1999/xhtml" xml:lang="en" lang="en">
 <head>
  <title>
</title>
<meta http-equiv="Content-Type" content="text/html;charset=utf-8" />
  <meta name='ocr-system' content='tesseract 3.04.00' />
  <meta name='ocr-capabilities' content='ocr_page ocr_carea ocr_par ocr_line ocrx_word'/>
</head>
<body>
  <div class='ocr_page' id='page_1' title='image "./bullarumdiplomat14cath_0683.png"; bbox 0 0 2248 3229; ppageno 0'>
   <div class='ocr_carea' id='block_1_1' title="bbox 94 206 280 236">
    <p class='ocr_par' dir='ltr' id='par_1_1' title="bbox 94 206 280 236">
     <span class='ocr_line' id='line_1_1' title="bbox 94 206 280 236; baseline -0.011 0"><span class='ocrx_word' id='word_1_1' title='bbox 94 209 143 236; x_wconf 72' lang='lat' dir='ltr'>An.</span> <span class='ocrx_word' id='word_1_2' title='bbox 159 207 187 235; x_wconf 89' lang='lat' dir='ltr'>C.</span> <span class='ocrx_word' id='word_1_3' title='bbox 213 206 280 235; x_wconf 76' lang='lat'>¹637</span> 
     </span>
    </p>
   </div>
   <div class='ocr_carea' id='block_1_2' title="bbox 91 591 276 744">
    <p class='ocr_par' dir='ltr' id='par_1_2' title="bbox 91 591 276 744">
     <span class='ocr_line' id='line_1_2' title="bbox 115 591 276 617; baseline -0.012 -5"><span class='ocrx_word' id='word_1_4' title='bbox 115 591 142 612; x_wconf 77' lang='lat' dir='ltr'>Ac</span> <span class='ocrx_word' id='word_1_5' title='bbox 154 591 221 611; x_wconf 74' lang='lat' dir='ltr'>irritat</span> <span class='ocrx_word' id='word_1_6' title='bbox 230 595 276 617; x_wconf 72' lang='lat' dir='ltr'>pro-</span> 
     </span>
     <span class='ocr_line' id='line_1_3' title="bbox 93 617 265 638; baseline -0.012 0"><span class='ocrx_word' id='word_1_7' title='bbox 93 617 206 638; x_wconf 73' lang='lat' dir='ltr'>temonem</span> <span class='ocrx_word' id='word_1_8' title='bbox 256 625 265 636; x_wconf 71' lang='lat' dir='ltr'>e</span> 
     </span>
     <span class='ocr_line' id='line_1_4' title="bbox 91 646 275 664; baseline 0 -1"><span class='ocrx_word' id='word_1_9' title='bbox 91 649 177 664; x_wconf 72' lang='lat' dir='ltr'>mis-am</span> <span class='ocrx_word' id='word_1_10' title='bbox 202 646 275 663; x_wconf 71' lang='lat' dir='ltr'>contra</span> 
     </span>
     <span class='ocr_line' id='line_1_5' title="bbox 93 670 276 696; baseline 0.005 -8"><span class='ocrx_word' id='word_1_11' title='bbox 93 670 162 692; x_wconf 51' lang='lat' dir='ltr'>irum,</span> <span class='ocrx_word' id='word_1_12' title='bbox 173 670 205 690; x_wconf 64' lang='lat' dir='ltr'>rol</span> <span class='ocrx_word' id='word_1_13' title='bbox 215 675 276 696; x_wconf 69' lang='lat' dir='ltr'>prae-</span> 
     </span>
     <span class='ocr_line' id='line_1_6' title="bbox 93 697 276 718; baseline -0.005 -1"><span class='ocrx_word' id='word_1_14' title='bbox 93 697 203 718; x_wconf 57' lang='lat' dir='ltr'>cadentem</span> <span class='ocrx_word' id='word_1_15' title='bbox 223 699 276 716; x_wconf 63' lang='lat' dir='ltr'>unu-</span> 
     </span>
     <span class='ocr_line' id='line_1_7' title="bbox 93 723 230 744; baseline -0.007 0"><span class='ocrx_word' id='word_1_16' title='bbox 93 723 230 744; x_wconf 66' lang='lat' dir='ltr'>stitutionem.</span> 
     </span>
    </p>
   </div>
   <div class='ocr_carea' id='block_1_3' title="bbox 91 1709 273 1758">
    <p class='ocr_par' dir='ltr' id='par_1_3' title="bbox 91 1709 273 1758">
     <span class='ocr_line' id='line_1_8' title="bbox 142 1709 273 1737; baseline -0.008 -7"><span class='ocrx_word' id='word_1_17' title='bbox 142 1709 273 1737; x_wconf 62' lang='lat' dir='ltr'>Deromtquo</span> 
     </span>
     <span class='ocr_line' id='line_1_9' title="bbox 91 1739 208 1758; baseline 0 0"><span class='ocrx_word' id='word_1_18' title='bbox 91 1739 208 1758; x_wconf 64' lang='lat' dir='ltr'>contianus.</span> 
     </span>
    </p>
   </div>
   <div class='ocr_carea' id='block_1_4' title="bbox 291 206 1052 620">
    <p class='ocr_par' dir='ltr' id='par_1_4' title="bbox 291 206 1052 620">
     <span class='ocr_line' id='line_1_10' title="bbox 911 206 1052 231; baseline 0 0"><span class='ocrx_word' id='word_1_19' title='bbox 911 206 1052 231; x_wconf 68' lang='lat' dir='ltr'>rnnANrs</span> 
     </span>
     <span class='ocr_line' id='line_1_11' title="bbox 291 253 1032 300; baseline 0 -12"><span class='ocrx_word' id='word_1_20' title='bbox 291 253 475 290; x_wconf 79' lang='lat' dir='ltr'>nominatim</span> <span class='ocrx_word' id='word_1_21' title='bbox 512 260 539 287; x_wconf 81' lang='lat' dir='ltr'>et</span> <span class='ocrx_word' id='word_1_22' title='bbox 571 265 717 300; x_wconf 84' lang='lat' dir='ltr'>expresse</span> <span class='ocrx_word' id='word_1_23' title='bbox 742 254 969 300; x_wconf 82' lang='lat' dir='ltr'>prohibemus,</span> <span class='ocrx_word' id='word_1_24' title='bbox 994 266 1032 288; x_wconf 84' lang='lat' dir='ltr'>ne</span> 
     </span>
     <span class='ocr_line' id='line_1_12' title="bbox 293 308 1034 354; baseline 0.001 -13"><span class='ocrx_word' id='word_1_25' title='bbox 293 308 330 342; x_wconf 89' lang='lat' dir='ltr'>de</span> <span class='ocrx_word' id='word_1_26' title='bbox 356 313 472 350; x_wconf 85' lang='lat' dir='ltr'>cetero,</span> <span class='ocrx_word' id='word_1_27' title='bbox 498 308 556 342; x_wconf 89' lang='lat' dir='ltr'>sub</span> <span class='ocrx_word' id='word_1_28' title='bbox 580 309 748 354; x_wconf 88' lang='lat' dir='ltr'>praedietis</span> <span class='ocrx_word' id='word_1_29' title='bbox 769 315 798 342; x_wconf 87' lang='lat' dir='ltr'>et</span> <span class='ocrx_word' id='word_1_30' title='bbox 819 309 888 342; x_wconf 88' lang='lat' dir='ltr'>aliis</span> <span class='ocrx_word' id='word_1_31' title='bbox 908 309 1034 354; x_wconf 90' lang='lat' dir='ltr'>quibus-</span> 
     </span>
     <span class='ocr_line' id='line_1_13' title="bbox 293 362 1033 406; baseline 0.003 -13"><span class='ocrx_word' id='word_1_32' title='bbox 293 362 337 394; x_wconf 75' lang='lat' dir='ltr'>vis</span> <span class='ocrx_word' id='word_1_33' title='bbox 361 362 585 406; x_wconf 70' lang='lat' dir='ltr'>praetextibus,</span> <span class='ocrx_word' id='word_1_34' title='bbox 610 367 637 395; x_wconf 87' lang='lat' dir='ltr'>et</span> <span class='ocrx_word' id='word_1_35' title='bbox 663 362 740 395; x_wconf 83' lang='lat' dir='ltr'>alias</span> <span class='ocrx_word' id='word_1_36' title='bbox 764 373 858 406; x_wconf 89' lang='lat' dir='ltr'>quam</span> <span class='ocrx_word' id='word_1_37' title='bbox 887 368 920 395; x_wconf 91' lang='lat' dir='ltr'>ut</span> <span class='ocrx_word' id='word_1_38' title='bbox 947 372 1033 406; x_wconf 90' lang='lat' dir='ltr'>prae-</span> 
     </span>
     <span class='ocr_line' id='line_1_14' title="bbox 292 415 1034 455; baseline 0 -7"><span class='ocrx_word' id='word_1_39' title='bbox 292 415 408 455; x_wconf 81' lang='lat' dir='ltr'>fertur,</span> <span class='ocrx_word' id='word_1_40' title='bbox 439 415 477 448; x_wconf 88' lang='lat' dir='ltr'>ad</span> <span class='ocrx_word' id='word_1_41' title='bbox 503 415 762 449; x_wconf 86' lang='lat' dir='ltr'>secundodictum</span> <span class='ocrx_word' id='word_1_42' title='bbox 795 416 942 450; x_wconf 77' lang='lat' dir='ltr'>Ordinem</span> <span class='ocrx_word' id='word_1_43' title='bbox 976 415 1034 448; x_wconf 80' lang='lat' dir='ltr'>ssa-</span> 
     </span>
     <span class='ocr_line' id='line_1_15' title="bbox 293 469 1035 513; baseline 0.001 -12"><span class='ocrx_word' id='word_1_44' title='bbox 293 474 376 501; x_wconf 90' lang='lat' dir='ltr'>trum</span> <span class='ocrx_word' id='word_1_45' title='bbox 390 469 592 502; x_wconf 82' lang='lat' dir='ltr'>Minimorum</span> <span class='ocrx_word' id='word_1_46' title='bbox 613 469 791 502; x_wconf 82' lang='lat' dir='ltr'>huiusmodi</span> <span class='ocrx_word' id='word_1_47' title='bbox 811 470 944 502; x_wconf 86' lang='lat' dir='ltr'>transire</span> <span class='ocrx_word' id='word_1_48' title='bbox 961 480 1035 513; x_wconf 89' lang='lat' dir='ltr'>quo-</span> 
     </span>
     <span class='ocr_line' id='line_1_16' title="bbox 292 522 950 567; baseline 0.003 -14"><span class='ocrx_word' id='word_1_49' title='bbox 292 532 354 566; x_wconf 91' lang='lat' dir='ltr'>quo</span> <span class='ocrx_word' id='word_1_50' title='bbox 380 522 473 556; x_wconf 90' lang='lat' dir='ltr'>modo</span> <span class='ocrx_word' id='word_1_51' title='bbox 498 522 632 556; x_wconf 81' lang='lat' dir='ltr'>audeant</span> <span class='ocrx_word' id='word_1_52' title='bbox 657 534 711 555; x_wconf 88' lang='lat' dir='ltr'>seu</span> <span class='ocrx_word' id='word_1_53' title='bbox 737 528 950 567; x_wconf 82' lang='lat' dir='ltr'>praesumant.</span> 
     </span>
     <span class='ocr_line' id='line_1_17' title="bbox 336 576 1034 620; baseline -0.001 -11"><span class='ocrx_word' id='word_1_54' title='bbox 336 576 352 620; x_wconf 65' lang='grc' dir='ltr'>ξ</span> <span class='ocrx_word' id='word_1_55' title='bbox 375 576 404 609; x_wconf 90' lang='grc'>6.</span> <span class='ocrx_word' id='word_1_56' title='bbox 430 576 656 616; x_wconf 78' lang='lat' dir='ltr'>Decernentes,</span> <span class='ocrx_word' id='word_1_57' title='bbox 681 577 706 609; x_wconf 91' lang='lat' dir='ltr'>si</span> <span class='ocrx_word' id='word_1_58' title='bbox 731 577 843 620; x_wconf 83' lang='lat' dir='ltr'>aliquis</span> <span class='ocrx_word' id='word_1_59' title='bbox 868 576 1034 619; x_wconf 79' lang='lat' dir='ltr'>religiosus</span> 
     </span>
    </p>
   </div>
   <div class='ocr_carea' id='block_1_5' title="bbox 270 627 1034 674">
    <p class='ocr_par' dir='ltr' id='par_1_5' title="bbox 270 627 1034 674">
     <span class='ocr_line' id='line_1_18' title="bbox 270 627 1034 674; baseline 0 -12"><span class='ocrx_word' id='word_1_60' title='bbox 270 627 329 662; x_wconf 71' lang='lat' dir='ltr'>&#39;ex</span> <span class='ocrx_word' id='word_1_61' title='bbox 354 629 522 674; x_wconf 86' lang='lat' dir='ltr'>praedictis</span> <span class='ocrx_word' id='word_1_62' title='bbox 549 630 747 663; x_wconf 84' lang='lat' dir='ltr'>Discalceatis</span> <span class='ocrx_word' id='word_1_63' title='bbox 781 630 841 663; x_wconf 89' lang='lat' dir='ltr'>iam</span> <span class='ocrx_word' id='word_1_64' title='bbox 874 630 1034 674; x_wconf 74' lang='lat' dir='ltr'>professus</span> 
     </span>
    </p>
   </div>
   <div class='ocr_carea' id='block_1_6' title="bbox 290 682 1051 1904">
    <p class='ocr_par' dir='ltr' id='par_1_6' title="bbox 290 682 1035 1687">
     <span class='ocr_line' id='line_1_19' title="bbox 293 682 1035 727; baseline 0.001 -13"><span class='ocrx_word' id='word_1_65' title='bbox 293 691 406 715; x_wconf 79' lang='lat' dir='ltr'>noxam</span> <span class='ocrx_word' id='word_1_66' title='bbox 432 682 660 725; x_wconf 76' lang='lat' dir='ltr'>professionem</span> <span class='ocrx_word' id='word_1_67' title='bbox 677 683 706 715; x_wconf 93' lang='lat' dir='ltr'>in</span> <span class='ocrx_word' id='word_1_68' title='bbox 723 682 884 727; x_wconf 85' lang='lat' dir='ltr'>praedicto</span> <span class='ocrx_word' id='word_1_69' title='bbox 908 693 1035 716; x_wconf 88' lang='lat' dir='ltr'>eorum-</span> 
     </span>
     <span class='ocr_line' id='line_1_20' title="bbox 292 735 1033 777; baseline 0.001 -10"><span class='ocrx_word' id='word_1_70' title='bbox 292 735 363 768; x_wconf 90' lang='lat' dir='ltr'>dem</span> <span class='ocrx_word' id='word_1_71' title='bbox 388 735 591 768; x_wconf 77' lang='lat' dir='ltr'>Minimorum</span> <span class='ocrx_word' id='word_1_72' title='bbox 618 736 646 770; x_wconf 83' lang='lat' dir='ltr'>S.</span> <span class='ocrx_word' id='word_1_73' title='bbox 673 736 831 769; x_wconf 86' lang='lat' dir='ltr'>Francisci</span> <span class='ocrx_word' id='word_1_74' title='bbox 857 736 894 770; x_wconf 87' lang='lat' dir='ltr'>de</span> <span class='ocrx_word' id='word_1_75' title='bbox 919 736 1033 777; x_wconf 82' lang='lat' dir='ltr'>Paula,</span> 
     </span>
     <span class='ocr_line' id='line_1_21' title="bbox 293 788 1034 834; baseline 0.003 -13"><span class='ocrx_word' id='word_1_76' title='bbox 293 789 339 822; x_wconf 78' lang='lat' dir='ltr'>vel</span> <span class='ocrx_word' id='word_1_77' title='bbox 365 788 396 821; x_wconf 93' lang='lat' dir='ltr'>in</span> <span class='ocrx_word' id='word_1_78' title='bbox 414 789 476 822; x_wconf 89' lang='lat' dir='ltr'>alio</span> <span class='ocrx_word' id='word_1_79' title='bbox 493 790 634 833; x_wconf 85' lang='lat' dir='ltr'>quolibet</span> <span class='ocrx_word' id='word_1_80' title='bbox 653 789 768 823; x_wconf 89' lang='lat' dir='ltr'>Ordine</span> <span class='ocrx_word' id='word_1_81' title='bbox 785 789 1034 834; x_wconf 86' lang='lat' dir='ltr'>quomodocum-</span> 
     </span>
     <span class='ocr_line' id='line_1_22' title="bbox 291 843 1034 887; baseline 0.001 -12"><span class='ocrx_word' id='word_1_82' title='bbox 291 853 352 886; x_wconf 94' lang='lat' dir='ltr'>que</span> <span class='ocrx_word' id='word_1_83' title='bbox 377 848 558 887; x_wconf 88' lang='lat' dir='ltr'>nuncupato</span> <span class='ocrx_word' id='word_1_84' title='bbox 579 843 730 883; x_wconf 85' lang='lat' dir='ltr'>emiserit,</span> <span class='ocrx_word' id='word_1_85' title='bbox 756 843 838 876; x_wconf 87' lang='lat' dir='ltr'>ultra</span> <span class='ocrx_word' id='word_1_86' title='bbox 861 853 978 887; x_wconf 90' lang='lat' dir='ltr'>poenas</span> <span class='ocrx_word' id='word_1_87' title='bbox 1004 843 1034 876; x_wconf 87' lang='lat' dir='ltr'>in</span> 
     </span>
     <span class='ocr_line' id='line_1_23' title="bbox 292 895 1034 941; baseline 0.001 -12"><span class='ocrx_word' id='word_1_88' title='bbox 292 895 462 939; x_wconf 83' lang='lat' dir='ltr'>praedictis</span> <span class='ocrx_word' id='word_1_89' title='bbox 487 896 605 930; x_wconf 89' lang='lat' dir='ltr'>nostris</span> <span class='ocrx_word' id='word_1_90' title='bbox 631 896 743 929; x_wconf 88' lang='lat' dir='ltr'>litteris</span> <span class='ocrx_word' id='word_1_91' title='bbox 771 897 940 941; x_wconf 88' lang='lat' dir='ltr'>appositas,</span> <span class='ocrx_word' id='word_1_92' title='bbox 960 907 1034 940; x_wconf 92' lang='lat' dir='ltr'>pro-</span> 
     </span>
     <span class='ocr_line' id='line_1_24' title="bbox 292 949 1034 994; baseline 0.001 -13"><span class='ocrx_word' id='word_1_93' title='bbox 292 949 460 982; x_wconf 75' lang='lat' dir='ltr'>fessionem</span> <span class='ocrx_word' id='word_1_94' title='bbox 487 949 666 982; x_wconf 86' lang='lat' dir='ltr'>huiusmodi</span> <span class='ocrx_word' id='word_1_95' title='bbox 693 950 762 994; x_wconf 89' lang='lat' dir='ltr'>ipso</span> <span class='ocrx_word' id='word_1_96' title='bbox 795 951 875 983; x_wconf 79' lang='lat' dir='ltr'>sacto</span> <span class='ocrx_word' id='word_1_97' title='bbox 904 950 1034 990; x_wconf 90' lang='lat' dir='ltr'>nullam,</span> 
     </span>
     <span class='ocr_line' id='line_1_25' title="bbox 293 1002 1035 1046; baseline 0.001 -11"><span class='ocrx_word' id='word_1_98' title='bbox 293 1002 413 1035; x_wconf 89' lang='lat' dir='ltr'>irritam</span> <span class='ocrx_word' id='word_1_99' title='bbox 428 1006 456 1036; x_wconf 90' lang='lat' dir='ltr'>et</span> <span class='ocrx_word' id='word_1_100' title='bbox 474 1002 609 1045; x_wconf 88' lang='lat' dir='ltr'>inanem,</span> <span class='ocrx_word' id='word_1_101' title='bbox 624 1002 804 1046; x_wconf 80' lang='lat' dir='ltr'><strong>nulliusque</strong></span> <span class='ocrx_word' id='word_1_102' title='bbox 819 1003 933 1036; x_wconf 73' lang='lat' dir='ltr'>valoris</span> <span class='ocrx_word' id='word_1_103' title='bbox 951 1008 980 1036; x_wconf 91' lang='lat' dir='ltr'>et</span> <span class='ocrx_word' id='word_1_104' title='bbox 995 1004 1035 1036; x_wconf 85' lang='lat' dir='ltr'>es-</span> 
     </span>
     <span class='ocr_line' id='line_1_26' title="bbox 292 1055 1035 1101; baseline 0.003 -13"><span class='ocrx_word' id='word_1_105' title='bbox 292 1056 412 1096; x_wconf 79' lang='lat' dir='ltr'>sectus;</span> <span class='ocrx_word' id='word_1_106' title='bbox 437 1055 613 1100; x_wconf 86' lang='lat' dir='ltr'>eodemque</span> <span class='ocrx_word' id='word_1_107' title='bbox 638 1067 770 1100; x_wconf 89' lang='lat' dir='ltr'>prorsus</span> <span class='ocrx_word' id='word_1_108' title='bbox 795 1056 900 1098; x_wconf 85' lang='lat' dir='ltr'>modo,</span> <span class='ocrx_word' id='word_1_109' title='bbox 917 1058 1035 1101; x_wconf 80' lang='lat' dir='ltr'>profes-</span> 
     </span>
     <span class='ocr_line' id='line_1_27' title="bbox 291 1110 1034 1154; baseline 0.003 -11"><span class='ocrx_word' id='word_1_110' title='bbox 291 1110 410 1143; x_wconf 82' lang='lat' dir='ltr'>sionem</span> <span class='ocrx_word' id='word_1_111' title='bbox 436 1120 493 1154; x_wconf 89' lang='lat' dir='ltr'>per</span> <span class='ocrx_word' id='word_1_112' title='bbox 517 1110 643 1144; x_wconf 89' lang='lat' dir='ltr'>eosdem</span> <span class='ocrx_word' id='word_1_113' title='bbox 668 1110 773 1154; x_wconf 90' lang='lat' dir='ltr'>primo</span> <span class='ocrx_word' id='word_1_114' title='bbox 797 1110 896 1145; x_wconf 81' lang='lat' dir='ltr'>dictos</span> <span class='ocrx_word' id='word_1_115' title='bbox 921 1112 1034 1145; x_wconf 82' lang='lat' dir='ltr'>fratres</span> 
     </span>
     <span class='ocr_line' id='line_1_28' title="bbox 291 1163 1034 1199; baseline 0.004 -3"><span class='ocrx_word' id='word_1_116' title='bbox 291 1163 322 1196; x_wconf 94' lang='lat' dir='ltr'>in</span> <span class='ocrx_word' id='word_1_117' title='bbox 346 1163 462 1198; x_wconf 79' lang='lat' dir='ltr'>Ordine</span> <span class='ocrx_word' id='word_1_118' title='bbox 485 1163 764 1198; x_wconf 85' lang='lat' dir='ltr'>Cartbusianorum</span> <span class='ocrx_word' id='word_1_119' title='bbox 798 1165 977 1199; x_wconf 87' lang='lat' dir='ltr'>huiusmodi</span> <span class='ocrx_word' id='word_1_120' title='bbox 1003 1177 1034 1199; x_wconf 87' lang='lat' dir='ltr'>e-</span> 
     </span>
     <span class='ocr_line' id='line_1_29' title="bbox 291 1217 1034 1263; baseline 0.004 -13"><span class='ocrx_word' id='word_1_121' title='bbox 291 1217 418 1251; x_wconf 82' lang='lat' dir='ltr'>missam</span> <span class='ocrx_word' id='word_1_122' title='bbox 454 1218 572 1262; x_wconf 85' lang='lat' dir='ltr'><strong>absque</strong></span> <span class='ocrx_word' id='word_1_123' title='bbox 605 1218 731 1251; x_wconf 78' lang='lat' dir='ltr'>licentia</span> <span class='ocrx_word' id='word_1_124' title='bbox 762 1218 851 1263; x_wconf 90' lang='lat' dir='ltr'>prius</span> <span class='ocrx_word' id='word_1_125' title='bbox 885 1220 980 1263; x_wconf 75' lang='lat' dir='ltr'>petita</span> <span class='ocrx_word' id='word_1_126' title='bbox 1005 1224 1034 1254; x_wconf 88' lang='lat' dir='ltr'>et</span> 
     </span>
     <span class='ocr_line' id='line_1_30' title="bbox 290 1271 1034 1316; baseline 0.004 -12"><span class='ocrx_word' id='word_1_127' title='bbox 290 1271 417 1304; x_wconf 72' lang='lat' dir='ltr'>obtenta</span> <span class='ocrx_word' id='word_1_128' title='bbox 434 1281 451 1304; x_wconf 92' lang='lat' dir='ltr'>a</span> <span class='ocrx_word' id='word_1_129' title='bbox 468 1271 688 1316; x_wconf 89' lang='lat' dir='ltr'>superioribus</span> <span class='ocrx_word' id='word_1_130' title='bbox 709 1272 887 1316; x_wconf 78' lang='lat' dir='ltr'>praedictae</span> <span class='ocrx_word' id='word_1_131' title='bbox 905 1284 1034 1316; x_wconf 75' lang='lat' dir='ltr'>congre-</span> 
     </span>
     <span class='ocr_line' id='line_1_31' title="bbox 290 1324 1035 1368; baseline 0.004 -11"><span class='ocrx_word' id='word_1_132' title='bbox 290 1324 425 1368; x_wconf 83' lang='lat' dir='ltr'>gationis</span> <span class='ocrx_word' id='word_1_133' title='bbox 456 1325 589 1358; x_wconf 77' lang='lat' dir='ltr'>fratrum</span> <span class='ocrx_word' id='word_1_134' title='bbox 614 1325 880 1359; x_wconf 85' lang='lat' dir='ltr'>Discaleeatorum</span> <span class='ocrx_word' id='word_1_135' title='bbox 902 1326 1035 1360; x_wconf 88' lang='lat' dir='ltr'>Sanctis-</span> 
     </span>
     <span class='ocr_line' id='line_1_32' title="bbox 291 1377 1033 1424; baseline 0.004 -14"><span class='ocrx_word' id='word_1_136' title='bbox 291 1377 386 1410; x_wconf 87' lang='lat' dir='ltr'>simae</span> <span class='ocrx_word' id='word_1_137' title='bbox 410 1377 570 1411; x_wconf 76' lang='lat' dir='ltr'>Trinitatis</span> <span class='ocrx_word' id='word_1_138' title='bbox 604 1378 807 1419; x_wconf 86' lang='lat' dir='ltr'>huiusmodi,</span> <span class='ocrx_word' id='word_1_139' title='bbox 839 1379 932 1412; x_wconf 91' lang='lat' dir='ltr'>etiam</span> <span class='ocrx_word' id='word_1_140' title='bbox 966 1381 1033 1424; x_wconf 87' lang='lat' dir='ltr'>ipso</span> 
     </span>
     <span class='ocr_line' id='line_1_33' title="bbox 291 1430 1033 1474; baseline 0.005 -12"><span class='ocrx_word' id='word_1_141' title='bbox 291 1430 372 1464; x_wconf 78' lang='lat' dir='ltr'>sacto</span> <span class='ocrx_word' id='word_1_142' title='bbox 396 1431 525 1473; x_wconf 87' lang='lat' dir='ltr'>nullam,</span> <span class='ocrx_word' id='word_1_143' title='bbox 551 1431 672 1464; x_wconf 90' lang='lat' dir='ltr'>irritam</span> <span class='ocrx_word' id='word_1_144' title='bbox 699 1438 729 1465; x_wconf 89' lang='lat' dir='ltr'>et</span> <span class='ocrx_word' id='word_1_145' title='bbox 753 1432 888 1474; x_wconf 86' lang='lat' dir='ltr'>inanem,</span> <span class='ocrx_word' id='word_1_146' title='bbox 906 1434 1033 1467; x_wconf 90' lang='lat' dir='ltr'>nullius-</span> 
     </span>
     <span class='ocr_line' id='line_1_34' title="bbox 290 1485 1033 1528; baseline 0.005 -12"><span class='ocrx_word' id='word_1_147' title='bbox 290 1495 350 1528; x_wconf 86' lang='lat' dir='ltr'>que</span> <span class='ocrx_word' id='word_1_148' title='bbox 377 1485 490 1518; x_wconf 78' lang='lat' dir='ltr'>valoris</span> <span class='ocrx_word' id='word_1_149' title='bbox 507 1490 535 1517; x_wconf 90' lang='lat' dir='ltr'>et</span> <span class='ocrx_word' id='word_1_150' title='bbox 554 1485 683 1518; x_wconf 74' lang='lat' dir='ltr'>effectus</span> <span class='ocrx_word' id='word_1_151' title='bbox 701 1485 834 1519; x_wconf 73' lang='lat' dir='ltr'>existere</span> <span class='ocrx_word' id='word_1_152' title='bbox 857 1492 885 1519; x_wconf 89' lang='lat' dir='ltr'>et</span> <span class='ocrx_word' id='word_1_153' title='bbox 903 1488 980 1528; x_wconf 85' lang='lat' dir='ltr'>sore,</span> <span class='ocrx_word' id='word_1_154' title='bbox 998 1498 1033 1520; x_wconf 90' lang='lat' dir='ltr'>ac</span> 
     </span>
     <span class='ocr_line' id='line_1_35' title="bbox 292 1536 1034 1582; baseline 0.007 -15"><span class='ocrx_word' id='word_1_155' title='bbox 292 1536 415 1568; x_wconf 88' lang='lat' dir='ltr'>irritum</span> <span class='ocrx_word' id='word_1_156' title='bbox 446 1540 475 1570; x_wconf 87' lang='lat' dir='ltr'>et</span> <span class='ocrx_word' id='word_1_157' title='bbox 508 1537 620 1577; x_wconf 83' lang='lat' dir='ltr'>inane,</span> <span class='ocrx_word' id='word_1_158' title='bbox 645 1537 669 1569; x_wconf 90' lang='lat' dir='ltr'>si</span> <span class='ocrx_word' id='word_1_159' title='bbox 695 1548 786 1570; x_wconf 78' lang='lat' dir='ltr'>secus</span> <span class='ocrx_word' id='word_1_160' title='bbox 817 1549 912 1582; x_wconf 83' lang='lat' dir='ltr'>super</span> <span class='ocrx_word' id='word_1_161' title='bbox 943 1540 991 1572; x_wconf 80' lang='lat' dir='ltr'>liis</span> <span class='ocrx_word' id='word_1_162' title='bbox 1017 1551 1034 1572; x_wconf 89' lang='lat' dir='ltr'>a</span> 
     </span>
     <span class='ocr_line' id='line_1_36' title="bbox 290 1590 1033 1634; baseline 0.007 -13"><span class='ocrx_word' id='word_1_163' title='bbox 290 1599 468 1634; x_wconf 88' lang='lat' dir='ltr'>quoquam,</span> <span class='ocrx_word' id='word_1_164' title='bbox 493 1590 602 1633; x_wconf 77' lang='lat' dir='ltr'>quavis.</span> <span class='ocrx_word' id='word_1_165' title='bbox 621 1591 816 1631; x_wconf 83' lang='lat' dir='ltr'>auctoritate,</span> <span class='ocrx_word' id='word_1_166' title='bbox 830 1592 965 1625; x_wconf 83' lang='lat' dir='ltr'>scienter</span> <span class='ocrx_word' id='word_1_167' title='bbox 986 1594 1033 1626; x_wconf 72' lang='lat' dir='ltr'>rel</span> 
     </span>
     <span class='ocr_line' id='line_1_37' title="bbox 291 1642 848 1687; baseline 0.005 -12"><span class='ocrx_word' id='word_1_168' title='bbox 291 1642 482 1686; x_wconf 77' lang='lat' dir='ltr'>ignoranter,</span> <span class='ocrx_word' id='word_1_169' title='bbox 503 1643 670 1687; x_wconf 76' lang='lat' dir='ltr'>contigerit</span> <span class='ocrx_word' id='word_1_170' title='bbox 693 1645 848 1678; x_wconf 79' lang='lat' dir='ltr'>attentari.</span> 
     </span>
    </p>

    <p class='ocr_par' dir='ltr' id='par_1_7' title="bbox 291 1697 1051 1904">
     <span class='ocr_line' id='line_1_38' title="bbox 335 1697 1034 1742; baseline 0.003 -12"><span class='ocrx_word' id='word_1_171' title='bbox 335 1697 350 1741; x_wconf 69' lang='grc' dir='ltr'><strong>ἓ</strong></span> <span class='ocrx_word' id='word_1_172' title='bbox 375 1697 404 1730; x_wconf 88' lang='grc'>7.</span> <span class='ocrx_word' id='word_1_173' title='bbox 426 1698 494 1731; x_wconf 72' lang='lat' dir='ltr'>Non</span> <span class='ocrx_word' id='word_1_174' title='bbox 515 1697 667 1739; x_wconf 86' lang='lat' dir='ltr'>obstante,</span> <span class='ocrx_word' id='word_1_175' title='bbox 688 1698 772 1742; x_wconf 89' lang='lat' dir='ltr'>quod</span> <span class='ocrx_word' id='word_1_176' title='bbox 797 1698 834 1731; x_wconf 89' lang='lat' dir='ltr'>de</span> <span class='ocrx_word' id='word_1_177' title='bbox 860 1699 927 1732; x_wconf 87' lang='lat' dir='ltr'>iure</span> <span class='ocrx_word' id='word_1_178' title='bbox 951 1710 1034 1733; x_wconf 87' lang='lat' dir='ltr'>com-</span> 
     </span>
     <span class='ocr_line' id='line_1_39' title="bbox 291 1751 1033 1796; baseline 0.004 -13"><span class='ocrx_word' id='word_1_179' title='bbox 291 1751 377 1784; x_wconf 87' lang='lat' dir='ltr'>muni</span> <span class='ocrx_word' id='word_1_180' title='bbox 403 1762 587 1784; x_wconf 86' lang='lat' dir='ltr'>concessum</span> <span class='ocrx_word' id='word_1_181' title='bbox 617 1758 663 1785; x_wconf 80' lang='lat' dir='ltr'>cst</span> <span class='ocrx_word' id='word_1_182' title='bbox 689 1751 718 1784; x_wconf 94' lang='lat' dir='ltr'>in</span> <span class='ocrx_word' id='word_1_183' title='bbox 744 1762 811 1796; x_wconf 88' lang='lat' dir='ltr'>cap.</span> <span class='ocrx_word' id='word_1_184' title='bbox 840 1753 968 1793; x_wconf 77' lang='lat' dir='ltr'>Liceat,</span> <span class='ocrx_word' id='word_1_185' title='bbox 995 1754 1033 1786; x_wconf 88' lang='lat' dir='ltr'>dc</span> 
     </span>
     <span class='ocr_line' id='line_1_40' title="bbox 292 1805 1051 1856; baseline 0.004 -18"><span class='ocrx_word' id='word_1_186' title='bbox 292 1805 510 1849; x_wconf 79' lang='lat' dir='ltr'>Regularibus,</span> <span class='ocrx_word' id='word_1_187' title='bbox 534 1817 568 1839; x_wconf 89' lang='lat' dir='ltr'>ae</span> <span class='ocrx_word' id='word_1_188' title='bbox 595 1806 868 1840; x_wconf 74' lang='lat' dir='ltr'>constitutionibus</span> <span class='ocrx_word' id='word_1_189' title='bbox 894 1813 923 1840; x_wconf 85' lang='lat' dir='ltr'>et</span> <span class='ocrx_word' id='word_1_190' title='bbox 947 1808 1051 1856; x_wconf 77' lang='lat' dir='ltr'>ordi-¹</span> 
     </span>
     <span class='ocr_line' id='line_1_41' title="bbox 291 1859 1032 1904; baseline 0.003 -12"><span class='ocrx_word' id='word_1_191' title='bbox 291 1859 469 1893; x_wconf 91' lang='lat' dir='ltr'>nationibus</span> <span class='ocrx_word' id='word_1_192' title='bbox 501 1860 704 1904; x_wconf 83' lang='lat' dir='ltr'>apostolicis,</span> <span class='ocrx_word' id='word_1_193' title='bbox 730 1870 764 1892; x_wconf 85' lang='lat' dir='ltr'>ac</span> <span class='ocrx_word' id='word_1_194' title='bbox 796 1861 1032 1904; x_wconf 79' lang='lat' dir='ltr'>praedictorum</span> 
     </span>
    </p>
   </div>
   <div class='ocr_carea' id='block_1_7' title="bbox 1067 195 1813 1260">
    <p class='ocr_par' dir='ltr' id='par_1_8' title="bbox 1067 195 1811 511">
     <span class='ocr_line' id='line_1_42' title="bbox 1076 195 1782 230; baseline -0.001 0"><span class='ocrx_word' id='word_1_195' title='bbox 1076 206 1132 230; x_wconf 78' lang='lat' dir='ltr'>vui</span> <span class='ocrx_word' id='word_1_196' title='bbox 1156 207 1204 230; x_wconf 80' lang='lat' dir='ltr'>rr.</span> <span class='ocrx_word' id='word_1_197' title='bbox 1718 195 1782 230; x_wconf 81' lang='lat'>585</span> 
     </span>
     <span class='ocr_line' id='line_1_43' title="bbox 1067 253 1810 299; baseline -0.003 -11"><span class='ocrx_word' id='word_1_198' title='bbox 1067 266 1161 288; x_wconf 90' lang='lat' dir='ltr'>nores</span> <span class='ocrx_word' id='word_1_199' title='bbox 1177 253 1397 299; x_wconf 87' lang='lat' dir='ltr'>praesentibus</span> <span class='ocrx_word' id='word_1_200' title='bbox 1413 264 1472 298; x_wconf 89' lang='lat' dir='ltr'>pro</span> <span class='ocrx_word' id='word_1_201' title='bbox 1490 253 1581 298; x_wconf 82' lang='lat' dir='ltr'>plene</span> <span class='ocrx_word' id='word_1_202' title='bbox 1602 257 1633 286; x_wconf 88' lang='lat' dir='ltr'>et</span> <span class='ocrx_word' id='word_1_203' title='bbox 1652 253 1810 287; x_wconf 84' lang='lat' dir='ltr'>sufficien-</span> 
     </span>
     <span class='ocr_line' id='line_1_44' title="bbox 1068 306 1811 352; baseline 0 -12"><span class='ocrx_word' id='word_1_204' title='bbox 1068 313 1114 340; x_wconf 87' lang='lat' dir='ltr'>ter</span> <span class='ocrx_word' id='word_1_205' title='bbox 1139 307 1294 352; x_wconf 77' lang='lat' dir='ltr'>expressis</span> <span class='ocrx_word' id='word_1_206' title='bbox 1319 307 1489 347; x_wconf 85' lang='lat' dir='ltr'>habentes,</span> <span class='ocrx_word' id='word_1_207' title='bbox 1515 306 1576 340; x_wconf 90' lang='lat' dir='ltr'>illis</span> <span class='ocrx_word' id='word_1_208' title='bbox 1599 306 1674 339; x_wconf 80' lang='lat' dir='ltr'>alias</span> <span class='ocrx_word' id='word_1_209' title='bbox 1698 306 1730 339; x_wconf 93' lang='lat' dir='ltr'>in</span> <span class='ocrx_word' id='word_1_210' title='bbox 1754 316 1811 340; x_wconf 92' lang='lat' dir='ltr'>suo</span> 
     </span>
     <span class='ocr_line' id='line_1_45' title="bbox 1068 359 1811 404; baseline -0.001 -12"><span class='ocrx_word' id='word_1_211' title='bbox 1068 361 1183 394; x_wconf 79' lang='lat' dir='ltr'>robore</span> <span class='ocrx_word' id='word_1_212' title='bbox 1213 360 1449 404; x_wconf 80' lang='lat' dir='ltr'>permansuris,</span> <span class='ocrx_word' id='word_1_213' title='bbox 1474 361 1532 394; x_wconf 88' lang='lat' dir='ltr'>hac</span> <span class='ocrx_word' id='word_1_214' title='bbox 1556 360 1622 393; x_wconf 79' lang='lat' dir='ltr'>vice</span> <span class='ocrx_word' id='word_1_215' title='bbox 1650 359 1811 393; x_wconf 85' lang='lat' dir='ltr'>dumtaxat</span> 
     </span>
     <span class='ocr_line' id='line_1_46' title="bbox 1068 413 1811 457; baseline 0.001 -12"><span class='ocrx_word' id='word_1_216' title='bbox 1068 413 1247 457; x_wconf 84' lang='lat' dir='ltr'>specialiter</span> <span class='ocrx_word' id='word_1_217' title='bbox 1271 419 1301 446; x_wconf 90' lang='lat' dir='ltr'>et</span> <span class='ocrx_word' id='word_1_218' title='bbox 1325 424 1471 457; x_wconf 80' lang='lat' dir='ltr'>expresse</span> <span class='ocrx_word' id='word_1_219' title='bbox 1496 413 1704 457; x_wconf 78' lang='lat' dir='ltr'>derogamus;</span> <span class='ocrx_word' id='word_1_220' title='bbox 1728 418 1811 447; x_wconf 85' lang='lat' dir='ltr'>cete-</span> 
     </span>
     <span class='ocr_line' id='line_1_47' title="bbox 1069 466 1654 511; baseline 0.002 -12"><span class='ocrx_word' id='word_1_221' title='bbox 1069 466 1174 510; x_wconf 85' lang='lat' dir='ltr'>risque</span> <span class='ocrx_word' id='word_1_222' title='bbox 1200 467 1367 500; x_wconf 82' lang='lat' dir='ltr'>contrariis</span> <span class='ocrx_word' id='word_1_223' title='bbox 1391 467 1654 511; x_wconf 86' lang='lat' dir='ltr'>quibuscumque.</span> 
     </span>
    </p>

    <p class='ocr_par' dir='ltr' id='par_1_9' title="bbox 1068 519 1813 1034">
     <span class='ocr_line' id='line_1_48' title="bbox 1113 519 1810 565; baseline 0.001 -12"><span class='ocrx_word' id='word_1_224' title='bbox 1113 520 1127 563; x_wconf 68' lang='lat' dir='ltr'>g</span> <span class='ocrx_word' id='word_1_225' title='bbox 1152 519 1181 553; x_wconf 85' lang='lat'>8.</span> <span class='ocrx_word' id='word_1_226' title='bbox 1208 521 1359 554; x_wconf 78' lang='lat' dir='ltr'>Volumus</span> <span class='ocrx_word' id='word_1_227' title='bbox 1388 526 1492 553; x_wconf 88' lang='lat' dir='ltr'>autem</span> <span class='ocrx_word' id='word_1_228' title='bbox 1507 549 1514 562; x_wconf 96' lang='lat'>,</span> <span class='ocrx_word' id='word_1_229' title='bbox 1539 527 1573 554; x_wconf 87' lang='lat' dir='ltr'>ut</span> <span class='ocrx_word' id='word_1_230' title='bbox 1597 521 1810 565; x_wconf 88' lang='lat' dir='ltr'>praesentium</span> 
     </span>
     <span class='ocr_line' id='line_1_49' title="bbox 1070 574 1810 618; baseline 0.001 -12"><span class='ocrx_word' id='word_1_231' title='bbox 1070 574 1292 617; x_wconf 84' lang='lat' dir='ltr'>transumptis,</span> <span class='ocrx_word' id='word_1_232' title='bbox 1313 574 1406 606; x_wconf 86' lang='lat' dir='ltr'>etiam</span> <span class='ocrx_word' id='word_1_233' title='bbox 1433 574 1606 618; x_wconf 82' lang='lat' dir='ltr'>impressis,</span> <span class='ocrx_word' id='word_1_234' title='bbox 1624 579 1653 607; x_wconf 88' lang='lat' dir='ltr'>et</span> <span class='ocrx_word' id='word_1_235' title='bbox 1674 574 1810 607; x_wconf 89' lang='lat' dir='ltr'>ministri</span> 
     </span>
     <span class='ocr_line' id='line_1_50' title="bbox 1069 626 1812 671; baseline 0.004 -12"><span class='ocrx_word' id='word_1_236' title='bbox 1069 626 1224 670; x_wconf 80' lang='lat' dir='ltr'>generalis</span> <span class='ocrx_word' id='word_1_237' title='bbox 1249 637 1302 659; x_wconf 83' lang='lat' dir='ltr'>seu</span> <span class='ocrx_word' id='word_1_238' title='bbox 1328 627 1543 670; x_wconf 82' lang='lat' dir='ltr'>procuratoris</span> <span class='ocrx_word' id='word_1_239' title='bbox 1567 628 1724 671; x_wconf 82' lang='lat' dir='ltr'>generalis</span> <span class='ocrx_word' id='word_1_240' title='bbox 1754 629 1812 662; x_wconf 75' lang='lat' dir='ltr'>Ro-</span> 
     </span>
     <span class='ocr_line' id='line_1_51' title="bbox 1069 681 1813 715; baseline 0.004 -3"><span class='ocrx_word' id='word_1_241' title='bbox 1069 691 1179 713; x_wconf 88' lang='lat' dir='ltr'>manae</span> <span class='ocrx_word' id='word_1_242' title='bbox 1204 681 1308 714; x_wconf 88' lang='lat' dir='ltr'>curiae</span> <span class='ocrx_word' id='word_1_243' title='bbox 1334 681 1518 714; x_wconf 82' lang='lat' dir='ltr'>eorumdem</span> <span class='ocrx_word' id='word_1_244' title='bbox 1544 681 1676 714; x_wconf 82' lang='lat' dir='ltr'>fratrum</span> <span class='ocrx_word' id='word_1_245' title='bbox 1697 682 1813 715; x_wconf 86' lang='lat' dir='ltr'>Discat-</span> 
     </span>
     <span class='ocr_line' id='line_1_52' title="bbox 1068 734 1811 779; baseline 0.004 -13"><span class='ocrx_word' id='word_1_246' title='bbox 1068 737 1240 774; x_wconf 89' lang='lat' dir='ltr'>ceatorum,</span> <span class='ocrx_word' id='word_1_247' title='bbox 1265 745 1319 766; x_wconf 89' lang='lat' dir='ltr'>seu</span> <span class='ocrx_word' id='word_1_248' title='bbox 1345 734 1477 767; x_wconf 89' lang='lat' dir='ltr'>alicuius</span> <span class='ocrx_word' id='word_1_249' title='bbox 1502 735 1642 778; x_wconf 82' lang='lat' dir='ltr'>praelati,</span> <span class='ocrx_word' id='word_1_250' title='bbox 1668 735 1714 768; x_wconf 80' lang='lat' dir='ltr'>vel</span> <span class='ocrx_word' id='word_1_251' title='bbox 1740 746 1811 779; x_wconf 88' lang='lat' dir='ltr'>per-</span> 
     </span>
     <span class='ocr_line' id='line_1_53' title="bbox 1069 787 1812 830; baseline 0.004 -11"><span class='ocrx_word' id='word_1_252' title='bbox 1069 797 1163 821; x_wconf 86' lang='lat' dir='ltr'>sonae</span> <span class='ocrx_word' id='word_1_253' title='bbox 1183 787 1212 820; x_wconf 92' lang='lat' dir='ltr'>in</span> <span class='ocrx_word' id='word_1_254' title='bbox 1230 787 1381 830; x_wconf 75' lang='lat' dir='ltr'>dignitate</span> <span class='ocrx_word' id='word_1_255' title='bbox 1398 788 1609 821; x_wconf 81' lang='lat' dir='ltr'>ecclesiastica</span> <span class='ocrx_word' id='word_1_256' title='bbox 1624 789 1812 823; x_wconf 86' lang='lat' dir='ltr'>constitutae</span> 
     </span>
     <span class='ocr_line' id='line_1_54' title="bbox 1069 840 1810 886; baseline 0.004 -14"><span class='ocrx_word' id='word_1_257' title='bbox 1069 840 1172 883; x_wconf 78' lang='lat' dir='ltr'>sigillo</span> <span class='ocrx_word' id='word_1_258' title='bbox 1206 840 1352 881; x_wconf 90' lang='lat' dir='ltr'>munitis,</span> <span class='ocrx_word' id='word_1_259' title='bbox 1378 845 1407 875; x_wconf 89' lang='lat' dir='ltr'>ct</span> <span class='ocrx_word' id='word_1_260' title='bbox 1431 841 1543 874; x_wconf 89' lang='lat' dir='ltr'>notarii</span> <span class='ocrx_word' id='word_1_261' title='bbox 1574 841 1690 886; x_wconf 85' lang='lat' dir='ltr'>publici</span> <span class='ocrx_word' id='word_1_262' title='bbox 1717 852 1810 875; x_wconf 87' lang='lat' dir='ltr'>manu</span> 
     </span>
     <span class='ocr_line' id='line_1_55' title="bbox 1068 894 1811 938; baseline 0.004 -12"><span class='ocrx_word' id='word_1_263' title='bbox 1068 894 1265 938; x_wconf 83' lang='lat' dir='ltr'>subscriptis,</span> <span class='ocrx_word' id='word_1_264' title='bbox 1283 894 1391 927; x_wconf 88' lang='lat' dir='ltr'>eadem</span> <span class='ocrx_word' id='word_1_265' title='bbox 1411 905 1543 938; x_wconf 92' lang='lat' dir='ltr'>prorsus</span> <span class='ocrx_word' id='word_1_266' title='bbox 1559 895 1638 928; x_wconf 87' lang='lat' dir='ltr'>fides</span> <span class='ocrx_word' id='word_1_267' title='bbox 1662 895 1811 929; x_wconf 89' lang='lat' dir='ltr'>adhibea-</span> 
     </span>
     <span class='ocr_line' id='line_1_56' title="bbox 1069 948 1810 991; baseline 0.003 -11"><span class='ocrx_word' id='word_1_268' title='bbox 1069 952 1141 988; x_wconf 87' lang='lat' dir='ltr'>tur,</span> <span class='ocrx_word' id='word_1_269' title='bbox 1171 957 1251 991; x_wconf 85' lang='lat' dir='ltr'>quae</span> <span class='ocrx_word' id='word_1_270' title='bbox 1282 948 1502 991; x_wconf 86' lang='lat' dir='ltr'>praesentibus</span> <span class='ocrx_word' id='word_1_271' title='bbox 1533 948 1757 990; x_wconf 83' lang='lat' dir='ltr'>adhiberetur,</span> <span class='ocrx_word' id='word_1_272' title='bbox 1785 949 1810 982; x_wconf 91' lang='lat' dir='ltr'>si</span> 
     </span>
     <span class='ocr_line' id='line_1_57' title="bbox 1068 999 1577 1034; baseline 0.004 -2"><span class='ocrx_word' id='word_1_273' title='bbox 1068 1000 1169 1034; x_wconf 85' lang='lat' dir='ltr'>serent</span> <span class='ocrx_word' id='word_1_274' title='bbox 1195 999 1327 1034; x_wconf 87' lang='lat' dir='ltr'>exibitae</span> <span class='ocrx_word' id='word_1_275' title='bbox 1352 1001 1400 1033; x_wconf 78' lang='lat' dir='ltr'>vel</span> <span class='ocrx_word' id='word_1_276' title='bbox 1425 1006 1577 1034; x_wconf 88' lang='lat' dir='ltr'>ostensae.</span> 
     </span>
    </p>

    <p class='ocr_par' dir='ltr' id='par_1_10' title="bbox 1067 1054 1812 1206">
     <span class='ocr_line' id='line_1_58' title="bbox 1112 1054 1812 1098; baseline 0.001 -11"><span class='ocrx_word' id='word_1_277' title='bbox 1112 1054 1223 1087; x_wconf 88' lang='lat' dir='ltr'>Datum</span> <span class='ocrx_word' id='word_1_278' title='bbox 1243 1055 1370 1095; x_wconf 85' lang='lat' dir='ltr'>Romae,</span> <span class='ocrx_word' id='word_1_279' title='bbox 1387 1054 1472 1098; x_wconf 89' lang='lat' dir='ltr'>apud</span> <span class='ocrx_word' id='word_1_280' title='bbox 1488 1054 1517 1088; x_wconf 82' lang='lat' dir='ltr'>S.</span> <span class='ocrx_word' id='word_1_281' title='bbox 1532 1055 1671 1097; x_wconf 85' lang='lat' dir='ltr'>Petrum,</span> <span class='ocrx_word' id='word_1_282' title='bbox 1685 1055 1743 1088; x_wconf 89' lang='lat' dir='ltr'>sub</span> <span class='ocrx_word' id='word_1_283' title='bbox 1759 1066 1812 1089; x_wconf 91' lang='lat' dir='ltr'>an-</span> 
     </span>
     <span class='ocr_line' id='line_1_59' title="bbox 1068 1108 1810 1152; baseline 0.004 -12"><span class='ocrx_word' id='word_1_284' title='bbox 1068 1108 1142 1142; x_wconf 92' lang='lat' dir='ltr'>nulo</span> <span class='ocrx_word' id='word_1_285' title='bbox 1167 1108 1344 1149; x_wconf 77' lang='lat' dir='ltr'>piscatoris,</span> <span class='ocrx_word' id='word_1_286' title='bbox 1368 1108 1418 1141; x_wconf 92' lang='lat' dir='ltr'>die</span> <span class='ocrx_word' id='word_1_287' title='bbox 1438 1118 1469 1141; x_wconf 84' lang='lat' dir='ltr'>iv</span> <span class='ocrx_word' id='word_1_288' title='bbox 1487 1108 1597 1152; x_wconf 89' lang='lat' dir='ltr'>aprilis</span> <span class='ocrx_word' id='word_1_289' title='bbox 1617 1118 1810 1151; x_wconf 78' lang='lat' dir='ltr'>uncxxxvu,</span> 
     </span>
     <span class='ocr_line' id='line_1_60' title="bbox 1067 1161 1579 1206; baseline 0.002 -11"><span class='ocrx_word' id='word_1_290' title='bbox 1067 1161 1267 1206; x_wconf 79' lang='lat' dir='ltr'>pontificatus</span> <span class='ocrx_word' id='word_1_291' title='bbox 1290 1162 1390 1196; x_wconf 88' lang='lat' dir='ltr'>nostri</span> <span class='ocrx_word' id='word_1_292' title='bbox 1414 1172 1496 1196; x_wconf 89' lang='lat' dir='ltr'>anno</span> <span class='ocrx_word' id='word_1_293' title='bbox 1516 1172 1579 1196; x_wconf 81' lang='lat' dir='ltr'>xtv.</span> 
     </span>
    </p>

    <p class='ocr_par' dir='ltr' id='par_1_11' title="bbox 1102 1224 1738 1260">
     <span class='ocr_line' id='line_1_61' title="bbox 1102 1224 1738 1260; baseline -0.002 -8"><span class='ocrx_word' id='word_1_294' title='bbox 1102 1225 1163 1252; x_wconf 84' lang='lat' dir='ltr'>Dat.</span> <span class='ocrx_word' id='word_1_295' title='bbox 1180 1224 1223 1251; x_wconf 89' lang='lat' dir='ltr'>die</span> <span class='ocrx_word' id='word_1_296' title='bbox 1242 1224 1254 1250; x_wconf 67' lang='lat'><strong>4</strong></span> <span class='ocrx_word' id='word_1_297' title='bbox 1270 1224 1365 1260; x_wconf 86' lang='lat' dir='ltr'>aprilis</span> <span class='ocrx_word' id='word_1_298' title='bbox 1379 1224 1459 1258; x_wconf 72' lang='lat'>1637,</span> <span class='ocrx_word' id='word_1_299' title='bbox 1479 1224 1576 1259; x_wconf 84' lang='lat' dir='ltr'>pontif.</span> <span class='ocrx_word' id='word_1_300' title='bbox 1593 1232 1663 1253; x_wconf 87' lang='lat' dir='ltr'>anno</span> <span class='ocrx_word' id='word_1_301' title='bbox 1683 1232 1738 1253; x_wconf 82' lang='lat' dir='ltr'>xiv,</span> 
     </span>
    </p>
   </div>
   <div class='ocr_carea' id='block_1_8' title="bbox 1333 1291 1542 1295">
    <p class='ocr_par' dir='ltr' id='par_1_12' title="bbox 1333 1291 1542 1295">
     <span class='ocr_line' id='line_1_62' title="bbox 1333 1291 1542 1295; baseline 0 0"><span class='ocrx_word' id='word_1_302' title='bbox 1333 1291 1542 1295; x_wconf 95' lang='lat' dir='ltr'> </span> 
     </span>
    </p>
   </div>
   <div class='ocr_carea' id='block_1_9' title="bbox 1367 1367 1508 1419">
    <p class='ocr_par' dir='ltr' id='par_1_13' title="bbox 1367 1367 1508 1419">
     <span class='ocr_line' id='line_1_63' title="bbox 1367 1367 1508 1419; baseline 0 -19"><span class='ocrx_word' id='word_1_303' title='bbox 1367 1367 1508 1419; x_wconf 78' lang='lat' dir='ltr'>anvu.</span> 
     </span>
    </p>
   </div>
   <div class='ocr_carea' id='block_1_10' title="bbox 1068 1448 1812 1652">
    <p class='ocr_par' dir='ltr' id='par_1_14' title="bbox 1068 1448 1812 1652">
     <span class='ocr_line' id='line_1_64' title="bbox 1068 1448 1808 1492; baseline 0 -11"><span class='ocrx_word' id='word_1_304' title='bbox 1068 1448 1113 1481; x_wconf 88' lang='lat' dir='ltr'>De</span> <span class='ocrx_word' id='word_1_305' title='bbox 1138 1449 1425 1481; x_wconf 77' lang='lat' dir='ltr'>constitutionibus</span> <span class='ocrx_word' id='word_1_306' title='bbox 1452 1448 1644 1481; x_wconf 78' lang='lat' dir='ltr'>clericorum</span> <span class='ocrx_word' id='word_1_307' title='bbox 1674 1449 1808 1492; x_wconf 77' lang='lat' dir='ltr'>requta-</span> 
     </span>
     <span class='ocr_line' id='line_1_65' title="bbox 1112 1501 1812 1545; baseline 0 -11"><span class='ocrx_word' id='word_1_308' title='bbox 1112 1503 1200 1534; x_wconf 74' lang='lat' dir='ltr'>rium</span> <span class='ocrx_word' id='word_1_309' title='bbox 1216 1502 1386 1534; x_wconf 80' lang='lat' dir='ltr'>Minorum</span> <span class='ocrx_word' id='word_1_310' title='bbox 1406 1501 1583 1535; x_wconf 81' lang='lat' dir='ltr'>emendatis</span> <span class='ocrx_word' id='word_1_311' title='bbox 1601 1512 1621 1534; x_wconf 83' lang='lat' dir='ltr'>a</span> <span class='ocrx_word' id='word_1_312' title='bbox 1637 1512 1812 1545; x_wconf 72' lang='lat' dir='ltr'>conqreqa-</span> 
     </span>
     <span class='ocr_line' id='line_1_66' title="bbox 1113 1556 1812 1599; baseline 0 -11"><span class='ocrx_word' id='word_1_313' title='bbox 1113 1556 1197 1588; x_wconf 78' lang='lat' dir='ltr'>tione</span> <span class='ocrx_word' id='word_1_314' title='bbox 1222 1556 1443 1599; x_wconf 70' lang='lat' dir='ltr'>episcoporum</span> <span class='ocrx_word' id='word_1_315' title='bbox 1468 1560 1497 1589; x_wconf 83' lang='lat' dir='ltr'>et</span> <span class='ocrx_word' id='word_1_316' title='bbox 1521 1556 1728 1599; x_wconf 64' lang='lat' dir='ltr'>regularium</span> <span class='ocrx_word' id='word_1_317' title='bbox 1752 1557 1812 1588; x_wconf 81' lang='lat' dir='ltr'>im-</span> 
     </span>
     <span class='ocr_line' id='line_1_67' title="bbox 1108 1609 1811 1652; baseline 0.001 -11"><span class='ocrx_word' id='word_1_318' title='bbox 1108 1614 1274 1652; x_wconf 76' lang='lat' dir='ltr'>posterum</span> <span class='ocrx_word' id='word_1_319' title='bbox 1291 1610 1509 1650; x_wconf 72' lang='lat' dir='ltr'>observandis,</span> <span class='ocrx_word' id='word_1_320' title='bbox 1529 1620 1594 1643; x_wconf 78' lang='lat' dir='ltr'>non</span> <span class='ocrx_word' id='word_1_321' title='bbox 1611 1609 1811 1643; x_wconf 79' lang='lat' dir='ltr'>obstantibus</span> 
     </span>
    </p>
   </div>
   <div class='ocr_carea' id='block_1_11' title="bbox 1111 1663 1588 1698">
    <p class='ocr_par' dir='ltr' id='par_1_15' title="bbox 1111 1663 1588 1698">
     <span class='ocr_line' id='line_1_68' title="bbox 1111 1663 1588 1698; baseline 0.002 -2"><span class='ocrx_word' id='word_1_322' title='bbox 1111 1664 1244 1696; x_wconf 75' lang='lat' dir='ltr'>decretis</span> <span class='ocrx_word' id='word_1_323' title='bbox 1271 1664 1444 1698; x_wconf 77' lang='lat' dir='ltr'>Clementis</span> <span class='ocrx_word' id='word_1_324' title='bbox 1474 1663 1588 1697; x_wconf 87' lang='lat' dir='ltr'>VIII¹.</span> 
     </span>
    </p>
   </div>
   <div class='ocr_carea' id='block_1_12' title="bbox 1210 1743 1663 1816">
    <p class='ocr_par' dir='ltr' id='par_1_16' title="bbox 1210 1743 1663 1816">
     <span class='ocr_line' id='line_1_69' title="bbox 1276 1743 1602 1777; baseline 0 -7"><span class='ocrx_word' id='word_1_325' title='bbox 1276 1744 1411 1771; x_wconf 77' lang='lat' dir='ltr'>Urbanus</span> <span class='ocrx_word' id='word_1_326' title='bbox 1427 1744 1506 1777; x_wconf 80' lang='lat' dir='ltr'>Papa</span> <span class='ocrx_word' id='word_1_327' title='bbox 1525 1743 1602 1776; x_wconf 89' lang='lat' dir='ltr'>VIII,</span> 
     </span>
     <span class='ocr_line' id='line_1_70' title="bbox 1210 1788 1663 1816; baseline -0.002 0"><span class='ocrx_word' id='word_1_328' title='bbox 1210 1791 1245 1816; x_wconf 86' lang='lat' dir='ltr'>ad</span> <span class='ocrx_word' id='word_1_329' title='bbox 1266 1789 1398 1816; x_wconf 82' lang='lat' dir='ltr'>futuram</span> <span class='ocrx_word' id='word_1_330' title='bbox 1418 1788 1462 1815; x_wconf 89' lang='lat' dir='ltr'>rei</span> <span class='ocrx_word' id='word_1_331' title='bbox 1482 1789 1663 1815; x_wconf 85' lang='lat' dir='ltr'>memoriam.</span> 
     </span>
    </p>
   </div>
   <div class='ocr_carea' id='block_1_13' title="bbox 1112 1858 1812 1903">
    <p class='ocr_par' dir='ltr' id='par_1_17' title="bbox 1112 1858 1812 1903">
     <span class='ocr_line' id='line_1_71' title="bbox 1112 1858 1812 1903; baseline 0.003 -12"><span class='ocrx_word' id='word_1_332' title='bbox 1112 1859 1194 1892; x_wconf 80' lang='lat' dir='ltr'>Alias</span> <span class='ocrx_word' id='word_1_333' title='bbox 1208 1859 1390 1903; x_wconf 73' lang='lat' dir='ltr'>(postquam</span> <span class='ocrx_word' id='word_1_334' title='bbox 1402 1858 1500 1892; x_wconf 85' lang='lat' dir='ltr'>seticis</span> <span class='ocrx_word' id='word_1_335' title='bbox 1510 1858 1738 1893; x_wconf 89' lang='lat' dir='ltr'>recordationis</span> <span class='ocrx_word' id='word_1_336' title='bbox 1748 1860 1812 1893; x_wconf 87' lang='lat' dir='ltr'>Cle-</span> 
     </span>
    </p>
   </div>
   <div class='ocr_carea' id='block_1_14' title="bbox 1828 204 2011 234">
    <p class='ocr_par' dir='ltr' id='par_1_18' title="bbox 1828 204 2011 234">
     <span class='ocr_line' id='line_1_72' title="bbox 1828 204 2011 234; baseline 0.011 -2"><span class='ocrx_word' id='word_1_337' title='bbox 1828 205 1876 233; x_wconf 78' lang='lat' dir='ltr'>An.</span> <span class='ocrx_word' id='word_1_338' title='bbox 1898 205 1925 233; x_wconf 73' lang='lat' dir='ltr'>C,</span> <span class='ocrx_word' id='word_1_339' title='bbox 1946 204 2011 234; x_wconf 79' lang='lat'>1637</span> 
     </span>
    </p>
   </div>
   <div class='ocr_carea' id='block_1_15' title="bbox 1826 533 2013 661">
    <p class='ocr_par' dir='ltr' id='par_1_19' title="bbox 1826 533 2013 661">
     <span class='ocr_line' id='line_1_73' title="bbox 1879 533 2013 556; baseline 0 0"><span class='ocrx_word' id='word_1_340' title='bbox 1879 533 1945 556; x_wconf 73' lang='lat' dir='ltr'>Huius</span> <span class='ocrx_word' id='word_1_341' title='bbox 1957 535 2013 556; x_wconf 81' lang='lat' dir='ltr'>Con-</span> 
     </span>
     <span class='ocr_line' id='line_1_74' title="bbox 1826 561 2011 583; baseline 0.011 -3"><span class='ocrx_word' id='word_1_342' title='bbox 1826 561 1940 583; x_wconf 65' lang='lat' dir='ltr'>stitutionis</span> <span class='ocrx_word' id='word_1_343' title='bbox 1956 564 2011 582; x_wconf 77' lang='lat' dir='ltr'>tran·</span> 
     </span>
     <span class='ocr_line' id='line_1_75' title="bbox 1826 587 2011 618; baseline 0.005 -11"><span class='ocrx_word' id='word_1_344' title='bbox 1826 587 1912 618; x_wconf 72' lang='lat' dir='ltr'>sumptis</span> <span class='ocrx_word' id='word_1_345' title='bbox 1949 588 2011 609; x_wconf 73' lang='lat' dir='ltr'>fidem</span> 
     </span>
     <span class='ocr_line' id='line_1_76' title="bbox 1826 614 2012 661; baseline 0.011 -27"><span class='ocrx_word' id='word_1_346' title='bbox 1826 614 1925 661; x_wconf 56' lang='grc' dir='ltr'>ἒιηιιὺυτί</span> <span class='ocrx_word' id='word_1_347' title='bbox 1953 621 2012 636; x_wconf 79' lang='lat' dir='ltr'>mui-</span> 
     </span>
     <span class='ocr_line' id='line_1_77' title="bbox 1841 643 1871 661; baseline 0 0"><span class='ocrx_word' id='word_1_348' title='bbox 1841 643 1871 661; x_wconf 83' lang='lat' dir='ltr'>at.</span> 
     </span>
    </p>
   </div>
   <div class='ocr_carea' id='block_1_16' title="bbox 1825 1867 2011 1922">
    <p class='ocr_par' dir='ltr' id='par_1_20' title="bbox 1825 1867 2011 1922">
     <span class='ocr_line' id='line_1_78' title="bbox 1853 1867 2011 1889; baseline 0 0"><span class='ocrx_word' id='word_1_349' title='bbox 1853 1868 1948 1889; x_wconf 60' lang='lat' dir='ltr'>clemens</span> <span class='ocrx_word' id='word_1_350' title='bbox 1966 1867 2011 1889; x_wconf 82' lang='lat' dir='ltr'>vm</span> 
     </span>
     <span class='ocr_line' id='line_1_79' title="bbox 1825 1894 2011 1922; baseline 0.005 -7"><span class='ocrx_word' id='word_1_351' title='bbox 1825 1894 1941 1922; x_wconf 76' lang='lat' dir='ltr'>prohibuit.</span> <span class='ocrx_word' id='word_1_352' title='bbox 1958 1899 2011 1921; x_wconf 77' lang='lat'><strong>&lt;1110-</strong></span> 
     </span>
    </p>
   </div>
   <div class='ocr_carea' id='block_1_17' title="bbox 291 1913 2011 1957">
    <p class='ocr_par' dir='ltr' id='par_1_21' title="bbox 291 1913 2011 1957">
     <span class='ocr_line' id='line_1_80' title="bbox 291 1913 2011 1957; baseline 0.001 -10"><span class='ocrx_word' id='word_1_353' title='bbox 291 1913 443 1947; x_wconf 87' lang='lat' dir='ltr'>Ordinum</span> <span class='ocrx_word' id='word_1_354' title='bbox 478 1918 506 1946; x_wconf 87' lang='lat' dir='ltr'>et</span> <span class='ocrx_word' id='word_1_355' title='bbox 541 1913 794 1956; x_wconf 75' lang='lat' dir='ltr'>congregationis</span> <span class='ocrx_word' id='word_1_356' title='bbox 831 1914 1031 1955; x_wconf 80' lang='lat' dir='ltr'>huiusmodi,</span> <span class='ocrx_word' id='word_1_357' title='bbox 1048 1927 1050 1933; x_wconf 95' lang='lat'>·</span> <span class='ocrx_word' id='word_1_358' title='bbox 1066 1923 1154 1945; x_wconf 83' lang='lat' dir='ltr'>mens</span> <span class='ocrx_word' id='word_1_359' title='bbox 1180 1913 1262 1956; x_wconf 81' lang='lat' dir='ltr'>Papa</span> <span class='ocrx_word' id='word_1_360' title='bbox 1283 1913 1346 1946; x_wconf 74' lang='lat' dir='ltr'>l&#39;lll</span> <span class='ocrx_word' id='word_1_361' title='bbox 1373 1913 1598 1957; x_wconf 87' lang='lat' dir='ltr'>praedecessor</span> <span class='ocrx_word' id='word_1_362' title='bbox 1622 1918 1730 1946; x_wconf 84' lang='lat' dir='ltr'>noster</span> <span class='ocrx_word' id='word_1_363' title='bbox 1754 1924 1811 1948; x_wconf 88' lang='lat' dir='ltr'>suo</span> <span class='ocrx_word' id='word_1_364' title='bbox 1826 1927 1894 1943; x_wconf 75' lang='lat' dir='ltr'>mmus</span> <span class='ocrx_word' id='word_1_365' title='bbox 1928 1921 2011 1947; x_wconf 62' lang='lat' dir='ltr'>resuta-</span> 
     </span>
    </p>
   </div>
   <div class='ocr_carea' id='block_1_18' title="bbox 290 1967 1035 2441">
    <p class='ocr_par' dir='ltr' id='par_1_22' title="bbox 290 1967 1035 2441">
     <span class='ocr_line' id='line_1_81' title="bbox 290 1967 1032 2012; baseline 0.004 -14"><span class='ocrx_word' id='word_1_366' title='bbox 290 1967 383 2000; x_wconf 70' lang='lat' dir='ltr'>etiam</span> <span class='ocrx_word' id='word_1_367' title='bbox 413 1967 611 2008; x_wconf 83' lang='lat' dir='ltr'>iuramento,</span> <span class='ocrx_word' id='word_1_368' title='bbox 641 1967 880 2000; x_wconf 76' lang='lat' dir='ltr'>confirmatione</span> <span class='ocrx_word' id='word_1_369' title='bbox 907 1974 1032 2012; x_wconf 89' lang='lat' dir='ltr'>aposto-</span> 
     </span>
     <span class='ocr_line' id='line_1_82' title="bbox 291 2020 1032 2064; baseline 0 -10"><span class='ocrx_word' id='word_1_370' title='bbox 291 2021 361 2062; x_wconf 80' lang='lat' dir='ltr'>lica,</span> <span class='ocrx_word' id='word_1_371' title='bbox 387 2021 434 2054; x_wconf 76' lang='lat' dir='ltr'>vel</span> <span class='ocrx_word' id='word_1_372' title='bbox 463 2021 572 2064; x_wconf 73' lang='lat' dir='ltr'>quavis</span> <span class='ocrx_word' id='word_1_373' title='bbox 597 2020 745 2053; x_wconf 78' lang='lat' dir='ltr'>firmitate</span> <span class='ocrx_word' id='word_1_374' title='bbox 775 2020 834 2053; x_wconf 74' lang='lat' dir='ltr'>alia</span> <span class='ocrx_word' id='word_1_375' title='bbox 860 2021 1032 2062; x_wconf 85' lang='lat' dir='ltr'>roboratis,</span> 
     </span>
     <span class='ocr_line' id='line_1_83' title="bbox 290 2073 1035 2118; baseline 0 -11"><span class='ocrx_word' id='word_1_376' title='bbox 290 2075 412 2108; x_wconf 87' lang='lat' dir='ltr'>statutis</span> <span class='ocrx_word' id='word_1_377' title='bbox 427 2078 455 2108; x_wconf 90' lang='lat' dir='ltr'>et</span> <span class='ocrx_word' id='word_1_378' title='bbox 469 2073 759 2114; x_wconf 82' lang='lat' dir='ltr'>consuetudinibus,</span> <span class='ocrx_word' id='word_1_379' title='bbox 775 2074 947 2118; x_wconf 67' lang='lat' dir='ltr'>privilegiis</span> <span class='ocrx_word' id='word_1_380' title='bbox 960 2086 1035 2118; x_wconf 92' lang='lat' dir='ltr'>quo-</span> 
     </span>
     <span class='ocr_line' id='line_1_84' title="bbox 291 2127 1033 2172; baseline 0 -11"><span class='ocrx_word' id='word_1_381' title='bbox 291 2139 366 2172; x_wconf 85' lang='lat' dir='ltr'>que,</span> <span class='ocrx_word' id='word_1_382' title='bbox 387 2127 538 2168; x_wconf 84' lang='lat' dir='ltr'>indultis,</span> <span class='ocrx_word' id='word_1_383' title='bbox 563 2133 591 2160; x_wconf 88' lang='lat' dir='ltr'>et</span> <span class='ocrx_word' id='word_1_384' title='bbox 617 2127 729 2160; x_wconf 89' lang='lat' dir='ltr'>litteris</span> <span class='ocrx_word' id='word_1_385' title='bbox 753 2128 934 2171; x_wconf 83' lang='lat' dir='ltr'>apostolicis</span> <span class='ocrx_word' id='word_1_386' title='bbox 958 2138 1033 2161; x_wconf 91' lang='lat' dir='ltr'>con-</span> 
     </span>
     <span class='ocr_line' id='line_1_85' title="bbox 292 2180 1032 2225; baseline 0 -10"><span class='ocrx_word' id='word_1_387' title='bbox 292 2181 467 2225; x_wconf 80' lang='lat' dir='ltr'>gregationi</span> <span class='ocrx_word' id='word_1_388' title='bbox 493 2187 523 2214; x_wconf 82' lang='lat' dir='ltr'>et</span> <span class='ocrx_word' id='word_1_389' title='bbox 547 2180 715 2215; x_wconf 86' lang='lat' dir='ltr'>Ordinibus</span> <span class='ocrx_word' id='word_1_390' title='bbox 740 2181 936 2221; x_wconf 84' lang='lat' dir='ltr'>huiusmodi,</span> <span class='ocrx_word' id='word_1_391' title='bbox 963 2181 1032 2215; x_wconf 92' lang='lat' dir='ltr'>illo-</span> 
     </span>
     <span class='ocr_line' id='line_1_86' title="bbox 293 2234 1032 2280; baseline -0.001 -11"><span class='ocrx_word' id='word_1_392' title='bbox 293 2247 426 2280; x_wconf 87' lang='lat' dir='ltr'>rumque</span> <span class='ocrx_word' id='word_1_393' title='bbox 450 2235 613 2280; x_wconf 76' lang='lat' dir='ltr'>quibusvis</span> <span class='ocrx_word' id='word_1_394' title='bbox 639 2234 783 2278; x_wconf 85' lang='lat' dir='ltr'>personis</span> <span class='ocrx_word' id='word_1_395' title='bbox 809 2240 839 2268; x_wconf 87' lang='lat' dir='ltr'>et</span> <span class='ocrx_word' id='word_1_396' title='bbox 864 2235 1032 2278; x_wconf 82' lang='lat' dir='ltr'>fratribus,</span> 
     </span>
     <span class='ocr_line' id='line_1_87' title="bbox 293 2287 1033 2333; baseline 0 -12"><span class='ocrx_word' id='word_1_397' title='bbox 293 2289 350 2322; x_wconf 92' lang='lat' dir='ltr'>sub</span> <span class='ocrx_word' id='word_1_398' title='bbox 364 2287 488 2333; x_wconf 87' lang='lat' dir='ltr'>quibus&#39;</span> <span class='ocrx_word' id='word_1_399' title='bbox 508 2287 676 2321; x_wconf 81' lang='lat' dir='ltr'>verborum</span> <span class='ocrx_word' id='word_1_400' title='bbox 692 2287 853 2321; x_wconf 89' lang='lat' dir='ltr'>tenoribus</span> <span class='ocrx_word' id='word_1_401' title='bbox 867 2293 894 2320; x_wconf 89' lang='lat' dir='ltr'>et</span> <span class='ocrx_word' id='word_1_402' title='bbox 913 2289 1033 2328; x_wconf 79' lang='lat' dir='ltr'>formis,</span> 
     </span>
     <span class='ocr_line' id='line_1_88' title="bbox 291 2341 1033 2386; baseline -0.001 -10"><span class='ocrx_word' id='word_1_403' title='bbox 291 2353 326 2376; x_wconf 92' lang='lat' dir='ltr'>ac</span> <span class='ocrx_word' id='word_1_404' title='bbox 344 2353 416 2376; x_wconf 90' lang='lat' dir='ltr'>cum</span> <span class='ocrx_word' id='word_1_405' title='bbox 433 2341 596 2386; x_wconf 82' lang='lat' dir='ltr'>quibusvis</span> <span class='ocrx_word' id='word_1_406' title='bbox 617 2341 766 2375; x_wconf 87' lang='lat' dir='ltr'>clausulis</span> <span class='ocrx_word' id='word_1_407' title='bbox 786 2347 815 2375; x_wconf 91' lang='lat' dir='ltr'>et</span> <span class='ocrx_word' id='word_1_408' title='bbox 837 2342 982 2383; x_wconf 83' lang='lat' dir='ltr'>decretis,</span> <span class='ocrx_word' id='word_1_409' title='bbox 1003 2343 1033 2375; x_wconf 85' lang='lat' dir='ltr'>in</span> 
     </span>
     <span class='ocr_line' id='line_1_89' title="bbox 291 2395 1034 2441; baseline 0 -11"><span class='ocrx_word' id='word_1_410' title='bbox 291 2407 407 2441; x_wconf 78' lang='lat' dir='ltr'>genere</span> <span class='ocrx_word' id='word_1_411' title='bbox 433 2396 478 2428; x_wconf 82' lang='lat' dir='ltr'>vel</span> <span class='ocrx_word' id='word_1_412' title='bbox 505 2395 535 2428; x_wconf 91' lang='lat' dir='ltr'>in</span> <span class='ocrx_word' id='word_1_413' title='bbox 560 2395 674 2439; x_wconf 88' lang='lat' dir='ltr'>specie,</span> <span class='ocrx_word' id='word_1_414' title='bbox 701 2406 736 2429; x_wconf 90' lang='lat' dir='ltr'>ac</span> <span class='ocrx_word' id='word_1_415' title='bbox 757 2396 832 2429; x_wconf 77' lang='lat' dir='ltr'>alias</span> <span class='ocrx_word' id='word_1_416' title='bbox 858 2397 887 2429; x_wconf 95' lang='lat' dir='ltr'>in</span> <span class='ocrx_word' id='word_1_417' title='bbox 913 2403 1034 2431; x_wconf 89' lang='lat' dir='ltr'>contra-</span> 
     </span>
    </p>
   </div>
   <div class='ocr_carea' id='block_1_19' title="bbox 1049 1963 1053 2540">
    <p class='ocr_par' dir='ltr' id='par_1_23' title="bbox 1049 1963 1053 2540">
     <span class='ocr_line' id='line_1_90' title="bbox 1049 1963 1053 2540; baseline 0 0"><span class='ocrx_word' id='word_1_418' title='bbox 1049 1963 1053 2540; x_wconf 95' lang='lat' dir='ltr'> </span> 
     </span>
    </p>
   </div>
   <div class='ocr_carea' id='block_1_20' title="bbox 291 2447 1051 2656">
    <p class='ocr_par' dir='ltr' id='par_1_24' title="bbox 292 2447 1051 2494">
     <span class='ocr_line' id='line_1_91' title="bbox 292 2447 1051 2494; baseline 0.001 -11"><span class='ocrx_word' id='word_1_419' title='bbox 292 2450 372 2483; x_wconf 88' lang='lat' dir='ltr'>rium</span> <span class='ocrx_word' id='word_1_420' title='bbox 407 2449 652 2494; x_wconf 86' lang='lat' dir='ltr'>praemissorum</span> <span class='ocrx_word' id='word_1_421' title='bbox 681 2449 919 2493; x_wconf 85' lang='lat' dir='ltr'>quomodolibet</span> <span class='ocrx_word' id='word_1_422' title='bbox 951 2447 1051 2484; x_wconf 72' lang='lat' dir='ltr'>con-³</span> 
     </span>
    </p>

    <p class='ocr_par' dir='ltr' id='par_1_25' title="bbox 291 2502 1031 2548">
     <span class='ocr_line' id='line_1_92' title="bbox 291 2502 1031 2548; baseline 0 -11"><span class='ocrx_word' id='word_1_423' title='bbox 291 2503 409 2543; x_wconf 86' lang='lat' dir='ltr'>cessis,</span> <span class='ocrx_word' id='word_1_424' title='bbox 438 2502 632 2536; x_wconf 75' lang='lat' dir='ltr'>consu-matis</span> <span class='ocrx_word' id='word_1_425' title='bbox 664 2508 693 2535; x_wconf 91' lang='lat' dir='ltr'>et</span> <span class='ocrx_word' id='word_1_426' title='bbox 724 2503 893 2542; x_wconf 81' lang='lat' dir='ltr'>innovatis;</span> <span class='ocrx_word' id='word_1_427' title='bbox 918 2504 1031 2548; x_wconf 91' lang='lat' dir='ltr'>quibus</span> 
     </span>
    </p>

    <p class='ocr_par' dir='ltr' id='par_1_26' title="bbox 291 2549 1051 2656">
     <span class='ocr_line' id='line_1_93' title="bbox 291 2549 1051 2601; baseline 0 -9"><span class='ocrx_word' id='word_1_428' title='bbox 291 2557 438 2592; x_wconf 91' lang='lat' dir='ltr'>omnibus</span> <span class='ocrx_word' id='word_1_429' title='bbox 462 2562 491 2590; x_wconf 89' lang='lat' dir='ltr'>et</span> <span class='ocrx_word' id='word_1_430' title='bbox 516 2557 662 2601; x_wconf 82' lang='lat' dir='ltr'>singulis,</span> <span class='ocrx_word' id='word_1_431' title='bbox 685 2557 809 2593; x_wconf 90' lang='lat' dir='ltr'>illorum</span> <span class='ocrx_word' id='word_1_432' title='bbox 831 2558 972 2592; x_wconf 87' lang='lat' dir='ltr'>omnium</span> <span class='ocrx_word' id='word_1_433' title='bbox 990 2549 1051 2593; x_wconf 81' lang='lat' dir='ltr'>te-&#39;</span> 
     </span>
     <span class='ocr_line' id='line_1_94' title="bbox 331 2621 720 2656; baseline -0.003 -8"><span class='ocrx_word' id='word_1_434' title='bbox 331 2623 340 2648; x_wconf 81' lang='lat'>¹</span> <span class='ocrx_word' id='word_1_435' title='bbox 365 2621 435 2656; x_wconf 81' lang='lat' dir='ltr'>Lege</span> <span class='ocrx_word' id='word_1_436' title='bbox 454 2621 598 2656; x_wconf 75' lang='lat' dir='ltr'>quibusvis</span> <span class='ocrx_word' id='word_1_437' title='bbox 620 2621 657 2654; x_wconf 72' lang='lat' dir='ltr'>(iz.</span> <span class='ocrx_word' id='word_1_438' title='bbox 672 2623 720 2650; x_wconf 83' lang='grc' dir='ltr'>τ.).</span> 
     </span>
    </p>
   </div>
   <div class='ocr_carea' id='block_1_21' title="bbox 360 2674 963 2702">
    <p class='ocr_par' dir='ltr' id='par_1_27' title="bbox 360 2674 963 2702">
     <span class='ocr_line' id='line_1_95' title="bbox 360 2674 963 2702; baseline -0.002 0"><span class='ocrx_word' id='word_1_439' title='bbox 360 2674 437 2702; x_wconf 58' lang='lat' dir='ltr'>Bau.</span> <span class='ocrx_word' id='word_1_440' title='bbox 460 2676 543 2702; x_wconf 66' lang='lat' dir='ltr'>itm.</span> <span class='ocrx_word' id='word_1_441' title='bbox 580 2690 598 2693; x_wconf 38' lang='grc' dir='ltr'><em>Α</em></span> <span class='ocrx_word' id='word_1_442' title='bbox 626 2675 672 2701; x_wconf 73' lang='grc' dir='ltr'>Ιύι</span> <span class='ocrx_word' id='word_1_443' title='bbox 704 2674 781 2701; x_wconf 66' lang='lat' dir='ltr'>MV.</span> <span class='ocrx_word' id='word_1_444' title='bbox 930 2675 963 2702; x_wconf 69' lang='lat' dir='ltr'>&#39;ili</span> 
     </span>
    </p>
   </div>
   <div class='ocr_carea' id='block_1_22' title="bbox 1067 1967 1813 2600">
    <p class='ocr_par' dir='ltr' id='par_1_28' title="bbox 1067 1967 1813 2600">
     <span class='ocr_line' id='line_1_96' title="bbox 1067 1967 1808 2011; baseline 0.001 -12"><span class='ocrx_word' id='word_1_445' title='bbox 1067 1967 1194 2000; x_wconf 81' lang='lat' dir='ltr'>decreto</span> <span class='ocrx_word' id='word_1_446' title='bbox 1223 1978 1277 1999; x_wconf 82' lang='lat' dir='ltr'>seu</span> <span class='ocrx_word' id='word_1_447' title='bbox 1309 1967 1444 2000; x_wconf 86' lang='lat' dir='ltr'>decretis</span> <span class='ocrx_word' id='word_1_448' title='bbox 1476 1967 1614 2011; x_wconf 86' lang='lat' dir='ltr'>desuper</span> <span class='ocrx_word' id='word_1_449' title='bbox 1643 1967 1734 2001; x_wconf 89' lang='lat' dir='ltr'>editis</span> <span class='ocrx_word' id='word_1_450' title='bbox 1759 1968 1808 2000; x_wconf 88' lang='lat' dir='ltr'>di-</span> 
     </span>
     <span class='ocr_line' id='line_1_97' title="bbox 1067 2020 1812 2064; baseline 0.001 -12"><span class='ocrx_word' id='word_1_451' title='bbox 1067 2020 1173 2053; x_wconf 87' lang='lat' dir='ltr'>stricte</span> <span class='ocrx_word' id='word_1_452' title='bbox 1187 2024 1391 2064; x_wconf 84' lang='lat' dir='ltr'>praeceperat</span> <span class='ocrx_word' id='word_1_453' title='bbox 1405 2026 1433 2053; x_wconf 84' lang='lat' dir='ltr'>et</span> <span class='ocrx_word' id='word_1_454' title='bbox 1449 2021 1651 2054; x_wconf 87' lang='lat' dir='ltr'>mandaverat</span> <span class='ocrx_word' id='word_1_455' title='bbox 1664 2021 1812 2054; x_wconf 92' lang='lat' dir='ltr'>omnibus</span> 
     </span>
     <span class='ocr_line' id='line_1_98' title="bbox 1067 2074 1808 2117; baseline 0.003 -12"><span class='ocrx_word' id='word_1_456' title='bbox 1067 2074 1288 2116; x_wconf 82' lang='lat' dir='ltr'>generalibus,</span> <span class='ocrx_word' id='word_1_457' title='bbox 1321 2074 1592 2117; x_wconf 85' lang='lat' dir='ltr'>provincialibus,</span> <span class='ocrx_word' id='word_1_458' title='bbox 1621 2075 1808 2108; x_wconf 83' lang='lat' dir='ltr'>commissa-</span> 
     </span>
     <span class='ocr_line' id='line_1_99' title="bbox 1069 2126 1812 2170; baseline 0.004 -12"><span class='ocrx_word' id='word_1_459' title='bbox 1069 2126 1133 2166; x_wconf 92' lang='lat' dir='ltr'>riis,</span> <span class='ocrx_word' id='word_1_460' title='bbox 1160 2127 1320 2168; x_wconf 82' lang='lat' dir='ltr'>ministris,</span> <span class='ocrx_word' id='word_1_461' title='bbox 1346 2127 1609 2170; x_wconf 86' lang='lat' dir='ltr'>praesidentibus,</span> <span class='ocrx_word' id='word_1_462' title='bbox 1635 2127 1812 2169; x_wconf 85' lang='lat' dir='ltr'>abbatibus,</span> 
     </span>
     <span class='ocr_line' id='line_1_100' title="bbox 1068 2180 1813 2225; baseline 0.004 -13"><span class='ocrx_word' id='word_1_463' title='bbox 1068 2180 1230 2223; x_wconf 85' lang='lat' dir='ltr'>prioribus</span> <span class='ocrx_word' id='word_1_464' title='bbox 1247 2186 1275 2213; x_wconf 87' lang='lat' dir='ltr'>et</span> <span class='ocrx_word' id='word_1_465' title='bbox 1293 2180 1473 2223; x_wconf 81' lang='lat' dir='ltr'>guardianis</span> <span class='ocrx_word' id='word_1_466' title='bbox 1489 2180 1752 2225; x_wconf 85' lang='lat' dir='ltr'>quibuscumque,</span> <span class='ocrx_word' id='word_1_467' title='bbox 1766 2193 1813 2215; x_wconf 89' lang='lat' dir='ltr'>ee-</span> 
     </span>
     <span class='ocr_line' id='line_1_101' title="bbox 1068 2234 1809 2278; baseline 0.003 -12"><span class='ocrx_word' id='word_1_468' title='bbox 1068 2234 1206 2277; x_wconf 84' lang='lat' dir='ltr'>terisque</span> <span class='ocrx_word' id='word_1_469' title='bbox 1235 2234 1452 2278; x_wconf 84' lang='lat' dir='ltr'>superioribus</span> <span class='ocrx_word' id='word_1_470' title='bbox 1481 2239 1712 2276; x_wconf 85' lang='lat' dir='ltr'>conventuum,</span> <span class='ocrx_word' id='word_1_471' title='bbox 1738 2246 1809 2268; x_wconf 90' lang='lat' dir='ltr'>mo-</span> 
     </span>
     <span class='ocr_line' id='line_1_102' title="bbox 1067 2287 1812 2327; baseline 0.003 -7"><span class='ocrx_word' id='word_1_472' title='bbox 1067 2287 1290 2327; x_wconf 87' lang='lat' dir='ltr'>nasteriorum,</span> <span class='ocrx_word' id='word_1_473' title='bbox 1314 2287 1481 2320; x_wconf 88' lang='lat' dir='ltr'>domorum</span> <span class='ocrx_word' id='word_1_474' title='bbox 1507 2293 1537 2321; x_wconf 91' lang='lat' dir='ltr'>et</span> <span class='ocrx_word' id='word_1_475' title='bbox 1561 2288 1696 2321; x_wconf 85' lang='lat' dir='ltr'>aliorum</span> <span class='ocrx_word' id='word_1_476' title='bbox 1726 2288 1812 2322; x_wconf 90' lang='lat' dir='ltr'>loco-</span> 
     </span>
     <span class='ocr_line' id='line_1_103' title="bbox 1068 2341 1812 2385; baseline 0.003 -12"><span class='ocrx_word' id='word_1_477' title='bbox 1068 2352 1137 2374; x_wconf 86' lang='lat' dir='ltr'>rum</span> <span class='ocrx_word' id='word_1_478' title='bbox 1154 2341 1346 2383; x_wconf 76' lang='lat' dir='ltr'>regularium</span> <span class='ocrx_word' id='word_1_479' title='bbox 1361 2351 1636 2385; x_wconf 89' lang='lat' dir='ltr'>quorumeumque</span> <span class='ocrx_word' id='word_1_480' title='bbox 1648 2341 1812 2382; x_wconf 84' lang='lat' dir='ltr'>Ordinum,</span> 
     </span>
     <span class='ocr_line' id='line_1_104' title="bbox 1067 2395 1813 2439; baseline 0.001 -12"><span class='ocrx_word' id='word_1_481' title='bbox 1067 2395 1225 2429; x_wconf 84' lang='lat' dir='ltr'>nonnullis</span> <span class='ocrx_word' id='word_1_482' title='bbox 1250 2399 1324 2428; x_wconf 90' lang='lat' dir='ltr'>tunc</span> <span class='ocrx_word' id='word_1_483' title='bbox 1349 2395 1487 2439; x_wconf 86' lang='lat' dir='ltr'>exceptis</span> <span class='ocrx_word' id='word_1_484' title='bbox 1505 2400 1534 2428; x_wconf 89' lang='lat' dir='ltr'>et</span> <span class='ocrx_word' id='word_1_485' title='bbox 1555 2395 1584 2428; x_wconf 94' lang='lat' dir='ltr'>in</span> <span class='ocrx_word' id='word_1_486' title='bbox 1606 2395 1740 2430; x_wconf 87' lang='lat' dir='ltr'>decretis</span> <span class='ocrx_word' id='word_1_487' title='bbox 1758 2395 1813 2428; x_wconf 89' lang='lat' dir='ltr'>hu-</span> 
     </span>
     <span class='ocr_line' id='line_1_105' title="bbox 1068 2448 1811 2492; baseline 0.001 -11"><span class='ocrx_word' id='word_1_488' title='bbox 1068 2449 1200 2482; x_wconf 91' lang='lat' dir='ltr'>iusmodi</span> <span class='ocrx_word' id='word_1_489' title='bbox 1222 2448 1389 2492; x_wconf 72' lang='lat' dir='ltr'>expressiS,</span> <span class='ocrx_word' id='word_1_490' title='bbox 1406 2458 1456 2489; x_wconf 90' lang='lat' dir='ltr'>ne,</span> <span class='ocrx_word' id='word_1_491' title='bbox 1475 2448 1534 2481; x_wconf 91' lang='lat' dir='ltr'>sub</span> <span class='ocrx_word' id='word_1_492' title='bbox 1555 2448 1692 2482; x_wconf 89' lang='lat' dir='ltr'>cuiusvis</span> <span class='ocrx_word' id='word_1_493' title='bbox 1718 2449 1811 2483; x_wconf 92' lang='lat' dir='ltr'>liccn-</span> 
     </span>
     <span class='ocr_line' id='line_1_106' title="bbox 1067 2502 1803 2547; baseline 0.001 -12"><span class='ocrx_word' id='word_1_494' title='bbox 1067 2503 1127 2535; x_wconf 87' lang='lat' dir='ltr'>tiae</span> <span class='ocrx_word' id='word_1_495' title='bbox 1158 2508 1187 2535; x_wconf 88' lang='lat' dir='ltr'>et</span> <span class='ocrx_word' id='word_1_496' title='bbox 1221 2502 1375 2535; x_wconf 79' lang='lat' dir='ltr'>facultatis</span> <span class='ocrx_word' id='word_1_497' title='bbox 1406 2502 1591 2546; x_wconf 87' lang='lat' dir='ltr'>impetratae</span> <span class='ocrx_word' id='word_1_498' title='bbox 1621 2503 1669 2535; x_wconf 86' lang='lat' dir='ltr'>vel</span> <span class='ocrx_word' id='word_1_499' title='bbox 1705 2502 1803 2547; x_wconf 91' lang='lat' dir='ltr'>impe-</span> 
     </span>
     <span class='ocr_line' id='line_1_107' title="bbox 1067 2555 1810 2600; baseline -0.001 -10"><span class='ocrx_word' id='word_1_500' title='bbox 1067 2556 1194 2590; x_wconf 84' lang='lat' dir='ltr'>trandae</span> <span class='ocrx_word' id='word_1_501' title='bbox 1211 2555 1350 2597; x_wconf 89' lang='lat' dir='ltr'>obtentu,</span> <span class='ocrx_word' id='word_1_502' title='bbox 1368 2555 1427 2589; x_wconf 91' lang='lat' dir='ltr'>nisi</span> <span class='ocrx_word' id='word_1_503' title='bbox 1449 2566 1506 2600; x_wconf 87' lang='lat' dir='ltr'>per</span> <span class='ocrx_word' id='word_1_504' title='bbox 1523 2555 1642 2589; x_wconf 86' lang='lat' dir='ltr'>litteras</span> <span class='ocrx_word' id='word_1_505' title='bbox 1659 2555 1691 2589; x_wconf 93' lang='lat' dir='ltr'>in</span> <span class='ocrx_word' id='word_1_506' title='bbox 1709 2555 1810 2590; x_wconf 77' lang='lat' dir='ltr'>forma</span> 
     </span>
    </p>
   </div>
   <div class='ocr_carea' id='block_1_23' title="bbox 1104 2618 1560 2655">
    <p class='ocr_par' dir='ltr' id='par_1_29' title="bbox 1104 2618 1560 2655">
     <span class='ocr_line' id='line_1_108' title="bbox 1104 2618 1560 2655; baseline 0.002 -10"><span class='ocrx_word' id='word_1_507' title='bbox 1104 2622 1112 2645; x_wconf 87' lang='lat' dir='ltr'>t</span> <span class='ocrx_word' id='word_1_508' title='bbox 1133 2619 1167 2646; x_wconf 82' lang='lat' dir='ltr'>Ex</span> <span class='ocrx_word' id='word_1_509' title='bbox 1187 2619 1294 2655; x_wconf 77' lang='lat' dir='ltr'>Regest.</span> <span class='ocrx_word' id='word_1_510' title='bbox 1314 2619 1339 2646; x_wconf 96' lang='lat' dir='ltr'>in</span> <span class='ocrx_word' id='word_1_511' title='bbox 1357 2619 1461 2646; x_wconf 79' lang='lat' dir='ltr'>Secret.</span> <span class='ocrx_word' id='word_1_512' title='bbox 1482 2618 1560 2647; x_wconf 84' lang='lat' dir='ltr'>Brev.</span> 
     </span>
    </p>
   </div>
   <div class='ocr_carea' id='block_1_24' title="bbox 1826 1947 2011 2108">
    <p class='ocr_par' dir='ltr' id='par_1_30' title="bbox 1826 1947 2011 2108">
     <span class='ocr_line' id='line_1_109' title="bbox 1827 1947 2010 1969; baseline -0.011 0"><span class='ocrx_word' id='word_1_513' title='bbox 1827 1955 1860 1969; x_wconf 66' lang='lat' dir='ltr'>res</span> <span class='ocrx_word' id='word_1_514' title='bbox 1872 1948 1898 1968; x_wconf 80' lang='lat' dir='ltr'>ud</span> <span class='ocrx_word' id='word_1_515' title='bbox 1914 1947 2010 1968; x_wconf 81' lang='lat' dir='ltr'>habitum</span> 
     </span>
     <span class='ocr_line' id='line_1_110' title="bbox 1827 1974 2010 2001; baseline -0.011 -6"><span class='ocrx_word' id='word_1_516' title='bbox 1827 1978 1847 1995; x_wconf 80' lang='lat' dir='ltr'>et.</span> <span class='ocrx_word' id='word_1_517' title='bbox 1896 1974 2010 2001; x_wconf 72' lang='lat' dir='ltr'>proter-sio-</span> 
     </span>
     <span class='ocr_line' id='line_1_111' title="bbox 1826 2001 2011 2022; baseline -0.005 0"><span class='ocrx_word' id='word_1_518' title='bbox 1826 2008 1873 2022; x_wconf 73' lang='lat' dir='ltr'>nem</span> <span class='ocrx_word' id='word_1_519' title='bbox 1911 2001 2011 2021; x_wconf 72' lang='lat' dir='ltr'>admitte·</span> 
     </span>
     <span class='ocr_line' id='line_1_112' title="bbox 1826 2027 2011 2049; baseline -0.011 0"><span class='ocrx_word' id='word_1_520' title='bbox 1826 2032 1898 2049; x_wconf 73' lang='lat' dir='ltr'>reniur</span> <span class='ocrx_word' id='word_1_521' title='bbox 1913 2028 1933 2048; x_wconf 86' lang='lat' dir='ltr'>in</span> <span class='ocrx_word' id='word_1_522' title='bbox 1945 2027 2011 2048; x_wconf 82' lang='lat' dir='ltr'>domi-</span> 
     </span>
     <span class='ocr_line' id='line_1_113' title="bbox 1826 2055 2010 2075; baseline 0 -1"><span class='ocrx_word' id='word_1_523' title='bbox 1826 2055 1865 2075; x_wconf 77' lang='lat' dir='ltr'>bus</span> <span class='ocrx_word' id='word_1_524' title='bbox 1889 2060 1900 2074; x_wconf 77' lang='lat' dir='ltr'>a</span> <span class='ocrx_word' id='word_1_525' title='bbox 1923 2059 1946 2074; x_wconf 67' lang='grc' dir='ltr'>ιο</span> <span class='ocrx_word' id='word_1_526' title='bbox 1969 2059 2010 2074; x_wconf 84' lang='lat' dir='ltr'>non</span> 
     </span>
     <span class='ocr_line' id='line_1_114' title="bbox 1826 2081 1956 2108; baseline 0 -7"><span class='ocrx_word' id='word_1_527' title='bbox 1826 2081 1956 2108; x_wconf 73' lang='lat' dir='ltr'>approbatis.</span> 
     </span>
    </p>
   </div>
  </div>
 </body>
</html>
