2221 3224
133 202 180 232 An.
200 203 228 230 c.
249 204 317 231 1630
363 194 426 228 1602
917 203 1095 228 nummum
1121 203 1275 228 nomnen

331 252 525 286 secularibus
549 264 643 297 quam
669 252 896 293 ecclesiasticis,
914 262 949 285 ac
970 251 1071 285 cuius·
1086 260 1089 321 1
1104 241 1218 295 quibus
1241 245 1362 285 fructus
1386 252 1527 285 locorum
1553 253 1668 286 montis
1687 253 1841 298 praedicti

332 317 468 351 cumque
492 306 626 349 Ordinis,
653 305 917 349 congregationis,
943 305 1072 339 societa-
1087 325 1088 343 1
1104 304 1247 349 personis
1268 305 1298 337 in
1315 315 1352 338 eo
1366 306 1513 349 pecunias
1530 316 1601 339 suas
1618 307 1842 342 collocantibus

331 360 370 393 tis
395 364 424 394 et
448 360 588 400 instituti,
607 360 699 392 etiam
721 359 976 401 mendicantium,
993 359 1071 392 utri-
1088 355 1089 382 ἶ
1105 358 1143 390 ad
1167 358 1322 391 rationem
1340 368 1391 391 sex
1408 369 1466 402 pro
1484 359 1663 392 centenario
1679 360 1841 394 annuatim

333 424 430 457 usque
450 423 541 446 sexus
560 412 769 455 regularibus,
790 412 1069 456 hospitaliumque,
1087 411 1089 447 ?
1105 413 1342 456 persolvantur,
1373 423 1407 445 ac
1443 412 1595 456 quidquid
1630 414 1788 457 supererit
1811 414 1842 447 in

1857 206 1905 233 An.
1922 205 1952 233 C.
1971 205 2038 234 1630

333 472 363 501 et
386 467 518 500 aliorum
543 467 687 499 locorum
711 466 854 510 piorum,
876 466 970 509 etiam
995 476 1089 510 quo-¹

333 530 467 563 cumque
484 519 700 561 immunitatis,
719 519 926 563 exemptionis
946 519 994 552 vel
1011 519 1071 553 alio
1088 511 1089 530 ³

333 574 443 618 quovis
460 573 627 617 privilegio
645 573 790 615 suffultis,
816 573 937 614 etiamsi
955 573 993 607 de
1011 573 1071 606 illis
1088 564 1089 569 ¹

334 626 485 671 specialis,
511 626 666 670 specifica,
695 636 842 670 expressa
859 637 895 660 ac
916 626 954 659 de
973 626 1072 659 verbo
1088 627 1089 635 ¹

333 681 371 714 ad
388 681 518 714 verbum
536 681 652 714 mentio
673 680 815 714 habenda
839 681 928 723 foret,
947 680 1072 724 exigere

333 734 431 768 libere
456 740 485 767 et
510 734 592 768 licite
617 734 740 779 possint
761 740 789 767 et
815 735 946 775 valeant,
963 739 1090 768 tenore}

1105 465 1292 498 solutionem
1323 475 1529 509 expensarum
1548 476 1605 509 per
1635 466 1842 500 communita-

1088 550 1089 554 ,
1105 524 1167 551 tem
1190 523 1219 551 et
1243 518 1386 551 homines
1404 519 1444 551 oh
1464 529 1590 552 causam
1608 529 1703 563 supra
1722 529 1844 563 expres-

1106 582 1171 604 sam
1197 572 1358 613 factarum,
1377 571 1476 615 iisque
1500 572 1678 616 persolutis,
1698 572 1730 605 in
1746 572 1844 616 ipsius

1088 625 1222 668 3m0ntis
1246 625 1479 667 extinctionem,
1499 630 1532 658 ut
1556 626 1636 660 infra
1660 626 1844 667 faciendam,

1088 679 1090 723 J
1107 679 1234 713 omnino
1249 679 1472 722 convertatur),
1490 680 1674 713 auctoritate
1692 685 1721 713 et
1736 685 1844 713 tenore

1106 733 1274 777 praedictis
1288 733 1483 777 applicamus
1496 738 1526 766 et
1543 733 1795 778 appropriamus,
1809 744 1846 767 ac

334 788 558 832 praesentium,
584 788 741 821 licentiam
760 793 789 821 et
807 788 984 822 facultatem
1003 798 1073 821 con·
1088 776 1090 825 1
1108 787 1197 820 titulo
1215 787 1401 820 venditionis
1415 786 1625 829 concedimus,
1644 787 1802 820 tradimus·
1814 792 1847 820 et

334 841 474 875 cedimus
499 847 529 875 et
553 842 762 886 impertimur.
1089 832 1313 883 iassignamus,
1338 849 1461 873 necnon
1484 849 1636 883 personas
1659 839 1847 883 praedictas,

378 896 393 939 ἓ
417 895 446 928 02.
480 895 646 929 Praeterea
681 906 774 939 super
803 895 933 938 gabellis
966 895 1072 938 rigore
1109 899 1137 926 et
1151 893 1195 926 eis
1208 892 1376 936 collegium
1390 903 1426 925 ex
1440 891 1676 933 instituendum,
1694 892 1726 925 in
1742 893 1847 926 locum

333 949 547 992 praesentium
572 948 770 992 imponendis
795 948 987 989 huiusmodi,
1012 949 1074 981 illa·
1090 940 1092 991 1
1108 946 1266 980 dictorum
1291 946 1401 978 iudicis
1430 950 1460 978 et
1487 945 1675 989 sapientium
1700 945 1732 978 in
1755 945 1849 979 dicta-

333 1013 469 1047 rumque
494 1003 657 1036 exactione
675 1008 704 1035 et
722 1013 825 1036 annuo
850 1002 973 1035 redditu
987 1002 999 1045 <
1010 1002 1073 1045 qui,
1090 992 1092 1046 1
1108 1010 1179 1033 rum
1206 999 1401 1043 gabellarum
1419 998 1625 1039 exactionem,
1642 1009 1701 1043 pro
1718 1008 1848 1033 concur-

333 1062 368 1089 ut
392 1056 551 1098 asseritur,
570 1056 607 1088 ad
632 1067 786 1089 summam
811 1061 929 1100 septem
950 1056 1074 1089 circiter
1090 1048 1093 1099 1
1108 1053 1189 1086 renti
1212 1053 1385 1097 quantitate
1408 1063 1518 1086 eorum
1543 1052 1664 1094 crediti,
1689 1052 1848 1097 ponimus,

334 1110 466 1144 millium
481 1115 642 1143 scutorum
653 1115 796 1143 monetae
809 1120 995 1142 ascensurus
1005 1110 1074 1153 est),
1091 1103 1093 1142 1
1109 1107 1327 1141 substituimus
1352 1112 1380 1139 et
1405 1106 1625 1149 subrogamus.

333 1175 431 1198 unum
442 1169 580 1197 montem
595 1164 800 1207 ten‘iporalem
814 1173 877 1196 non
892 1163 1074 1204 racabilem,
1091 1164 1092 1198 1
1153 1162 1167 1204 ἓ
1184 1160 1213 1194 3.
1232 1161 1386 1201 Volentes,
1401 1160 1485 1204 quod
1502 1170 1720 1204 quaecumque
1736 1160 1849 1194 utrius·
1863 1200 1867 1203 ,
1903 1173 1995 1203 ευιιμυοι
2008 1173 2046 1194 im-

334 1221 363 1252 et
387 1222 419 1250 ut
443 1218 523 1250 infra
548 1216 797 1259 extinguibilem,
823 1216 909 1248 mille
929 1216 1075 1249 locorum
1091 1228 1093 1257 1
1109 1225 1171 1258 que
1188 1225 1280 1247 sexus
1296 1224 1460 1258 personae,
1477 1215 1703 1258 cuiuscumque
1718 1214 1849 1258 dignita·
1862 1200 2048 1256 ἰῗξιᾞῖἓεῖἷέιξιῑῗ

335 1282 405 1304 cum
420 1281 524 1304 annuo
537 1270 661 1303 redditu
677 1281 729 1315 sex
748 1275 909 1303 scutorum
927 1280 986 1313 pro
1003 1279 1076 1313 quo·
1091 1273 1094 1297 ὲ
1110 1267 1160 1307 tis,
1173 1272 1280 1310 status⁷
1296 1267 1412 1310 gradus
1426 1272 1457 1300 et
1470 1267 1657 1301 conditionis
1671 1252 1994 1308 existentes,'{2}¹1‘2¹2¹s.s³⁰¹³
2009 1257 2047 1279 ¹²⁰¹

334 1324 410 1357 libet
434 1324 503 1357 loco
530 1324 579 1363 <cx
595 1324 710 1367 quibus
734 1323 862 1367 quidem
887 1323 972 1355 mille
988 1323 1075 1363 locis,
1092 1320 1094 1361 13
1110 1320 1232 1354 etiamsi
1257 1321 1465 1354 cardinalatus
1481 1321 1603 1354 honore
1622 1321 1848 1365 praefulgeant,

335 1383 475 1411 trecenta
508 1384 538 1410 ct
569 1378 795 1421 quinquaginta
824 1377 985 1410 dumtaxat
1019 1387 1077 1421 per
1111 1379 1141 1407 et
1157 1374 1306 1416 ecclesiis,
1331 1374 1424 1407 etiam
1443 1374 1675 1408 cathedralibus
1691 1380 1721 1408 et
1737 1379 1851 1408 metro·

336 1431 470 1465 iudicem
496 1435 525 1464 et
551 1431 770 1474 magistratum
793 1430 980 1474 praedictos,
1008 1430 1078 1463 reli·
1093 1429 1095 1455 t
1111 1428 1268 1472 politanis,
1283 1434 1312 1462 et
1329 1429 1528 1462 monasteriis
1545 1429 1696 1472 praesint,
1711 1439 1747 1462 ac
1759 1439 1851 1473 quae-

336 1495 397 1529 qua
426 1494 501 1517 xero
533 1487 677 1517 sexcenta
701 1487 731 1517 ct
754 1483 980 1527 quinquaginta
1009 1483 1077 1516 loca
1094 1483 1096 1530 1
1112 1492 1264 1526 cumque,
1301 1487 1516 1526 quotcumque
1548 1487 1578 1515 et
1610 1482 1852 1527 qualiacumque

336 1537 516 1571 huiusmodi
533 1537 656 1570 nonnisi
675 1537 713 1570 de
729 1538 835 1570 nostra
853 1547 907 1569 seu
924 1547 983 1580 pro
1004 1540 1078 1570 tem·
1111 1535 1263 1569 beneficia
1288 1535 1499 1569 ecclesiastica
1517 1535 1688 1576 obtineant,
1701 1546 1737 1569 ac
1754 1536 1786 1568 in
1801 1546 1851 1569 sa-

336 1602 413 1637 pore
436 1591 594 1624 existentis
619 1590 749 1624 Romani
770 1590 930 1623 Pontificis
952 1590 1096 1624 licentiat
1113 1588 1185 1630 cris,
1211 1589 1304 1622 etiam
1333 1589 1579 1633 presbyteratus,
1604 1588 1767 1622 ordinibus
1791 1589 1852 1623 sint
2214 1587 2221 1609 '³

339 1646 429 1679 vendi
445 1645 576 1690 possint,
589 1644 741 1688 pecuniae
754 1654 829 1677 vero
843 1654 879 1676 ex
894 1643 1078 1676 eorumdem
1113 1642 1283 1683 constituti,
1301 1648 1331 1675 et
1351 1642 1534 1686 quorumvis
1551 1642 1628 1685 <non
1644 1647 1749 1675 tamen
1768 1652 1852 1676 men-

338 1700 481 1734 ]ocorum
496 1698 648 1732 montium
662 1697 840 1731 venditione
859 1697 1079 1742 provenientes
1094 1684 1097 1742 1
1113 1696 1285 1730 dicantium
1314 1696 1352 1729 de
1376 1695 1599 1739 Observantia)
1624 1695 1792 1738 Ordinum,
1817 1706 1853 1730 ac
2217 1689 2221 1747 1

339 1753 371 1786 in
388 1752 465 1786 alios
485 1763 569 1794 usus,
591 1762 682 1796 quam
698 1751 736 1784 ad
753 1751 963 1792 avertendam,
979 1761 1079 1795 quan-
1095 1744 1097 1766 ¹
1113 1750 1317 1795 hospitalium
1335 1754 1364 1783 et
1381 1749 1599 1783 mendicorum
1619 1749 1852 1792 religiosorum,

2219 1766 2221 1781 Ι

341 1811 405 1841 tum
419 1807 482 1840 Deo
499 1806 637 1851 propitio
652 1806 722 1838 fieri
740 1805 866 1850 poterit,
884 1804 1079 1849 praedictam
1096 1817 1098 1855 1
1114 1814 1150 1837 ac
1174 1804 1323 1838 mulieres
1347 1803 1571 1847 cuiuscumque
1595 1802 1742 1844 nominis,
1758 1802 1854 1847 quali·
2212 1788 2221 1902 1

188 911 213 932 Ei
229 913 318 932 montem

136 944 175 958 nun
202 938 319 959 meabilem

135 965 236 989 ertflendt.

341 1861 569 1904 contagionem,
591 1870 645 1892 seu
666 1859 747 1892 acris
764 1859 855 1892 alieni
874 1860 911 1892 ea
931 1859 969 1892 dc
986 1861 1080 1892 causa
1096 1859 1098 1896 ἶ
1115 1858 1185 1893 tatis
1212 1863 1242 1891 et
1270 1858 1458 1892 conditionis
1484 1858 1725 1901 (praeterquam
1758 1856 1830 1890 illae
1846 1884 1853 1897 ‚

341 1914 492 1949 contracti
517 1913 750 1953 extinctionem,
768 1923 821 1945 seu
843 1917 939 1956 prout
955 1922 973 1945 a
988 1913 1081 1946 nobis
1096 1897 1099 1972 1
1115 1923 1205 1956 quae,
1218 1911 1339 1945 ratione
1356 1911 1511 1954 regularis
1534 1910 1736 1955 professionis
1751 1910 1785 1943 in
1801 1910 1855 1943 ali-

341 1968 477 2012 desuper
501 1967 682 2000 mandatum
708 1966 811 2007 fuerit,
830 1967 886 1999 sub
905 1976 1082 2000 excommu-
1097 1986 1099 2010 1
1116 1977 1178 2010 quo
1203 1966 1318 2000 Ordine
1335 1965 1580 1999 mendicantium
1597 1965 1635 1997 de
1652 1964 1854 1998 Observantia

341 2021 506 2055 nicationis
531 2021 609 2053 latae
636 2020 806 2053 sententiae
823 2025 852 2053 et
870 2020 938 2053 aliis
958 2020 1081 2054 arbitrii

342 2075 442 2109 nostri
467 2075 587 2119 poenis⁷
605 2074 743 2107 converti
762 2079 790 2107 ct
812 2074 937 2117 erogari
964 2083 1081 2117 neque-
1098 2070 1099 2106 Ῐ

343 2130 419 2173 ant),
440 2128 613 2173 apostolica
632 2128 826 2168 auctoritate,
845 2127 1026 2160 earumdem
1040 2132 1082 2160 tc·
1098 2153 1100 2158 ,

343 2193 420 2217 nore
434 2182 657 2227 praesentium,
672 2181 824 2224 erigimus
837 2185 866 2215 ct
880 2181 1081 2214 instituimus:
1098 2181 1099 2191 ³

344 2248 379 2271 ac
404 2237 449 2269 illi
482 2236 525 2270 sic
556 2240 660 2270 erecto
694 2241 723 2268 et
747 2235 889 2268 instituto
920 2245 1029 2268 omnes
1054 2240 1100 2282 et}

1115 2024 1149 2053 ut
1163 2019 1352 2064 praefertur,
1370 2019 1524 2052 inhabiles
1548 2023 1577 2051 et
1594 2018 1759 2062 incapaces
1780 2018 1855 2051 exis-

1116 2074 1198 2117 tunt)
1224 2084 1318 2117 super
1342 2073 1425 2106 dicto
1446 2076 1551 2106 monte
1568 2082 1626 2115 pro
1642 2071 1704 2105 una
1720 2072 1769 2105 vel
1788 2072 1856 2116 plu-

1116 2128 1204 2161 ribus
1236 2127 1434 2172 portionibus
1470 2125 1601 2169 integris
1635 2126 1682 2158 vel
1718 2125 1855 2159 dimidiis

1116 2191 1347 2225 quamcumque
1364 2179 1571 2224 pecuniarum
1596 2188 1753 2212 summam
1773 2179 1856 2212 iuxta

1116 2240 1260 2268 tenorem
1284 2233 1497 2277 praesentium
1523 2242 1651 2276 ponere,
1676 2238 1777 2277 etpro
1800 2242 1856 2277 pe-

345 2291 485 2334 singulos
504 2289 644 2323 redditus
662 2294 690 2322 et
708 2294 878 2333 proventus
895 2300 930 2321 ex
951 2289 1083 2332 gabellis
1098 2283 1101 2331 1
1118 2287 1217 2321 cuniis
1250 2286 1293 2320 sic
1322 2286 1448 2330 positis,
1473 2285 1512 2318 ad
1541 2286 1694 2320 rationem
1719 2296 1772 2319 sex
1797 2296 1857 2330 pro

345 2344 454 2387 vigore
467 2343 680 2388 praesentium
694 2342 901 2387 imponendis,
911 2353 1084 2387 carumque
1099 2332 1101 2383 1
1118 2341 1298 2375 centenario
1322 2340 1409 2373 annis
1433 2339 1574 2383 singulis,
1592 2344 1621 2373 et
1645 2339 1786 2384 quolibet
1808 2339 1856 2372 bi-

347 2398 516 2439 exactione‚
534 2402 568 2430 ut
588 2397 777 2441 praefertur,
792 2395 932 2429 facienda
952 2393 1225 2440 p1²0ven-}1nest1¹i
1250 2404 1360 2427 eorum
1384 2398 1495 2434 ratam,
1513 2393 1579 2426 sine
1599 2392 1703 2436 aliquo
1726 2397 1856 2436 peccato

347 2456 445 2493 turos,
471 2450 509 2488 ab
534 2450 620 2484 omni
645 2460 755 2490 onere,
779 2449 988 2493 impositione,
1013 2460 1084 2493 gra·
1099 2435 1101 2475 l
1118 2453 1146 2481 et
1172 2447 1380 2481 conscientiae
1397 2446 1546 2490 scrupulo
1571 2456 1626 2479 seu
1650 2444 1856 2479 restitutionis

347 2504 470 2537 xamine
495 2508 525 2538 et
548 2509 701 2544 restauro,
718 2514 753 2536 ac
773 2503 865 2536 ctiam
884 2514 1083 2547 quocumque
1099 2513 1102 2538 t
1118 2502 1165 2535 vel
1190 2501 1408 2535 satisfactionis
1440 2510 1536 2534 onere
1568 2501 1599 2533 in
1629 2504 1763 2543 utroque
1787 2498 1855 2532 foro

349 2568 422 2591 casu
450 2557 594 2597 fortuito,
619 2561 907 2601 quantumcumque
932 2542 1224 2600 inexcogi-}(e1ia1n
1250 2554 1367 2598 absque
1392 2564 1448 2595 eo,
1473 2553 1556 2597 quod
1582 2562 1690 2586 eorum
1720 2551 1855 2592 solutio,
1870 2559 2056 2607 monfssiffpigssffi

350 2610 444 2651 tabili,
469 2610 596 2652 liberos,
618 2610 772 2644 immunes
797 2616 824 2644 et
852 2613 1013 2655 exemptos
1030 2610 1084 2653 (ex
1100 2620 1103 2656 1
1118 2609 1301 2654 quorumvis
1327 2607 1584 2649 interdictorum,
1610 2611 1662 2640 aut
1693 2615 1856 2650 repressa·
1871 2617 1952 2635 cessae-

2215 2368 2220 2372 ι
2215 2312 2221 2362 »212
2214 2183 2221 2304 κεκμηκ-
2213 2017 2221 2175 -Α-ωᾼκ
2213 1999 2221 2010 ;
