2248 3229
443 222 505 257 804

392 284 525 320 DXClV.
547 286 731 319 Commissio
749 285 953 329 gubernatori
974 288 1132 322 lilarcbiae

480 342 564 372 circa
582 342 805 382 repositionem
820 351 955 375 coronae
969 353 1065 386 super
1090 345 1133 377 in-

480 392 623 431 signibus
643 395 780 427 civitatis
805 394 1039 437 Maeeratensis,
1059 397 1131 430 633.

391 443 506 478 DXCV.
533 445 623 485 Quod
644 448 798 490 imagines
819 452 997 482 sanctorum
1016 450 1132 493 Augu-

478 499 560 539 stini,
587 498 706 532 Nicolai
733 500 772 533 de
796 501 962 534 Tolentino
994 506 1024 536 et
1049 503 1129 535 alio-

479 560 548 584 rum
562 556 743 586 sanctorum
761 553 892 588 Ordinis
909 557 1010 588 sancti
1028 556 1132 598 Augu-

477 605 548 637 stini
570 604 702 649 depingi
721 612 883 651 nequeant
907 617 979 641 cum
1005 608 1129 649 habitu,

477 666 539 700 quo
564 657 753 692 Disealeeati
779 664 920 701 utuntur,
950 661 1024 694 634.

390 707 516 743 DXCVI.
543 710 743 745 Confirmatio
764 717 950 747 statutorum
973 716 1132 748 unIversi-

479 765 549 797 tatis
581 769 825 799 exoneratorum
857 767 1042 810 cymbarum
1075 771 1159 814 seu}

478 818 607 850 navium
633 818 733 851 almae
760 819 861 859 Urbis,
889 820 962 853 6325.
1156 815 1158 875 j

390 867 536 903 Dxcvll.
562 871 743 905 Annullatio
769 873 898 916 capituli
929 875 1132 917 provincialis
1156 876 1158 910 l

477 922 606 957 fratrum
617 925 774 959 Minorum
788 929 889 960 sancti
901 927 1059 961 Francisci
1072 928 1133 962 Re·
1156 928 1158 969 ἒ

478 976 680 1011 collectorum
716 984 971 1023 nuncupatorum
1005 983 1158 1034 provin-3

478 1030 546 1063 ciae
567 1030 597 1063 S.
618 1031 805 1065 Bet-nardini
820 1033 850 1065 in
865 1032 965 1066 Gallia
979 1033 1130 1067 celebrati
1156 1041 1158 1071 ς

478 1084 509 1115 in
535 1088 675 1126 spretum
709 1088 739 1118 et
772 1089 986 1129 contemplum
1015 1074 1158 1125 linetae!

479 1145 549 1169 rum
567 1137 821 1179 apostolicarum,
840 1138 913 1171 639.
1156 1136 1157 1139 ’

392 1188 652 1223 DXCVHLCirca
671 1191 823 1224 lectorum
838 1191 1055 1225 iubilationem
1072 1192 1130 1225 l'ra-

478 1246 559 1275 trum
585 1243 739 1278 Minorum
765 1245 804 1278 de
830 1244 1044 1279 Observantia
1071 1248 1131 1279 cis-

477 1300 643 1330 monlauae
670 1297 819 1339 familiae,
845 1299 918 1332 640.

388 1347 518 1382 Dxclx.
533 1348 578 1381 Ne
598 1350 724 1392 parochi
744 1351 812 1394 plus
828 1353 993 1394 percipere
1008 1354 1131 1395 possint

478 1402 509 1435 in
536 1403 709 1445 sepulturis
730 1413 811 1447 quae
831 1405 907 1437 fiunt
928 1405 959 1437 iu
984 1405 1130 1438 ecelesiis

480 1456 683 1498 regularium,
702 1467 795 1502 quam
819 1460 848 1491 in
875 1461 921 1491 eis
946 1468 1026 1503 quae
1054 1460 1131 1493 siunt

477 1511 508 1543 in
535 1513 680 1554 propriis,
708 1512 780 1545 641.

477 1562 711 1606 Indulgentiam
733 1565 905 1608 plenariam
923 1565 962 1599 ad
988 1566 1128 1599 divinam
1155 1599 1156 1603 ,

479 1626 570 1659 opem
597 1617 843 1660 iinploraiulam,
869 1619 942 1651 642.

489 1669 581 1710 Quod
608 1670 739 1703 abbates
769 1673 1031 1704 monasteriorum
1058 1681 1131 1714 pau-

477 1724 637 1765 periorum
658 1723 920 1767 Congregationis
938 1725 1051 1757 Montis
1068 1724 1131 1759 Oli-

478 1777 542 1808 veli
574 1776 612 1808 de
639 1777 765 1810 licentia
792 1780 1005 1820 procuratoris
1037 1787 1130 1820 gene-

477 1829 550 1861 ralis
586 1831 705 1872 possint
742 1832 906 1873 imponere
942 1840 1037 1863 unum
1073 1840 1128 1863 seu

477 1881 584 1925 plures
609 1892 724 1916 census
743 1894 798 1926 pro
819 1883 1026 1917 sublevandis
1053 1884 1130 1917 indi-

477 1937 594 1979 gentiis
620 1937 816 1978 eoriundem,
843 1938 916 1970 643.

389 1989 479 2024 DCII.
505 1990 707 2023 Confirmatio
732 1991 853 2024 decreti
872 1991 906 2024 R.
926 1991 958 2023 C.
980 1992 1015 2023 A.
1034 2000 1129 2034 super

476 2044 576 2086 pretio
615 2043 788 2076 aluminum
827 2045 930 2076 Status
970 2043 1125 2076 Ecclesia-

476 2098 557 2137 stici,
582 2097 656 2129 647.

389 2149 708 2193 DC111.P1·1vuegium
724 2160 780 2194 pro
793 2150 1047 2193 Congregalione
1059 2150 1128 2184 Cas-

476 2205 596 2237 sinensi
630 2208 739 2238 contra
771 2205 970 2248 appellantes
1004 2209 1031 2238 et
1064 2214 1128 2238 ani-

477 2256 612 2297 bientes,
639 2258 713 2290 648.

389 2308 489 2344 DClV.
516 2310 606 2350 Quod
635 2312 797 2353 provincia
830 2311 969 2344 Romana
998 2312 1126 2344 fratrum
1152 2352 1153 2355 Ἴ

476 2362 748 2406 Cappueeinoriuu
770 2363 957 2397 subiiciatur
974 2363 1127 2406 generali,
1151 2398 1153 2402 y

477 2420 507 2449 et
532 2418 561 2449 iii
588 2418 656 2450 eius
681 2417 822 2451 absentia
852 2419 1047 2460 procuratori
1073 2426 1128 2460 ge·
1151 2444 1152 2448 ,

477 2470 575 2502 nerali
594 2472 788 2511 eorunldcm,
815 2482 852 2503 eo
878 2471 968 2504 modo
990 2481 1051 2514 quo
1081 2481 1129 2503 ec·
1152 2479 1153 2486 ¹

477 2526 561 2555 ierac
588 2525 779 2566 proxinciae7
806 2525 878 2556 (5:50.

392 2573 477 2607 DCV.
504 2574 593 2615 Quod
620 2576 768 2609 sacerdos
789 2576 954 2609 celebrans
980 2577 1011 2609 in
1037 2576 1126 2609 altari
1150 2606 1152 2608 ,

478 2628 639 2670 cappellae
657 2630 687 2663 S.
705 2629 891 2664 catherinae
912 2630 1062 2663 Senensis
1080 2640 1128 2662 su-

391 1561 451 1596 DC.

389 1667 463 1702 DCI.

988 236 1164 261 Bt'LLAnlt'M
1192 237 1341 261 nemun

1275 298 1332 332 per
1363 288 1537 323 Minervam
1569 300 1625 334 pro
1653 292 1758 325 anima
1788 293 1923 330 alicqus

1274 342 1414 376 defuncti
1440 342 1551 377 liberet
1576 353 1645 378 eam
1677 354 1694 378 a
1726 348 1836 388 poenis
1867 358 1923 391 per

1274 395 1401 428 modum
1423 396 1577 438 suffragii.
1612 397 1804 446 Conceditur
1836 409 1924 443 prae-

1273 452 1357 481 terea
1383 449 1581 492 indulgentia
1606 451 1750 494 plenaria
1776 461 1831 495 pro
1852 453 1923 486 visi-

1273 501 1412 534 tantibus
1438 502 1554 536 dictam
1580 503 1757 547 cappellam
1792 505 1823 538 in
1855 506 1923 539 eius

1272 554 1323 588 die
1349 556 1427 589 festo
1448 558 1669 590 communione
1689 558 1826 599 refectis,
1849 559 1922 592 651.

1183 606 1286 641 DCVI.
1312 607 1436 642 Dotatio
1461 609 1618 643 ecclesiae
1638 609 1871 645 Babiloniensis
1891 613 1921 645 in

1274 661 1391 702 Persia,
1417 662 1491 695 659.

1183 712 1302 747 DCVll.
1328 713 1472 748 Absolvit
1496 724 1609 748 novem
1634 717 1845 759 portionarios
1872 726 1923 751 ee—

1272 766 1388 800 clesiae
1405 769 1717 811 caesaraugustanae
1734 779 1751 803 a
1769 771 1922 811 censuris,

1274 820 1305 853 in
1339 830 1417 864 quas
1449 823 1649 855 incurrerant
1674 821 1713 855 ob
1739 826 1924 866 praetensos

1273 882 1421 906 recursus
1438 883 1547 907 eorum
1563 876 1690 908 nomine
1706 875 1803 908 tactos
1821 875 1860 909 ad
1879 878 1922 909 iu*

1274 925 1364 959 dices
1389 925 1487 959 laicos
1512 929 1543 960 in
1568 929 1663 960 causa
1688 929 1771 961 inter
1791 929 1877 971 ipsos
1895 932 1925 962 et

1272 979 1444 1022 capitulum
1471 979 1574 1013 dictae
1600 980 1755 1014 ecclesiae
1780 985 1923 1015 vertente

1272 1041 1369 1076 super
1392 1033 1679 1075 distributionibus,
1705 1034 1780 1068 654.

1183 1083 1318 1119 DCVlll.
1343 1085 1479 1119 Irritatio
1510 1090 1635 1120 actuum
1669 1087 1832 1129 sactorum,
1860 1091 1920 1121 tam

1274 1147 1330 1181 per
1354 1139 1516 1172 ministros
1541 1141 1646 1182 regios
1669 1139 1877 1183 Portugalliae
1893 1145 1922 1173 et

1272 1190 1404 1232 iudices,
1420 1200 1514 1235 quam
1528 1202 1585 1235 per
1602 1195 1760 1226 ministros
1774 1194 1804 1226 S.
1819 1193 1920 1227 Sedis.

1271 1253 1367 1286 super
1392 1243 1492 1286 bonis,
1516 1245 1668 1288 cappellis
1688 1247 1780 1289 vulgo
1802 1255 1921 1279 nuncu-

1272 1298 1374 1339 patis,
1400 1299 1608 1331 ecelesiarum
1633 1302 1664 1332 et
1688 1300 1828 1333 locorum
1858 1301 1922 1343 pie«

1273 1360 1340 1383 rum
1355 1360 1523 1393 regnorum
1540 1351 1750 1395 portugalliae
1768 1356 1798 1386 et
1816 1351 1923 1396 Algar-

1273 1402 1515 1438 biorumcontra
1532 1405 1784 1438 iurisdictionem
1794 1405 1924 1438 etliber—

1272 1460 1367 1490 tatem
1393 1457 1643 1491 ecelesiasticam
1675 1462 1706 1492 et
1739 1459 1807 1491 iura
1832 1457 1922 1491 Sedi÷

1270 1510 1483 1553 Apostolieae,
1505 1512 1579 1544 655.

1182 1562 1286 1596 DCIX.
1312 1564 1495 1597 Commissi«)
1520 1565 1657 1598 auditori
1688 1574 1834 1599 camerae
1868 1564 1922 1598 ab·

1271 1617 1416 1651 solvendi
1437 1618 1608 1659 decanum,
1625 1620 1795 1651 canonicos
1821 1622 1851 1651 et
1876 1627 1923 1651 ea-

1272 1670 1404 1713 pitulum
1423 1671 1578 1704 eeclesiae
1597 1671 1793 1714 Hispalensis
1814 1679 1831 1703 a
1852 1679 1922 1703 cen*

1270 1725 1351 1756 suris
1380 1723 1419 1756 ob
1453 1734 1617 1756 recursum
1643 1733 1752 1757 eorum
1778 1725 1920 1757 nomine.

1271 1778 1339 1809 sine
1367 1781 1470 1809 tamen
1498 1777 1559 1809 ullo
1580 1777 1672 1809 modo
1690 1777 1729 1809 ad
1744 1776 1774 1809 id
1794 1776 1922 1809 manda-

1269 1834 1307 1864 lo,
1321 1830 1398 1862 alias
1415 1830 1529 1862 sactum
1545 1829 1584 1862 ad
1600 1830 1722 1862 iudices
1736 1829 1920 1869 laicos,658.

1182 1881 1272 1916 DCX.
1301 1883 1563 1924 Congregalionis
1600 1882 1725 1915 Ioannis
1757 1881 1816 1915 Dei
1849 1892 1922 1915 eon-

1271 1940 1382 1969 sentus
1408 1940 1438 1969 et
1456 1936 1639 1978 hospitalia,
1665 1938 1695 1969 in
1714 1935 1831 1980 ‹pubus
1850 1939 1920 1968 sunl

1270 1989 1439 2022 duodecim
1456 1989 1608 2033 religiosi,
1633 1989 1672 2023 ab
1699 1991 1920 2033 episcoporum

1271 2043 1489 2076 iurisdictione
1512 2045 1703 2083 exununtur,
1722 2043 1796 2075 666.

1181 2096 1287 2129 Dexi.
1298 2096 1523 2139 Superioribus
1538 2095 1807 2130 fralrumOrdinis
1819 2098 1919 2129 sancti

1268 2150 1426 2183 Francisci
1459 2149 1498 2182 de
1531 2148 1760 2190 Observantia,
1793 2150 1921 2192 provin-

1269 2205 1335 2236 ciae
1361 2204 1549 2248 Aquitaniae
1569 2204 1766 2247 antiquioris,
1789 2201 1920 2235 facultas

1268 2257 1359 2290 datur
1384 2257 1502 2290 litteras
1526 2256 1755 2290 dimissoriales
1779 2257 1844 2289 suis
1870 2265 1919 2289 re-

1268 2310 1388 2350 ligiosis
1420 2311 1458 2343 ad
1491 2320 1598 2343 sacros
1630 2310 1759 2343 ordines
1789 2318 1921 2353 promo—

1268 2364 1381 2397 vendis
1402 2364 1610 2403 concedendi,
1636 2364 1710 2396 661.
1746 2371 1750 2375 ’

1179 2416 1296 2450 DCXll.
1312 2417 1485 2450 Prohibitio
1500 2416 1687 2450 extrahendi
1705 2415 1803 2450 libros
1821 2425 1860 2448 ex
1876 2414 1919 2447 bi-

1269 2469 1434 2502 tiliotheois
1460 2473 1673 2502 conventuum
1695 2465 1826 2501 frasu-iim
1846 2467 1921 2511 Cap-

1268 2524 1475 2565 puccinorum
1492 2522 1610 2565 ubique
1625 2522 1832 2554 existentium
1848 2529 1917 2553 cum

1268 2574 1413 2608 facultate
1448 2573 1667 2618 superioribus
1705 2572 1917 2606 commutandi

1270 2628 1396 2662 inutiles
1422 2639 1478 2672 por
1502 2628 1663 2670 sindieos,
1688 2626 1762 2659 662.
