2248 3229
149 226 198 255 An.
214 226 243 254 C.
267 225 332 254 ¹637

179 499 286 520 Clausulas
298 505 332 520 ne-

148 533 252 547 c‘uarus
266 533 333 553 appo—

147 557 186 576 uu.

149 1139 257 1162 Contraria
274 1141 325 1161 tulii!

178 2098 298 2121 liuor-lium.

173 2524 221 2545 Man
230 2524 258 2544 lat
274 2527 337 2551 prout

154 2557 174 2572 m
191 2553 283 2573 rubrica.

956 225 1098 250 ultumis
1123 224 1179 249 wll
1205 223 1252 249 1¹1¹.

349 273 505 307 firmitatis
529 272 628 307 robur
652 273 838 315 adiit-imus,
863 284 897 307 ac
928 284 1037 307 omnes
1062 278 1092 306 et

348 326 490 370 singulos
508 330 567 361 tam
586 327 663 360 iuris,
680 338 772 371 quam
800 327 870 360 sacti
891 327 1039 368 desectus,
1065 327 1090 359 si

348 380 401 424 qni
426 380 562 424 desuper
586 380 823 425 quomodolibet
852 380 1089 429 intervenerint,

349 434 542 478 supplemus.

393 488 408 531 g
426 487 454 520 4.
473 488 692 530 Decernentes‚
709 487 834 521 easdem
853 486 1090 521 constitutiones

349 541 388 573 ab
413 540 558 574 omnibus
583 545 613 573 et
638 541 770 584 singulis
793 540 906 574 domus
937 539 1092 583 regularis

348 599 377 626 et
401 593 525 636 collegii
552 594 764 638 praefatorum
786 593 937 627 fratribus
962 598 991 625 et
1017 603 1090 636 per-

347 647 442 688 sonis,
467 647 526 680 sub
550 647 659 691 poenis
685 648 714 680 in
739 648 783 681 eis
807 647 971 686 contentis,
996 646 1092 679 invio-

347 700 484 734 labiliter
503 701 677 742 observari,
709 711 824 745 easque
848 711 883 734 ae
907 704 1090 745 praesentes

347 752 467 787 litteras
491 764 617 798 semper
641 759 671 787 et
695 759 848 799 perpetuo
874 753 1005 794 validas,
1030 752 1088 785 fir-

348 818 414 840 mas
439 813 470 841 et
494 809 636 842 essieaces
661 809 795 842 existere
824 813 854 842 et
883 808 972 848 sore,
995 817 1088 840 suos—

347 871 407 905 que
429 861 588 906 plenarios
613 867 640 895 et
668 862 808 905 integros
835 861 965 895 ellectus
984 860 1090 894 sortiri

348 919 378 947 et
401 914 543 949 obtinere
568 915 695 956 debere,
721 926 757 948 ac
783 915 907 948 irritum
936 920 966 947 et
990 914 1092 954 inane,

348 968 372 1001 si
390 979 480 1002 secus
496 980 592 1014 super
609 969 657 1002 liis
677 980 694 1002 a
711 979 881 1013 quoquam,
903 969 1012 1013 quavis
1037 978 1092 1001 au-

348 1022 502 1063 ctoritate,
512 1023 647 1056 scienter
661 1022 707 1055 vel
723 1022 915 1066 ignoranter,
925 1020 1093 1065 contigerit

348 1076 502 1110 attentari.
1090 1082 1093 1083 ⁷

393 1129 408 1172 g
425 1129 454 1163 5.
474 1129 540 1162 Non
558 1128 756 1162 obstantibus
770 1128 1047 1162 constitutionibus
1063 1133 1093 1161 et

349 1182 602 1216 ordinationibus
626 1183 815 1227 apostolicis,
832 1183 1007 1226 ceterisque
1022 1193 1093 1216 con-

351 1237 454 1270 trariis
474 1237 736 1281 quibuscumque.

394 1290 504 1328 Datum
523 1291 649 1330 Romae,
667 1290 750 1334 apud
764 1291 793 1324 S.
813 1291 949 1331 Petrum,
963 1290 1021 1324 sub
1043 1300 1094 1323 an-

350 1344 424 1377 nulo
438 1343 615 1383 Piscator-is,
626 1344 675 1377 die
686 1354 744 1377 xxv
759 1343 890 1377 ianuarii
906 1354 1092 1385 uncxxxvn,

350 1398 550 1440 pontificatus
569 1398 668 1432 nostri
693 1408 775 1431 anno
793 1408 856 1431 xiv.

387 1460 444 1487 Dat.
466 1460 508 1488 die
528 1461 563 1489 25
583 1460 697 1488 ianuarii
724 1460 799 1494 1637,
821 1460 916 1496 pontif.
935 1468 1005 1488 anno
1023 1466 1078 1487 xlv.

659 1577 782 1610 DLXlV.

352 1647 443 1688 Quod
467 1649 503 1681 in
516 1649 697 1692 provinciis
716 1649 823 1681 sancti
840 1648 1043 1681 Bernardini
1063 1652 1092 1681 et

392 1705 523 1735 sanctae
542 1702 670 1735 Mariae
684 1701 900 1745 Mayclalenae
923 1702 959 1734 in
977 1701 1091 1734 Gallia

391 1755 535 1797 fratrum
556 1753 692 1789 Ordinis
715 1754 883 1793 Minorttm
900 1754 932 1788 S.
954 1754 1092 1787 Franci-

391 1808 437 1840 sci
465 1808 724 1850 Reformatorum
753 1818 810 1841 seu.
839 1807 1090 1841 Recolleccorum

393 1860 506 1893 nultus
526 1861 658 1894 οηιηίηο
678 1861 819 1904 ῃαιιιῑεαι
836 1860 1022 1904 privileyits
1033 1871 1092 1905 pa-

395 1918 481 1947 trum
505 1914 704 1958 provinciae.
1061 1915 1065 1918 ”

552 1985 688 2012 Urbanus
709 1985 788 2019 Papa
806 1984 893 2018 vm,

470 2029 506 2057 ad
526 2032 703 2064 perpetuam
725 2029 770 2056 rei
786 2028 970 2056 memoriam.

395 2091 478 2125 lnter
502 2091 716 2135 gravissimas,
741 2090 995 2135 multiplicesque
1020 2100 1092 2134 apo-

352 2145 478 2179 >tolicae
496 2145 654 2179 servitutis
671 2156 774 2186 curas,
800 2145 831 2177 in
851 2155 920 2178 eam
939 2144 1091 2190 peculiari

351 2199 562 2232 sollicitudine
577 2199 798 2240 incumbimus,
816 2203 850 2231 ut
864 2197 1003 2241 religiosi
1023 2197 1091 2238 viri,

351 2252 415 2296 qui,
440 2252 527 2285 obliti
553 2253 706 2296 populum
730 2262 822 2285 suum
839 2256 869 2284 et
890 2251 1020 2284 domum
1042 2260 1092 2294 pa-

353 2305 408 2338 tris
425 2305 484 2347 sui,
503 2305 598 2339 divini
617 2306 760 2339 Numinis
777 2304 939 2349 obsequiis
956 2314 988 2337 se
1009 2314 1092 2336 man-

352 2359 506 2402 riparum,
526 2364 595 2392 vota
619 2369 676 2391 sua
693 2358 825 2392 reddant
843 2357 976 2391 Domino
993 2357 1092 2389 abun-

352 2412 462 2446 danter
485 2411 515 2445 in
539 2412 650 2456 spiritu
671 2411 854 2445 humilitatis
874 2416 903 2445 et
931 2411 1092 2445 sanctitate

352 2471 378 2496 et
406 2465 524 2498 iustitia
548 2475 655 2499 coram
680 2465 759 2508 ipso.

396 2519 410 2562 ξ
436 2519 464 2551 vl.
491 2519 569 2552 llinc
593 2523 641 2552 est
664 2518 747 2562 quod
772 2527 840 2558 nos,
865 2517 946 2551 felici
967 2517 1093 2550 dilecto-

353 2583 422 2604 rum
448 2572 586 2605 filiorum
616 2572 749 2605 fratrum
781 2571 905 2605 Ordinis
937 2571 1091 2604 Minorum

353 2626 381 2659 S.
399 2625 552 2660 francisci
568 2625 605 2658 de
619 2624 821 2659 observantia
840 2625 1091 2658 Reformatorum

1124 279 1154 306 et
1178 272 1429 306 ltecollectorum
1454 274 1708 314 nuncupatorum
1733 267 1863 311 provin-

1125 326 1243 358 ciarum
1259 324 1356 358 sancti
1370 323 1554 357 Bernardini
1569 327 1598 356 et
1614 326 1738 355 sanetae
1753 320 1866 353 Mariae

1125 379 1323 422 Magdalenae
1341 378 1372 410 in
1385 377 1484 411 Gallia
1500 375 1591 410 statui
1607 403 1613 416 ,
1627 379 1778 419 quantum
1793 384 1866 407 cum

1126 432 1258 465 Domino
1288 442 1479 476 possumus,
1509 430 1675 464 consulere
1707 429 1866 468 volentes;

1126 491 1212 519 motu
1234 485 1375 530 proprio,
1393 490 1423 518 et
1443 496 1479 518 ex
1497 485 1582 518 certa
1601 483 1729 517 scientia
1747 483 1866 521 nostra,

1125 540 1238 572 harum
1263 539 1354 581 serie,
1387 539 1446 572 sub
1471 536 1807 572 excommunicationis
1831 546 1867 568 ac,

1125 593 1308 638 privationis
1333 592 1475 626 omnium
1499 597 1626 626 actuum
1651 591 1866 635 legitimorum

1126 647 1244 691 poenis,
1269 646 1486 691 probibemus,
1510 656 1550 679 ne
1575 646 1658 678 ullus
1682 644 1811 678 omniuo
1837 643 1867 676 in

1125 700 1272 745 praefatis
1288 700 1457 744 provinciis
1474 699 1607 743 gaudeat
1625 698 1798 743 privilegiis
1816 707 1868 742 pa-

1126 760 1208 787 trum
1233 754 1431 798 provinciae:
1450 753 1632 786 mandantes
1653 757 1819 797 propterea
1837 751 1868 784 in

1126 808 1240 842 virtute
1264 812 1389 840 sanctae
1417 806 1634 846 obedientiae,
1659 810 1692 838 ut
1726 804 1868 838 absolute

1127 862 1202 894 tales
1226 866 1331 905 patres
1355 859 1535 904 provinciae
1560 859 1673 892 sublati
1698 858 1780 899 sint,
1805 867 1868 891 non

1125 914 1268 948 obstante
1282 924 1481 958 quacumque
1494 912 1716 946 constitutione
1736 911 1783 944 vel
1798 921 1869 944 con-

1126 967 1265 1001 cessione
1291 966 1477 1010 provinciali
1507 971 1560 998 aut
1587 965 1647 998 alia}
1671 964 1796 1008 quavis,
1821 974 1871 997 ex-

1126 1021 1224 1065 ceptis
1249 1026 1352 1054 tamen
1370 1020 1417 1053 liis
1437 1018 1491 1064 qul
1516 1019 1641 1052 suerunt
1658 1022 1710 1051 aut
1730 1022 1821 1051 erunt
1839 1017 1870 1050 in

1125 1080 1287 1120 posterum
1320 1079 1425 1118 patres
1456 1072 1580 1106 Ordinis
1610 1073 1654 1105 vel
1687 1071 1869 1104 definitores

1126 1129 1298 1173 generales.

1171 1183 1186 1226 ἓ
1201 1182 1230 1215 2.
1248 1181 1401 1222 Quocirca
1418 1179 1587 1214 venerabili
1607 1179 1695 1212 fratri
1721 1179 1869 1223 episeopo

1127 1235 1265 1269 Albiensi
1296 1246 1352 1279 per
1383 1239 1564 1278 praesentes
1590 1232 1815 1266 committimus
1840 1236 1869 1264 et

1127 1289 1322 1330 mandamus,
1347 1293 1502 1332 quatenus
1527 1287 1602 1331 ipse,
1628 1296 1683 1330 per
1708 1296 1751 1325 se,
1771 1286 1816 1318 vel
1837 1295 1869 1317 a-

1126 1343 1214 1385 lium⁷
1240 1353 1295 1376 scu
1319 1342 1407 1382 alios,
1432 1346 1612 1384 praesentes
1641 1339 1760 1372 litteras
1785 1344 1813 1370 et
1840 1338 1870 1370 in

1127 1396 1171 1430 eis
1195 1401 1341 1430 contenta
1363 1404 1594 1440 quaecumque,
1613 1393 1664 1425 ubi
1690 1397 1720 1425 et
1743 1391 1869 1436 quando

1126 1460 1205 1494 opus
1222 1450 1326 1490 suerit,
1339 1453 1370 1481 et
1389 1447 1512 1492 quoties
1529 1457 1588 1491 pro
1605 1450 1695 1491 parte
1711 1445 1869 1479 dictorum

1126 1503 1259 1536 fratrum
1279 1501 1374 1535 suerit
1397 1500 1576 1545 requisitus,
1607 1498 1790 1533 solemniter
1817 1509 1870 1542 pu-

1126 1556 1255 1598 blicans,
1279 1560 1309 1590 el
1333 1555 1451 1589 eisdem
1477 1554 1508 1587 in
1531 1553 1714 1598 praemissis
1734 1551 1869 1585 efficacis

1125 1611 1315 1644 defensionis
1324 1609 1481 1654 praesidio
1493 1608 1651 1649 assistens,
1662 1607 1753 1640 saciat
1765 1611 1870 1639 aucto-

1126 1664 1217 1697 ritate
1236 1665 1344 1697 nostra
1371 1662 1499 1696 eosdem
1516 1662 1629 1694 fratres
1654 1659 1867 1704 praesentium

1125 1718 1301 1751 litterarum
1327 1715 1500 1750 'commodo
1531 1718 1562 1748 et
1593 1714 1707 1748 effectu
1737 1712 1868 1757 paeitire

1125 1772 1187 1804 frui
1207 1776 1238 1804 et
1261 1770 1418 1814 gaudere,
1443 1779 1506 1802 non
1531 1768 1714 1812 permittens
1732 1767 1801 1800 illos
1817 1766 1869 1799 de-

1125 1835 1222 1869 super
1245 1834 1263 1857 a
1287 1833 1458 1867 quoquam,
1472 1821 1581 1866 quavis
1601 1820 1787 1854 auctoritate
1805 1820 1869 1852 sim-

1125 1884 1229 1921 gente,
1261 1876 1503 1922 quomodolibet
1527 1874 1664 1908 indebite
1689 1873 1867 1912 molestari;

1125 1931 1373 1965 contradictores
1411 1929 1569 1974 quoslibet
1609 1938 1645 1961 ac
1687 1926 1868 1971 praemissis

1125 1995 1187 2018 non
1211 1990 1357 2029 parentes
1375 1994 1431 2028 per
1455 1992 1605 2017 censuras
1629 1987 1659 2014 et
1682 1991 1800 2025 poenas
1817 1990 1868 2013 ee.-

1125 2037 1335 2077 clesiasficas,
1366 2037 1489 2080 aliaque
1524 2039 1700 2079 opportuna
1733 2033 1810 2066 iuris
1840 2037 1870 2067 et

1126 2091 1196 2124 sacti
1229 2090 1388 2130 remedia,
1420 2088 1631 2133 appellatione
1669 2087 1868 2131 postposita,

1125 2144 1366 2188 compescendo,
1392 2143 1534 2176 invocato
1559 2141 1651 2175 etiam
1677 2142 1715 2174 ad
1739 2141 1809 2182 hoc,
1843 2141 1867 2172 si

1125 2209 1205 2242 opus
1230 2198 1332 2240 suerit,
1351 2197 1467 2231 auxilio
1491 2196 1611 2230 brachii
1636 2195 1796 2229 secularis.
1815 2195 1869 2227 Dc-

1126 2256 1290 2284 cernentes
1324 2255 1504 2294 praesentes
1533 2249 1653 2282 litteras
1685 2259 1809 2292 semper
1839 2253 1868 2279 et

1127 2309 1281 2348 perpetuo
1299 2303 1427 2346 validas,
1445 2303 1553 2335 sirmas
1576 2307 1606 2335 et
1630 2302 1772 2335 efficaces
1789 2300 1868 2334 exis-

1127 2364 1191 2391 tere
1208 2362 1239 2391 et
1262 2358 1339 2397 sore,
1353 2366 1489 2399 suosque
1503 2355 1661 2399 plenarios
1680 2360 1710 2388 ct
1727 2354 1867 2397 integros

1125 2411 1254 2444 effectus
1274 2410 1379 2444 sortiri
1397 2414 1425 2442 et
1442 2409 1595 2450 obtinere,
1613 2420 1649 2442 ae
1665 2408 1703 2440 ab
1721 2407 1868 2441 omnibus

1126 2470 1155 2498 et
1178 2463 1319 2507 singulis,
1345 2463 1382 2495 ad
1407 2473 1486 2507 quos
1512 2467 1631 2506 spectat
1653 2465 1681 2495 el
1704 2471 1763 2505 pro
1789 2466 1868 2493 tem-

1125 2529 1201 2563 pore
1218 2517 1381 2562 spectabit,
1400 2516 1622 2550 inviolabiliter
1639 2515 1800 2550 observari
1817 2515 1869 2548 de-

1125 2573 1210 2613 bere,
1228 2572 1416 2616 irritumque
1436 2577 1466 2604 et
1491 2571 1580 2604 inane
1605 2569 1753 2614 quicquid
1778 2580 1868 2603 secus

1125 2623 1286 2667 superbis
1311 2634 1327 2655 a
1351 2633 1522 2666 quoquam,
1539 2622 1648 2667 quavis
1672 2620 1866 2667 auctoritate,

1763 209 1827 244 579
1873 219 1921 247 Au.
1944 217 1972 245 C.
1995 215 2062 246 1637

1914 1188 2068 1214 {immutarent

1885 1214 1971 1240 deputat
1978 1218 1996 1233 rt
2005 1218 2069 1235 tratis·

1886 1248 1991 1266 prem-res
2000 1242 2069 1267 puniri

1885 1269 1978 1289 inundat,
