2248 3229
865 208 960 232 INDEX
986 207 1182 232 nrmucmrn

345 270 384 304 po
409 259 449 294 1v
473 260 698 304 Hispaniarum
724 262 791 303 regi
817 260 999 304 persolven-

345 314 428 354 dam,
455 318 487 348 ut
511 324 603 358 opem
630 315 832 348 Fordinando
850 314 877 347 ll
895 317 997 358 inipe-

346 368 441 400 ratori
466 368 548 400 ferre
575 370 682 411 possit,
709 369 782 401 2108.
969 368 970 371 ’

258 418 339 453 Dlx.
373 419 574 454 Conni-matio
607 421 839 465 praetinitionis
874 421 1000 455 habitus

346 472 446 506 saetae.
466 475 548 507 inter
566 474 676 507 tratres
694 474 908 508 Discaleeatos
928 484 1000 507 san-

347 530 415 559 ctae
441 526 610 560 Tlieresiae
636 531 666 561 01
693 528 804 560 iratres
834 527 929 560 Primi
955 527 1001 561 ln-

349 580 459 620 stituti,
483 580 577 622 vulgo
595 581 634 614 do
653 580 756 614 Monte
782 581 896 614 saneto
921 590 1001 613 nun—

348 637 489 676 cupatos,
517 634 588 667 472.

261 684 324 719 Dx.
342 686 600 727 Constitutiones,
617 686 733 731 quibus
750 691 941 721 revocantur
961 689 1003 721 ri-

348 749 407 774 tae
434 742 520 774 voeis
545 741 682 782 oracula,
710 751 770 775 non
797 742 1004 786 eomprehen-

349 793 428 828 dunt
453 794 522 828 illos
547 795 700 828 ottieiales
732 795 848 839 quibus
880 797 1002 829 ratione

350 856 518 881 munerum
543 858 673 882 suorum
700 854 792 882 antea
817 849 857 882 de
882 850 1003 882 Summi

351 901 513 935 Poutiticis
545 902 672 936 oraculo
703 902 782 936 fides
813 902 925 936 haberi
955 913 1005 936 so-

353 953 447 995 lebat,
475 955 547 988 473.

263 1007 345 1042 Dxt.
367 1007 555 1041 Commissio
581 1009 699 1041 nuncio
723 1007 895 1051 apostolico
920 1007 1004 1051 apud

357 1060 505 1095 Poloniae
531 1071 649 1104 regem,
676 1065 718 1101 ut,
740 1065 868 1104 petente
893 1065 1007 1094 metro-

354 1113 450 1158 polita
475 1113 618 1154 Russiae,
645 1113 798 1154 inhibeat,
825 1123 863 1147 ne
882 1114 1008 1157 regula-

354 1169 436 1201 rium
473 1169 704 1212 cuiuscumque
732 1167 864 1202 Ordinis
896 1167 1007 1201 (lomus

355 1219 460 1264 aliqua
485 1219 657 1263 Zyroxieiis
683 1221 833 1262 erigatur,
861 1220 932 1253 474.

265 1272 359 1308 Dxti.
385 1273 579 1317 Regulares,
606 1275 675 1318 qui,
702 1273 782 1307 ultra
808 1278 880 1307 rota
905 1274 1006 1315 solita,

357 1329 452 1360 etiam
484 1331 591 1360 10111111
624 1329 769 1361 emittunt
797 1327 836 1361 de
862 1337 923 1360 non
955 1337 1009 1371 pe·

356 1381 452 1415 tenda
477 1385 529 1414 aut
559 1391 620 1414 non
639 1381 834 1424 acceptanda
859 1386 946 1415 extra
966 1392 1010 1414 re-

356 1434 509 1478 ligionem
535 1434 707 1477 dignitate,
735 1446 792 1479 per
825 1445 1008 1479 quanicum-

357 1497 419 1532 que
435 1496 543 1521 eorum
559 1488 872 1527 traiislationem‚seii
885 1488 1011 1522 habitus

358 1542 583 1586 privationem,
595 1545 647 1575 aut
665 1542 894 1583 dimissionem,
909 1552 926 1575 a
941 1547 1012 1576 voto

358 1594 540 1628 huiusmodi
551 1594 731 1629 nullatenus
741 1595 926 1636 liberantur,
939 1596 1011 1629 475.

268 1648 378 1683 DXlll.
404 1648 547 1682 Facultas
573 1650 684 1682 nuntio
709 1649 883 1693 apostolico
909 1651 940 1682 in
965 1660 1011 1682 re-

359 1711 422 1746 gno
447 1701 597 1746 Neapolis
628 1703 834 1736 examinandi
861 1706 954 1736 testes
984 1707 1014 1737 et

359 1754 556 1799 procedendi
581 1758 690 1788 contra
708 1757 875 1799 episcopos
893 1765 955 1789 non
969 1766 1015 1789 re-

359 1808 502 1842 sidentes
526 1809 593 1842 suis
619 1810 650 1842 in
676 1808 833 1849 eeclesiis,
859 1809 932 1842 477.

270 1860 380 1895 Dxtv.
403 1861 495 1902 Quod
513 1863 707 1895 assertiones
725 1865 755 1895 et
772 1863 1014 1896 enunciationes

358 1917 550 1959 scriptorum
577 1919 607 1948 01
627 1914 761 1948 aliorum
786 1925 1014 1958 quorumcum-

360 1978 422 2013 que
450 1978 510 2002 non
538 1969 653 2002 saciant
672 1968 777 2009 tidem,
806 1969 867 2002 nisi
891 1970 1015 2002 serrata

361 2022 460 2055 forma
500 2023 531 2056 in
572 2022 630 2055 liae
666 2024 891 2057 constitutione
927 2029 1042 2066 prae-³

363 2075 491 2118 scripta,
517 2076 590 2108 479.

272 2129 366 2163 va.
392 2128 537 2162 Facultas
568 2130 683 2162 nuncio
710 2128 920 2172 Neapolitano
945 2138 1017 2172 per-

361 2183 508 2216 mittendi
523 2182 647 2215 ritibus
658 2182 884 2225 Neapolitanis,
897 2186 927 2215 ut
945 2192 1015 2216 cuin

363 2236 448 2270 clero
474 2238 649 2280 transigere
672 2238 789 2279 possint
816 2246 912 2279 super
937 2247 1017 2270 novo

364 2292 500 2337 quodam
516 2293 664 2335 imposito
681 2291 840 2334 ii=ctigali,
856 2292 928 2324 482.

275 2344 384 2380 vai.
402 2347 553 2390 Sequitur
567 2345 737 2388 applicatio
753 2346 918 2387 pecuniae.
937 2354 1018 2388 qnae

363 2409 403 2433 ex
434 2399 794 2443 supradicto=veetigali
821 2398 905 2430 clero
935 2403 1017 2432 oss-et
1044 2427 1045 2442 ,

364 2453 571 2493 restituenda,
597 2452 734 2485 fabricae
752 2452 901 2485 basilicae
920 2453 949 2485 S.
966 2452 1019 2485 Pc-
1044 2443 1045 2447 ¹

366 2507 404 2539 tri
429 2506 468 2539 de
495 2505 589 2547 urbe,
617 2507 689 2539 483.

277 2560 398 2596 nxvtt.
423 2561 546 2594 Nuneio
563 2560 735 2604 apostolico
761 2561 791 2592 in
810 2559 918 2600 Belgio
936 2568 1020 2591 com-

367 2616 516 2657 mittitur,
543 2618 575 2649 ut
600 2614 764 2648 detentum
788 2613 827 2647 ab
858 2613 1021 2656 llispania-
1042 2628 1048 2654 J

1684 195 1748 229 '799

1139 270 1206 294 rum
1232 259 1317 303 regis
1343 257 1495 292 militibus
1515 257 1791 302 arehiepiscopum

1138 314 1363 347 'l'rexirensem
1382 315 1413 346 in
1437 314 1486 346 sni
1511 311 1687 346 custodiam
1713 313 1793 345 reci-

1142 370 1223 410 piat,
1250 367 1324 400 485.

1052 420 1193 454 vant.
1227 420 1371 454 racanas
1404 420 1520 453 nuncio
1551 418 1724 462 apostolico
1764 421 1795 451 in

1142 473 1220 508 urbe
1243 473 1392 516 Neapolis
1418 472 1631 516 permittendi,
1652 476 1683 505 ut
1702 482 1796 516 popu-

1142 529 1190 561 lus
1215 538 1286 561 euni
1313 527 1398 560 clero
1425 528 1577 570 transigat
1602 526 1797 570 supersolu-

1142 583 1227 615 tione
1253 580 1417 614 cuiusdam
1444 579 1619 622 vectigalis,
1646 589 1683 612 ae
1709 581 1798 613 resti·

1143 636 1262 669 tutione
1299 634 1420 667 solutae
1454 635 1631 676 pecuniae,
1664 642 1798 677 eamque

1143 687 1296 730 exigendi
1329 689 1456 721 nomine
1481 686 1621 720 sabi-icae
1646 687 1677 721 S.
1702 685 1798 728 Petri,

1146 743 1218 776 485.
1269 756 1271 758 ·

1055 795 1164 830 Dth.
1190 794 1440 838 Arctiiepiseopo
1466 794 1642 827 Senonensi
1675 797 1706 827 01
1737 796 1800 837 epi-

1145 850 1250 892 seopis
1268 847 1457 880 Lexoviensi
1478 851 1509 880 et
1529 846 1799 881 antissiodorensi

1146 901 1283 943 mandat,
1311 905 1341 934 ut
1367 902 1451 933 eirca
1476 900 1645 945 quamdam
1670 909 1800 933 eausam

1147 957 1225 998 ipsis
1258 954 1477 995 commissam,
1510 957 1687 987 vertentem
1719 955 1801 987 inter

1147 1012 1358 1052 promotorem
1381 1008 1523 1041 fiscalem
1548 1010 1656 1041 curiae
1677 1008 1800 1044 arehie-

1149 1062 1321 1106 piscopalis
1345 1061 1608 1104 Rotliomagensis
1625 1066 1655 1095 et
1681 1062 1801 1103 regula-

1149 1126 1199 1149 res
1223 1116 1368 1148 eiusdem
1393 1116 1530 1149 civitatis
1555 1124 1652 1158 super
1673 1116 1801 1150 iurisdi-

1150 1171 1253 1202 ctione
1271 1168 1504 1212 arcliiepiseopi
1522 1177 1579 1201 seu
1597 1170 1801 1212 exemptione

1148 1224 1355 1265 regularium,
1377 1232 1466 1255 snam
1491 1222 1696 1256 moderentur
1715 1222 1799 1255 inhi—

1150 1277 1310 1317 bitionem,
1338 1276 1410 1309 487.

1061 1331 1151 1365 Dxx.
1177 1332 1297 1364 Aroeat
1322 1331 1360 1363 ad
1385 1339 1419 1362 se
1444 1338 1571 1363 causam
1604 1330 1644 1363 de
1677 1339 1739 1374 qua
1771 1332 1802 1364 in

1151 1385 1375 1416 constitutione
1402 1383 1614 1426 praecedenti,
1641 1384 1714 1416 488.

1062 1437 1172 1471 Dxxi.
1200 1437 1325 1470 Clerum
1352 1436 1560 1469 Leodiensem
1587 1437 1744 1478 hortatur,
1770 1442 1805 1471 ut.

1152 1490 1353 1523 Ferdinando
1371 1489 1612 1532 archiepiscopo
1638 1489 1806 1523 Colonien-

1153 1542 1269 1583 sisti.
1285 1541 1306 1574 l.
1321 1541 1463 1582 electori,
1479 1541 1607 1586 aliquod
1623 1541 1804 1576 subsidium

1153 1597 1298 1628 conterre
1325 1596 1433 1638 possit,
1460 1596 1533 1628 1189.

1064 1649 1184 1683 DXXll.
1210 1648 1399 1682 Prohibetur
1416 1648 1565 1682 fratribus
1585 1648 1805 1682 Carmelitanis

1153 1701 1360 1736 Discalceatis
1386 1703 1416 1734 in
1445 1702 1548 1735 Monte
1570 1701 1725 1742 Carmelo,
1747 1701 1806 1735 sub

1155 1757 1257 1800 poena
1279 1756 1619 1788 excommunicationis
1641 1755 1721 1788 latae
1739 1764 1807 1788 sen-

1156 1810 1283 1848 tentiae,
1297 1817 1334 1840 ne
1353 1808 1394 1847 id,
1410 1808 1493 1852 quod
1511 1817 1528 1840 a
1546 1807 1807 1841 eliristitidelibus

1156 1871 1211 1904 pro
1243 1861 1464 1895 conservanda
1496 1863 1698 1904 possessione
1732 1861 1807 1894 dicti

1154 1914 1269 1949 Montis
1294 1914 1444 1948 donatum
1463 1914 1567 1955 suerit,
1589 1915 1620 1947 in
1639 1913 1717 1948 alios
1734 1924 1808 1948 usus

1156 1971 1351 2008 convertant,
1377 1968 1450 2000 490.

1066 2021 1200 2056 DXXlll.
1230 2022 1443 2055 Coininittitur
1474 2020 1611 2055 auditori
1644 2030 1808 2063 camerae,

1158 2080 1190 2109 ut
1215 2079 1323 2108 eontra
1341 2084 1401 2107 nou
1424 2078 1572 2118 parentes
1591 2076 1810 2108 constitutioni

1157 2133 1188 2162 et
1217 2128 1345 2162 decreto
1370 2127 1582 2161 consistoriali
1609 2137 1707 2171 snper
1733 2129 1811 2161 resi-

1159 2181 1263 2216 dentia
1291 2184 1321 2215 in
1347 2181 1493 2214 eeclesiis
1518 2185 1549 2214 et
1574 2181 1739 2215 benetieiis
1764 2191 1811 2215 ee-

1158 2237 1346 2270 clesiasticis
1372 2236 1410 2268 ad
1436 2236 1575 2268 omniurn
1600 2244 1810 2268 censurarum

1159 2295 1189 2324 et
1203 2300 1377 2334 poenarum
1391 2291 1422 2322 in
1444 2288 1505 2322 illis
1527 2292 1744 2323 contentarum
1760 2289 1811 2322 de—

1160 2344 1364 2377 clarationem
1390 2347 1421 2376 et
1437 2344 1686 2386 exequutionem
1706 2352 1811 2386 proec-

1160 2398 1221 2437 ‹iai‚
1248 2398 1321 2430 iot.
1615 2390 1618 2393 '

1044 2498 1046 2504 Ι
1071 2451 1210 2486 Dxxtv.
1229 2451 1428 2485 Contirinatio
1447 2449 1530 2483 laudi
1550 2451 1581 2483 in
1601 2450 1704 2483 causis
1729 2451 1811 2484 inter

1160 2507 1347 2548 episcopum
1384 2504 1479 2546 Burgi
1514 2504 1544 2536 S.
1578 2503 1745 2547 Sepulchri
1781 2507 1811 2537 et

1161 2558 1308 2592 abbatem
1324 2558 1505 2590 monasterii
1521 2558 1550 2590 S.
1562 2556 1678 2590 Mariae
1698 2558 1727 2590 in
1743 2556 1810 2590 Bal-

1163 2622 1239 2654 nee,
1265 2613 1521 2656 congregationis
1549 2611 1810 2652 CamaldulensiS,
