2248 3229
243 231 291 259 An.
310 232 426 260 (3.1635
472 224 536 258 49⁵2

242 294 391 346 Ei¹2ssl³1³>⁵iff⁰pi⁵'
406 301 426 315 e·
443 282 619 326 postposito
643 282 696 314 Dei
722 281 845 321 timore,
870 280 902 313 in
922 280 1054 313 diversis
1078 281 1183 313 civita-

267 336 269 340 .
328 337 343 345 i,
359 328 368 342 e
381 327 398 341 c.

258 928 429 949 Facultatemau·

245 956 306 976 ditori
331 961 429 975 camerae

245 982 271 1002 ad
301 981 357 1001 illius
383 987 429 1001 exe-

245 1010 367 1034 quutionem
383 1014 430 1033 pro-

246 1034 336 1055 cedendi
354 1040 430 1055 cunr»-

245 1061 282 1081 du.

272 2366 354 2387 Poenas
367 2369 436 2387 autem

251 2394 341 2413 inflictas
353 2394 436 2419 ipsimet

250 2420 344 2440 audituri
361 2422 380 2439 et
396 2420 436 2440 Ho-

250 2452 312 2466 maus)
339 2446 436 2466 Pontifici

250 2474 371 2492 reservatas

251 2498 319 2521 clarat

400 2473 436 2494 dc·

442 335 527 367 tibus
551 339 582 366 et
605 334 682 367 Iocis
712 338 797 366 extra
829 333 897 366 loca
928 333 1051 366 debitae
1075 333 1113 366 ab
1138 333 1182 366 eis

442 386 630 420 residentiae
647 396 769 420 moram
788 386 922 429 trahant,
941 387 993 419 alii
1010 398 1095 429 vero,
1112 392 1183 431 post

441 440 547 483 plures
572 449 671 473 annos
693 450 710 473 a
734 440 784 473 die
808 450 918 474 eorum
939 441 1129 484 provisionis
1153 446 1183 473 et

442 493 661 535 praefectionis
693 493 810 526 eisdem
845 494 985 527 ecclesiis
1010 494 1181 535 decursos,

442 546 593 579 hactenus
626 546 665 578 ad
697 546 897 580 residendum
923 547 1008 591 apud
1035 548 1182 582 ecclesias

443 609 513 631 suas
538 599 714 643 praedictas
731 610 764 633 se
775 601 919 634 conferre
936 600 974 634 de
990 601 1072 634 facto
1090 601 1184 634 distu-

442 652 547 685 lerunt
570 658 600 686 et
624 652 782 695 differunt,
807 658 837 686 et
850 653 888 686 ab
906 654 1024 687 eisdem
1043 655 1183 688 ecclesiis

443 706 506 738 suis
531 706 757 740 contumaciter
781 707 900 750 absque
923 708 1031 740 nostra
1049 711 1079 741 et
1091 707 1183 741 huius

443 757 573 792 Sanctae
597 759 684 792 Sedis
700 759 826 793 licentia
843 760 964 800 absunt,
979 770 1091 804 parum
1109 771 1183 794 vero

444 811 524 844 foret
548 812 786 846 constitutiones
810 813 998 856 apostolicas
1014 812 1063 845 edi
1084 819 1113 845 et
1129 824 1185 857 pu-

444 864 566 905 blicari,
592 865 650 898 nisi
675 866 876 909 exequutioni
901 866 1182 899 demanderenturt

490 919 504 961 ἓ
523 917 552 951 3.
574 918 706 959 Idcirco,
723 924 811 952 motu
830 920 971 964 proprio,
992 923 1022 954 et
1042 930 1078 952 ex
1099 921 1183 954 certa

445 972 575 1005 scientia
600 978 629 1005 et
654 974 778 1005 matura
803 972 1028 1007 deliberatione
1053 974 1183 1015 nostris,

445 1025 546 1069 deque
570 1026 760 1069 apostolicae
780 1026 941 1070 potestatis
971 1026 1183 1070 plenitudine,

445 1078 502 1111 tibi
526 1088 583 1121 per
607 1082 786 1122 praesentes
811 1079 1038 1113 committimus
1052 1083 1081 1114 et
1101 1090 1185 1113 man-

446 1130 567 1172 damus,
592 1135 745 1175 quatenus
758 1137 866 1165 contra
880 1142 990 1166 omnes
1003 1137 1032 1166 et
1046 1133 1185 1176 singulos

447 1185 625 1229 episcopos,
651 1185 905 1229 archiepiscopos
930 1190 959 1218 et
983 1185 1060 1219 alios
1084 1197 1182 1230 quos-

447 1248 581 1281 cumque
605 1237 746 1270 ecclesiis
769 1238 1015 1280 cathedralibus,
1032 1238 1186 1283 archiepi-

446 1291 636 1335 scopalibus,
650 1291 900 1336 metropolitanis
913 1297 943 1325 et
956 1292 1186 1336 primatialibus

446 1355 482 1377 ac
494 1345 586 1377 etiam
604 1345 776 1378 maioribus
793 1345 969 1389 praefectos
986 1356 1185 1390 quacumque

446 1398 596 1441 dignitate
620 1399 788 1442 praeditos,
813 1399 906 1432 etiam
927 1400 956 1433 S.
977 1400 1012 1433 R.
1030 1400 1063 1433 E.
1088 1400 1186 1433 cardi-

445 1453 542 1492 nales,
567 1453 792 1496 cuiuscumque
813 1454 980 1497 qualitatis,
993 1459 1101 1496 status,
1118 1465 1187 1497 gra-

446 1505 504 1538 dus
529 1510 558 1538 et
583 1505 780 1548 conditionis,
801 1507 894 1540 etiam
912 1507 1041 1551 speciali
1064 1510 1140 1541 nota
1157 1513 1187 1541 et

447 1560 649 1601 expressione
673 1559 802 1602 dignos,
835 1560 917 1603 apud
943 1570 1014 1593 suas
1038 1560 1186 1594 ecclesias

447 1622 645 1655 quacumque
668 1612 706 1645 de
730 1614 840 1653 causa,
869 1614 991 1647 ratione
1016 1614 1063 1647 vel
1089 1625 1182 1658 prae-

446 1669 533 1697 textu
556 1675 640 1699 nunc
652 1670 683 1698 et
694 1676 753 1710 pro
770 1670 913 1710 tempore
926 1677 989 1700 non
1002 1667 1185 1711 residentes,

448 1727 503 1750 seu
526 1717 564 1750 ad
588 1718 790 1752 residendum
816 1719 850 1752 in
872 1719 915 1753 eis
940 1730 1003 1754 non
1027 1731 1060 1754 se
1081 1721 1186 1755 confe-

447 1776 561 1814 rentes,
587 1773 635 1805 vel
659 1773 734 1805 alias
758 1778 846 1806 extra
870 1773 1073 1807 residentiam
1099 1785 1187 1808 suam

448 1825 686 1868 quomodolibet
703 1836 832 1859 moram
858 1831 966 1861 contra
990 1833 1042 1860 aut
1063 1833 1188 1871 praeter

448 1877 589 1910 eiusdem
610 1878 840 1912 constitutionis
859 1884 889 1912 et
906 1879 1023 1913 decreti
1041 1881 1189 1915 consisto-

448 1931 534 1963 rialis
566 1936 709 1965 tenorem
740 1933 921 1974 trahentes,
947 1939 1010 1966 tam
1041 1934 1074 1966 in
1106 1934 1187 1968 Urbe

449 1994 544 2027 quam
569 1985 642 2017 alibi
675 1990 704 2019 et
732 1986 848 2030 ubique
880 1987 1024 2020 locorum
1048 1987 1188 2031 quando-

450 2048 586 2083 cumque
609 2044 851 2081 commorantes,
868 2039 907 2073 ad
923 2040 1066 2073 omnium
1084 2046 1113 2073 et
1129 2041 1189 2074 sin-

450 2092 594 2134 gularum
631 2103 837 2126 censurarum
877 2098 907 2128 et
944 2104 1116 2138 poenarum
1157 2095 1188 2127 in

450 2145 568 2178 eisdem
593 2147 814 2181 constitutione
834 2152 864 2181 et
882 2147 1010 2181 decreto
1031 2158 1189 2192 expressa-

451 2209 521 2232 rum
546 2200 788 2233 declarationem
814 2206 844 2233 et
867 2201 1121 2244 exequutionem,
1139 2211 1190 2233 au-

452 2252 595 2285 ctoritate
628 2255 734 2286 nostra
767 2254 916 2297 (excepta
951 2259 1055 2286 tamen
1089 2255 1189 2297 poena

452 2305 656 2349 depositionis
686 2317 740 2339 seu
774 2306 960 2350 privationis
983 2306 1189 2340 ecclesiarum

451 2359 694 2402 praedictarum,
712 2371 806 2403 quam
826 2371 961 2404 poenam
980 2366 1009 2394 et
1025 2371 1189 2404 quascum-

452 2423 512 2456 que
537 2413 612 2445 alias
639 2413 669 2445 in
695 2413 804 2446 eadem
830 2414 1050 2448 constitutione
1081 2419 1189 2447 nostro

453 2471 482 2498 et
502 2466 635 2498 Romani
650 2466 809 2500 Pontificis
824 2478 883 2510 pro
900 2473 1046 2511 tempore
1061 2467 1191 2500 existen-

454 2520 490 2553 tis
515 2521 648 2554 arbitrio
674 2526 859 2563 reservatas,
885 2521 978 2555 etiam
1006 2521 1191 2565 privationis

452 2574 678 2618 cuiuscumque
702 2575 786 2608 vocis
818 2575 935 2608 activae
966 2580 996 2608 et
1027 2574 1190 2619 passivae,

452 2627 478 2659 si
502 2637 578 2670 quas
602 2637 659 2660 nos
693 2628 876 2662 duxerimus
907 2629 955 2661 vel
987 2628 1039 2661 ille
1067 2627 1190 2662 duxerit

1026 233 1207 257 BULLARIUM
1230 232 1385 258 ROMANUM

1217 280 1412 323 infligendas,
1429 280 1519 314 nobis
1536 285 1566 314 et
1582 281 1626 314 illi
1643 283 1864 327 reservamus),
1881 293 1951 326 pro-

1216 333 1307 366 cedas
1331 333 1415 366 iuxta
1439 334 1573 367 sormam
1606 334 1639 366 in
1668 335 1778 368 eadem
1803 336 1952 369 constitu-

1215 387 1299 420 tione
1323 387 1572 431 praescriptam,
1598 392 1628 420 et
1651 389 1753 430 quoad
1782 389 1873 430 illos,
1898 388 1951 433 qui

1216 450 1299 472 nunc
1323 445 1396 472 sunt
1424 445 1454 473 et
1483 451 1543 484 pro
1573 444 1716 483 tempore
1741 446 1832 473 erunt
1855 452 1873 474 a
1896 452 1950 474 re-

1217 493 1348 527 sidentia
1373 504 1502 526 suarum
1527 494 1730 526 ecclesiarum
1757 493 1900 526 absentes
1923 497 1952 528 et

1218 553 1303 580 extra
1328 547 1500 580 Romanam
1525 548 1645 580 curiam
1670 548 1834 596 degenteS,
1859 547 1951 580 etiam

1218 611 1274 645 per
1299 601 1436 634 edictum
1453 601 1626 645 publicum,
1647 601 1780 635 constito
1797 601 1852 634 tibi
1869 612 1953 634 sum-

1219 655 1317 688 marie
1335 655 1372 688 de
1390 665 1452 688 non
1468 660 1536 688 tuto
1553 665 1688 688 accessu.
1707 656 1769 689 Nos
1790 655 1872 688 enim
1899 654 1954 688 tibi

1218 708 1333 741 nedum
1351 699 1523 752 praemissa
1540 708 1643 741 omnia
1657 713 1687 741 et
1700 708 1832 751 singula,
1847 718 1955 741 verum

1218 761 1311 794 etiam
1340 771 1557 805 quaecumque
1581 761 1641 794 alia
1665 761 1800 805 desuper
1826 771 1956 806 quomo-

1218 815 1338 848 dolibet
1361 815 1538 848 necessaria
1557 819 1587 848 et
1611 819 1808 858 opportuna,
1833 814 1955 848 etiamsi

1219 868 1386 912 specialem
1419 874 1450 901 et
1486 878 1665 912 expressam
1698 878 1734 900 ac
1765 867 1956 900 individuam

1218 921 1415 966 requirerent
1433 922 1635 962 mentionem,
1656 920 1799 962 faciendi,
1814 920 1956 964 gerendi,

1218 975 1384 1008 exercendi
1409 980 1439 1008 et
1462 975 1646 1019 exequendi,
1671 980 1704 1007 ut
1727 974 1956 1018 praemittitur,

1219 1028 1361 1071 plenam,
1386 1028 1520 1061 liberam
1545 1033 1575 1061 et
1599 1029 1736 1073 amplam
1757 1028 1956 1070 facultatem,

1220 1082 1330 1115 eadem
1354 1083 1557 1123 auctoritate,
1588 1087 1696 1116 tenore
1721 1082 1956 1127 praesentium,

1220 1135 1423 1169 concedimus
1448 1141 1478 1168 et
1500 1136 1712 1180 impertimur.

1264 1189 1279 1231 ἓ
1310 1188 1339 1222 5.
1370 1189 1437 1222 Non
1473 1189 1668 1222 obstantibus
1699 1189 1891 1233 praemissis,
1923 1200 1958 1223 ac

1220 1241 1495 1275 constitutionibus
1520 1247 1549 1275 et
1566 1242 1817 1276 ordinationibus
1837 1247 1958 1286 aposto-

1219 1294 1297 1335 licis,
1323 1295 1416 1327 etiam
1440 1295 1539 1329 felicis
1563 1296 1788 1330 recordationis
1808 1295 1957 1330 Bonifacii

1220 1347 1320 1391 Papae
1340 1347 1405 1381 VIII
1424 1348 1677 1392 praedecessoris
1698 1349 1797 1382 nostri
1822 1348 1860 1382 de
1884 1350 1957 1390 una,

1220 1406 1250 1434 et
1281 1402 1405 1435 concilii
1441 1402 1597 1444 generalis
1626 1402 1664 1435 de
1694 1402 1814 1435 duabus
1846 1402 1957 1443 dietis,

1220 1464 1341 1488 necnon
1366 1455 1513 1488 omnibus
1537 1455 1616 1496 aliis,
1633 1465 1713 1499 quae
1734 1455 1765 1487 in
1789 1454 1959 1499 praedictis

1220 1508 1440 1542 constitutione
1465 1513 1496 1541 et
1519 1508 1646 1542 decreto
1669 1509 1878 1543 consistoriali
1903 1519 1958 1541 vo-

1220 1560 1336 1594 luimus
1360 1571 1423 1595 non
1447 1561 1582 1604 obstare,
1601 1562 1776 1606 ceterisque
1793 1561 1960 1595 contrariis

1220 1614 1482 1659 quibuscumque.

1264 1667 1374 1701 Datum
1404 1669 1531 1709 Romae,
1556 1669 1639 1712 apud
1664 1669 1693 1702 S.
1720 1668 1847 1701 MarIam
1868 1668 1961 1702 Maio-

1220 1731 1299 1762 rem,
1317 1721 1374 1754 sub
1391 1721 1507 1754 annulo
1522 1721 1699 1762 Piscatoris,
1713 1722 1762 1755 die
1773 1732 1812 1756 xv
1823 1727 1960 1766 septem-

1220 1774 1285 1807 bris
1299 1784 1461 1816 Mncxxxv,
1478 1776 1678 1819 pontificatus
1691 1776 1790 1809 nostri
1804 1786 1886 1809 anno
1895 1785 1959 1809 xm.

1256 1837 1316 1865 Dat.
1332 1836 1375 1864 die
1392 1838 1424 1866 15
1439 1837 1602 1873 septembris
1615 1837 1692 1872 1635,
1705 1836 1801 1873 pontif.
1813 1845 1884 1866 anno
1899 1845 1960 1865 xm.

1526 2007 1652 2040 DXXIV.

1225 2093 1434 2137 Confirmatio
1460 2094 1554 2127 laudi
1584 2095 1619 2127 in
1649 2094 1756 2127 causis
1781 2095 1867 2127 inter
1889 2096 1959 2138 epi-

1266 2158 1397 2191 scopum
1425 2149 1533 2192 Buryi
1557 2149 1587 2182 S.
1613 2148 1787 2191 Sepulchri
1814 2152 1843 2181 el
1867 2148 1962 2181 abba-

1269 2205 1331 2234 tem
1355 2203 1545 2235 monasterii
1569 2202 1600 2235 S.
1629 2202 1755 2234 Mariae
1779 2202 1816 2234 in
1839 2202 1962 2235 Balneo

1267 2256 1526 2298 conqreqatz'om's
1553 2255 1816 2289 Camalclulensis
1844 2259 1963 2288 verten-

1269 2307 1351 2340 tibus
1375 2319 1471 2351 super
1493 2310 1665 2352 praetensa
1692 2319 1752 2352 per
1781 2309 1963 2352 episcopum

1267 2361 1462 2394 subiectione
1474 2362 1573 2394 castri
1586 2362 1617 2395 S.
1638 2361 1765 2394 Mariae
1781 2362 1813 2394 in
1826 2361 1959 2401 Babzeo,

1268 2415 1418 2446 exercitio
1451 2414 1707 2455 iurisdictionis,
1740 2424 1862 2448 necnon
1893 2415 1964 2447 iure

1269 2467 1450 2510 conferendi
1474 2467 1621 2501 ecclesias
1638 2468 1674 2501 in
1692 2467 1786 2501 illius
1802 2467 1964 2501 territorio

1269 2520 1465 2555 existentes1.

1262 2639 1272 2664 1
1295 2637 1332 2665 Ex
1349 2637 1456 2673 Regest.
1482 2638 1509 2665 in
1524 2637 1626 2666 Sem-et.
1643 2637 1719 2665 Breve

1967 234 2014 260 An.
2031 234 2062 261 G.
2082 232 2148 262 1635

1974 1198 2085 1220 Obstantia
2098 1198 2157 1219 tollit.
