2248 3229
95 215 146 247 An·
161 215 193 246 G.
209 215 278 247 ¹635

115 1027 178 1048 Arma
192 1027 213 1048 in
223 1032 274 1048 con-

89 1054 137 1075 silio
160 1054 274 1076 nullimode

90 1080 212 1102 deserenda.

115 1296 146 1318 ne
157 1296 273 1322 expeditio·

88 1329 115 1344 ne
128 1324 272 1345 mandatorum

89 1350 116 1370 de
127 1351 223 1376 pecuniis
233 1351 273 1372 sol-

89 1376 171 1398 vendis.

114 1564 190 1586 Munus
205 1565 272 1585 consi-

86 1590 196 1612 liariorum
223 1597 272 1612 con-

86 1618 244 1640 tradicentium.

113 1886 234 1909 clausulae.

906 212 1049 239 URBANUS
1073 213 1130 240 vm
1153 213 1201 240 1²1⁵.

292 271 374 297 unus
389 271 453 296 non
470 261 571 307 possit
586 261 680 296 dare¹
698 262 788 297 alteri
805 267 912 296 votum
930 273 1031 306 suum,

292 326 358 357 seu,
381 320 416 349 ut
440 315 534 359 vulgo
559 315 683 359 dicitur,
708 316 817 360 pillam
843 327 947 357 suam,
973 316 1031 350 sub

290 369 475 415 privationis
505 369 565 403 loci
597 369 719 404 consilii
748 380 805 414 per
829 369 1029 412 decennium,

291 423 422 467 aliisque
438 423 548 468 poenis
562 423 694 457 arbitrio
710 424 804 466 legati
822 423 1029 457 incurrendis.

290 477 328 510 Et
352 477 477 521 quando
508 477 540 510 in
573 477 705 511 consilio
739 477 924 510 tractabitur
952 477 1030 511 intc-

290 540 376 564 resse
400 531 531 565 alicuius
556 531 780 574 consanguinei
802 532 850 564 vel
875 531 975 564 affinis
1000 532 1030 564 in

289 584 393 629 primo
417 584 465 617 vel
489 583 626 618 secundo
646 584 747 627 gradu
764 584 932 625 coniuncti,
958 590 1030 618 tunc

290 637 480 678 consiliarii,
508 637 561 682 qui
588 638 650 670 sint
674 638 727 670 tali
751 638 1030 682 consanguinitatis

289 692 338 725 vel
362 690 519 724 affinitatis
543 691 644 734 gradu
668 691 837 734 coniuncti,
857 702 874 724 a
899 695 1030 726 tractatu

290 749 320 778 et
344 749 416 778 voto
440 745 627 789 praestando
659 756 694 779 ac
727 746 821 779 etiam
850 756 868 778 a
900 745 1030 779 consilio

289 798 413 833 excludi
445 798 598 842 debeant,
622 803 753 844 excepto
787 805 907 833 tantum
935 809 1029 840 casu,

288 863 351 897 quo
383 853 421 887 de
454 857 580 887 oratore
612 853 695 897 apud
719 863 776 887 nos
801 858 831 886 et
854 853 1030 887 Romanum

290 905 473 940 Pontificem
493 917 551 951 pro
572 912 714 952 tempore
733 906 917 941 existentem
937 906 1031 951 depu-

288 960 382 995 tando
406 959 600 995 tractabitur.

333 1015 348 1060 §
373 1015 401 1048 5.
425 1015 464 1048 Et
488 1015 526 1048 ad
550 1014 693 1048 evitanda
718 1013 862 1048 scandala
885 1013 1032 1058 prohibe-

289 1079 360 1102 mus
385 1069 532 1103 omnibus
550 1073 580 1102 et
597 1068 728 1112 singulis
744 1068 941 1109 consiliariis,
961 1068 1029 1102 offi-

290 1122 422 1157 cialibus
446 1128 477 1156 et
495 1122 657 1163 ministris,
674 1132 713 1156 ne
735 1122 767 1155 in
791 1122 922 1156 consilio
942 1132 1030 1156 arma

290 1176 457 1211 cuiuslibet
473 1176 600 1220 generis
615 1175 708 1211 etiam
725 1176 883 1210 defensiva
907 1176 1029 1210 deferre

289 1230 431 1265 audeant.

332 1283 391 1329 §a
408 1284 560 1318 Volumus
576 1284 680 1326 etiam,
698 1284 782 1328 quod
803 1283 950 1329 deinceps
967 1294 1030 1318 om-

288 1338 340 1372 nia
364 1343 394 1372 et
418 1338 542 1382 singula
566 1338 712 1371 mandata
729 1342 759 1373 ct
778 1338 904 1372 ordines
920 1338 958 1372 de
979 1349 1030 1383 pc-

289 1392 390 1427 euniis
414 1392 570 1426 solvendis
597 1392 751 1440 subscribi
777 1392 911 1427 debeant
934 1403 951 1426 a
975 1393 1028 1426 iu—

288 1446 357 1481 dice
380 1447 558 1492 sapientum
583 1452 613 1480 et
638 1447 760 1480 duobus
785 1447 961 1491 sapientum
986 1457 1031 1481 se-

288 1500 446 1541 nioribus,
470 1501 546 1534 alias
571 1501 684 1534 solutio
709 1501 795 1534 nulla
819 1501 874 1541 sit,

332 1554 348 1598 ξ
374 1554 401 1587 7.
428 1553 578 1597 Quodque
595 1554 626 1587 in
646 1554 812 1587 cuiuslibet
836 1555 958 1588 consilii
975 1555 1030 1588 ini-

286 1607 331 1641 tio
355 1612 440 1648 sorte
462 1608 665 1640 extrahantur
682 1608 744 1641 duo
770 1608 950 1649 consiliarii,
975 1609 1029 1652 qui

286 1671 402 1695 munus
422 1662 705 1696 contradicentium
731 1664 862 1707 singulis
886 1665 1030 1709 proposi-

286 1715 424 1750 tionibus
440 1716 472 1749 in
497 1715 609 1749 eodem
626 1717 756 1751 consilio
782 1718 930 1752 faciendis
943 1729 1030 1753 exer-

287 1774 398 1811 ceant,
425 1779 488 1804 non
512 1775 618 1803 tamen
641 1771 674 1804 in
698 1771 903 1806 electionibus
928 1773 1028 1817 magi-

286 1828 443 1858 stratuum
469 1829 499 1858 et
523 1825 657 1858 aliorum
683 1825 874 1859 officialium.

330 1878 346 1921 g
370 1876 399 1910 8.
425 1877 624 1919 Decrnentes,
645 1884 828 1922 praesentes
846 1879 966 1914 litteras
990 1881 1028 1915 de

285 1931 498 1976 subreptionis
524 1942 580 1965 seu
609 1933 879 1977 nullitatispvitio,
904 1940 957 1968 aut
980 1935 1028 1968 in-

286 1986 434 2020 tentionis
450 1991 586 2030 nostrae,
601 1987 648 2020 vel
666 1988 726 2021 alio
741 1988 888 2032 quopiam
907 1989 1028 2023 defectu

284 2039 402 2082 notari,
427 2040 622 2084 impugnari,
647 2041 825 2081 invalidari,
850 2042 881 2074 in
906 2042 954 2075 ius
979 2043 1027 2076 vel

286 2095 533 2128 controversiam
557 2096 700 2128 revocari
725 2096 903 2129 nullatenus
924 2107 1025 2140 posse,

285 2148 340 2181 sed
364 2147 433 2181 illas
465 2158 589 2193 semper
612 2149 750 2190 validas,
776 2149 883 2183 firmas
908 2156 938 2184 et
963 2150 1027 2184 essi-

286 2212 376 2237 caces
400 2203 553 2244 existere,
578 2214 714 2248 suosque
743 2205 900 2248 plenarios
925 2210 955 2238 et
979 2206 1026 2238 in-

286 2262 392 2300 tegros
416 2256 546 2290 effectus
571 2257 677 2290 sortiri
701 2263 732 2291 et
756 2258 908 2299 obtinere,
926 2269 961 2292 ac
988 2259 1026 2292 ab

286 2309 433 2344 omnihus
457 2315 487 2343 et
511 2310 658 2354 singulis,
684 2311 722 2344 ad
752 2322 830 2356 quos
855 2316 973 2356 spectat
997 2319 1027 2347 et

285 2374 345 2408 pro
370 2369 514 2408 tempore
540 2364 776 2408 quomodolibet
800 2366 961 2410 spectabit,
978 2367 1026 2400 in-

285 2417 475 2451 violabiliter
499 2417 661 2452 observari
686 2418 821 2460 debere;
846 2420 971 2464 sicque,
997 2426 1027 2454 et

284 2480 348 2505 non
373 2471 473 2513 aliter,
492 2481 550 2515 per
570 2481 786 2516 quoscumque
804 2473 922 2507 iudices
935 2474 1027 2508 ,ordi-

285 2524 392 2560 narios
416 2528 446 2559 et
469 2524 638 2568 delegem,
663 2525 756 2559 etiam
781 2536 946 2561 causarum
970 2539 1026 2573 pa—

321 2633 332 2660 ¹
355 2631 446 2660 Subde
461 2631 575 2667 palam,
592 2635 621 2659 ut
640 2635 715 2667 patet
733 2641 764 2661 ex
784 2637 909 2662 contextu
923 2635 961 2670 (n.
977 2636 1025 2671 T.).

401 2696 480 2726 Ball.
495 2695 576 2727 Rom.
593 2711 628 2720 —
646 2696 705 2726 Vol.
721 2696 795 2728 XIV.
941 2701 975 2730 54

1066 262 1131 297 latii
1156 261 1320 308 apostolici
1344 261 1514 304 auditores,
1527 271 1563 296 ac
1585 260 1614 295 S.
1635 260 1670 295 R.
1691 261 1724 295 E.
1745 271 1811 296 car-

1066 317 1195 357 dinales,
1220 315 1314 349 etiam
1339 315 1377 349 de
1402 316 1499 350 latere
1522 316 1653 359 legatos,
1685 315 1808 349 sublata

1066 370 1110 403 eis
1135 376 1163 403 ct
1189 380 1299 403 corum
1324 369 1462 411 cuilibet,
1487 369 1596 414 quavis
1621 369 1711 402 aliter
1730 368 1807 402 iudi-

1066 424 1155 457 candi
1180 428 1211 457 ct
1234 423 1460 468 interpretandi
1485 424 1630 457 facultate
1652 428 1683 456 ct
1706 428 1810 457 aucto·

1065 478 1165 519 ritate,
1186 478 1318 511 iudicari
1343 483 1371 510 et
1396 477 1520 511 deliniri
1545 477 1670 521 debere,
1689 487 1724 511 ac
1742 477 1809 510 irri-

1067 538 1132 565 tum
1158 536 1187 566 et
1210 532 1302 565 inane
1337 531 1486 575 quicquid
1518 541 1607 564 secus
1639 541 1736 575 super
1760 531 1809 564 his

1066 596 1082 618 a
1104 595 1264 629 quoquam
1279 613 1286 627 ,
1310 585 1418 629 quavis
1443 585 1628 619 auctoritate
1642 612 1650 625 ,
1675 584 1808 618 scienter

1066 639 1113 672 vel
1140 639 1332 682 ignoranter,
1358 639 1526 682 contigerit
1550 638 1705 672 attentari.

1110 692 1125 736 g
1149 692 1178 725 9.
1204 693 1273 726 Non
1297 692 1495 726 obstantibus
1512 692 1673 736 quibusvis
1698 694 1808 726 consti-

1067 746 1240 780 tutionibus
1271 751 1300 781 ct
1324 746 1575 780 ordinationibus
1604 746 1808 791 apostolicis,

1067 800 1333 844 cancellariaeque
1343 801 1532 844 apostolicae
1542 800 1670 843 regulis,
1682 806 1712 834 et
1721 811 1809 845 prae-

1068 854 1177 886 sertim
1202 853 1255 887 illa
1279 853 1317 886 de
1333 863 1395 887 non
1413 853 1551 887 tollendo
1571 854 1640 887 iure
1657 854 1807 897 quaesito,

1066 917 1102 940 ac
1126 906 1228 940 dictae
1252 906 1384 940 civitatis
1409 906 1630 949 Ferrariensis,
1648 907 1740 940 etiam
1766 907 1810 940 iu-

1065 965 1207 993 ramento
1222 986 1230 999 ,
1262 958 1502 992 confirmatione
1526 956 1709 1003 “apostoliea
1724 987 1731 1001 ,
1760 960 1807 993 vel

1065 1012 1174 1057 quavis
1197 1012 1347 1045 firmitate
1371 1012 1431 1045 alia
1456 1012 1624 1053 roboratis,
1642 1012 1762 1045 statutis
1780 1016 1810 1047 et

1065 1066 1358 1108 consuetudinibus,
1378 1065 1471 1098 etiam
1492 1065 1808 1107 immemorabilibus,

1064 1120 1238 1165 privilegiis
1256 1130 1392 1164 quoque,
1410 1119 1540 1152 indultis
1560 1124 1590 1152 et
1606 1119 1717 1153 litteris
1734 1129 1809 1163 apo-

1066 1174 1184 1208 stolicis
1220 1175 1251 1207 in
1287 1174 1522 1208 contrariorum
1557 1174 1807 1218 praemissorum

1065 1228 1302 1272 quomodolibet
1322 1228 1489 1270 concessis,
1508 1227 1702 1261 confirmatis
1716 1233 1747 1261 et
1764 1228 1808 1261 in-

1065 1282 1204 1323 novatis,
1222 1281 1337 1326 quibus
1361 1282 1507 1315 omnibus
1525 1286 1555 1315 et
1580 1282 1720 1325 singulis,
1738 1282 1807 1315 illo-

1065 1347 1137 1369 rum
1169 1340 1292 1370 tenores
1323 1336 1539 1381 praesentibus
1572 1347 1630 1381 pro
1664 1337 1755 1380 plene
1779 1342 1809 1370 et

1065 1390 1256 1424 sufficienter
1277 1390 1451 1434 expressis,
1480 1401 1515 1423 ac
1539 1390 1578 1422 ad
1602 1390 1735 1423 verbum
1760 1390 1807 1423 in-

1065 1445 1156 1478 sertis
1181 1445 1343 1485 habentes,
1364 1444 1426 1477 illis
1451 1443 1526 1476 alias
1552 1444 1583 1476 in
1608 1454 1665 1476 suo
1691 1444 1808 1477 robore

1063 1498 1280 1543 permansuris
1298 1497 1335 1530 ad
1354 1497 1500 1531 effectum
1512 1497 1721 1542 praemissum
1740 1509 1808 1542 spe-

1063 1552 1183 1586 cialiter
1200 1557 1230 1586 et
1244 1562 1393 1597 expresse
1410 1552 1600 1596 derogamus
1609 1563 1616 1593 3
1631 1552 1807 1597 ceterisque

1063 1607 1229 1641 contrariis
1254 1606 1518 1651 quibuscumque.

1107 1662 1219 1694 Datum
1244 1662 1378 1703 Romae,
1405 1660 1487 1704 apud
1513 1661 1541 1694 S.
1561 1660 1688 1693 Mariam
1713 1659 1807 1694 Maio-

1062 1725 1147 1757 rem,
1166 1715 1223 1748 sub
1241 1715 1356 1748 annulo
1384 1714 1570 1755 Piscator-is,
1588 1714 1638 1747 die
1662 1725 1735 1748 xxiv
1759 1715 1806 1748 iu-

1062 1769 1105 1803 nii
1124 1779 1297 1809 iunoxxxw,
1320 1768 1520 1813 pontificatus
1544 1769 1643 1802 nostri
1664 1780 1746 1802 anno
1767 1778 1804 1804 xl.

1097 1842 1156 1870 Dat.
1174 1841 1216 1870 die
1231 1841 1247 1869 8
1262 1841 1330 1869 iunii
1351 1841 1428 1876 1634,
1445 1840 1540 1876 pontif.
1557 1849 1628 1869 anno
1644 1847 1679 1869 x1.

1307 2008 1310 2013 ’
1328 1994 1531 2029 CDLXXXIX.

1061 2074 1249 2108 Nonnullae
1266 2075 1500 2109 declarationes
1521 2077 1607 2109 circa
1624 2081 1803 2110 controver-

1105 2129 1172 2161 sias
1185 2128 1271 2161 inter
1285 2129 1482 2162 colleclorein
1497 2133 1525 2162 el
1541 2130 1804 2164 commissarium

1107 2183 1269 2216 cruciatae
1294 2183 1519 2227 Porlaqalliae
1544 2189 1698 2218 vertentes
1711 2184 1730 2219 ¹.

1060 2271 1230 2300 Venerabili
1258 2272 1346 2300 fratri
1372 2272 1533 2301 Laurentio
1564 2273 1704 2308 episeopo
1733 2274 1801 2302 Hie-

1095 2317 1235 2349 racensi,
1266 2319 1405 2346 moderno
1434 2322 1465 2346 et.
1493 2326 1544 2353 pro
1573 2322 1706 2354 tempore
1739 2320 1802 2347 exi-

1096 2362 1190 2389 stenti
1201 2363 1211 2381 2
1227 2361 1336 2389 iurium
1356 2365 1387 2390 et
1407 2363 1568 2397 spoliorum
1585 2372 1718 2392 camerae
1735 2372 1803 2398 apo-

1096 2406 1221 2434 stolicae
1251 2407 1281 2433 in
1309 2407 1509 2442 Portuqalliae
1539 2411 1570 2435 et
1600 2410 1803 2443 algarbiorum

1097 2451 1204 2486 Regnis
1221 2451 1388 2479 debitorum
1409 2453 1562 2481 collectori
1581 2454 1724 2488 generali,

1255 2513 1389 2541 Urbanus
1418 2514 1498 2548 Papa
1528 2514 1604 2542 VIII.

1098 2604 1107 2630 1
1127 2602 1163 2629 Ex
1180 2602 1286 2637 Regest.
1304 2603 1330 2629 in
1346 2602 1446 2630 Secret.
1470 2603 1603 2630 Brevium.

1095 2646 1111 2674 2
1131 2646 1201 2675 Edit.
1223 2647 1303 2676 Main.
1323 2648 1389 2684 legit
1408 2648 1546 2677 existente
1566 2650 1606 2684 (R.
1622 2650 1671 2683 Τ.).

1713 203 1780 239 425
1827 212 1875 242 An.
1893 212 1921 243 G.
1939 212 2008 242 1634

1874 652 2008 674 ommatium

1824 678 1941 705 derogatio.
