2248 3229
100 226 151 254 Λη.
165 224 194 252 C.
216 223 284 252 1633

137 1407 289 1429 controversiis

105 1435 199 1456 oriundis
220 1435 289 1459 provi-

104 1462 148 1484 det.
163 1464 183 1481 ut
198 1462 289 1482 minores

105 1489 198 1514 episcopi
213 1494 289 1513 coguu-

104 1517 170 1537 scantv
181 1515 287 1539 graviores

105 1541 201 1562 Pontii-ci
211 1540 289 1567 signifi-

105 1571 160 1589 cent.

108 2101 216 2133 Clausulas
231 2108 291 2130 prae-

108 2132 225 2159 serrauvas
251 2135 292 2156 ap-

108 2158 174 2182 ponit.

136 2369 214 2395 sicque
236 2369 294 2390 iudi·

110 2401 155 2417 cari
170 2396 263 2417 mandat.

904 220 1046 245 sno-inus
1071 220 1119 244 re.
1146 219 1201 243 vin
1720 206 1785 240 325³»
1831 216 2014 245 An.t:.1ss33

298 270 435 312 nomine,
451 270 580 312 directe,
598 270 662 304 sire
677 269 839 310 indirecte,
857 274 909 302 aut
929 269 1040 313 quovis

298 324 358 357 alio
383 329 558 368 praetextu,
584 325 677 357 causa
702 329 755 356 aut
772 323 888 363 colore,
912 322 1040 355 interdi-

299 378 398 411 cimus
423 383 452 411 et
477 378 683 421 probibemus
703 377 761 410 sub
780 376 1037 410 excommunica-

300 431 392 464 tionis
422 431 501 465 latae
534 431 705 464 sententiae
730 431 832 474 poena
865 430 932 473 ipso
961 429 1058 462 sacto

300 485 506 526 incurrenda,
539 496 574 519 ae
607 485 789 529 privationis
815 484 900 517 vocis
924 482 1042 516 activae

300 542 329 570 et
359 539 521 581 passivae,
547 538 727 572 otlieiorum
758 548 793 571 ac
825 537 979 579 graduum
1013 540 1042 568 ct

299 590 487 634 dignitatum
513 601 799 634 quorumcumque,
814 591 906 623 etiam
926 588 1043 622 inhabi-

300 644 394 677 litatis
419 644 456 677 ad
482 654 527 685 ca,
552 650 582 678 ct
608 645 735 689 insuper
760 643 937 678 amissionis
958 646 1060 675 mer-¹

300 697 383 730 cium
409 703 439 731 et
464 698 625 732 lucrorum
652 709 687 731 ex
715 699 778 739 eis,
803 708 882 742 quae
901 696 1006 730 omnia
1025 706 1043 729 a

300 752 518 796 superioribus
543 753 743 796 religionum,
765 763 800 786 ex
818 751 932 796 quibus
949 750 1044 784 delin-

300 811 430 849 quentes
442 806 584 848 existent,
596 807 785 840 reservanda
796 810 885 840 erunt
901 805 938 838 ad
952 814 1042 838 usum

301 859 498 901 missionum,
512 871 589 904 quas
602 860 730 894 caedem
743 860 914 903 religiones
927 858 1044 891 liabent

301 916 330 946 et
354 912 519 947 habiturae
544 919 615 946 sunt
639 914 672 946 in
696 913 837 946 futurum
862 912 893 944 in
917 910 1042 956 praedi-

301 966 358 1000 ctis
378 967 484 1008 Indiis,
509 972 538 1000 et
562 977 626 1001 non
653 967 683 1000 in
708 967 785 1000 alios
809 976 904 1005 usus;
926 964 1062 998 eisdemx¹

302 1021 520 1064 superioribus
556 1021 697 1054 districte
729 1019 961 1064 praecipientes
986 1018 1062 1052 sub'

301 1074 419 1107 eisdem
451 1075 583 1119 poenis,
608 1080 642 1108 ut
666 1075 697 1107 in
720 1074 781 1108 boe
807 1073 989 1116 invigilent,
1015 1077 1045 1106 et

301 1134 410 1162 contra
432 1129 649 1173 delinquentes
673 1128 711 1161 ad
732 1127 909 1172 praedictas
926 1136 1044 1171 poenas
1061 1152 1062 1164 ,

300 1182 484 1226 procedant,
501 1182 622 1215 sublata
640 1182 758 1215 eisdem
776 1182 921 1215 facultate
939 1180 1045 1213 huius-

302 1235 387 1269 modi
401 1235 656 1280 delinquentibus
673 1235 791 1279 aliquid
807 1245 843 1267 ex
860 1234 950 1268 dictis
967 1244 1045 1267 mer·
1061 1243 1062 1247 ¹

303 1289 391 1323 cibus
416 1295 447 1322 et
470 1290 566 1323 lucris
592 1289 791 1334 quantumvis
817 1288 981 1321 minimum
1000 1298 1045 1321 re-

303 1343 445 1377 mittendi
469 1348 522 1376 aut
546 1343 754 1377 condonandi.

349 1397 364 1441 g
387 1397 417 1430 9.
446 1397 534 1436 Quod
559 1397 584 1430 si
609 1398 689 1430 sorte
713 1397 837 1441 aliquae
862 1400 1062 1430 conderer-¹

304 1451 367 1484 siae
391 1451 472 1485 inter
488 1451 653 1494 religiosos
670 1451 825 1484 dictarum
844 1451 1043 1494 religiomnn,
1061 1466 1062 1480 ÷

304 1504 388 1548 quod
412 1505 494 1538 Deus
518 1509 645 1547 avertat,
670 1505 822 1546 oriantur,
841 1504 982 1548 episcopi
1003 1504 1045 1537 lo-

304 1568 413 1591 corum
449 1558 683 1601 praedictorum
720 1569 779 1602 pro
811 1562 953 1601 tempore
984 1557 1045 1589 exi-

303 1615 429 1651 stentes,
455 1616 612 1655 tamquam
639 1611 725 1644 Sedis
745 1610 944 1654 Apostolieae
961 1609 1044 1642 dele-

304 1664 378 1707 gati,
395 1664 463 1698 illas
483 1664 628 1699 decidant
655 1670 685 1697 et
710 1664 888 1697 terminent.
914 1663 945 1696 Si
970 1673 1044 1696 vero

303 1771 343 1804 ad
364 1782 422 1805 nos
447 1777 478 1805 et
501 1773 660 1806 Romanos
684 1771 851 1805 Pontifices
876 1776 906 1804 et
926 1781 1046 1804 succes-

305 1834 392 1858 sores
415 1830 541 1859 nostros
567 1825 778 1868 quantocitius
791 1825 830 1857 ab
847 1824 964 1857 eisdem
983 1823 1047 1868 epi-

304 1878 407 1922 seopis
432 1878 608 1911 reserantur
623 1906 630 1919 ‚
654 1883 688 1910 ut
712 1878 795 1922 quod
816 1878 847 1911 in
867 1878 928 1911 illis
953 1878 1045 1911 statui
1063 1899 1064 1902 =

304 1942 340 1965 ac
364 1931 490 1965 decerni
516 1932 645 1974 debeat,
672 1933 794 1964 matura
820 1932 1046 1965 consultatione

305 1985 455 2026 adhibita,
472 1985 632 2029 provideri
650 1985 758 2029 possit3
780 1985 885 2028 sieque
903 1984 1046 2018 volumus

306 2044 336 2072 et
359 2038 552 2072 ordinamus,

351 2091 653 2136 §lQDecernentes
666 2097 846 2136 praesentes
864 2092 983 2125 litteras
1000 2102 1048 2124 ra-
1063 2091 1065 2130 ἴ
1080 2093 1211 2137 proprio
1237 2099 1267 2127 et
1291 2104 1327 2126 cx
1353 2095 1439 2127 certa
1464 2093 1593 2127 seientia
1622 2103 1657 2125 ac
1688 2092 1725 2125 de
1750 2102 1823 2136 apo-

306 2145 394 2186 lidas,
411 2145 519 2178 firmas
535 2151 565 2179 et
585 2146 726 2179 efficaces
750 2146 883 2178 existere
909 2150 939 2178 et
962 2146 1046 2186 fore,
1064 2157 1065 2164 ¹

307 2210 343 2233 ac
359 2200 398 2233 ab
420 2200 567 2233 omnihus
581 2204 611 2233 et
624 2200 767 2243 singulis,
784 2199 821 2232 ad
837 2210 915 2243 quos
930 2205 1047 2243 spectat

308 2259 338 2287 et
361 2264 420 2298 pro
448 2259 589 2298 tempore
620 2253 792 2298 spectabit,
826 2253 1048 2287 inviolabiliter

307 2307 479 2348 observari,

353 2362 368 2405 ἓ
392 2361 443 2394 Η.
469 2361 582 2405 Sicque
606 2372 664 2405 per
687 2372 904 2405 quoscumque
929 2362 1047 2395 iudices

309 2415 486 2449 ordinarios
511 2420 541 2448 et
564 2415 738 2458 delegatos,
763 2415 855 2449 etiam
880 2426 1046 2449 causarum

309 2468 413 2512 palatii
438 2459 603 2512 apostolici
627 2468 794 2511 auditores,
810 2468 932 2501 sublata
957 2469 1000 2502 eis
1018 2475 1047 2502 et

310 2533 420 2555 eorum
445 2522 571 2555 cuilibet
595 2522 704 2565 quavis
723 2521 813 2554 aliter
833 2521 990 2554 iudicandi
1007 2522 1048 2554 sa-

310 2577 424 2609 cultate
449 2581 479 2609 et
502 2575 697 2616 auctoritate,
714 2575 847 2608 iudicari
869 2581 898 2608 et
922 2574 1046 2609 definiri

310 2629 433 2673 debere,
451 2640 485 2663 ac
504 2629 628 2663 irritum
644 2634 672 2663 ct
687 2629 787 2672 inane,
805 2629 828 2663 si
848 2640 936 2664 secus
950 2640 1047 2674 super

1075 268 1132 309 liis,
1146 279 1162 301 a
1173 277 1344 311 quoquam,
1355 266 1462 310 quavis
1472 264 1668 306 auctoritate,
1679 264 1814 298 scienter

1076 322 1120 354 rel
1143 321 1333 363 ignoranter,
1356 319 1523 363 eontigerit
1541 318 1695 353 attentari.

1118 376 1133 418 g
1158 375 1208 407 1⁴2.
1233 375 1596 419 Mandantespropterea
1613 372 1767 406 universis
1785 376 1816 405 ct
1867 385 2014 412 Ezoquuioros

1075 428 1206 471 singulis
1230 429 1434 472 patriarchis,
1459 427 1719 472 archiepiscopis,
1744 426 1813 470 epi-
1830 411 1894 461 {3333}
1909 413 2016 466 ffssslffi'ltf‘

1075 482 1177 525 scopis
1202 491 1236 514 ac
1262 482 1375 515 ceteris
1400 482 1605 515 ecclesiarum
1626 486 1656 514 et
1672 482 1816 514 locorum

1075 535 1168 568 etiam
1187 535 1382 578 regularium
1400 535 1546 579 praelatis
1561 545 1618 579 per
1633 535 1815 567 universum

1076 587 1186 621 orbem
1212 587 1406 630 constitutis,
1433 593 1465 620 ut
1490 592 1672 631 praesentes
1696 587 1817 620 litteras

1077 641 1107 674 in
1132 641 1196 675 suis
1227 644 1360 688 quisquc
1394 641 1586 686 provinciis,
1619 641 1817 682 civitatibus,

1059 695 1273 731 ldioeeesibus
1288 724 1295 738 ,
1321 696 1465 740 capitulis
1489 701 1519 729 et
1550 694 1819 728 iurisdictionibus

1059 739 1116 782 *ab
1149 750 1296 784 omnibus
1322 749 1543 783 inviolabiliter
1567 747 1745 789 observari,
1771 752 1818 788 ct,

1077 803 1200 847 quotics
1232 803 1270 837 ab
1303 803 1454 837 Ordinum
1485 802 1721 848 praedictorum
1746 801 1819 834 reli-

1077 857 1173 900 giosis
1198 857 1339 901 requisiti
1365 857 1492 898 suerint,
1511 857 1693 891 solemniter
1713 855 1819 900 publi-

1078 911 1143 944 cari
1168 916 1280 944 curent
1305 916 1335 944 et
1359 911 1481 945 saciant.

1123 964 1201 1008 {1ss.
1226 965 1295 998 Non
1309 964 1507 999 obstantibus
1525 964 1692 997 interdicto
1707 969 1736 996 et
1750 973 1822 1007 pro·
1910 974 2020 997 Contraria

1078 1018 1284 1052 bibitionibus
1308 1029 1344 1052 ac
1368 1018 1481 1052 litteris
1510 1018 1665 1051 dictorum
1692 1017 1821 1061 praede·
1836 1001 1910 1024 “um''

1078 1082 1263 1113 cessorum,
1299 1072 1431 1116 aliisque
1463 1071 1666 1116 praemissis,
1698 1081 1820 1104 necnon

1078 1126 1268 1170 apostolicis,
1292 1126 1321 1159 in
1340 1126 1551 1171 synodalibus,
1576 1125 1822 1170 provincialibus

1079 1185 1108 1212 ct
1120 1179 1350 1213 universalibus
1364 1179 1504 1214 conciliis
1518 1179 1617 1221 editis,
1632 1178 1822 1223 specialibus

1079 1233 1126 1266 vel
1153 1233 1353 1277 generalibus
1379 1232 1655 1266 constitutionibus
1679 1238 1707 1265 et
1740 1231 1823 1265 ordi-

1079 1287 1268 1328 nationibus,
1285 1298 1319 1321 ae
1341 1286 1617 1320 constitutionilms
1642 1285 1680 1319 de
1705 1286 1767 1318 una
1793 1290 1822 1318 et

1079 1341 1199 1374 duabus
1213 1341 1312 1382 dietis,
1327 1341 1368 1373 ita
1381 1341 1465 1384 quod
1478 1340 1585 1384 vigore
1598 1339 1821 1384 praesentium,

1079 1395 1171 1428 etiam
1204 1395 1286 1428 ultra
1319 1394 1420 1427 duas¹
1454 1394 1552 1426 dietas
1577 1393 1708 1437 quilibet
1740 1393 1822 1425 trahi

1078 1448 1185 1492 possit,
1200 1458 1321 1481 necnon
1339 1447 1517 1492 praedictae
1533 1447 1611 1487 lesu,
1626 1447 1823 1490 aliarumque

1079 1501 1291 1544 religionum,
1323 1501 1559 1546 provinciarum
1594 1505 1624 1533 et
1654 1500 1823 1543 regionum

1078 1555 1328 1598 praedictarum,
1355 1555 1550 1596 iuramento,
1583 1553 1822 1587 confirmatione

1078 1608 1271 1652 apostoliea,
1298 1608 1345 1641 vel
1370 1608 1479 1652 quavis
1504 1608 1653 1640 firmitate
1677 1607 1737 1640 alia
1770 1617 1822 1639 ro-

1061 1689 1062 1695 ,
1078 1663 1206 1705 boratis,
1227 1664 1349 1698 statutis
1367 1668 1396 1697 et
1414 1662 1704 1703 consuetudinibus,
1727 1661 1823 1706 privi-

304 1718 451 1761 graviora
469 1718 620 1762 quaedam
637 1718 763 1761 negotia
784 1717 990 1758 occurrerint,
1010 1728 1044 1750 ea
1061 1707 1063 1744 l

1078 1717 1168 1760 legiis
1186 1728 1321 1762 quoquc,
1349 1717 1477 1750 indultis
1503 1721 1533 1750 et
1549 1716 1660 1750 litteris
1677 1715 1824 1759 apostoli-

1079 1771 1134 1812 cis,
1152 1771 1222 1814 illis,
1241 1782 1416 1816 eorumque
1430 1770 1588 1815 praelatis,
1602 1769 1822 1814 superioribus

1080 1830 1107 1857 et
1132 1825 1285 1869 personis,
1301 1825 1395 1858 etiam
1412 1824 1668 1869 particularibus,
1686 1823 1744 1856 sub
1758 1823 1823 1866 qui-

1079 1878 1277 1922 buscumque
1302 1879 1464 1912 tenoribus
1489 1883 1519 1910 et
1543 1877 1664 1918 formis,
1690 1887 1726 1910 ac
1750 1887 1821 1910 cun]

1080 1932 1242 1976 quibusvis
1282 1932 1556 1976 derogatoriaruiu
1594 1931 1822 1974 derogatoriis‚

1080 1986 1211 2030 aliisque
1226 1987 1455 2020 efficacioribus
1471 1991 1501 2020 et
1518 1985 1650 2019 insolitis
1664 1985 1823 2026 clausulis,

1081 2050 1116 2072 ae
1131 2040 1326 2074 irritantibus
1342 2045 1370 2073 ct
1385 2040 1454 2073 aliis
1468 2039 1612 2081 decretis,
1627 2039 1721 2072 etiarn
1735 2044 1823 2072 motu

1081 2147 1208 2180 stolieae
1232 2147 1393 2191 potestatis
1420 2147 1633 2191 plenitudine,
1656 2146 1687 2178 in
1707 2156 1823 2189 genere

1081 2201 1127 2234 vel
1154 2202 1185 2233 in
1209 2201 1323 2245 specie,
1345 2212 1380 2234 ac
1397 2201 1472 2233 alias
1488 2199 1727 2244 quomodolibet
1751 2210 1823 2233 con-

1064 2254 1176 2296 ¹cessis
1191 2281 1198 2295 ,
1223 2253 1405 2298 approbatis
1430 2259 1459 2287 et
1493 2254 1668 2293 innovatis,
1709 2253 1822 2297 quibus

1064 2303 1226 2341 *omnibus
1241 2335 1248 2348 ‚
1273 2308 1393 2341 etiamsi
1418 2319 1477 2352 pro
1506 2308 1633 2341 illorum
1655 2307 1821 2340 sufficienti

1081 2362 1285 2405 derogatione
1309 2361 1383 2393 alias
1408 2361 1445 2394 de
1471 2361 1530 2395 illis
1555 2371 1729 2405 eorumque
1751 2360 1822 2394 totis

1081 2415 1242 2449 tenoribus
1265 2415 1418 2459 specialis,
1442 2416 1597 2460 specifica,
1626 2425 1773 2460 expressa
1791 2420 1822 2448 et

1081 2469 1238 2502 individua
1253 2496 1260 2509 ,
1285 2479 1319 2501 ac
1344 2469 1382 2502 de
1402 2469 1498 2502 verbo
1523 2469 1562 2502 ad
1588 2469 1733 2509 verbum,
1758 2478 1822 2502 non

1080 2529 1183 2557 autem
1198 2534 1254 2567 per
1268 2523 1423 2555 clausulas
1440 2523 1603 2566 generales
1614 2523 1695 2556 idem
1707 2523 1822 2568 impor-

1116 2639 1127 2665 1
1151 2638 1220 2667 Edit.
1238 2637 1316 2667 ltlain.
1334 2638 1416 2668 babet
1435 2639 1545 2668 duabus
1559 2639 1596 2675 (R.
1613 2639 1661 2675 r).
