2248 3229
130 228 179 256 An.
194 228 223 256 C.
249 227 319 256 ¹633

942 227 1085 252 URBANUS
1109 227 1167 252 vm
1189 227 1236 252 1¹1⁷.

326 274 416 319 rique
440 280 470 308 et
493 273 664 319 prompto⁴
689 275 829 310 subsidio
853 275 1066 320 provideatur,

1748 216 1814 250 3025

1082 282 1085 329 ζ
1146 277 1161 319 ς’
1186 276 1214 309 2.
1240 276 1291 317 Et,
1313 274 1393 310 sicut
1410 273 1562 319 expositio
1580 273 1752 307 maiestatIs
1773 280 1843 307 tuae

1859 225 1908 253 An.
1924 225 1953 253 C.
1975 226 2045 254 1633

1885 288 1944 310 Hanc
1955 289 1985 309 eis
1996 294 2044 310 con-

1859 315 1906 336 cedi
1923 316 2044 337 facultatem

326 328 452 362 eosdem
485 333 628 373 sumptus
660 330 691 362 in
723 334 786 362 tam
818 329 1006 363 laudabilem
1039 333 1068 363 et
1102 329 1323 372 subiungebat,
1350 329 1375 361 si
1402 327 1619 362 tantummodo
1644 327 1716 361 laici
1741 327 1895 364 subsi-mx
1910 343 1968 369 pem,

326 381 390 416 Deo
414 388 536 426 gratam
561 388 591 416 et
615 383 809 427 reipublicae
827 383 1016 417 christianae
1033 393 1068 415 u-

327 436 413 469 tilem
438 447 565 470 causam
591 436 818 470 convertendos
844 436 960 470 diutius
985 438 1067 469 serre

327 489 453 523 difficile
478 490 593 534 possis)
618 491 688 523 loco
713 491 928 534 praestitorum
956 490 1068 523 millio-

326 554 403 576 num
428 544 512 577 aliud
538 544 699 577 servitium
725 544 789 577 sire
814 544 1004 584 subsidium,
1030 543 1068 575 ad

327 607 483 630 summam
500 596 607 630 decem
623 602 652 630 ct
665 607 776 630 novem
792 598 969 631 millionum
982 607 1069 629 nuni-

328 660 453 683 morum
479 660 651 683 aureorum
683 661 754 684 cum
785 651 916 684 dimidio
940 650 1069 682 alterius

327 703 477 737 millionis
502 704 532 736 in
558 709 656 737 totum
677 704 849 738 ascendens
861 704 881 745 ²,
907 703 1086 748 spatioque1

327 767 380 790 sex
408 767 585 799 annorum,
613 768 630 790 a
657 758 706 791 die
735 758 839 802 prima
868 758 984 791 mensis
1014 768 1070 789 au-

328 810 409 853 gusti
427 811 499 844 anni
517 822 666 845 Mncxxxn
682 812 827 856 proxime
847 810 1009 856 praeteriti
1028 811 1070 842 in-

330 864 532 907 choatorum,
559 865 654 898 trium
685 866 805 898 scilicet
831 865 1008 898 millionum
1041 868 1088 896 eti

328 918 421 951 unius
445 919 548 962 quarti
574 919 702 952 alterius
722 919 872 952 millionis
889 917 1069 951 huiusmodi

328 983 387 1016 pro
411 972 551 1016 quolibet
575 983 666 1016 anno,
692 972 877 1006 solvendum
903 976 932 1005 ct
949 971 1072 1014 exigen-

329 1025 405 1058 dum
437 1037 473 1060 ex
507 1026 638 1070 gabellis
671 1036 726 1059 seu
756 1026 826 1059 sisis
857 1025 1011 1069 impositis
1042 1029 1071 1057 et

329 1080 427 1114 auctis
451 1090 546 1124 snper
570 1080 686 1113 eisdem
717 1085 852 1124 quatuor
884 1079 1071 1123 speciebus,

330 1133 391 1165 vini
417 1133 555 1176 scilicet,
581 1133 663 1174 olei,
689 1133 768 1166 aceti
793 1137 822 1167 ct
847 1133 959 1174 carnis,
984 1132 1072 1166 eolli-

330 1185 440 1228 gendis
463 1191 493 1219 et
525 1186 748 1220 consumendis
780 1186 810 1219 in
842 1186 933 1219 dictis
967 1186 1072 1228 regnis

330 1239 479 1273 Castellae
499 1245 529 1273 et
546 1240 700 1284 Legionis,
717 1240 873 1273 solvendis
890 1250 953 1273 non
970 1240 1072 1272 solum

330 1303 387 1336 per
411 1299 550 1327 ementes
574 1299 604 1327 et
628 1294 807 1335 vendentes,
833 1293 996 1327 sedetiam
1018 1303 1074 1336 per

331 1357 385 1380 eos
417 1347 471 1392 qui
503 1348 658 1392 praefatas
689 1358 797 1381 rerum
823 1347 943 1391 species
974 1346 1074 1390 perci-

331 1400 421 1443 piunt
445 1411 482 1433 ex
506 1401 646 1445 propriis
671 1401 804 1434 terrenis
829 1401 876 1433 vel
902 1400 1073 1439 atlicffibus,

332 1458 386 1486 aut
410 1455 581 1497 respective
606 1460 715 1487 emunt
740 1454 771 1486 in
794 1454 863 1487 uvis
888 1453 935 1486 vel
961 1453 1073 1493 olivis,

333 1517 388 1540 seu
412 1507 563 1551 colligunt
579 1518 637 1551 pro
655 1507 794 1549 decimis,
813 1510 865 1541 aut
882 1507 975 1540 ctiam
992 1507 1075 1540 dono

333 1561 500 1604 accipiunt,
525 1572 580 1594 seu
596 1561 672 1594 alias
688 1572 726 1594 ex
743 1561 856 1604 quovis
872 1561 933 1594 alio
951 1560 1075 1593 redditu

334 1618 364 1646 et
387 1613 518 1646 introitu
542 1614 660 1646 habent
688 1619 718 1646 et
750 1617 959 1654 consumunt,
984 1624 1076 1657 prae-

334 1672 417 1700 stare
441 1673 587 1712 prompte
617 1668 811 1710 obtulerint,
843 1668 885 1700 ita
908 1672 943 1700 ut
967 1677 1076 1700 omnes

334 1721 417 1762 laici,
440 1721 668 1765 cuiuscumque
693 1721 820 1764 gradus,
846 1725 955 1761 status,
974 1721 1078 1754 condi-

337 1774 429 1807 tionis
449 1780 479 1807 et
499 1775 776 1818 praeeminentiae,
794 1774 831 1807 ad
850 1774 880 1807 id
902 1774 1076 1807 subsidium

336 1829 547 1869 contribuere,
572 1839 608 1862 ac
632 1829 770 1872 gabellas
796 1839 850 1861 seu
876 1829 952 1862 sisas
972 1829 1078 1861 liuius-

337 1882 422 1916 modi
443 1882 565 1915 solvere
582 1882 744 1925 deberent,
760 1892 863 1927 neque
880 1883 963 1915 ullus
980 1882 1078 1915 laicus

338 1935 488 1969 immunis
520 1941 601 1969 esset
632 1942 684 1968 aut
715 1941 897 1980 exemptus;
924 1936 1074 1968 ecclesia-

338 1990 406 2024 stici
431 2000 556 2034 quoqne
581 1989 765 2022 eorumdem
790 2000 975 2032 regnorum,
999 1989 1024 2021 si
1050 1996 1077 2022 et

338 2050 507 2089 postquam
531 2050 639 2078 nostra
664 2050 694 2077 et
718 2044 811 2077 liuius
836 2044 966 2077 Sanctae
991 2044 1079 2077 Sedis

338 2098 464 2131 licentia
487 2108 544 2132 seu
563 2098 749 2142 approbatio
766 2097 942 2139 accesserit,
962 2097 992 2129 in
1011 2097 1081 2130 sub-

340 2151 419 2185 sidio
444 2152 637 2191 huiusmodi,
656 2151 775 2184 scilicet
793 2150 824 2183 in
844 2150 1014 2195 praedictis
1031 2161 1081 2193 ga-

339 2205 431 2238 bellis
466 2216 562 2249 super
593 2205 710 2238 eisdem
745 2210 881 2248 quatuor
916 2204 1081 2247 speciebus

340 2256 506 2300 impositis,
524 2261 554 2289 et
577 2260 651 2289 tunc
671 2256 780 2296 auctis,
797 2255 1008 2295 contribuere,
1031 2265 1082 2297 ga-

341 2310 505 2354 bellasque
529 2319 585 2342 seu
609 2309 685 2342 sisas
709 2309 897 2353 praedictas,
923 2309 1007 2342 iuxta
1032 2309 1081 2340 lit-

341 2369 482 2397 terarum
501 2368 681 2397 nostrarum
699 2363 730 2396 in
747 2364 848 2397 forma
866 2363 973 2396 Brevis
986 2373 1083 2406 super

343 2417 545 2451 concessione
568 2417 747 2461 praedictae
770 2417 914 2449 licentiae
945 2426 1000 2449 seu
1032 2426 1084 2460 ap-

341 2470 537 2514 probationis
563 2469 829 2514 expediendarum
847 2470 991 2509 sormam,
1012 2479 1084 2502 con-

344 2525 506 2558 tinentiam
524 2529 554 2558 et
570 2529 723 2566 tenorem,
737 2524 919 2568 persolvere
935 2523 1082 2564 debeant;

380 2606 392 2632 1
410 2604 481 2632 Edit.
496 2603 576 2631 lllain.
592 2603 656 2640 legit
668 2606 807 2639 promptu
823 2604 860 2639 (a.
876 2603 924 2638 τ.).
1024 2644 1027 2646 q

380 2649 396 2677 ⁶2
411 2650 482 2678 Male
497 2648 540 2677 ed.
558 2648 635 2677 Main.
652 2648 717 2685 legit
731 2647 947 2677 ascendentium
966 2653 1001 2683 [a.
1013 2648 1060 2682 T.).

1102 382 1189 415 dium
1203 382 1384 416 huiusmodi
1399 382 1644 423 contribuerent,
1659 386 1689 415 et
1704 380 1844 425 gabellas

1084 445 1157 482 lseu
1192 436 1268 469 sisas
1299 436 1475 480 praedictas
1512 436 1690 476 solverent,
1722 445 1844 468 summa

1084 483 1086 513 l
1102 489 1264 533 praedicta
1281 489 1389 523 decem
1407 495 1437 522 et
1450 500 1562 523 novem
1578 490 1755 523 millionum
1773 499 1845 522 cum

1084 541 1233 576 itlimidio
1259 543 1388 576 alterius
1413 543 1562 577 millionis
1593 544 1721 576 minime
1751 543 1846 577 confi-

1085 602 1229 642 {ceretur
1254 597 1333 629 infra
1365 602 1489 641 tempus
1520 603 1735 641 opportunum
1752 625 1759 638 ,
1783 608 1845 641 quo

1085 651 1251 686 nnaiestas
1277 655 1329 683 tua
1353 650 1509 683 bellorum
1536 656 1645 684 contra
1670 651 1763 683 fidem
1789 661 1846 683 ca-

1105 705 1252 738 tholicam
1277 705 1492 748 ingruentium
1517 710 1547 738 et
1571 705 1739 749 praecipue
1767 705 1844 738 cha-

1103 758 1220 791 rissimi
1246 758 1277 791 in
1301 759 1426 792 Christo
1451 759 1505 791 filii
1531 759 1630 792 nostri
1656 757 1846 791 Ferdinandi

1105 812 1321 845 Romanorum
1347 813 1431 855 regis
1456 812 1487 845 in
1513 812 1738 856 imperatorem
1756 812 1847 845 electi

1105 866 1136 897 in
1161 866 1329 899 Germania
1356 866 1394 898 ad
1418 866 1658 910 reprimendum
1676 866 1848 899 Svecorum

1106 919 1282 952 invasiones
1310 919 1508 963 aliorumque
1537 920 1769 953 haereticorum
1795 929 1847 952 co-

1104 978 1195 1006 natus
1220 973 1338 1006 bellum
1363 973 1401 1005 ad
1425 984 1574 1017 praesens
1591 974 1729 1016 gerentis
1746 983 1850 1007 neces-

1106 1027 1250 1060 sitatibus
1274 1027 1441 1060 subvenire
1465 1026 1572 1070 possit,
1587 1026 1667 1059 etad
1692 1037 1848 1059 summam

1106 1081 1277 1124 praefatam
1304 1082 1338 1113 ea
1363 1092 1425 1124 qua
1450 1080 1574 1124 expedit
1600 1079 1760 1113 eeleritate
1780 1090 1851 1113 eon-

1107 1136 1272 1169 ticiendam
1298 1137 1458 1170 facultates
1483 1136 1635 1169 laicorum
1656 1146 1719 1169 non
1740 1146 1851 1180 suppe-

1107 1194 1226 1222 terent:
1252 1189 1344 1223 nobis
1369 1195 1539 1234 propterea
1564 1190 1710 1222 maiestas
1728 1194 1780 1222 tua
1797 1190 1851 1222 hu-

1108 1243 1224 1276 militer
1248 1243 1419 1287 supplicari
1443 1243 1524 1284 fecit,
1545 1249 1578 1276 ut
1602 1243 1849 1287 praemissorum

1108 1296 1380 1330 confirmationem
1410 1302 1440 1329 et
1463 1296 1727 1340 approbationem
1752 1307 1787 1328 ac
1812 1297 1850 1328 li-

1108 1350 1242 1382 centiam
1266 1349 1439 1383 concedere
1464 1349 1502 1382 ‹le
1520 1349 1711 1393 benignitate
1728 1355 1852 1393 aposto-

1109 1403 1168 1436 lie-:1
1188 1403 1403 1447 dignaremur.

1153 1457 1168 1500 ξ
1191 1456 1221 1489 3.
1248 1458 1310 1491 Nos
1336 1457 1442 1500 igitur,
1467 1457 1584 1490 nedum
1613 1462 1795 1501 promptam
1822 1462 1849 1489 et

1109 1510 1335 1554 obsequentem
1361 1511 1545 1544 eorumdem
1572 1510 1724 1544 laicorum
1750 1510 1852 1543 subdi-

1110 1569 1216 1597 torum
1242 1570 1369 1598 tuorum
1396 1565 1427 1597 in
1452 1570 1482 1597 te
1507 1564 1717 1605 oblationem,
1742 1575 1850 1597 verum

1111 1617 1203 1650 etiam
1230 1617 1402 1651 maiestatis
1427 1623 1496 1651 tuae
1521 1629 1596 1661 erga
1620 1618 1791 1661 praefatam
1820 1617 1854 1649 fi-

1111 1671 1180 1704 dem
1207 1671 1392 1705 catholicam
1426 1672 1549 1711 zelum,
1574 1676 1605 1703 et
1629 1671 1661 1703 in
1686 1676 1747 1714 ope
1769 1670 1853 1703 dicto

1110 1725 1308 1758 Ferdinando
1341 1725 1408 1768 regi
1439 1725 1470 1757 in
1505 1725 1727 1768 imperatorem
1753 1724 1852 1757 electo

1112 1779 1256 1813 ferend-<5¹
1286 1779 1478 1813 voluntatem
1512 1778 1788 1820 commendantes,
1818 1789 1853 1810 ac

1112 1833 1150 1865 ad
1170 1833 1313 1877 ingentes
1331 1839 1485 1877 sumptus,
1504 1833 1619 1877 quibus
1640 1833 1785 1865 maiestas
1803 1837 1854 1864 tua

1112 1893 1244 1931 propter
1268 1893 1418 1931 urgentes
1451 1893 1482 1920 et
1511 1887 1775 1921 extraordinarias
1799 1897 1854 1919 ne-

1113 1942 1273 1975 cessitates
1286 1941 1468 1975 huiusmodi
1483 1941 1598 1984 iugiter
1612 1940 1786 1984 premitur,
1804 1951 1856 1973 no-

1113 2001 1195 2028 strae
1230 2000 1380 2038 paternae
1416 1994 1676 2028 considerationis
1708 1994 1855 2027 intuitum

1113 2048 1295 2091 dirigentes,
1321 2049 1440 2081 (lerum
1458 2049 1631 2092 praefatum
1650 2048 1681 2081 in
1697 2048 1853 2081 solutione

1114 2102 1309 2145 gabellarum
1344 2113 1399 2135 seu
1432 2102 1564 2134 sisarum
1598 2101 1854 2145 praedictarum,

1116 2155 1209 2188 modo
1233 2161 1338 2188 tamen
1363 2160 1393 2188 et
1417 2156 1516 2188 forma
1547 2155 1772 2199 infrascriptis,
1797 2155 1856 2187 liae

1116 2209 1182 2243 vice
1207 2220 1397 2242 concurrere
1421 2209 1537 2242 debere
1562 2209 1751 2242 censuimus.

1161 2263 1175 2306 g
1199 2263 1228 2295 st.
1254 2263 1337 2296 Motu
1363 2263 1459 2306 igitur
1482 2263 1630 2306 proprio,
1656 2267 1685 2295 et
1709 2273 1746 2295 ex
1772 2262 1856 2295 certa

1117 2316 1245 2350 scientia
1269 2326 1304 2348 ac
1329 2317 1453 2349 matura
1481 2316 1705 2348 deliberatione
1729 2314 1855 2355 nostris,

1116 2370 1216 2414 deque
1240 2370 1431 2414 apostolicae
1456 2370 1619 2413 potestatis
1643 2368 1854 2413 plenitudine,

1117 2433 1226 2457 omncs
1246 2427 1276 2456 et
1295 2423 1434 2466 singulas
1450 2422 1674 2456 ecclesiasticas
1694 2432 1854 2465 personas,

1118 2482 1178 2509 tam
1204 2477 1373 2517 seculares,
1387 2487 1482 2519 quam
1508 2475 1644 2508 cuiusvis
1668 2474 1802 2516 Ordinis,
1824 2485 1856 2508 e-

1117 2530 1192 2563 tiam
1218 2529 1353 2573 exempti
1378 2534 1408 2562 et
1432 2529 1629 2573 Apostolicae
1653 2528 1724 2561 Sedi
1744 2528 1857 2562 imme-

1154 2603 1163 2628 1
1184 2601 1253 2628 Edit.
1270 2601 1348 2628 Main.
1361 2600 1425 2635 legit
1439 2604 1464 2628 et
1481 2601 1511 2629 ιή
1527 2609 1577 2636 ope
1591 2601 1662 2629 dicet
1674 2598 1857 2629 Ferdinandz'

1117 2647 1190 2682 rryis
1207 2647 1236 2674 ιή
1254 2647 1458 2682 imperatorem
1474 2646 1555 2675 electi
1569 2646 1694 2681 feranda
1708 2647 1745 2682 (R.
1762 2647 1811 2680 T.}.

1887 1465 1988 1487 Concedit
1999 1465 2052 1487 Pon·

1867 1493 1924 1514 tifex.

1904 2266 2010 2287 Nonnullis
2024 2268 2054 2286 ta·

1870 2299 1916 2314 men
1923 2293 2054 2314 additiscon-

1871 2320 1992 2343 ditionibus,
1999 2325 2054 2346 quac

1870 2347 1903 2368 luc
1912 2349 2054 2368 recensentur.
