2248 3229
215 226 264 254 An.
286 225 314 254 c.
337 225 405 255 isat
450 195 532 252 425

238 2051 338 2071 Rationes
353 2056 400 2070 cou-

218 2078 280 2097 ‹lewli
293 2078 346 2098 haec
360 2079 400 2097 sta-

219 2106 270 2124 tuta.

413 274 637 308 commissariis
669 278 699 307 et
729 272 975 316 exequutoribus
1006 281 1042 305 ac
1074 271 1150 316 ipsis

414 337 575 361 concessas
589 326 673 360 omni
687 330 717 358 et
730 333 929 368 quacumque
942 324 1151 369 appellatione

414 379 585 424 postposita
610 377 812 422 procedendi,
831 378 954 421 aliaque
973 376 1104 411 faciendi
1122 382 1153 411 et

415 431 597 475 exequendi,
615 441 695 474 quae
719 431 750 464 in
774 430 957 475 praemissis
974 436 1004 464 et
1020 431 1103 464 circa
1116 440 1153 464 ea

414 484 589 519 necessaria
613 484 739 525 suerint,
764 494 819 517 seu
843 484 1081 529 quomodolibet
1100 495 1153 529 op-

415 543 557 583 portuna.

458 592 472 636 §
489 590 518 624 3.
536 592 602 625 Non
616 590 811 624 obstantibus
825 591 1016 636 praemissis,
1029 601 1152 625 necnon

414 644 558 678 omnibus
583 645 665 686 aliis,
689 655 770 688 quae
794 644 868 678 dicti
892 644 1153 689 praedecessores

417 700 446 731 in
471 699 535 732 suis
559 698 670 733 litteris
695 698 862 743 praedietis
897 699 1063 733 voluerunt
1091 709 1154 734 non

416 752 554 794 obstare,
578 752 753 796 ceterisque
770 752 935 786 contrariis
955 752 1154 797 quibuscum-

416 815 484 849 que.

459 859 474 902 ξ
497 858 526 891 4.
554 858 591 891 Ut
609 864 712 891 autem
733 864 914 903 praesentes
931 859 1063 902 litterae,
1082 870 1153 893 cum

414 922 493 956 opus
517 911 621 954 suerit,
647 912 767 945 facilius
787 911 825 945 ad
850 912 992 946 omnium
1011 912 1153 946 notitiam

414 964 525 998 deduci
545 964 676 1009 possint,
694 965 904 1006 decernimus,
920 970 951 999 ut
970 966 1153 999 earumdem

416 1019 630 1062 transumptiS,
641 1018 734 1052 etiam
748 1018 921 1064 impressis,
934 1029 1029 1053 manu
1040 1020 1154 1053 notarii

414 1072 532 1116 publici
566 1073 774 1117 subscriptis,
801 1079 831 1107 et
864 1073 968 1117 sigillo
1001 1084 1154 1118 personae

415 1127 547 1160 alieuius
569 1127 599 1159 in
617 1126 768 1170 dignitate
793 1127 1003 1161 ecclesiastica
1024 1127 1155 1161 contitu-

416 1186 464 1213 tae
487 1181 670 1224 obsignatis,
696 1181 804 1214 eadem
829 1191 961 1225 prorsus
977 1180 1055 1214 sides
1071 1180 1155 1214 adhi-

414 1235 535 1274 beatur,
555 1244 634 1277 quae
658 1233 733 1277 ipsis
757 1233 974 1278 praesentibus
991 1233 1155 1268 adhibere-

415 1293 474 1328 tur,
500 1286 525 1319 si
551 1287 652 1321 forent
676 1286 841 1328 exhibitae,
868 1287 915 1320 vel
939 1292 1092 1321 ostensae.

457 1341 568 1374 Datum
593 1341 624 1374 in
655 1341 733 1374 Arce
765 1341 940 1386 Gandulphi
970 1342 1154 1376 Albanensis

414 1394 576 1436 dioecesis,
586 1394 644 1427 sub
652 1395 768 1429 annulo
781 1395 959 1437 piscatoris,
971 1395 1021 1429 die
1032 1405 1066 1430 111
1081 1396 1154 1430 maii

415 1458 581 1492 nncxxxw,
606 1449 808 1494 pontificatus
833 1450 931 1483 nostri
957 1460 1039 1484 anno
1064 1460 1103 1484 xl.

450 1512 511 1539 Dat.
533 1511 576 1539 die
596 1511 612 1540 3
632 1512 696 1539 maii
718 1511 796 1546 1634,
816 1512 910 1548 pontif.
929 1520 998 1541 anno
1014 1519 1052 1541 xi.

671 1655 900 1689 CDLXXXVIII.

415 1736 602 1769 Nonnullae
626 1735 846 1769 ordinationes
871 1740 900 1768 et
917 1740 1047 1769 ‘statuta
1069 1737 1157 1779 sacta

458 1800 518 1832 pro
554 1790 632 1822 bono
667 1790 827 1832 reqz'mine
863 1790 1004 1823 civitatis
1035 1790 1155 1824 Ferra-

460 1842 604 1875 riensis¹.

611 1923 747 1950 Urbanus
775 1923 853 1957 Papa
882 1923 962 1956 VIII,

545 1970 579 1995 ad
596 1970 771 2003 perpetuam
785 1968 830 1996 rei
845 1968 1025 1996 memoriam.

461 2039 477 2083 ξ
504 2039 530 2071 l.
558 2039 701 2072 Volentes
725 2048 792 2081 nos7
818 2048 876 2082 pro
901 2049 948 2080 co,
973 2049 1036 2082 quo
1053 2039 1157 2073 civita-

419 2100 480 2127 tem
506 2098 645 2126 nostram
664 2092 897 2126 Ferrarienscm
922 2093 1155 2137 prosequimur,

418 2146 587 2191 praecipuo
600 2151 749 2190 paternae
763 2146 923 2179 charitatis
943 2146 1065 2187 affectu,
1084 2157 1157 2191 pro·

418 2210 530 2245 sperae
547 2200 613 2233 eius
630 2199 752 2234 consilii
769 2205 798 2233 et
816 2200 1017 2244 magistratus
1034 2200 1157 2234 ordina-

419 2254 494 2289 tioni
518 2260 611 2298 atque
636 2253 802 2298 gubernio,
827 2259 979 2298 quantum
1004 2265 1075 2288 cum
1094 2254 1155 2288 Do-

419 2309 503 2342 mino
519 2318 698 2353 possumus,
713 2308 887 2350 consulere,
904 2313 1009 2353 utque,
1028 2308 1156 2342 sublatis

417 2361 566 2395 abusibus
591 2361 644 2406 qui
670 2361 701 2394 in
725 2361 822 2406 ipsius
847 2362 969 2395 consilii
994 2366 1025 2396 et
1056 2362 1156 2406 magi-

418 2419 532 2450 stratus
557 2416 711 2450 electione
735 2415 886 2449 hactenus
911 2415 1108 2460 irrepserunt
1127 2420 1157 2449 et

418 2470 455 2503 de
483 2475 587 2503 cetero
612 2470 755 2514 irrepere
778 2475 930 2514 possunt,
955 2469 1064 2503 civitas
1088 2469 1157 2514 ipsa

420 2522 550 2556 feliciter
574 2522 768 2567 gubernetur
791 2528 821 2556 et
844 2523 883 2557 ad
907 2523 1027 2558 maiora
1043 2523 1074 2557 in
1091 2522 1156 2557 dies

457 2640 466 2664 i
486 2637 522 2665 Ex
537 2637 645 2673 aegest.
661 2638 687 2666 in
701 2638 804 2667 Secret.
820 2639 901 2667 Brev.

952 231 958 235 ·
997 224 1176 250 BULLARIUM
1199 223 1355 250 Romnum

1937 228 1988 256 An.
2009 227 2037 256 c.
2053 227 2123 257 1634

1185 270 1217 304 in
1239 269 1325 316 pacis
1349 276 1380 305 et
1403 271 1539 306 iustitiae
1563 273 1649 307 cultu
1672 274 1866 310 incrementa
1881 275 1925 309 di-

1186 323 1323 368 rigatur,
1342 323 1525 368 providere:

1231 377 1247 421 g
1269 377 1299 410 ⁶2.
1324 377 1409 411 Motu
1432 377 1564 422 proprio
1582 382 1665 412 etex
1686 380 1771 414 certa
1795 382 1925 416 scientia
1969 398 2007 421 Qui
2017 397 2044 418 ab
2054 397 2124 418 officio

1187 441 1222 465 ac
1242 431 1366 464 matura
1391 430 1617 466 deliberatione
1632 432 1759 475 nostris,
1780 433 1838 468 hac
1857 446 1926 479 per·
1941 424 2125 472 {3ss⁰;{02⁵2¹}*5131

1187 489 1284 529 petuo
1297 484 1431 519 valitura
1449 485 1671 520 constitutione
1687 488 1805 528 nostra,
1823 489 1926 522 statui·
1941 478 2013 499 ‘'⁰⁰⁶''

1189 548 1257 572 mus
1282 542 1375 583 atque
1405 538 1609 582 ordinamus,
1634 539 1673 573 ad
1706 540 1873 575 consilium
1898 547 1927 577 et

1189 592 1418 635 magistratum,
1436 592 1624 637 praesertim
1641 592 1736 628 officii
1753 593 1864 628 iudicis
1884 605 1929 628 sa-

1188 646 1332 690 pientum
1357 646 1498 680 eiusdem
1529 646 1683 688 civitatis,
1714 647 1801 682 nullo
1832 648 1928 682 modo

1190 699 1221 732 in
1244 704 1407 743 posterum
1431 699 1611 744 quempiam
1635 700 1708 744 eligi
1740 711 1795 734 seu
1811 702 1927 735 assumi

1190 762 1292 796 posse,
1309 753 1363 797 qui
1388 752 1563 797 alienigena
1579 753 1643 788 sive
1658 754 1793 788 sorensis
1812 754 1864 789 sit:
1885 755 1928 788 in-

1189 807 1275 840 colae
1300 816 1397 849 vero,
1423 812 1453 840 et
1478 812 1516 840 ex
1539 807 1705 851 privilegio
1737 808 1841 850 cives,
1864 818 1927 842 non

1188 859 1309 903 possint
1332 859 1424 903 eligi,
1447 859 1508 893 nisi
1533 866 1701 905 postquam
1733 861 1928 896 domicilium

1188 923 1244 957 per
1268 913 1493 948 habitationem
1518 923 1625 947 veram
1649 914 1803 948 actualem
1828 920 1858 948 et
1874 915 1927 949 de-

1189 967 1350 1000 cennalem
1382 967 1562 1002 continuam
1595 967 1627 1001 in
1664 967 1775 1002 eadem
1805 968 1928 1002 civitate

1189 1021 1424 1063 contraxerint3
1449 1020 1487 1054 ad
1512 1021 1679 1055 consilium
1705 1026 1812 1056 tamen
1829 1023 1928 1067 recipi

1188 1074 1317 1118 possint.

1232 1128 1248 1172 ἓ
1271 1128 1299 1161 3.
1326 1128 1492 1172 Indigenae
1523 1134 1628 1163 autem
1653 1134 1683 1163 et
1706 1130 1807 1172 cives,
1832 1131 1926 1164 etiam
1970 1143 2128 1173 vqiamunm

1188 1181 1362 1224 originarii,
1386 1181 1440 1226 qui
1463 1187 1534 1216 actu
1558 1182 1689 1216 alicuius
1708 1183 1859 1228 principis
1873 1195 1925 1218 sem
1943 1169 2128 1225 {fl?{¹¹'1²152¹}2⁰s²2?a*3

1189 1234 1304 1268 cularis
1328 1240 1381 1268 aut
1404 1235 1597 1279 reipublicae
1618 1236 1764 1280 ministri,
1782 1237 1846 1271 sive
1864 1238 1928 1272 offi-
1944 1223 2008 1244 ΝΜ

1189 1288 1293 1329 ciales‚
1318 1288 1366 1322 vel
1386 1289 1564 1332 familiares,
1589 1295 1641 1323 aut
1666 1290 1741 1324 alias
1767 1290 1798 1323 in
1823 1292 1928 1335 aliquo

1189 1341 1255 1375 eius
1280 1342 1406 1376 servitio
1431 1343 1599 1384 extiterint,
1623 1353 1687 1377 non
1706 1343 1828 1388 possint
1855 1344 1928 1388 eligi

1188 1395 1226 1428 ad
1251 1395 1431 1437 consilium,
1456 1405 1513 1429 nec
1536 1395 1575 1429 ad
1599 1396 1735 1441 aliquem
1762 1397 1929 1441 magistra-

1189 1453 1267 1490 tum,
1291 1448 1350 1482 nisi
1373 1454 1541 1494 postquam
1565 1450 1691 1494 penitus
1708 1451 1896 1484 recesserint
1912 1461 1929 1484 a

1189 1502 1317 1537 servitio
1341 1502 1492 1547 praefato,
1511 1507 1540 1536 ct
1558 1508 1668 1547 postea
1683 1512 1739 1548 per
1757 1503 1930 1549 quinquen·

1189 1556 1275 1590 nium
1300 1556 1332 1589 in
1356 1556 1466 1590 eadem
1498 1556 1621 1591 civitate
1645 1557 1872 1599 habitaverint;
1898 1559 1929 1592 in

1189 1609 1320 1643 consilio
1334 1614 1448 1650 tamen,
1465 1614 1632 1654 postquam
1650 1620 1722 1643 vere
1738 1621 1795 1654 per
1811 1621 1928 1644 annum

1189 1673 1207 1696 a
1224 1672 1351 1696 recessu
1368 1663 1486 1696 servitii
1504 1663 1722 1705 habitaverint,
1746 1663 1844 1708 recipi
1861 1675 1931 1709 pos—

1190 1716 1259 1749 sint.
1285 1716 1342 1756 Qui
1368 1727 1442 1750 vero
1467 1717 1670 1760 magistratus
1690 1717 1754 1751 sive
1770 1717 1865 1752 officii
1883 1718 1930 1752 sui

1190 1776 1314 1814 tempus
1338 1770 1516 1813 absolverit,
1537 1771 1691 1805 rationem
1708 1776 1813 1804 tamen
1833 1771 1931 1805 admi-

1189 1824 1382 1857 nistrationis
1415 1834 1489 1857 suae
1522 1824 1602 1857 infra
1639 1824 1791 1858 bimestre
1823 1836 1931 1859 coram

1191 1878 1293 1921 legato
1318 1883 1347 1912 et
1371 1888 1443 1912 cum
1463 1878 1640 1912 interventu
1659 1878 1867 1912 commissarii
1885 1890 1931 1913 ca-

1191 1941 1295 1964 merae
1320 1931 1397 1964 inibi
1421 1931 1586 1965 residentis
1609 1942 1673 1965 non
1698 1932 1880 1976 reddiderit,
1900 1938 1930 1967 et

1190 1984 1305 2018 civitati
1329 1985 1451 2029 integre
1480 1995 1544 2019 non
1574 1985 1777 2029 satisfecerit,
1802 1996 1860 2020 nec
1893 1987 1930 2020 ad

1191 2039 1409 2082 magistratum
1430 2039 1605 2084 sapientum
1624 2044 1653 2072 et
1669 2039 1781 2073 iudicis
1799 2040 1928 2074 illorum

1190 2092 1263 2136 eligi
1288 2098 1318 2126 et
1341 2093 1451 2137 recipi,
1475 2103 1533 2126 nec
1557 2093 1587 2126 in
1612 2093 1745 2127 consilio
1763 2093 1802 2127 ad
1823 2099 1932 2128 votan-

1190 2146 1263 2179 dum
1290 2145 1409 2180 admitti
1439 2146 1548 2190 possit.
1576 2146 1634 2186 Qui
1658 2152 1763 2180 autem
1789 2147 1929 2182 eiusdem

1190 2200 1323 2234 civitatis
1347 2199 1378 2232 in
1403 2199 1508 2244 aliquo
1520 2203 1550 2234 ct
1565 2210 1601 2233 ex
1619 2201 1818 2245 quacumque
1836 2202 1931 2235 causa

1189 2253 1313 2287 debitor
1335 2253 1490 2295 extiterit,
1515 2253 1615 2287 donec
1648 2253 1770 2298 integre
1793 2264 1857 2288 non
1882 2265 1930 2288 sa-

1192 2307 1357 2348 tisfecerit,
1382 2306 1455 2351 eligi
1480 2311 1510 2340 et
1531 2306 1651 2340 admitti
1677 2317 1741 2342 non
1764 2307 1864 2352 possit
1892 2308 1930 2342 ad

1190 2360 1317 2405 aliquod
1342 2360 1481 2395 officium
1506 2361 1718 2404 magistratus,
1742 2371 1800 2395 nec
1822 2361 1860 2394 ad
1877 2361 1931 2394 ali-

1190 2426 1251 2459 qua
1275 2414 1380 2448 munia
1410 2414 1571 2459 publicum
1605 2414 1766 2449 servitium
1801 2424 1930 2450 concer-

1190 2469 1303 2510 nentia,
1328 2479 1386 2502 nee
1410 2468 1449 2502 ad
1473 2469 1650 2503 consilium.

1234 2523 1250 2566 ἓ
1273 2522 1302 2555 4.
1337 2523 1375 2556 Ut
1402 2528 1505 2556 autem
1537 2533 1647 2557 omnes
1675 2523 1843 2557 electiones
1868 2522 1930 2556 sint
1946 2529 2131 2580 dfflffgguffiffgfi'g:

1191 2575 1317 2616 liberae,
1327 2576 1472 2609 volumus
1484 2576 1552 2609 illas
1565 2576 1633 2610 fieri
1649 2586 1705 2621 per
1721 2580 1792 2610 vota
1806 2580 1929 2610 secreta
1944 2588 2002 2605 num·

1190 2638 1297 2664 coram
1329 2629 1434 2674 legato
1459 2630 1506 2664 vel
1531 2629 1593 2665 alio
1617 2629 1797 2674 superiore,
1822 2629 1865 2667 ita
1896 2635 1931 2665 ut

2237 479 2248 508 't'
