2248 3229
194 224 245 253 An.
261 225 292 253 C.
313 224 378 253 163¹

195 288 286 310 officium
296 293 380 309 exerce-

194 317 241 337 rent
260 315 299 335 nisi
318 320 379 340 prae-

195 343 230 362 vio
239 341 334 362 examine
342 347 379 366 per

195 368 253 394 ipsos
277 368 379 393 guberna-

195 397 253 415 tores
292 399 378 414 creave-

195 423 243 442 rant
270 421 379 442 nonnullos

196 448 295 469 notarios.

224 1402 281 1427 Quos
289 1402 319 1422 sic
327 1406 387 1422 crea-

202 1431 235 1450 tos
246 1428 340 1449 Pontifex
351 1434 387 1448 an-

202 1454 386 1479 nuttavit‚etutde

202 1488 258 1503 novo
277 1487 300 1502 se
319 1481 387 1501 creari

203 1508 274 1529 facere
308 1508 388 1533 possint

203 1535 256 1560 ipsis
276 1534 387 1557 concedit,

205 1562 263 1581 certa
280 1566 387 1586 praeseri-

204 1587 275 1609 nenda
287 1587 361 1608 sorma-

237 1933 289 1954 Eam
304 1932 392 1953 sormam

207 1959 242 1981 hle
256 1960 392 1987 praescribit.

427 215 491 251 266

393 279 537 308 nostrum
556 273 587 306 in
612 272 771 316 quibusvis
792 271 895 304 Status
912 269 1132 311 Ecclesiastici,

394 327 496 369 nobis,
520 331 594 359 tunc
618 326 672 365 illi,
701 329 731 357 et
755 323 825 357 Sedi
849 323 1048 367 Apostolicae
1072 333 1133 356 me-

395 380 476 413 diate
508 384 537 412 et
563 377 741 410 immediate
765 375 915 419 subiecti,
941 376 1134 420 provinciis,

395 432 584 471 civitatibus,
608 430 743 474 oppidis,
768 430 889 472 castris,
907 429 988 462 villis
1013 435 1043 463 et
1067 430 1152 463 aliis*

395 486 471 519 locis
496 485 666 528 designatis
691 485 815 525 saetam,
841 484 1068 527 gubernatores
1092 484 1134 517 ci-

394 540 535 581 vitatum,
556 549 591 571 ae
616 543 779 582 praetores
804 538 946 571 locorum
971 537 1075 570 minus
1095 537 1153 569 iii-¹

395 592 531 635 signium
557 591 696 635 (sumpta
722 591 899 631 occasione,
925 591 1010 634 quod
1035 591 1154 624 bonae:

395 645 567 678 memoriae
599 645 753 678 Henricus
784 644 860 677 olim
896 644 977 677 tituli
1009 644 1037 677 S.
1070 642 1155 676 Pu—¹

395 699 559 732 dentianae
590 698 755 742 presbyter
779 697 946 730 cardinalis
975 697 1156 730 Caietanus;

395 757 603 795 nuncupatus,
621 756 695 784 tunc
713 756 837 784 sanctae
856 752 1015 784 Romanae
1036 751 1139 784 Eccle-

397 806 460 840 siae
477 805 680 846 camerarius,
701 810 852 838 statuerat
872 810 902 838 et
927 805 1138 845 ordinaverat,

397 859 481 903 quod
501 859 606 892 nullus
625 858 775 899 notarius,
792 869 848 902 per
868 858 1010 901 quamvis
1034 868 1140 902 perso-

397 923 488 954 nam,
509 917 674 957 praetextu
698 912 834 945 cuiusvis
859 912 1014 945 facultatis
1046 912 1157 946 etiamr

398 977 435 999 ex
449 965 532 999 Urbe
546 967 656 999 nostra
672 975 848 1006 concessae,
863 970 949 998 extra
966 965 1138 998 Romanam

399 1019 519 1052 curiam
545 1023 683 1059 creatu&
709 1018 847 1052 officium
871 1018 1055 1059 notariatus,
1080 1018 1157 1051 nisi*

398 1072 526 1117 praevio
546 1072 692 1115 rigoroso
713 1071 852 1105 examine
872 1082 929 1115 per
946 1072 1138 1114 gubernato-
1156 1068 1158 1083 ”

399 1136 466 1160 rem
487 1131 540 1158 aut
564 1126 760 1170 superiorem
778 1125 838 1158 loci
865 1135 936 1157 cum
962 1125 1158 1157 interventui

400 1178 541 1212 advocati
560 1184 589 1211 et
606 1178 792 1211 archivistae
810 1178 1003 1222 approbatus
1020 1178 1139 1219 suisset,

401 1242 548 1266 exercere
567 1232 686 1275 posset)
703 1232 882 1264 facultatem
908 1231 1033 1264 creandi
1056 1236 1142 1264 nota-

399 1285 466 1319 rios
491 1285 549 1318 sibi
565 1295 715 1328 arrogare
736 1285 802 1318 ausi
820 1285 942 1318 fuerant
959 1289 988 1318 et
1005 1284 1042 1317 de
1060 1285 1141 1318 sacto

401 1339 611 1381 creaverant),

446 1393 461 1435 g
485 1392 514 1425 2.
535 1391 714 1425 Creationes
730 1392 937 1432 notariorum,
956 1401 1011 1435 per
1032 1390 1143 1434 guber-

402 1449 527 1479 natores
551 1450 581 1477 et
606 1448 769 1488 praetores
793 1445 837 1478 sic
861 1445 967 1485 factas,
992 1445 1142 1478 invalidas

403 1503 433 1531 et
457 1503 630 1538 attentatas,
647 1503 677 1530 et
700 1498 850 1539 notarios,
868 1498 921 1530 tali
941 1503 1033 1542 pacto
1058 1508 1160 1531 crea-1

404 1556 461 1593 tos,
482 1562 545 1585 non
561 1552 700 1585 notarios
716 1562 773 1595 per
789 1552 865 1584 alias
885 1557 1009 1584 nostras
1023 1551 1143 1584 litteras
1159 1550 1161 1587 ζ

404 1605 654 1645 declaravimus,
678 1605 882 1649 prohibentes
907 1605 1035 1638 assertis
1059 1610 1144 1638 nota-

403 1659 477 1699 riis,
501 1662 534 1692 ut
556 1658 735 1702 praefertur
767 1658 900 1699 creatis,
934 1669 973 1691 ne
1004 1658 1143 1692 officium

404 1711 578 1746 notariatus
594 1711 751 1755 praetensi
763 1722 911 1744 exercere
927 1711 1079 1744 auderent
1095 1712 1143 1743 vel

404 1768 663 1809 praesumerent,
681 1765 735 1797 sed
752 1765 789 1797 de
806 1775 888 1798 novo
906 1775 937 1797 se
954 1765 992 1797 ab
1010 1765 1144 1797 habente
1161 1783 1162 1786 =

406 1818 531 1852 creandi
562 1822 725 1862 potestate,
750 1823 780 1851 et
805 1819 927 1850 servata
960 1818 1062 1851 forma
1088 1829 1145 1862 per

406 1882 464 1906 nos
480 1871 736 1916 praescribenda,
755 1871 854 1904 creari
872 1872 1028 1910 facerent,

451 1926 466 1970 g
490 1925 519 1959 3.
545 1925 690 1958 volentes
710 1925 842 1957 sormam
860 1925 1041 1958 huiusmodi
1059 1913 1164 1968 prae-i

407 1978 556 2019 scribere,
575 1983 605 2010 et
624 1977 771 2010 omnibus
791 1978 942 2010 interesse
959 1978 1147 2011 habentibus

408 2032 584 2073 consulere,
603 2036 690 2064 motu
713 2031 856 2075 proprio,
877 2041 941 2064 non
958 2031 996 2064 ad
1016 2031 1147 2064 alicuius
1163 2043 1165 2056 ’ν

407 2095 504 2129 super
515 2085 575 2118 hoc
589 2085 710 2117 oblatae
723 2085 881 2127 petitionis
894 2085 1083 2125 instantiam,
1094 2084 1147 2117 sed
1163 2081 1165 2092 ³

408 2148 445 2172 ex
470 2140 556 2172 certa
581 2139 688 2171 nostra
707 2137 845 2179 scientia,
864 2140 1014 2181 moraque
1031 2139 1148 2173 delibe-

408 2192 539 2233 ratione,
564 2202 600 2224 ac
624 2191 662 2223 de
686 2191 877 2235 apostolicae
897 2191 1058 2235 potcstatis
1083 2192 1148 2235 ple—

409 2245 561 2286 nitudine,
578 2250 687 2277 tenore
706 2245 920 2288 praesentium
938 2246 1102 2279 statuimus
1120 2250 1149 2278 et
1165 2251 1166 2254 ’

411 2299 611 2339 ordinamus,
636 2298 719 2342 quod
743 2299 903 2342 perpetuis
928 2299 1039 2332 suturis
1065 2303 1150 2333 tem-

410 2353 549 2397 poribus,
563 2352 593 2384 in
611 2352 756 2385 omnibus
774 2358 803 2385 et.
820 2352 951 2395 singulis
970 2353 1148 2396 provinciis,

411 2406 598 2447 civitatibus,
617 2405 752 2450 oppidis,
770 2405 889 2445 eastris,
914 2406 994 2438 villis
1019 2411 1048 2438 et
1071 2406 1167 2439 loeis-

411 2460 514 2492 Status
539 2459 690 2503 praedicti
719 2462 779 2492 tam
811 2459 942 2491 mediate
974 2470 1067 2503 quam
1096 2460 1150 2491 im-

412 2513 546 2545 mediate
571 2512 718 2553 subiecti,
742 2513 847 2545 nullus
873 2513 1011 2553 omniuo,
1033 2519 1095 2545 tam
1113 2523 1147 2545 ex

411 2566 826 2611 praedictis,utpraefertur,
841 2567 901 2599 iam
920 2567 1042 2606 creatis,
1056 2577 1148 2610 quam

414 2629 451 2653 ex
468 2619 522 2662 eis,
539 2630 618 2663 quos
634 2620 666 2652 in
682 2620 821 2654 futurum
840 2620 948 2664 quavis
967 2620 1150 2653 auctoritate

985 209 1164 247 auctarium
1187 221 1342 247 Romnum

1167 271 1268 303 creari
1296 270 1473 314 contigerit,
1503 275 1589 304 extra
1612 271 1789 306 districtum
1813 271 1906 306 Urbis

1167 324 1206 356 ad
1223 323 1406 357 exercitium
1424 323 1519 357 officii
1535 324 1905 359 notariatus-huiusmodi

1168 376 1288 411 admitti
1304 377 1414 421 possit,
1430 387 1488 410 nec
1512 377 1633 420 debeat,
1650 377 1709 411 nisi
1726 389 1831 412 coram
1847 390 1906 423 pro

1169 435 1312 474 tempore
1327 429 1478 464 existente
1498 431 1610 473 legato,
1628 435 1680 464 aut
1700 432 1906 474 praesidente,

1170 484 1218 516 vel
1242 483 1454 526 gubernatore
1477 483 1669 527 provinciae,
1687 483 1718 516 in
1735 495 1796 528 qua
1812 485 1906 528 degit,

1171 537 1228 576 vel,
1254 536 1330 580 ipsis
1353 537 1522 581 impeditis,
1548 548 1655 571 coram
1679 538 1843 581 protegato
1859 538 1908 571 vel

1153 590 1404 639 >locumtenente
1437 591 1576 633 generali
1610 591 1805 634 respective,
1836 601 1909 624 cum

1172 643 1348 677 interventu
1376 643 1512 676 duorum
1542 644 1657 677 iurium
1689 644 1855 678 doctorum
1880 649 1911 678 et

1172 697 1300 730 totidem
1326 697 1522 730 notariorum
1558 697 1652 741 (inter
1675 708 1754 742 quos
1786 699 1825 731 sit
1848 698 1909 732 loci

1173 750 1364 794 archirista),
1388 750 1443 782 ubi
1462 761 1537 784 vero
1557 751 1694 789 tribunal
1711 752 1807 784 Rotae
1827 751 1911 784 insti-

1174 808 1274 835 tutum
1289 803 1392 844 suerit,
1409 803 1544 837 duorum
1564 803 1704 837 eiusdem
1721 803 1911 846 auditorum,

1173 856 1315 889 docuerit
1338 856 1426 900 prius
1456 857 1493 889 de
1517 857 1675 890 creatione
1699 857 1731 889 in
1753 857 1911 891 notarium

1174 910 1313 952 legitime
1336 910 1435 950 saeta;
1461 912 1560 954 eaque
1584 910 1725 954 legitima
1755 916 1785 944 et
1808 910 1911 944 valida

1174 965 1346 1007 comperta,
1360 963 1503 1006 rigorose
1520 965 1714 997 examinatus
1731 969 1760 997 et
1776 964 1912 998 interro-

1174 1021 1264 1059 gatus
1289 1017 1383 1050 suerit
1400 1027 1496 1061 super
1512 1017 1560 1058 iis,
1574 1028 1654 1060 quae
1674 1017 1713 1050 ad
1729 1017 1913 1051 exercitium

1175 1070 1268 1103 officii
1286 1070 1458 1104 notariatus
1476 1075 1630 1114 spectan13
1652 1076 1691 1112 et,
1706 1060 1859 1114 quatenus
1875 1071 1914 1104 ad

1175 1123 1205 1169 id
1219 1129 1364 1167 repertus
1381 1124 1475 1156 suerit
1492 1123 1622 1157 idoneus
1641 1125 1749 1168 (super
1766 1135 1829 1168 quo
1846 1134 1913 1158 exa-

1176 1176 1368 1209 minatorum
1392 1176 1534 1210 omnium
1560 1177 1784 1210 conscientiam
1807 1187 1915 1211 onera-

1176 1230 1269 1273 mus),
1286 1240 1304 1261 a
1327 1230 1441 1272 legato,
1459 1230 1613 1273 praeside,
1631 1231 1681 1264 vel
1705 1230 1916 1273 gubernatore

1175 1282 1214 1314 ad
1231 1282 1416 1315 exercitium
1433 1283 1619 1326 praefatum,
1639 1284 1790 1327 praestito
1810 1289 1915 1317 tamen

1175 1336 1264 1379 prius
1289 1346 1346 1379 per
1366 1346 1445 1379 eum,
1459 1336 1636 1369 iuramento
1653 1336 1691 1369 de
1711 1336 1915 1370 observandis

1176 1389 1358 1433 apostolicis
1372 1389 1648 1423 constitutionibus
1661 1395 1692 1423 et
1707 1389 1917 1424 bannimentis

1177 1453 1274 1486 super
1283 1442 1430 1475 archiviis
1439 1443 1600 1484 emanatis,
1611 1443 1775 1486 admissus,
1783 1449 1813 1477 et
1823 1454 1918 1488 super

1177 1495 1366 1528 admissione
1383 1506 1441 1539 per
1458 1495 1658 1529 archivistam
1678 1497 1799 1530 litterae
1814 1503 1919 1541 paten-

1178 1553 1234 1590 tes,
1252 1548 1356 1591 legati,
1376 1548 1600 1592 praesidentis,
1626 1550 1672 1582 vel
1698 1550 1918 1593 gubernatoris

1178 1612 1274 1634 manu
1292 1601 1496 1645 subscriptae,
1516 1602 1618 1635 eidem
1639 1603 1839 1646 consignatae
1855 1604 1918 1636 sue-

1178 1655 1250 1688 rint.
1268 1655 1333 1694 Quo
1353 1665 1428 1687 vero
1453 1655 1491 1687 ad
1509 1656 1648 1689 civitates
1676 1657 1852 1699 legatorum
1870 1657 1918 1690 vel

1179 1708 1428 1750 gubernatorum
1442 1708 1632 1751 provinciae,
1650 1710 1863 1752 praefatorum
1876 1710 1920 1743 iu-

1179 1760 1354 1793 risdictioni
1375 1771 1438 1794 non
1459 1761 1648 1804 suppositas,
1662 1767 1692 1794 et
1706 1762 1831 1795 illarum
1848 1763 1919 1796 loca

1179 1825 1215 1846 ac
1240 1814 1420 1855 territoria,
1445 1825 1576 1847 examen
1607 1819 1637 1847 et
1665 1815 1725 1847 alia
1747 1816 1921 1859 praemissa

1162 1877 1287 1910 vcoram
1311 1867 1443 1910 singulis
1475 1867 1635 1900 civitatum
1659 1867 1841 1902 huiusmodi
1867 1880 1922 1913 gu-

1180 1921 1412 1962 bernatoribus,
1427 1931 1498 1954 cum
1513 1922 1694 1955 earumdem
1711 1933 1920 1966 personarum

1181 1974 1326 2018 superius
1351 1984 1569 2018 expressarum
1595 1975 1793 2017 interventu,
1821 1976 1921 2009 adim-

1181 2028 1336 2070 pleantur.
1351 2028 1385 2060 ln
1403 2033 1546 2060 eventurn
1564 2039 1639 2062 vero
1654 2029 1737 2072 quod
1755 2029 1921 2063 occasione

1183 2081 1374 2124 legationum
1407 2080 1514 2114 civitas
1553 2081 1656 2124 legato
1691 2082 1900 2116 subiiceretur
1914 2110 1922 2126 ,

1182 2135 1314 2167 durante
1338 2135 1391 2167 tali
1416 2135 1608 2169 subiectione
1632 2136 1663 2168 in
1688 2137 1758 2169 loco
1782 2137 1922 2170 residen-

1183 2189 1243 2221 tiae
1267 2189 1371 2231 legati,
1397 2192 1426 2222 et
1450 2189 1551 2232 quoad
1577 2194 1677 2222 terras
1702 2194 1731 2224 et
1760 2191 1819 2223 alia
1843 2191 1921 2234 loca,

1183 2243 1213 2275 in
1228 2244 1341 2286 quibus
1355 2243 1498 2286 specialis
1515 2243 1708 2286 gubernator
1725 2244 1922 2278 constitutus¹

1183 2298 1350 2342 reperitur,
1367 2309 1472 2331 coram
1494 2298 1638 2342 praeside
1655 2299 1843 2343 provinciae3
1860 2310 1922 2343 quo

1183 2363 1257 2385 vero
1278 2352 1315 2384 ad
1333 2352 1482 2392 civitates,
1500 2356 1599 2386 terras
1624 2357 1653 2385 et
1674 2353 1742 2385 loca
1766 2353 1797 2385 in
1821 2352 1923 2386 distri-

1184 2411 1235 2437 ctu
1266 2405 1366 2438 dictae
1398 2405 1489 2439 Urbis
1520 2405 1703 2447 existentia,
1728 2416 1834 2439 coram
1863 2416 1922 2450 pro

1185 2464 1325 2502 tempore
1347 2459 1497 2492 existis-nte
1517 2459 1730 2492 archiviorum
1752 2459 1921 2502 praefecto,

1184 2523 1255 2545 cuni
1271 2513 1443 2545 interventu
1462 2518 1596 2555 quatuor
1622 2513 1738 2545 iurium
1757 2503 1922 2545 doctorum

1183 2571 1213 2598 ct
1237 2571 1371 2609 quatuor
1397 2576 1540 2598 camerae
1565 2565 1754 2609 apostolicae
1783 2566 1922 2599 notario-

1220 2629 1231 2654 1
1250 2628 1316 2655 lleic
1334 2628 1437 2655 ridetur
1453 2628 1548 2656 deesse
1563 2628 1660 2664 partic.
1678 2636 1735 2654 non
1752 2632 1788 2663 (tt.
1801 2627 1850 2662 Τ.).

1920 223 1969 251 An.
1985 223 2016 252 C.
2037 199 2103 252 1631-
