2226 3235
91 238 140 265 An.
160 236 189 265 C.
207 237 276 266 1630

136 986 281 1013 Exequuiores

97 1013 192 1039 deputat.

126 2529 212 2550 Mandat
220 2530 290 2556 puniri

107 2558 279 2583 transgressores.

894 239 1035 263 [mamus
1060 238 1116 263 vm
1141 239 1189 263 rr.

290 286 431 318 futurum
455 285 691 328 quomodolibet
716 286 877 330 spectabit,
896 287 1047 337 firmiter}

291 343 320 371 et
345 338 566 371 inviolabiliter
590 345 742 383 perpetuo
768 340 948 381 observari,
975 340 1030 372 sic-

291 402 350 435 que
371 391 409 424 ab
435 392 582 425 omnibus
607 393 737 433 censeri,
756 397 784 427 et
802 394 842 426 ita
862 404 918 437 per
935 404 1029 437 quos-

292 456 425 488 cumque
451 445 569 479 iudices
595 446 772 480 ordinarios
798 452 827 480 et
851 447 1029 490 delegatOS,

291 498 383 530 etiam
410 509 574 532 causarum
594 499 700 542 palatii
726 501 891 543 apostolici
909 500 1030 533 audito-

293 561 352 591 res,
369 561 405 584 ae
421 552 449 585 S.
465 552 498 584 R.
514 552 546 584 E.
566 550 750 593 cardinales,
768 554 859 586 etiam
878 553 916 586 de
934 553 1030 586 latere

293 604 412 646 legatos
427 610 456 637 et
473 604 562 637 Sedis
585 606 784 648 Apostolicae
808 606 950 645 nuncios,
966 605 1032 638 ubi-

293 667 353 700 que
378 662 407 690 et
432 657 462 690 in
487 657 595 700 quavis
620 658 766 692 instantia
789 659 919 692 iudicari
937 662 965 692 et
982 658 1032 691 de-

294 710 377 743 finiri
401 711 525 753 debere,
544 723 580 745 ac
605 712 728 745 irritum
747 717 775 747 et
794 713 894 753 inane,
916 712 941 745 si
957 712 1031 756 quid

296 774 385 797 secus
410 775 504 808 super
529 765 588 798 hoc
613 776 630 798 a
655 777 827 810 quoquam,
855 765 964 810 quavis
983 776 1033 798 au-

295 818 448 861 ctoritate,
463 818 596 851 scienter
610 820 658 852 vel
672 820 853 862 ignoranter
866 818 1033 862 contigerit

295 872 460 912 attentari,
485 873 670 905 auctoritate
694 878 723 905 et
748 878 856 906 tenore
886 872 1034 916 praefatis

296 925 494 958 decernimus
519 931 547 958 et
573 926 777 959 declaramus.

341 978 408 1022 §3
440 979 591 1018 Quocirca
621 979 853 1013 venerabilibus
883 979 1035 1012 fratribus

297 1031 553 1075 arehiepiscopiS,
571 1042 606 1065 ac
626 1031 789 1072 Oroliensi,
808 1037 838 1065 et
864 1032 932 1065 aliis
956 1032 1036 1076 epis-

298 1085 396 1128 eopis,
411 1085 441 1117 in
458 1085 627 1128 provinciis
644 1090 674 1118 et
692 1085 778 1126 locis,
797 1086 827 1118 in
847 1086 961 1130 quibus
978 1086 1036 1118 fra-

298 1143 381 1171 trum
397 1138 661 1171 Discaleeatorum
676 1139 856 1172 huiusmodi
873 1139 1035 1182 regulares

297 1191 409 1224 domus
427 1195 548 1225 erectae
566 1196 638 1224 sunt
662 1192 726 1224 sive
747 1192 953 1236 imposterum
973 1192 1034 1225 eri-

297 1250 419 1287 gentur,
437 1245 624 1287 constitutis,
641 1256 677 1278 ac
697 1245 817 1280 dilectis
834 1245 907 1278 siliis
925 1256 1034 1279 eorum

297 1298 483 1332 officialibus
517 1310 571 1332 seu
603 1299 727 1332 vicariis
759 1300 790 1332 in
821 1300 1036 1343 spiritualibus

297 1352 498 1394 generalibus
521 1363 577 1396 per
600 1358 781 1396 praesentes
810 1353 1036 1386 committimus

298 1411 327 1438 et
344 1405 539 1446 mandamus,
564 1412 718 1450 quatenus
743 1407 811 1450 ipsi,
828 1407 876 1439 vel
897 1406 969 1446 duo,
984 1412 1037 1439 aut

298 1468 380 1491 unus
404 1469 523 1499 eorum,
541 1470 598 1503 per
618 1471 660 1502 se,
678 1460 725 1493 vel
745 1460 852 1500 alium,
870 1470 925 1493 seu
949 1460 1036 1500 alios,

298 1518 478 1555 praesentes
495 1513 622 1554 litteras,
644 1518 673 1546 et
687 1513 718 1546 in
732 1513 776 1546 eis
789 1518 933 1546 contenta
946 1523 1038 1556 quae-

299 1576 452 1610 cumque,
477 1566 530 1598 ubi
555 1570 584 1599 et
612 1566 736 1609 quando
764 1577 844 1610 opus
872 1566 982 1606 suerit,
1007 1571 1037 1599 et

299 1619 422 1662 quoties
440 1629 498 1662 pro
514 1624 604 1663 parte
620 1619 753 1651 fratrum
771 1619 1036 1652 Disealceatorum

299 1671 477 1705 huiusmodi
492 1671 633 1715 requisiti
648 1671 774 1711 suerint,
789 1672 970 1704 solemniter
983 1683 1039 1716 pu-

299 1725 459 1765 blicantes,
476 1724 657 1768 eisdemque
674 1725 823 1758 fratribus
841 1724 1038 1758 Disealeeatis

300 1778 332 1809 in
350 1778 533 1822 praemissis
557 1779 692 1811 efficacis
715 1778 903 1811 defensionis
921 1779 1039 1823 praesi-

300 1832 351 1865 dio
371 1832 558 1874 assistentes,
584 1833 697 1866 saciant
721 1833 905 1866 auctoritate
929 1835 1038 1866 nostra

300 1886 471 1930 praemissa
488 1886 594 1919 omnia
606 1892 636 1919 et
649 1887 773 1929 singula
789 1887 826 1919 ab
845 1886 891 1926 iis,
904 1886 942 1919 ad
960 1898 1039 1930 quos

301 1945 419 1982 spectat
435 1945 463 1972 et
481 1950 538 1983 pro
560 1945 702 1983 tempore
718 1940 957 1983 quomodolibet
974 1951 1040 1984 spe-

301 1993 405 2034 ctabit,
425 1993 455 2025 in
475 1993 615 2025 futurum
634 1993 854 2026 inviolabiliter
868 1993 1038 2034 observari,

302 2044 493 2089 eosdemque
517 2045 629 2078 fratres
649 2046 856 2079 Disealeeatos
880 2046 1036 2089 praemis-

302 2108 408 2131 sorum
434 2099 601 2132 commodo
621 2104 651 2131 et
673 2099 783 2132 effectu
809 2100 912 2142 quiete
937 2105 965 2132 et
990 2110 1041 2143 pa-

303 2150 390 2184 cifice
415 2151 530 2195 ubique
557 2152 619 2184 frui
644 2157 674 2185 et
699 2152 854 2195 gaudere,
885 2162 948 2185 non
972 2163 1041 2196 per-

304 2204 460 2237 mittentes
492 2205 561 2238 illos
595 2215 652 2249 per
687 2206 820 2238 aliorum
856 2206 1040 2249 quorumvis

303 2256 454 2291 Ordinum
467 2263 496 2290 et
508 2258 722 2292 institutorum
735 2259 898 2302 regulares
911 2259 942 2291 in
955 2269 1042 2302 prae-

303 2311 407 2344 missis
436 2311 545 2355 quovis
569 2318 750 2356 praetextu,
776 2316 869 2347 causa
888 2313 936 2346 vel
956 2323 1042 2346 occa-

304 2365 390 2398 sione
403 2391 411 2405 ,
443 2370 496 2397 aut
525 2365 600 2398 alias
632 2366 869 2409 quomodolibet
904 2365 1042 2400 indebite

304 2419 475 2459 molestari,
501 2420 698 2463 perturbari,
722 2420 890 2464 inquietari
913 2420 962 2453 rel
986 2421 1043 2454 im-

304 2471 421 2515 pediri,

349 2525 364 2568 ξ
388 2525 418 2557 4.
443 2524 695 2559 Contradictores
719 2526 875 2570 quoslibet
891 2531 921 2560 et
941 2526 1042 2560 rebel-

304 2578 359 2620 leS,
376 2583 428 2617 aut
448 2579 523 2611 alias
547 2579 579 2611 in
603 2579 784 2623 praemissis
803 2590 864 2613 non
884 2585 1041 2624 parentes,

306 2641 360 2666 seu
377 2642 444 2666 sese
461 2632 696 2676 quomodolibet
713 2638 918 2678 opponentes,
934 2634 1044 2679 eisque

1065 341 1109 373 vel
1133 340 1265 379 occulte,
1279 340 1397 373 directe
1417 346 1469 372 aut
1490 340 1651 381 indirecte,
1669 351 1801 384 quomo-

1064 393 1181 426 dolibet
1202 399 1404 437 praestantes,
1421 404 1478 437 per
1495 394 1672 435 sententias,
1692 404 1803 427 censu-

1065 456 1113 477 ras
1124 452 1153 478 et
1167 456 1283 489 poenas
1297 447 1530 488 ecclesiasticas,
1545 446 1667 489 aliaque
1688 457 1805 490 oppor-

1066 504 1138 530 tuna
1163 499 1240 531 iuris
1264 504 1293 531 et
1318 499 1389 532 faeti
1415 499 1569 539 remedia,
1594 499 1803 543 appellatione

1064 552 1249 595 postposita,
1271 553 1510 595 compescendo,
1527 553 1739 596 legitimisque
1757 563 1805 584 su-

1065 615 1121 647 per
1150 605 1198 637 his
1229 605 1380 638 habendis
1417 606 1546 638 servatis
1582 605 1802 649 processibus,

1065 667 1214 690 censuras
1243 664 1271 690 et
1302 668 1419 702 poenas
1450 658 1531 701 ipsas
1563 659 1656 691 etiam
1687 658 1804 691 iteratis

1066 710 1185 743 vicibus
1209 714 1427 754 aggravando,
1454 711 1597 744 invocato
1622 712 1659 743 ad
1685 712 1754 752 hor,
1779 712 1803 743 si

1065 774 1146 807 opus
1171 764 1274 806 suerit,
1300 765 1415 798 auxilio
1440 765 1560 798 brachii
1585 766 1744 798 secularis.

1111 818 1125 861 ἓ
1150 817 1178 851 5.
1197 818 1265 851 Non
1283 818 1478 851 obstantibus
1499 819 1595 852 felicis
1617 818 1806 852 recordatio-

1067 870 1115 903 nis
1147 871 1295 904 Bonifacii
1331 872 1430 916 Papae
1457 872 1521 905 Vlll
1554 873 1805 916 praedecessoris

1067 924 1167 957 nostri
1185 924 1222 957 de
1237 927 1308 965 una,
1325 929 1354 959 et
1372 925 1402 957 in
1416 925 1554 958 Concilio
1571 926 1708 968 generali
1723 926 1805 959 edita

1068 977 1107 1010 de
1127 977 1246 1011 duabus
1264 978 1364 1019 dietis,
1378 978 1550 1012 dummodo
1566 979 1648 1011 ultra
1664 984 1727 1011 tres
1740 980 1806 1012 die-

1070 1036 1115 1064 tas
1139 1031 1252 1075 aliquis
1275 1032 1461 1065 auctoritate
1480 1032 1693 1076 praesentium
1715 1032 1745 1064 in
1766 1032 1808 1064 iu-

1068 1084 1185 1117 dicium
1214 1095 1277 1118 non
1305 1085 1463 1127 trahatur,
1496 1085 1628 1128 aliisque
1662 1085 1809 1118 constitu-

1069 1137 1208 1171 tionibus
1234 1143 1263 1171 et
1288 1137 1539 1171 ordinationibus
1563 1138 1752 1181 apostolicis,
1772 1148 1806 1170 ar

1069 1192 1253 1235 quorumvis
1278 1191 1430 1224 Ordinum
1455 1196 1485 1224 et
1509 1192 1808 1234 congregationum,

1069 1245 1259 1288 illorumque
1283 1245 1450 1278 domorum
1468 1251 1497 1278 et.
1520 1245 1664 1278 locorum
1689 1246 1809 1288 regula-

1069 1298 1163 1337 rium,
1177 1298 1270 1330 etiam
1289 1298 1475 1337 iuramento,
1489 1298 1727 1331 confirmatione
1737 1309 1810 1342 apo<

1069 1351 1179 1385 stolica
1199 1352 1247 1384 rel
1272 1351 1380 1395 quavis
1396 1352 1544 1384 firmitate
1562 1352 1621 1384 alia
1639 1352 1807 1389 roboratis,

1070 1405 1191 1438 statutis
1205 1411 1233 1438 et
1248 1405 1538 1445 consuetudinibus,
1552 1405 1724 1448 privilegiis
1736 1415 1809 1448 quo-

1070 1469 1141 1501 que,
1165 1458 1293 1491 indultis
1318 1463 1347 1491 et
1371 1458 1482 1491 litteris
1510 1459 1708 1501 apostolicis,
1735 1458 1807 1495 illis,

1071 1522 1243 1554 eorumque
1279 1511 1497 1555 superioribus
1526 1517 1555 1544 et
1588 1511 1748 1555 personis,
1774 1522 1809 1543 ac

1070 1565 1233 1608 quibusvis
1250 1565 1328 1605 aliis,
1343 1564 1399 1598 sub
1418 1565 1674 1609 quibuscumque
1693 1565 1809 1599 tenori-

1071 1619 1129 1651 bus
1152 1622 1182 1652 et
1205 1618 1316 1651 formis
1331 1645 1338 1658 ,
1362 1629 1398 1651 ac
1423 1629 1495 1651 eum
1526 1618 1689 1662 quibusvis
1715 1619 1807 1650 etiam

1072 1671 1345 1714 derogatoriarum
1362 1671 1580 1714 derogatoriis,
1595 1671 1725 1715 aliisque
1743 1672 1810 1704 effi-

1072 1725 1250 1758 cacioribus
1275 1730 1304 1758 et
1334 1725 1465 1758 insolitis
1497 1725 1663 1765 clausulis,
1688 1735 1810 1758 necnon

1072 1779 1268 1811 irritantibus
1284 1784 1314 1811 et
1331 1779 1398 1811 aliis
1415 1778 1559 1819 decretis,
1577 1778 1607 1810 in
1628 1789 1743 1821 genere
1762 1779 1810 1811 vel

1072 1833 1103 1865 in
1127 1833 1242 1876 specie,
1267 1839 1320 1865 aut
1344 1833 1429 1873 alias,
1456 1832 1486 1864 in
1512 1832 1707 1865 contrarium
1734 1843 1811 1875 quo-

1073 1887 1245 1920 modolibet
1268 1886 1435 1926 concessis,
1461 1886 1655 1919 confirmatis
1676 1890 1705 1921 et
1726 1886 1812 1920 inno-

1074 1940 1161 1974 vatis.

1117 1994 1132 2037 g
1157 1993 1185 2026 6.
1211 1993 1328 2032 Quibus
1353 1993 1499 2026 omnibus
1524 1998 1554 2026 et
1577 1993 1708 2035 singulis
1734 1993 1807 2027 illo-

1074 2057 1143 2078 rum
1166 2052 1291 2079 tenores
1312 2047 1529 2090 praesentibus
1546 2057 1604 2090 pro
1622 2047 1812 2080 sufficienter

1074 2100 1230 2143 expressis
1244 2100 1404 2140 habentes,
1418 2100 1477 2132 illis
1490 2100 1565 2132 alias
1579 2100 1610 2132 in
1627 2111 1684 2133 suo
1697 2100 1811 2133 robore

1073 2154 1299 2197 permansuris,
1317 2154 1375 2187 hac
1400 2154 1466 2187 vice
1490 2153 1650 2188 dumtaxat
1673 2154 1813 2197 speciali-

1074 2213 1122 2240 ter
1147 2213 1177 2240 et
1206 2218 1355 2251 expresse
1391 2207 1597 2250 derogamus,
1637 2207 1810 2251 ceterisque

1075 2261 1240 2294 contrariis
1264 2261 1524 2304 quibuscumque.

1120 2315 1134 2357 g
1159 2315 1187 2347 7.
1205 2314 1356 2347 Volumus
1370 2319 1485 2354 autem,
1500 2314 1585 2357 quod
1601 2313 1812 2357 praesentium

1075 2367 1289 2410 transumptis,
1306 2367 1398 2400 etiam
1417 2367 1589 2410 impressi&
1610 2377 1704 2399 manu
1721 2366 1814 2399 alicu-

1076 2420 1123 2452 ius
1157 2419 1271 2453 notarii
1298 2420 1415 2463 publici
1447 2419 1632 2463 subscriptis
1657 2425 1687 2452 et.
1710 2419 1813 2462 sigillo

1076 2483 1230 2517 personae
1252 2473 1284 2505 in
1301 2473 1451 2515 dignitate
1476 2472 1687 2505 ecclesiastica
1703 2472 1815 2505 consti-

1076 2532 1159 2559 tutae
1177 2526 1313 2569 munitis,
1331 2526 1440 2559 eadem
1454 2536 1585 2569 prorsus
1600 2525 1717 2568 ubique
1737 2525 1814 2558 fides

1076 2579 1272 2621 adhibeatur,
1297 2589 1377 2622 quae
1397 2579 1474 2622 ipsis
1491 2579 1709 2622 praesentibus
1728 2579 1816 2612 adhi-

1075 2633 1214 2674 beretur,
1239 2632 1264 2666 si
1288 2632 1390 2666 forent
1413 2632 1568 2667 exhibitae
1585 2633 1633 2667 vel
1658 2638 1811 2667 ostensae.

1704 229 1768 263 12³
1814 240 1865 266 An.
1886 239 1913 266 c.
1934 239 2000 266 ¹630

1045 287 1224 327 auxilium,
1250 286 1415 319 eonsilium
1437 286 1484 319 vel
1511 287 1649 319 favorem
1675 288 1799 330 publice

1847 832 1939 852 Deru-zat
1956 837 2003 851 con-

1821 861 1897 879 trariis⁴

1878 2318 1941 2339 Fides
1957 2320 2011 2340 tran·

1827 2349 1964 2372 sumptorum.
