2248 3229
107 217 158 245 An.
174 217 204 244 C.
228 215 294 244 ¹639

181 1290 296 1312 Contrariis

109 1318 205 1344 derogat.

919 218 1063 243 Ulmanus
1090 218 1142 242 t‘ttt
1168 219 1215 242 ΡΡ.

305 264 390 305 dicti,
406 264 537 309 aliisque
551 265 771 300 ecclesiasticis
788 266 960 307 sententiis,
980 277 1049 300 cen-

305 319 388 352 suris
420 325 449 352 et
479 319 605 363 poenis,
631 331 648 353 a
673 320 740 353 iure
766 321 813 353 vel
838 321 877 353 ab
902 321 1048 362 homine,

306 372 416 417 quavis
440 373 605 406 occasione
630 374 676 407 vel
702 376 795 407 causa
821 374 898 413 latis,
924 374 948 406 si
974 375 1046 418 qui-

305 425 365 459 bus
389 426 626 470 quomodolibet
651 428 816 460 innodatae
841 428 987 466 exis·unt‚
1011 429 1049 460 ad

309 479 455 513 effectum
488 481 701 524 praesentium
736 481 897 514 dumtaxat
934 492 1047 514 conse—

307 534 477 578 quendum,
500 535 612 567 barum
633 535 714 568 serie
739 534 936 568 absolventes
954 541 983 568 ct
1000 535 1051 568 ab·

308 589 427 621 solutas
458 588 525 621 sore
556 595 741 627 censentes,
770 589 1052 632 supplicationiluis

308 641 433 674 illarum
459 642 586 674 nomine
611 642 702 675 nobis
723 653 819 686 super
844 643 903 674 lioe
928 642 1052 674 humili-

308 697 356 728 ter
379 695 534 738 porrectis
566 695 727 734 inclinati,
753 695 792 728 de
825 695 1050 728 venerabilium

308 747 442 780 fratrum
467 753 648 780 nostrorum
667 752 792 781 sanetae
817 749 975 781 Romanae
1001 748 1054 781 Ec-

309 800 421 833 clesiae
442 800 649 846 cardinalium
672 801 807 844 negotiis
829 801 1051 845 episcoporum

309 858 339 888 et
355 855 548 898 regularium
567 856 821 899 praepositorum
836 855 977 895 consilio,
989 866 1053 888 mo-

308 908 407 941 niales
439 909 625 941 reformatas
655 910 683 941 S.
715 909 828 941 Mariae
852 909 1052 952 ,ligyptiacae

311 960 533 1005 Neapolitanae
548 962 702 1005 praefatas
712 961 926 995 'iurisdictioni
940 966 968 994 et
987 972 1053 994 cor-

310 1015 441 1048 rectioni
458 1025 516 1058 pro
535 1020 677 1059 tempore
701 1015 859 1048 existentis
885 1015 915 1048 in
940 1015 1050 1048 eodem

311 1078 410 1110 regno
433 1067 539 1101 nuncii
565 1068 740 1112 apostolici,
765 1074 860 1112 prout
883 1068 962 1101 aliae
985 1080 1052 1102 mo-

309 1121 406 1154 niales
438 1121 467 1154 S.
493 1121 606 1154 Mariae
632 1121 833 1166 [Egyptiacae
864 1132 927 1155 non
953 1123 1052 1155 rel'or-

311 1179 413 1209 matae
427 1175 648 1218 subiiciuntur‚
666 1176 839 1220 apostolica
857 1176 1052 1217 auctoritate,

311 1233 420 1262 tenore
433 1230 658 1272 praesentium,
676 1229 868 1262 subiieimus.

355 1281 371 1325 ἓ
394 1281 424 1315 3.
450 1282 518 1315 Non
549 1282 747 1316 obstantibus
778 1282 1055 1316 constitutionibus

314 1340 344 1368 et
363 1335 618 1369 ordinationibus
637 1336 833 1380 apostolicis,
850 1346 886 1369 ac
903 1341 1056 1369 monaste-

312 1387 352 1421 rii
365 1394 395 1421 et
408 1387 534 1421 Ordinis
551 1388 741 1430 huiusmodi,
756 1389 850 1422 etiam
869 1389 1055 1431 iuramento,

313 1441 554 1475 confirmatione
567 1442 750 1486 apostolica,
769 1444 815 1476 vel
836 1443 945 1487 quavis
962 1443 1058 1476 firmi-

315 1497 374 1528 tate
399 1495 460 1528 alia
483 1495 651 1537 roboratis,
671 1497 793 1529 statutis
807 1502 838 1529 et
861 1497 1058 1530 consuetudi-

314 1548 417 1589 nibus,
441 1549 616 1593 privilegiis
636 1561 773 1594 quoque,
800 1550 927 1585 indultis
952 1556 982 1583 et
1006 1551 1057 1583 lit-

315 1603 390 1636 teris
408 1603 588 1646 apostolicis
606 1603 636 1636 in
658 1603 850 1637 eontrarium
867 1604 1059 1648 praemisso-

314 1666 386 1689 rum
410 1656 648 1700 quomodolibet
676 1657 843 1697 concessis,
866 1658 1059 1691 confirmatis

315 1715 346 1744 et
363 1710 536 1750 innovatis;
557 1710 674 1754 quibus
694 1710 840 1743 omnibns
861 1716 892 1744 et
916 1711 1058 1753 singulis,

315 1763 443 1797 illorum
465 1768 590 1797 tenores
608 1764 827 1807 praesentibus
844 1775 904 1808 pro
921 1765 1013 1808 plene
1031 1770 1061 1797 et

316 1817 509 1850 sufficienter
533 1817 691 1861 expressis
711 1827 747 1851 ac
766 1817 805 1850 de
825 1818 922 1851 verbo
939 1818 977 1850 ad
995 1829 1061 1851 ver-

316 1869 392 1903 bum
416 1870 542 1903 insertis
567 1870 734 1910 babentes,
760 1870 821 1903 illis
846 1871 922 1904 alias
947 1871 979 1904 in
1003 1881 1060 1905 suo

318 1924 433 1958 robore
450 1924 676 1968 permansuris,
694 1924 732 1957 ad
748 1925 998 1968 praemissorum
1017 1926 1061 1959 es-

318 1978 444 2018 sectum,
469 1978 527 2011 hac
551 1978 618 2010 vice
641 1977 804 2010 dumtaxat
829 1978 1007 2022 specialiter
1032 1985 1062 2012 et

318 2042 465 2077 expresse
481 2031 688 2075 derogamus3
706 2032 881 2076 ceterisque
895 2033 1062 2066 contrariis

318 2086 579 2130 quibuscumque.

330 2156 333 2158 ·
362 2139 475 2173 Datum
495 2139 622 2180 Romae,
639 2138 723 2183 apud
741 2139 770 2173 S.
787 2139 925 2179 Petrum,
939 2138 996 2172 sub
1013 2148 1064 2172 an—

319 2193 395 2227 nulo
416 2193 593 2233 piscatoris,
611 2192 661 2226 die
679 2203 743 2227 xxu
765 2193 866 2227 martii
889 2203 1062 2234 nncxxxix,

321 2247 522 2291 pontificatus
539 2247 638 2280 nostri
657 2257 739 2279 anno
758 2256 819 2279 xvi.

356 2308 415 2337 Dat.
436 2309 480 2337 die
496 2310 528 2336 22
544 2309 634 2336 martii
654 2310 730 2343 1639,
753 2309 849 2344 pontis.
869 2317 940 2338 anno
957 2316 1008 2338 art.

615 2445 776 2478 Dcxxxv.

326 2517 537 2561 Confirmatio
565 2517 785 2561 capitulorum
814 2527 959 2551 camerae
983 2528 1062 2562 apo-

369 2572 501 2606 stolicae
533 2582 620 2605 anno
652 2581 760 2605 ›intxu
794 2572 955 2605 editorum
988 2577 1016 2606 el
1047 2585 1067 2606 ιι

373 2626 430 2660 Pio
458 2627 478 2660 Ι
486 2626 509 2658 V
536 2626 801 2668 confirmatorum
829 2637 890 2670 pro
918 2627 1007 2669 felici
1039 2631 1068 2660 et

423 2688 501 2718 Bun.
517 2688 600 2718 Rom.
618 2705 647 2709 ---
672 2689 730 2718 Vol.
751 2689 826 2718 MV.
973 2689 1007 2716 89

1731 207 1794 242 705
1841 217 1887 245 An.
1906 217 1935 245 c.
1956 217 2025 245 1639

1127 267 1224 301 celeri
1239 268 1392 301 mercium
1407 278 1465 312 per
1486 267 1637 312 Tyberim
1656 267 1692 301 in
1713 267 1828 301 Urbem

1129 322 1328 355 subvectione
1339 322 1358 355 ¹.

1287 410 1422 438 Urbanus
1442 411 1521 443 Papa
1540 410 1606 438 vm
1618 431 1624 443 ,

1207 455 1244 482 ad
1264 459 1440 490 perpetuam
1460 455 1503 482 rei
1524 455 1705 483 memoriam.

1129 535 1274 574 Quamvis
1303 535 1341 567 ad
1373 535 1550 569 ubertatem
1578 535 1609 568 in
1637 535 1719 568 alma
1746 534 1829 569 Urbe

1086 590 1193 621 nostra
1225 589 1472 621 conservandam
1506 594 1536 621 et
1567 588 1765 631 augendam,
1794 599 1830 621 ao

1087 652 1144 685 pro
1169 642 1251 674 sacili
1283 647 1313 675 et
1346 642 1440 675 celeri
1473 642 1626 675 mercium
1652 652 1708 686 per
1732 642 1831 686 Tybe-

1088 695 1147 727 rim
1174 695 1205 727 in
1230 695 1373 727 eamdem
1395 695 1508 728 Urbem
1535 695 1653 728 aditum
1673 700 1702 727 et
1719 695 1832 728 subve-

1087 747 1210 789 ctione,
1236 747 1310 780 alias
1341 748 1379 781 de
1411 758 1493 781 anno
1518 758 1628 781 annxu
1653 747 1768 781 fuerint
1800 747 1832 780 in

1087 803 1213 834 camera
1235 802 1405 845 apostolica
1429 802 1508 834 sacta
1526 806 1555 836 et
1575 802 1658 834 edita
1679 802 1830 835 nonnulla

1087 854 1232 898 capitula,
1249 865 1303 887 seu
1321 855 1447 888 decreta
1464 860 1493 887 et
1510 855 1734 896 ordinationes,
1753 865 1833 898 quae

1087 913 1115 940 et
1140 918 1218 951 quas
1250 908 1344 941 etiam
1378 914 1570 941 mercatores
1603 908 1718 952 ripales
1743 918 1833 941 acce-

1087 966 1225 1004 ptarunt,
1241 967 1396 1005 perpetuo
1421 961 1643 994 inviolabiliter
1664 961 1831 994 observan-

1085 1014 1124 1046 da
1141 1019 1169 1046 et
1186 1014 1406 1056 observandas,
1424 1025 1505 1058 quae
1530 1015 1622 1047 etiam
1648 1025 1704 1058 per
1728 1014 1829 1046 felicis

1087 1067 1315 1101 recordationis
1331 1068 1418 1101 Pium
1434 1068 1546 1112 Papam
1562 1068 1598 1100 tv
1613 1067 1834 1111 praedecesso.

1087 1132 1153 1154 rem
1178 1127 1322 1154 nostrum
1347 1121 1532 1154 confirmata
1557 1121 1698 1154 suerunt:

1131 1176 1146 1219 ξ
1176 1175 1199 1207 1.
1224 1175 1445 1214 Nihilominus,
1470 1175 1631 1219 quoniam,
1650 1180 1683 1207 ut
1707 1176 1833 1219 accepi-

1088 1240 1166 1271 mus,
1185 1229 1269 1263 cirea
1293 1230 1345 1262 illa
1369 1235 1398 1263 et
1424 1229 1491 1263 illas
1517 1229 1605 1262 multi
1632 1229 1833 1273 irrepserunt

1088 1284 1206 1316 abusus
1230 1288 1260 1316 et
1285 1283 1553 1322 inobservantiae;
1579 1282 1708 1322 idcirco,
1730 1287 1764 1315 ut
1788 1282 1833 1315 illi

1089 1343 1119 1370 et
1143 1337 1213 1370 illae
1238 1347 1253 1369 e
1279 1337 1383 1369 medio
1409 1337 1582 1377 tollantur,
1611 1336 1758 1380 dictaque
1783 1347 1834 1369 ca-

1090 1391 1189 1435 pitula
1221 1401 1275 1423 seu
1309 1390 1436 1423 decreta
1466 1395 1496 1423 et
1534 1389 1750 1423 ordinationes
1780 1389 1831 1422 in-

1090 1454 1241 1478 concusse
1272 1449 1438 1477 serventur
1469 1443 1637 1488 providere
1671 1443 1834 1484 volentes,

1091 1497 1211 1531 etiamsi
1231 1497 1270 1530 ad
1294 1508 1444 1541 praesens
1464 1497 1616 1530 ecclesiae
1634 1496 1785 1530 Ostiensis
1805 1501 1836 1529 et

1092 1551 1314 1584 veliternensis
1347 1551 1483 1595 pastoris
1518 1551 1629 1584 solatio
1665 1550 1836 1583 destitutae

1091 1605 1162 1644 sint,
1187 1610 1274 1637 motu
1299 1604 1446 1648 proprio,
1472 1615 1508 1637 ac
1532 1615 1569 1637 ex
1594 1606 1681 1637 ccrtzl
1706 1603 1838 1637 scientia

1093 1661 1280 1702 maturaque
1309 1658 1536 1691 deliberatione
1568 1657 1706 1698 nostris,
1735 1656 1837 1700 deque

1092 1713 1280 1756 apostolicae
1305 1711 1467 1756 potestatis
1491 1710 1696 1755 plenitudine,
1723 1710 1836 1744 eadem

1093 1766 1238 1809 capitula,
1263 1765 1388 1798 decreta
1409 1769 1439 1798 et
1455 1764 1681 1804 ordinationes,
1700 1763 1731 1796 in
1750 1764 1838 1796 calce

1093 1819 1305 1863 praesentium
1324 1823 1505 1851 nostrarum
1522 1818 1699 1850 litterarum
1721 1816 1839 1850 inserta

1093 1878 1123 1906 et
1148 1873 1290 1912 insertas,
1310 1877 1419 1905 tenore
1444 1871 1657 1915 praesentium
1682 1874 1838 1914 perpetuo

1094 1928 1320 1961 confirmamus
1344 1931 1374 1959 et
1398 1925 1621 1969 approbamus,
1647 1924 1771 1968 illisque
1797 1924 1840 1956 in-

1095 1981 1249 2014 violabilis
1266 1979 1455 2023 apostolicae
1473 1978 1630 2012 firmitatis
1651 1978 1750 2011 robur
1766 1977 1841 2010 adii-

1095 2033 1215 2074 cimus,
1241 2043 1276 2065 ao
1301 2042 1410 2065 omnes
1435 2036 1464 2064 et
1497 2031 1638 2073 singulos
1667 2035 1732 2062 tam
1762 2029 1840 2063 iuris

1096 2098 1192 2131 quam
1218 2086 1288 2119 sacti
1314 2086 1463 2125 desectus,
1482 2084 1506 2116 si
1527 2084 1580 2128 qui
1607 2083 1742 2127 desuper
1767 2093 1841 2128 quo-

1097 2140 1269 2174 modolibet
1294 2138 1535 2178 intervenerint,
1561 2137 1764 2181 supplemus,
1790 2147 1841 2171 ea-

1097 2194 1232 2237 demque
1265 2193 1422 2236 capitula,
1455 2190 1668 2224 ordinationes
1703 2201 1757 2224 seu
1790 2190 1841 2224 de-

1097 2253 1183 2282 creta
1208 2247 1358 2280 adversus
1383 2255 1615 2289 quemcumque
1639 2254 1702 2277 non
1727 2255 1841 2287 usum,

1098 2312 1153 2334 seu
1173 2301 1315 2342 abusum,
1333 2310 1367 2333 ae
1385 2298 1578 2332 contrariam
1604 2298 1842 2341 abrogationem

1099 2364 1332 2399 quamcumque
1361 2352 1471 2397 quavis
1495 2351 1680 2385 auctoritate
1705 2351 1819 2384 factam
1834 2378 1842 2393 ,

1100 2409 1282 2453 reponimus
1307 2413 1337 2441 et
1361 2406 1567 2445 restituimus,
1593 2406 1718 2449 illaque,
1738 2410 1843 2450 quate-

1100 2474 1158 2497 nus
1184 2464 1263 2496 soret
1287 2473 1376 2506 opus,
1399 2461 1595 2500 innovamus,
1616 2460 1844 2504 perpetuisque

1101 2516 1214 2550 suturis
1246 2515 1441 2559 temporibus
1466 2524 1482 2546 a
1506 2513 1759 2558 quibuscumque
1784 2513 1844 2546 mi-

1102 2570 1208 2604 nistris
1233 2575 1263 2603 et
1287 2568 1472 2603 officialibus
1497 2568 1597 2602 dictae
1622 2578 1782 2610 camerae,
1807 2577 1843 2602 ac

1895 547 2028 568 Prooemium

1845 574 1872 595 ab
1884 575 1928 599 ipsa
1940 577 2028 594 niatu-‘ta

1846 604 1956 627 suu-ptum.

1897 1188 2034 1209 Conni-mano

1848 1215 1995 1238 decreturum,
2013 1216 2035 1235 ut

1849 1243 1868 1262 iu
1901 1242 1986 1262 rubrica
2013 1241 2033 1262 in

1848 1268 1908 1288 eale-³
1935 1272 2034 1294 pra-*sen-

1849 1295 1899 1316 rium
1917 1295 2034 1315 litterarum

1849 1322 1972 1343 relatorum.

1138 2637 1149 2662 1
1173 2634 1209 2662 Ex
1230 2633 1337 2670 [tegest.
1359 2632 1386 2660 in
1405 2633 1509 2661 Secret.
1531 2631 1608 2660 Brev.
