2248 3229
175 203 225 232 An.
236 204 264 232 c.
286 205 355 233 1630
400 198 465 232 189.

377 255 524 289 abbatum
543 262 572 290 et
593 258 818 291 monachorum
841 259 991 292 canonici.
1008 260 1115 298 Quoad

377 309 531 350 ordinem,
555 311 680 354 quando
704 311 874 354 praepositi
895 316 949 343 aut
972 312 1113 345 canonici

377 361 436 394 erit
454 363 556 403 funus,
581 363 686 402 abbas,
703 363 749 395 vel
771 363 896 406 dignior
912 369 984 407 post
1000 364 1114 408 ipsum,

375 414 486 447 abbate
506 416 664 458 impedito,
691 415 721 447 in
747 415 814 449 eius
838 417 952 459 locum,
974 418 1113 451 officium

375 467 512 500 celebret
530 473 738 509 mortuorum,
757 474 786 501 et
806 469 938 502 cadaver
955 470 1114 504 deseratur

375 530 390 551 a
415 520 598 561 monacbis,
623 521 700 564 ipsis
724 532 741 554 a
765 522 863 555 latere
888 522 1016 557 dextero
1041 535 1112 557 cum

374 573 532 606 canonicis
556 585 572 607 a
598 575 725 609 sinistro
750 575 831 609 binis
859 577 1111 620 procedentibus.

372 625 447 658 Cum
473 636 547 659 vero
572 627 693 661 abbatis
717 629 763 661 vel
790 630 935 663 monachi
959 630 1054 664 funus
1074 632 1112 664 sit

371 679 595 723 peragendum,
617 681 801 715 observetur
819 683 930 716 ordine
948 694 1110 727 converso,

370 732 569 775 praepositus
594 734 720 777 scilicet,
744 736 800 776 vel,
819 746 856 769 eo
877 736 1039 780 impedito,
1065 738 1111 770 di-

370 783 463 825 gnior
486 785 608 828 primus
633 797 669 819 ex
695 788 833 831 capitulo
858 790 994 822 officium
1028 791 1110 824 cele-

369 835 460 879 bret,
492 838 626 872 cadaver
657 850 675 872 a
707 842 899 886 presbyteris
931 843 1108 886 deferatur,

369 891 527 924 canonicis
552 892 632 926 latus
650 893 812 927 dexterum
838 901 867 928 et
891 897 1055 930 monachis
1072 898 1109 930 si-

368 942 500 976 nistrum
525 946 723 989 tenentibus,
753 948 818 980 bini
844 948 929 989 bini,
959 954 1054 992 prout
1077 950 1109 982 in

366 996 476 1030 funere
500 999 659 1040 canonici,
684 1001 865 1044 procedant.
897 1002 984 1035 Circa
1009 1004 1107 1047 quali-

366 1055 461 1083 tatem
486 1056 513 1083 et
539 1058 699 1099 sumptum
721 1054 877 1097 funerum,
899 1056 1024 1089 solitum
1045 1068 1108 1090 ser-

367 1108 465 1147 vetur,
492 1105 573 1138 sicut
596 1107 625 1139 in
652 1107 731 1140 113116
752 1120 851 1153 usque
872 1110 953 1143 diem
971 1111 1029 1144 fuit
1046 1122 1108 1145 ser-

366 1162 479 1190 vatum.

408 1210 515 1250 Quoad
540 1214 717 1256 sepulturas
743 1220 987 1257 extraneorum,
1012 1218 1106 1251 laico-

364 1275 434 1296 rum
456 1266 503 1297 vel
529 1267 826 1309 ecclesiasticorum,
854 1270 984 1313 quilibet
1001 1271 1033 1303 in
1049 1282 1106 1304 suo

364 1317 461 1350 latere
478 1319 652 1354 concedant
676 1326 705 1353 et.
726 1323 886 1365 sepeliant.
904 1323 1030 1357 Nullum
1048 1324 1105 1357 du-

364 1376 452 1403 catur
469 1370 502 1403 in
522 1372 655 1405 ecclesia
678 1373 771 1407 funus
792 1375 910 1418 absque
928 1376 1106 1410 interventu

364 1424 599 1458 canonicorum.
643 1427 809 1460 Funeralia
850 1429 1037 1463 cadaverum
1073 1430 1103 1463 in

364 1477 467 1511 media
499 1480 567 1511 navi
597 1481 746 1525 ecelesiae
776 1482 860 1516 fiant.
887 1483 1105 1518 Emolumenta

363 1532 519 1573 funerum,
534 1533 564 1565 in
582 1544 783 1578 quocumque
800 1536 896 1569 latere
913 1538 1104 1580 sepeliantur

364 1586 490 1628 mortui,
516 1588 689 1630 aequaliter
711 1577 791 1621 inter
816 1590 988 1633 capitulum
1015 1602 1104 1624 cano-

363 1638 505 1672 nicorum
539 1644 568 1674 et
603 1643 774 1676 monachos
808 1643 995 1677 dividantur.
1028 1646 1102 1679 Offi-

363 1692 483 1726 ciorum
502 1704 576 1727 vero
602 1694 797 1738 integraliter
814 1698 1027 1731 emolumenta
1043 1699 1104 1732 sint

363 1756 485 1787 eorum,
503 1746 534 1779 in
559 1758 694 1791 quorum
720 1750 816 1783 latere
842 1751 1018 1783 celebratur
1035 1752 1103 1785 osti-

363 1799 455 1832 cium.

407 1853 582 1896 Capitulum
608 1856 831 1889 canonicorum
858 1857 1020 1900 provideat
1051 1869 1102 1891 ec-

364 1906 477 1939 clesiae
501 1906 538 1939 de
564 1908 733 1949 subselliis,
759 1910 876 1943 mensis
900 1915 929 1945 et
953 1911 1020 1944 aliis
1044 1912 1102 1944 liu-

364 1960 498 1993 iusmodi
530 1961 568 1994 ad
601 1973 691 1995 usum
724 1965 874 1998 ecclesiae
901 1976 1100 1999 communem

363 2014 583 2057 spectantibus.
620 2016 750 2059 Dignior
787 2018 875 2051 locus
914 2030 1040 2063 semper
1070 2020 1101 2051 in

363 2077 559 2111 quacumque
592 2069 751 2103 functione
784 2072 823 2103 sit
855 2072 982 2115 capituli
1011 2083 1102 2106 cano-

362 2121 528 2162 nicorum,
565 2128 695 2166 excepto
731 2128 835 2157 tamen
874 2136 948 2158 casu
983 2126 1101 2159 funeris

362 2175 531 2218 praepositi
552 2176 598 2208 rel
624 2177 847 2210 canonicorum
865 2179 895 2210 in
920 2179 1052 2212 ecclesia
1071 2179 1098 2212 S.

362 2227 527 2261 Ambrosii.
553 2229 585 2261 In
611 2231 792 2263 recitatione
817 2232 1014 2275 completorii
1039 2244 1101 2266 ser-

314 2282 315 2285 ’
363 2287 451 2314 vetur
470 2282 628 2315 decretum
647 2284 743 2316 sancti
761 2285 861 2318 Caroli
876 2285 906 2317 in
926 2286 1101 2320 visitatione

361 2335 418 2368 sub
442 2336 491 2368 die
514 2347 601 2370 xxvii
626 2337 774 2370 februarii
800 2348 976 2372 nnnxxvnt.
1002 2339 1099 2383 Orgass

361 2400 446 2430 num,
466 2390 631 2433 pulpitum,
654 2402 707 2424 seu
727 2392 821 2434 vulgo
848 2392 1005 2435 lellorv'no,
1026 2394 1101 2427 utri-

362 2453 422 2485 que
462 2444 623 2486 collegio,
656 2446 880 2485 canonicorum
917 2447 1031 2480 seilicet
1070 2452 1100 2480 et

362 2496 609 2538 monachorum,
634 2503 696 2530 tam
729 2499 830 2542 quoad
860 2510 973 2540 usum,
1005 2511 1098 2544 quam

362 2549 463 2592 quoad
487 2550 718 2593 reparationes,
743 2552 884 2595 quamvis
913 2553 945 2585 in
969 2553 1099 2586 diversis

362 2601 510 2635 lateribus
534 2604 741 2647 reperiantur,
763 2605 823 2638 sint
849 2606 1036 2639 communia.

952 212 1130 237 BULLARIUM
1154 213 1308 238 ROMANUM

1193 260 1332 294 1)(11111131
1350 261 1492 304 ecclesia,
1516 262 1542 295 si
1566 264 1691 306 quando
1708 264 1884 308 contigerit,

1149 312 1278 345 facultas
1302 313 1525 347 reconciliandi
1549 315 1587 347 ab
1604 316 1815 350 illustrissimo
1838 327 1886 350 ar-

1149 366 1350 411 chiepiscopo
1363 367 1557 411 impetretur,
1572 379 1672 413 eoque
1683 371 1819 412 nolente,
1827 381 1885 415 per

1149 430 1181 452 se
1195 420 1309 463 ipsum,
1326 421 1455 454 alternis
1467 422 1596 465 vicibus,
1614 433 1631 455 a
1647 423 1825 467 praeposito
1839 434 1886 458 ec-

1148 473 1261 506 clesiae
1294 479 1324 507 et
1352 474 1462 507 abbate
1486 476 1713 509 monachorum
1737 477 1881 511 reconci-

1148 526 1250 568 lietur,
1269 526 1310 559 ita
1325 531 1359 559 ut
1374 527 1495 570 primus
1516 532 1626 562 turnus
1646 529 1686 562 sit
1704 529 1883 573 praepositi.

1147 580 1301 612 Teneatur
1318 580 1522 623 cimiliarcha,
1538 582 1657 626 absque
1676 583 1740 616 ulla
1765 587 1885 616 contra-

1147 631 1292 673 dictione,
1310 633 1436 677 utrique
1449 635 1583 678 collegio
1599 635 1785 679 necessaria,
1801 645 1885 669 com-

1146 686 1253 719 munia
1273 691 1388 728 tamen,
1405 698 1464 731 pro
1482 688 1608 722 servitio
1625 689 1803 723 divinorum
1824 694 1884 723 tra-

1146 739 1229 772 dere.
1809 757 1811 759 ’

1188 792 1338 826 Redditus
1363 794 1649 838 superstantiariae‚
1666 795 1697 828 in
1717 801 1862 829 ornatum
1875 823 1882 837 ,

1145 845 1374 888 reparationem
1392 851 1422 880 et
1438 846 1515 880 alios
1538 848 1731 881 necessarios
1746 858 1821 881 usus
1834 858 1883 882 ec-

1144 898 1255 931 clesiae
1273 900 1434 942 erogandi,
1451 900 1618 943 diligenter
1634 911 1692 945 per
1716 901 1882 935 canonicos

1143 961 1317 995 eorumque
1342 953 1569 986 cimiliarcham
1597 954 1823 996 ministrentur.
1847 954 1880 987 In

1143 1005 1336 1039 solemnibus
1352 1007 1515 1040 ecclesiam
1536 1007 1684 1041 decenter
1699 1008 1805 1042 ornari
1822 1019 1881 1052 pro

1142 1063 1277 1102 utroque
1299 1059 1432 1102 collegio
1456 1065 1554 1103 curet,
1580 1066 1609 1094 et
1633 1067 1775 1094 ornatam
1800 1062 1882 1105 pari-

1143 1115 1189 1145 ter
1213 1112 1244 1145 in
1268 1113 1436 1156 pristinum
1457 1114 1568 1157 redigi,
1585 1114 1679 1158 idque
1702 1115 1796 1148 etiam
1820 1125 1880 1159 pro

1141 1166 1244 1199 missis
1260 1166 1363 1210 prima
1383 1167 1460 1209 vice,
1482 1173 1544 1201 tam
1560 1179 1578 1201 a
1594 1168 1763 1211 canonicis,
1784 1179 1879 1214 quam

1140 1228 1157 1250 a
1182 1219 1354 1260 monachis,
1379 1220 1442 1253 sive
1466 1221 1664 1265 praepositis,
1688 1227 1742 1255 aut
1764 1221 1880 1256 abbati-

1141 1270 1199 1303 bus
1212 1282 1270 1315 pro
1285 1277 1439 1317 tempore,
1449 1274 1522 1306 item
1536 1275 1567 1306 in
1581 1275 1744 1308 funeribus
1758 1285 1879 1309 eorum-

1140 1324 1221 1365 dem,
1236 1336 1290 1358 seu
1315 1326 1447 1359 aliarum
1472 1327 1642 1371 illustrium
1659 1338 1877 1372 personarum,

1139 1379 1283 1422 expensis
1306 1383 1410 1413 tamen
1434 1381 1674 1422 monachorum,
1691 1382 1745 1415 ubi
1768 1382 1807 1415 ad
1831 1393 1879 1416 eo-

1139 1442 1209 1465 rum
1234 1432 1414 1466 instantiam
1438 1434 1492 1467 fiat
1505 1433 1522 1467 ¹.

1182 1486 1361 1520 Benedictio
1385 1488 1532 1521 solemnis
1549 1489 1631 1522 cerei
1649 1489 1807 1533 paschalis
1826 1490 1876 1523 die

1138 1538 1259 1571 sabbati
1285 1540 1382 1573 sancti
1406 1541 1534 1574 alternis
1557 1541 1678 1575 vicibus
1706 1553 1762 1586 per
1790 1543 1875 1587 capi-

1138 1592 1236 1624 tulum
1262 1594 1487 1627 canonicorum
1511 1599 1542 1627 et
1565 1595 1734 1638 collegium
1760 1606 1872 1630 mona—

1137 1645 1270 1678 chorum
1284 1646 1347 1687 fiat,
1364 1646 1407 1679 ita
1420 1652 1454 1679 ut
1470 1647 1557 1688 illud,
1571 1647 1609 1680 ad
1626 1648 1710 1691 quod
1725 1649 1877 1692 spectabit

1137 1708 1216 1731 onus
1247 1709 1354 1732 sacrae
1383 1700 1551 1735 functionis
1571 1728 1578 1741 ‚
1611 1712 1763 1745 expensas
1794 1703 1876 1736 cerei

1136 1752 1242 1795 faciat,
1269 1758 1299 1785 ct
1323 1753 1408 1797 quod
1432 1754 1607 1787 remanebit
1630 1755 1718 1788 finito
1742 1766 1803 1789 usu
1826 1766 1876 1789 re-

1138 1805 1242 1838 tineat.
1268 1805 1351 1839 Ordo
1374 1807 1603 1841 benedictionis
1627 1808 1802 1843 antedictae
1826 1809 1875 1851 sit,

1137 1864 1167 1891 ut
1199 1870 1216 1892 a
1242 1860 1375 1903 collegio
1402 1861 1579 1894 celebrante
1603 1862 1730 1895 missam
1755 1863 1875 1896 sabbati

1137 1913 1232 1945 sancti
1258 1914 1320 1946 siat.
1341 1913 1386 1946 Ad
1407 1915 1651 1957 postulationem
1675 1915 1806 1957 abbatis,
1829 1927 1876 1949 ca-

1136 1966 1250 2007 nonici,
1262 1977 1316 1999 seu
1330 1967 1368 2000 ab
1382 1967 1426 2000 eis
1439 1967 1618 2011 deputandi,
1632 1969 1729 2002 altare
1743 1979 1873 2003 aureum

1136 2019 1166 2051 in
1191 2019 1325 2052 adventu
1348 2020 1519 2053 illustrium
1543 2031 1750 2065 personarum
1774 2027 1875 2056 osten-

1135 2072 1218 2105 dant.
1236 2073 1378 2106 Castrum
1398 2074 1526 2116 doloris‚
1544 2075 1629 2118 quod
1652 2075 1746 2118 vulgo
1768 2076 1874 2109 tomba

1135 2131 1255 2169 vocant,
1270 2132 1299 2159 et
1323 2127 1510 2160 candelabra
1528 2138 1586 2171 pro
1611 2128 1720 2161 eodem
1745 2129 1873 2163 servitio

1135 2179 1286 2212 destinata
1311 2185 1475 2213 serventur
1498 2180 1530 2213 in
1553 2181 1623 2214 1060
1649 2181 1741 2215 solito
1765 2182 1874 2216 subtus

1135 2243 1288 2275 organum
1307 2233 1345 2266 ad
1369 2244 1461 2266 usum
1483 2245 1683 2268 communem
1708 2235 1872 2280 utriusque

1135 2286 1267 2328 collegii.
1292 2286 1414 2319 Possint
1438 2287 1584 2320 monachi
1616 2288 1725 2321 diebus
1755 2288 1872 2323 festivis

1134 2345 1315 2372 sanctorum
1336 2340 1574 2383 particularium
1592 2342 1750 2386 cappellas
1765 2342 1797 2375 in
1814 2353 1871 2376 suo

1133 2393 1229 2426 latere
1254 2393 1420 2427 existentes
1438 2394 1469 2427 in
1486 2395 1669 2429 eorumdem
1691 2402 1870 2430 sanctorum

1133 2446 1286 2479 honorem
1311 2452 1429 2480 erectas
1453 2448 1584 2482 arbitrio
1615 2460 1672 2483 suo
1702 2455 1763 2482 tam
1786 2449 1870 2482 intus

1132 2510 1225 2543 quam
1250 2500 1335 2541 soris,
1353 2502 1413 2534 una
1430 2512 1500 2534 cum
1521 2503 1676 2536 columnis
1700 2513 1717 2536 e
1740 2503 1868 2546 regione

1168 2571 1180 2596 1
1193 2570 1260 2598 Vide
1270 2579 1304 2598 an
1315 2571 1423 2606 legend.
1435 2572 1470 2600 sit
1479 2573 1625 2601 Potlutam
1635 2574 1780 2602 ecclesiam
1790 2575 1867 2609 (uxr).

1166 2615 1182 2642 Ξ
1196 2616 1287 2651 Aptius
1300 2616 1435 2652 legeretur
1448 2617 1530 2653 fiant,
1545 2618 1614 2647 idest
1626 2619 1732 2653 funera
1745 2619 1785 2655 (n.
1797 2619 1848 2655 τ,).

1900 215 1951 243 An.
1962 215 1991 244 C.
2010 215 2083 245 1630
