2226 3235
91 248 144 275 An.
160 247 190 274 C.
213 246 280 275 1630

114 309 239 331 Prohibitio.
250 307 275 328 de

92 341 133 362 qua
146 336 166 356 iu
182 335 274 356 rubrica.

170 1536 282 1566 clausulae

97 1565 230 1589 praeservat«
236 1568 282 1583 vae.

124 1696 236 1717 Clausulae
254 1695 281 1716 ir-

99 1724 193 1743 mantua.

126 2070 237 2090 clausulae
250 2069 286 2090 de-

100 2098 231 2123 rogatorias,

138 2230 286 2257 Transumpto-

102 2262 146 2277 rum
162 2257 220 2277 fides.

899 243 1040 269 URBANUS
1065 242 1122 268 VIII
1145 242 1193 268 Pr.

334 294 349 338 ξ
374 294 403 326 i.
428 292 621 338 Specialibus
647 292 753 337 itaque
776 293 846 326 illos
872 293 1031 326 favoribus

292 352 322 380 ct
346 346 455 390 gratiis
485 347 631 390 prosequi
665 346 825 389 volentes,
857 352 885 380 et
921 356 1031 380 eorum

292 400 466 444 singulares
491 411 642 445 personas
675 411 691 433 a
720 401 881 444 quibusvis
906 411 1031 434 exeom-

292 454 533 495 municationis,
559 455 775 499 suspensionis
799 460 829 487 et
854 454 1031 494 interdicti,

293 507 425 552 aliisque
451 508 669 542 ecelesiasticis
695 508 866 549 sententiis,
891 507 1033 541 censuris

293 566 322 593 et
347 562 471 605 poenis,
495 572 512 594 a
537 561 604 594 iure
630 562 676 594 vel
701 558 739 594 ab
764 562 901 601 homine,
925 560 1033 605 quavis

293 615 458 648 occasione
484 616 530 648 vel
555 617 648 648 causa
674 615 752 656 latis,
778 615 802 648 si
827 615 942 659 quibus
960 625 1034 658 quo-

294 668 463 702 modolibet
488 669 652 702 innodatae
670 669 816 710 existunt,
832 669 869 701 ad
887 668 1032 701 effectum

293 723 504 765 praesentium
518 723 677 757 dumtaxat
692 722 958 766 consequendum,
979 721 1034 754 lia-

295 786 366 808 rum
391 777 471 809 serie
496 777 707 818 absolventes,
732 782 759 810 et
785 776 943 809 absolutas
968 775 1033 808 sore

295 835 478 871 censentes,
512 830 795 874 supplicationibus
819 828 955 862 ministri
980 838 1034 871 ge-

295 883 410 916 neralis
435 883 535 916 dictae
560 883 815 927 congregationis
832 881 923 915 nobis
941 891 1035 925 super

296 936 356 970 hoc
380 937 540 970 humiliter
565 938 719 981 porrectis
744 936 893 977 inclinati,
919 945 958 968 ne
983 934 1034 967 alii

295 990 505 1035 quicumque,
529 991 638 1034 quavis
657 990 841 1024 auctoritate
858 990 1034 1032 fungentes,

296 1044 418 1077 scholas
432 1045 490 1078 sub
507 1044 761 1078 denominatione
775 1044 955 1077 scholarum
974 1043 1036 1087 pia-

297 1109 366 1131 rum
392 1099 524 1141 erigere,
549 1103 601 1131 aut
618 1098 723 1131 forsan
743 1097 804 1130 iam
822 1102 942 1130 erectas
968 1096 1035 1140 pias

296 1152 460 1186 nominare
484 1162 540 1185 nec
566 1152 748 1192 inscribere,
767 1151 932 1194 minusque
951 1150 1038 1183 habi-

298 1211 362 1238 tum
382 1216 439 1250 per
463 1205 561 1240 dictos
578 1206 714 1240 Clericos
731 1206 903 1249 Regulares
921 1203 1035 1248 gestari

297 1260 422 1294 solitum
448 1260 562 1304 gestari
587 1260 721 1294 audeant
745 1270 799 1293 seu
826 1263 1036 1304 praesumant,

297 1313 354 1346 sub
385 1314 719 1348 excommunicationis
751 1319 781 1347 et
804 1314 872 1346 aliis
895 1313 1036 1346 censuris

297 1368 516 1409 ecclesiasticis
529 1379 585 1411 per
599 1367 860 1401 contrafacientes
874 1366 941 1410 ipso
956 1366 1036 1399 sacto

298 1421 506 1461 incurrendis,
521 1422 693 1465 apostolica
719 1421 914 1461 aiictoritate,
928 1426 1037 1453 tenore

298 1474 511 1518 praesentium
530 1468 747 1508 interdicimus
771 1479 801 1506 et
817 1474 1035 1517 prohibemus.

323 1528 356 1571 ,ξ
373 1527 402 1560 02.
428 1528 635 1561 Decernentes
653 1532 833 1571 praesentes
852 1527 972 1560 litteras
989 1537 1037 1559 va-

298 1580 385 1622 lidas,
412 1581 519 1614 firmas
544 1585 573 1615 et
598 1582 739 1614 efficaces
760 1581 892 1614 existere
910 1586 940 1613 et
959 1581 1036 1621 sore,

298 1639 327 1667 et
352 1635 391 1667 ab
417 1635 563 1668 omnibus
588 1634 810 1668 inviolabiliter
834 1634 1013 1674 observari;

341 1687 410 1732 §3
441 1688 553 1733 Sicque
584 1699 641 1733 per
672 1698 888 1732 quoscumque
919 1688 1037 1721 iudices

297 1741 475 1775 ordinarios
499 1746 528 1776 et
552 1742 728 1785 delegatos,
752 1743 844 1776 etiam
870 1752 1036 1775 causarum

298 1795 403 1838 palatii
424 1795 587 1839 apostolici
605 1795 775 1838 auditores,
790 1795 921 1828 iudicari
939 1800 968 1829 et
988 1795 1038 1829 de-

299 1849 382 1881 finiri
399 1849 524 1890 debere,
542 1860 577 1882 ac
593 1849 718 1883 irritum
743 1855 773 1883 et
797 1849 897 1892 inane,
917 1850 942 1883 si
963 1850 1038 1894 quid

299 1913 389 1936 secus
413 1913 507 1947 super
528 1903 577 1936 his
593 1914 610 1936 a
627 1914 796 1947 quoquam,
811 1904 919 1947 quavis
936 1909 1039 1938 ancto-

300 1956 400 1997 ritate,
425 1957 560 1990 scienter
584 1957 631 1990 vel
657 1957 849 2000 ignoranter,
872 1957 1039 2001 contigerit

300 2010 455 2043 attentari.

345 2064 360 2108 ἓ
384 2064 413 2096 4.
440 2064 507 2097 Non
540 2063 735 2097 obstantibus
764 2064 1040 2098 constitutionibus

302 2123 332 2150 et
355 2117 605 2151 ordinationibus
630 2118 809 2162 apostolicis
824 2146 831 2160 ,
865 2118 1040 2162 ceterisque

302 2170 468 2203 contrariis
489 2171 751 2214 quibuscumque.

346 2224 361 2268 g
385 2224 413 2257 5.
440 2224 478 2257 Ut
501 2228 615 2266 autem,
639 2231 818 2269 praesentes
838 2225 957 2258 facilius
978 2236 1042 2259 om-

302 2277 394 2310 nihus
411 2277 613 2321 innotescant,
636 2279 789 2319 volumus,
807 2283 840 2312 nt
857 2279 1041 2312 earumdem

302 2331 515 2374 praesentium
532 2332 747 2376 transumptis,
761 2332 853 2365 etiam
867 2333 1040 2376 impressis,

302 2394 397 2417 manu
413 2384 545 2418 alicuius
563 2385 677 2418 notarii
701 2385 818 2428 publici
843 2386 1039 2430 subscriptis,

301 2437 444 2480 etsigillo
454 2448 606 2481 personae
620 2438 650 2470 in
664 2438 813 2481 dignitate
830 2439 1040 2473 ecclesiastica

303 2491 487 2525 constitutae
501 2491 638 2532 munitis,
657 2491 764 2524 eadem
779 2502 910 2535 prorsus
925 2493 1039 2537 ubique

303 2544 380 2577 tides
405 2544 600 2585 adhibeatur,
621 2554 701 2588 quae
721 2545 924 2579 adhiberetur
949 2557 1040 2590 prae-

303 2597 452 2639 sentibus,
467 2597 492 2631 si
512 2598 613 2632 forent
637 2598 792 2632 exhibitae
817 2599 864 2632 vel
889 2605 1040 2633 ostensae.

346 2652 457 2686 Datum
482 2653 610 2693 Romae,
631 2653 714 2697 apud
739 2653 768 2687 S.
792 2653 921 2687 Mariam
946 2654 1042 2688 Maio-

1713 234 1777 267 ’155

1067 302 1143 333 rem,
1162 291 1218 324 sub
1237 292 1351 324 annulo
1368 291 1543 333 piscatoris,
1562 291 1612 324 die
1637 301 1703 324 xvii
1724 302 1808 323 meu-

1067 345 1108 378 sis
1132 345 1256 388 augusti
1292 355 1417 380 itncxxx
1437 373 1444 387 ,
1478 344 1678 389 pontificatus
1707 346 1805 378 nostri

1067 410 1147 434 anuo
1168 411 1232 434 viu.

1103 461 1161 490 Dat.
1180 463 1222 489 die
1240 463 1270 490 ¹7
1287 464 1392 499 augusti
1410 464 1487 497 1630,
1508 463 1602 499 pontif.
1623 471 1693 491 anno
1716 469 1769 490 viu.

1341 607 1537 640 CCCLXXlIl.

1071 684 1254 717 Declaratzfo
1279 687 1518 719 constitutionis
1545 688 1600 720 Pie&
1623 687 1673 720 JV
1691 688 1728 720 (Ie
1753 699 1808 720 re-

1111 738 1293 781 yislrandis
1313 739 1347 771 in
1364 741 1492 773 camerti
1515 741 1633 783 maliis
1651 741 1744 773 illius
1763 743 1809 774 vin-

1115 795 1226 824 teresse
1250 793 1510 825 concernentibus
1525 793 1542 825 ¹.

1272 873 1406 900 Urbanus
1428 873 1506 906 Papa
1526 873 1602 905 V111,

1211 917 1247 944 ad
1266 917 1399 945 futuram
1418 917 1461 945 rei
1481 918 1661 945 memoriam,

1114 987 1200 1029 Ctun,
1221 988 1301 1022 sicut
1324 989 1519 1032 accepimus,
1546 990 1653 1033 plures
1679 991 1808 1023 Romani

1070 1041 1236 1075 Pontifices
1261 1043 1519 1086 praedecessores
1536 1044 1633 1076 nostri
1653 1054 1811 1077 concesse-

1070 1095 1142 1136 rint,
1163 1101 1257 1140 prout
1271 1097 1362 1129 etiam
1378 1108 1434 1130 nos
1449 1098 1672 1138 concessimus,
1688 1098 1811 1131 diversa

1071 1150 1252 1193 privilegia,
1280 1151 1419 1194 indulta,
1454 1151 1594 1185 licentias
1619 1157 1649 1185 et
1673 1153 1810 1195 gratias,

1071 1204 1164 1237 etiam
1191 1204 1342 1237 interesse
1367 1216 1509 1239 camerae
1534 1206 1725 1250 apostolicae
1743 1217 1812 1239 con-

1072 1258 1242 1298 cernentia,
1261 1263 1322 1291 tam
1339 1269 1396 1302 per
1413 1259 1532 1292 litteras
1549 1259 1737 1304 apostolicas
1752 1260 1810 1292 sub

1072 1312 1202 1356 plumbo
1228 1317 1258 1345 et
1282 1312 1313 1344 in
1339 1312 1431 1345 simili
1457 1313 1558 1346 forma
1586 1313 1692 1346 Brevis
1718 1324 1811 1357 expe-

1071 1366 1171 1408 ditas,
1204 1377 1304 1410 quam·
1322 1377 1378 1410 per
1403 1367 1616 1411 chirographa
1648 1378 1758 1401 eorum
1783 1373 1812 1399 et

1072 1422 1180 1453 nostra
1217 1420 1389 1464 respective
1424 1431 1519 1453 manu
1550 1420 1746 1464 subscripta,
1784 1421 1812 1453 iu

1072 1473 1186 1516 quibus
1221 1473 1347 1517 quidem
1382 1474 1494 1507 litteris
1526 1479 1555 1506 et
1591 1474 1813 1518 chirographis

1073 1526 1171 1559 motui
1196 1526 1357 1570 proprio¹²,
1375 1537 1430 1560 seu
1453 1527 1688 1566 constitutioni,
1715 1527 1812 1559 felicis

1073 1580 1300 1613 recordationis
1325 1581 1369 1613 Pii
1387 1581 1487 1625 Papae
1506 1581 1542 1614 IV
1560 1581 1813 1625 praedecessoris

1071 1635 1180 1675 nostri,
1206 1645 1268 1678 quo
1294 1640 1421 1668 cavetur
1445 1641 1478 1667 ut
1503 1646 1612 1668 omnes
1626 1640 1655 1668 et
1673 1636 1813 1678 singulae

1072 1688 1190 1730 gratiae
1216 1690 1366 1723 interesse
1391 1689 1491 1722 dictae
1517 1700 1660 1722 camerae
1682 1699 1813 1722 concer-

1072 1746 1180 1774 nentes
1205 1741 1235 1774 in
1260 1742 1369 1775 eadem
1389 1744 1514 1775 camera
1532 1742 1613 1775 intra
1631 1748 1752 1775 certum
1772 1742 1813 1774 ibi

1072 1805 1256 1839 expressum
1271 1801 1392 1840 tempus
1407 1796 1568 1839 registrari
1583 1796 1724 1838 debeant,
1739 1797 1814 1829 alias

1072 1850 1190 1892 gratiae
1214 1850 1300 1894 ipsae
1324 1851 1428 1882 nullae
1453 1850 1523 1890 sint,
1548 1850 1734 1893 derogatum
1762 1861 1811 1883 re-

1073 1903 1212 1946 peritur,
1237 1914 1254 1936 a
1278 1903 1437 1937 nonnullis
1462 1914 1536 1937 vero
1561 1903 1692 1936 nimium
1720 1914 1811 1937 scru-

1074 1957 1194 2000 pulosis
1226 1958 1257 1989 in
1293 1957 1425 1990 dubium
1451 1962 1636 1999 revocetur,
1667 1968 1706 1990 an
1738 1958 1814 1990 tales

1074 2010 1295 2053 derogationes
1320 2011 1423 2044 adhuc
1448 2011 1478 2043 in
1504 2013 1630 2044 camera
1655 2011 1814 2054 praedicta

1074 2064 1237 2107 registrari
1263 2065 1427 2098 debuerint
1453 2070 1483 2098 et
1506 2065 1655 2098 debeant:

1120 2118 1134 2161 ξ
1164 2118 1187 2150 l.
1214 2119 1285 2159 Nos,
1311 2129 1348 2152 ne
1369 2119 1433 2152 ullo
1450 2129 1588 2163 unquam
1618 2124 1759 2162 tempore
1777 2119 1814 2152 de

1076 2172 1216 2215 ipsorum
1231 2172 1484 2216 privilegiorum,
1502 2173 1706 2213 indultorum,
1724 2173 1816 2205 licen-

1076 2225 1190 2258 tiarum
1204 2231 1233 2258 et
1247 2226 1420 2269 gratiarum
1437 2226 1605 2267 validitate,
1623 2237 1659 2259 ex
1678 2237 1714 2260 eo
1732 2227 1814 2270 quod

1075 2278 1248 2322 privilegia,
1275 2279 1408 2321 indulta,
1435 2280 1591 2319 licentiae,
1617 2280 1735 2322 gratiae
1760 2290 1814 2312 seu

1076 2331 1236 2365 facultates
1261 2336 1313 2364 aut
1337 2332 1557 2375 derogationes
1582 2332 1762 2365 huiusmodi
1785 2333 1816 2364 in

1075 2385 1182 2418 eadem
1217 2387 1341 2418 camera
1374 2386 1559 2428 registratae
1584 2396 1647 2419 non
1678 2386 1813 2427 suerint,

1075 2438 1232 2480 liaesitari,
1246 2438 1420 2482 eosque,ad
1431 2450 1566 2482 quorum
1584 2439 1720 2471 favorem
1735 2449 1816 2471 ema-

1112 2529 1121 2554 t
1146 2527 1219 2554 Hanc
1238 2527 1279 2555 Pii
1300 2528 1333 2554 lV
1353 2529 1571 2555 constitutionem
1592 2529 1677 2555 habes
1698 2528 1723 2555 in
1745 2528 1816 2556 Cou-

1074 2573 1159 2600 stitut.
1180 2579 1252 2606 cxvi,
1274 2573 1377 2607 Ittqens
1396 2573 1527 2600 hameris
1545 2574 1662 2608 nostris,
1683 2576 1745 2600 toin.
1768 2580 1815 2608 vu,

1076 2626 1136 2653 pag.
1152 2617 1213 2645 375.

1111 2663 1127 2689 Ξῖ.
1149 2662 1219 2690 Edit.
1234 2661 1312 2690 Main.
1331 2662 1394 2699 legit
1414 2667 1492 2692 >motu
1506 2664 1627 2699 proprio
1642 2664 1678 2698 (a.
1696 2665 1743 2691 ΤΣ.

1824 243 1871 272 flu.
1888 244 1916 271 C.
1940 244 2004 271 1620

1853 1004 1992 1025 Prooemium

1907 2126 2014 2146 Dulntatm

1831 2159 1888 2173 cisra
1915 2157 2015 2179 registra-

1833 2183 1916 2200 tionem.
