2248 3229
261 224 444 253 An.G.1635
490 216 553 250 486

303 394 373 413 Refert
390 399 443 413 cerii-

275 427 344 440 ·issmn
376 426 387 439 a
421 424 443 438 se

275 453 335 466 uni-10
361 453 385 471 >²1¹
396 448 442 463 islo·

661 273 797 300 Urbanus
818 272 896 305 Papa
915 271 993 304 VIII,

599 316 635 343 ad
655 316 785 342 futuram
805 314 850 342 rei
871 314 1052 342 memoriam.

502 378 517 420 ᾗ
537 377 566 409 t.
584 378 691 420 Nuper
709 377 785 420 (pro
806 382 896 420 parte
913 376 1098 410 dilectorum
1119 377 1196 410 fitio-

458 440 529 462 rum
553 429 785 462 communitatis
817 434 846 462 et
875 429 1040 463 hominum
1065 430 1196 463 civitatis

337 506 358 517 ι,
409 478 442 516 Αἰ]
458 483 677 526 Neapolitanae
700 483 792 516 nobis
818 484 974 527 exposito,
999 483 1098 526 quod,
1124 495 1195 516 cum

409 531 443 569 .’Ῑ.’..“
458 547 613 569 summam
638 537 730 569 unius
756 536 904 569 millionis
929 542 1114 578 scutorum,
1140 547 1197 580 per

285 610 295 628 μ
312 610 319 622 s
336 582 442 628 ..?„.‚¹}.f.13‘'1
458 600 511 622 eos
534 589 721 622 charissimo
738 589 769 622 in
786 590 907 623 Christo
924 589 989 623 filio
1004 594 1113 623 nostro
1130 590 1197 622 Phi-

372 636 401 653 ¹⁷¹
416 636 427 648 ''
456 643 543 686 lippo
568 644 788 687 Hispaniarum
812 644 881 686 regi
906 644 1070 684 catholieo,
1095 644 1148 687 qui
1165 654 1195 676 e-

458 695 531 728 tiam
557 706 609 728 rex
634 696 780 739 Neapolis
805 696 917 737 existit,
939 697 1086 736 oblatam,
1110 697 1196 728 nulla

457 749 517 781 alia
548 749 679 782 faciliori
714 760 808 793 quam
845 749 1045 793 infrascripta
1077 749 1196 782 ratione

457 812 629 845 congerere
647 808 784 846 possent,
798 803 952 846 gabellum
970 803 1105 836 duorum
1127 814 1197 846 gra-

457 866 572 888 norum
597 866 655 899 pro
681 857 821 899 quolibet
844 857 949 890 rotulo
969 856 1008 890 ad
1027 857 1111 890 aliud
1129 868 1197 900 gra-

456 919 532 941 num
564 914 715 942 auxerant
750 921 845 954 super
869 910 906 943 iis
931 910 1077 943 omnibus
1101 911 1196 943 rebus

457 962 703 1002 comestibilibus
738 962 923 1006 exigendam
957 973 1053 1007 super
1083 963 1196 1007 quibus

456 1015 538 1050 dicta
555 1015 617 1049 duo
632 1026 731 1059 grana
750 1016 929 1059 exiguntur,
947 1021 1075 1060 excepto
1090 1022 1196 1050 tamen

456 1069 542 1112 pisce
567 1075 702 1113 recente,
728 1071 885 1104 saraccliis
901 1074 930 1105 et
951 1071 1091 1112 baccam,
1106 1076 1136 1103 et
1153 1071 1197 1104 ul-

456 1123 554 1156 terius
579 1124 734 1166 gabellam
759 1125 851 1158 unius
876 1125 1013 1157 caroleni
1037 1135 1095 1167 pro
1120 1135 1194 1168 qua-

456 1175 532 1208 libet
563 1178 711 1210 mensura
740 1182 824 1210 staro
849 1178 1027 1220 nuncupata
1051 1177 1113 1210 olei
1138 1177 1196 1209 im-

456 1234 636 1271 posuerant,
655 1234 684 1262 et
704 1235 908 1272 augmentum
933 1230 1005 1262 novi
1030 1230 1120 1272 grani
1138 1240 1196 1273 pro

457 1282 579 1323 rotulo,
612 1288 642 1315 et
671 1283 825 1325 gahellam
858 1283 950 1316 unius
975 1283 1114 1316 caroleni
1138 1294 1196 1326 pro

456 1335 596 1378 quolibet
613 1341 696 1369 staro
714 1336 784 1379 olei,
803 1337 833 1369 in
851 1337 961 1369 eadem
982 1337 1105 1369 civitate
1123 1337 1197 1371 Nea-

456 1389 615 1431 politana,
640 1390 770 1433 eiusque
802 1390 973 1432 suburbiis,
999 1390 1143 1423 districtu
1168 1395 1197 1422 et

457 1442 613 1475 casalibus
637 1453 653 1475 a
675 1443 724 1475 die
745 1453 775 1476 vi
796 1443 928 1476 ianuarii
953 1443 1126 1487 praesentis
1148 1454 1197 1476 an-

458 1495 489 1527 ni
509 1505 667 1537 Mocxxxv,
685 1496 851 1530 accedente
880 1499 985 1530 nostra
1011 1502 1041 1529 et
1064 1498 1197 1540 Aposto-

459 1548 536 1581 licae
556 1549 643 1582 Sedis
667 1549 803 1590 licentia,
821 1550 913 1582 etiam
938 1560 955 1582 a
979 1550 1100 1583 dilectis
1124 1550 1197 1583 fiiiis

458 1602 543 1635 clero
573 1608 603 1635 et
630 1603 774 1646 personis
806 1603 1023 1636 ecclesiasticis
1048 1603 1196 1644 civitatis,

459 1655 703 1695 suburbiorum,
735 1666 770 1688 ac
800 1656 961 1688 districtus
990 1660 1018 1689 et
1047 1656 1195 1688 casalium

458 1708 702 1751 praedictorum,
719 1709 756 1740 ad
774 1709 932 1742 evitandas
948 1709 1082 1750 fraudes,
1098 1709 1197 1751 exige-

459 1771 502 1803 re7
517 1761 696 1804 eisdemque
710 1762 795 1794 clero
809 1767 837 1794 et
851 1762 994 1805 personis
1011 1762 1197 1794 ecclesiasti-

459 1814 503 1846 cis
528 1819 626 1846 ratam
647 1815 690 1847 eis
711 1815 847 1847 debitam
872 1816 1037 1847 restituere
1055 1815 1195 1847 intende-

460 1867 544 1907 bant,
561 1872 590 1899 et
609 1872 777 1910 propterea
794 1868 920 1900 eedem
939 1868 1195 1900 comnumitatem

459 1926 489 1954 et
513 1921 656 1954 homines
673 1922 710 1953 ad
729 1922 863 1965 aliquam
882 1933 978 1965 super
995 1922 1054 1955 lioc
1076 1927 1194 1955 transa-

460 1974 595 2007 ctionem
621 1986 691 2006 cum
717 1975 801 2007 clero
827 1980 857 2007 ct
882 1976 1025 2018 personis
1050 1975 1195 2007 ecclcsia-

460 2027 543 2060 sticis
556 2028 722 2071 praedictis
746 2028 892 2060 devenire
911 2039 1036 2061 necesse
1055 2029 1133 2071 erat)
1152 2029 1197 2060 ‹li-

461 2080 540 2113 lecto
565 2080 629 2113 silio
653 2086 761 2113 nostro
786 2087 815 2113 et
841 2081 1033 2124 Almstolicac
1053 2081 1141 2114 ociis
1167 2082 1195 2113 in

460 2144 558 2175 regno
571 2134 773 2176 Neapolitano
787 2135 993 2167 commoranti
1009 2135 1123 2167 nuncio
1141 2145 1197 2177 per

461 2187 535 2219 alias
561 2192 682 2219 nostras
702 2187 729 2219 iu
749 2187 840 2219 simili
860 2188 960 2219 forma
981 2188 1086 2220 Brevis
1103 2198 1196 2230 expe-

461 2239 539 2271 ditas
564 2240 680 2272 litteras
706 2240 935 2282 commisimus⁷
962 2245 993 2273 ut
1018 2246 1079 2272 tam
1104 2251 1198 2283 super

461 2299 629 2336 augmento
654 2294 725 2326 nori
750 2294 837 2336 grani
869 2305 926 2337 pro
957 2294 1077 2333 rotulo,
1103 2304 1195 2338 quam

462 2347 660 2390 impositione
686 2347 824 2390 gabellae
856 2348 947 2379 unius
979 2347 1115 2379 caroleni
1140 2357 1197 2390 pro

462 2401 600 2444 quolibet
624 2407 707 2434 staro
732 2401 807 2443 olei,
833 2407 864 2432 ut
890 2401 1075 2444 praefertur,
1100 2400 1197 2440 factis,

463 2454 653 2498 illorumque
682 2455 842 2487 exactione
867 2455 897 2486 in
922 2454 983 2486 vim
1015 2454 1157 2486 licentiae
1181 2464 1197 2484 a

463 2508 545 2541 dicto
570 2509 683 2541 nuncio
710 2509 768 2541 illis
794 2508 1010 2541 concedendae
1036 2507 1195 2546 facienda,

465 2572 535 2593 cum
559 2562 676 2594 eisdem
703 2561 925 2594 eoimnunitate
959 2566 988 2593 et
1017 2559 1197 2592 bominibus

465 2614 583 2646 ratione
608 2618 692 2646 ratae
718 2625 773 2657 per
799 2625 851 2646 eos
872 2614 962 2646 dictis
979 2614 1064 2646 clero
1085 2618 1114 2645 et
1130 2623 1196 2655 per-

1039 225 1218 248 BULLARIUM
1242 225 1395 248 ROMANUM

1984 222 2164 251 An.c.1635
2244 217 2248 268 t

1229 271 1313 304 sonis
1327 271 1553 313 ecclesiasticis,
1563 272 1602 304 ad
1615 272 1772 305 evitandas
1785 271 1919 313 fraudes,
1931 277 1966 304 ut
2247 269 2248 278 ¹

1230 325 1416 368 praefertur,
1434 334 1451 356 a
1468 324 1550 357 dicta
1567 323 1617 357 die
1636 324 1721 358 sexta
1741 325 1872 358 ianuarii
1891 335 1965 368 pro-

1231 379 1313 411 xime
1338 377 1500 421 praeteriti
1525 382 1555 410 et
1578 377 1609 409 in
1634 377 1775 410 futurum
1800 378 1964 412 restituen-

1230 431 1307 472 dae,
1333 430 1507 473 transigere
1532 434 1561 462 et
1586 429 1797 471 concordare,
1820 440 1855 463 ac
1879 441 1965 474 quas-

1231 494 1365 526 cumque
1390 483 1563 527 scripturas
1580 483 1715 526 desuper
1731 483 1920 516 necessarias
1937 488 1967 516 et

1231 542 1425 580 opportunas
1450 536 1562 570 confici
1587 536 1698 578 facere,
1723 536 1821 569 libere
1839 541 1868 568 et
1884 536 1966 569 licite

1231 595 1337 633 posset
1360 595 1390 623 et
1415 590 1559 630 valeret¹‚
1577 589 1748 633 apostolica
1773 589 1967 631 auctoritate,

1231 644 1407 676 facultatem
1419 643 1632 677 concessimus
1644 649 1673 676 et
1685 643 1837 688 impertiti
1851 654 1966 677 sumus.

1274 698 1288 739 ξ
1308 697 1337 729 02.
1356 697 1392 729 Et
1407 708 1465 741 per
1477 697 1552 730 alias
1568 700 1690 731 nostras
1705 697 1737 730 in
1757 697 1850 730 simili
1867 697 1968 730 forma

1230 749 1336 782 Brevis
1360 749 1519 793 expeditas
1536 750 1665 791 litteras,
1683 755 1770 783 motu
1789 750 1922 793 proprio
1938 755 1968 783 et

1231 813 1265 835 ex
1288 804 1374 836 certa
1395 803 1525 836 scientia
1545 813 1580 836 ac
1600 804 1724 836 matura
1742 803 1968 837 deliberatione

1231 856 1356 898 nostris,
1381 855 1482 900 deque
1505 856 1695 900 apostolicae
1719 856 1881 900 potestatis
1906 856 1969 900 ple-

1231 909 1380 951 nitudine,
1399 919 1508 942 omnes
1532 914 1563 942 et
1587 919 1802 953 quascumque
1822 909 1968 953 pecunia—

1230 973 1301 995 rum
1324 973 1473 1004 summas,
1498 973 1579 1006 quae
1595 974 1633 996 ex
1652 964 1721 996 rata
1741 962 1900 1006 augmenti
1920 972 1970 1005 ga-

1230 1015 1329 1049 bellae
1353 1016 1488 1050 duorum
1511 1026 1683 1059 granorum
1714 1026 1773 1060 pro
1804 1016 1907 1050 rotulo
1931 1016 1970 1049 ad

1230 1069 1314 1102 aliud
1328 1080 1474 1113 granum,
1487 1080 1523 1103 ae
1538 1070 1740 1114 impositione
1756 1069 1904 1102 alterius‘²
1920 1080 1971 1112 ga-

1230 1122 1330 1156 bellae
1356 1123 1448 1156 unius
1473 1124 1610 1157 caroleni
1640 1134 1698 1167 pro
1722 1123 1863 1167 quolibet
1886 1128 1970 1156 staro

1231 1176 1301 1217 olei,
1319 1176 1357 1209 ab
1378 1176 1598 1210 ecclesiasticis
1614 1177 1759 1221 personis
1776 1176 1969 1210 secularibus

1231 1234 1260 1261 et
1284 1229 1419 1262 cuiusvis
1448 1229 1572 1262 Ordinis
1603 1229 1803 1273 quantumvis
1833 1229 1970 1273 exempti

1231 1282 1430 1324 regularibus
1455 1282 1486 1315 in
1505 1283 1567 1315 vim
1592 1283 1767 1316 litterarum
1788 1286 1969 1317 nostrarum

1231 1335 1411 1369 huiusmodi
1428 1336 1628 1379 exigerentur
1645 1342 1675 1370 et
1691 1337 1735 1369 eis
1752 1336 1969 1376 redderentur,

1231 1399 1285 1421 seu
1302 1389 1384 1432 exigi
1397 1393 1426 1423 et
1443 1389 1530 1422 reddi
1546 1389 1706 1430 deberent,
1723 1399 1857 1432 quarum
1877 1398 1970 1432 quan-

1231 1442 1371 1483 titatem,
1396 1448 1647 1486 quantacumque
1671 1448 1770 1483 esset,
1795 1452 1853 1486 pro
1878 1441 1966 1475 suffi-

1231 1495 1349 1527 cienter
1363 1496 1510 1539 expressa
1526 1496 1635 1528 haberi
1652 1496 1817 1536 voluimus,
1834 1494 1970 1527 fabricae

1231 1547 1378 1581 basilicae
1404 1548 1557 1592 Principis
1581 1549 1805 1592 Apostolorum
1830 1548 1868 1580 de
1885 1547 1969 1581 Urbe

1231 1601 1467 1644 applicavimus,
1481 1606 1511 1634 et
1534 1602 1739 1645 pecuniarum
1761 1611 1899 1634 summas
1916 1601 1971 1633 hu-

1232 1654 1366 1687 iusmodi
1392 1655 1430 1686 ad
1454 1665 1545 1687 usum
1563 1654 1663 1687 dictae
1683 1654 1818 1687 fabricae
1841 1654 1923 1697 exigi
1941 1659 1968 1687 et

1233 1707 1263 1738 in
1287 1718 1359 1739 eum
1384 1707 1524 1741 converti
1550 1708 1722 1750 voluimus,
1748 1712 1777 1740 et
1801 1708 1876 1740 alias
1895 1717 1968 1751 pro-

1232 1765 1264 1791 ut
1292 1760 1321 1792 in
1346 1761 1477 1793 dirersis
1502 1761 1617 1794 nostris
1641 1761 1778 1804 desuper
1811 1761 1842 1792 in
1875 1760 1969 1793 simili

1232 1814 1331 1845 forma
1361 1814 1466 1846 Brevis
1496 1814 1647 1857 expeditis
1679 1813 1812 1854 litteris,
1837 1824 1971 1857 quarum

1233 1872 1355 1899 tenores
1380 1867 1599 1910 praesentibus
1623 1867 1715 1899 etiam
1740 1878 1798 1910 pro
1816 1867 1971 1910 expressis

1233 1920 1341 1951 liaberi
1369 1920 1522 1961 volumus,
1546 1920 1669 1963 plenius
1694 1921 1879 1953 continetur.

1276 1975 1289 2015 g
1303 1972 1332 2004 3.
1343 1972 1505 2015 Quocirca,
1517 1973 1758 2017 applicationem
1773 1984 1969 2006 summarum

1231 2027 1433 2068 pecuniarum
1460 2027 1639 2059 huiusmodi
1664 2038 1700 2059 ex
1721 2029 1785 2059 rata
1810 2028 1969 2070 augmenti

1232 2080 1372 2121 gabellae
1393 2084 1422 2113 et
1442 2080 1651 2123 impositionis
1675 2080 1803 2113 alterius
1828 2080 1969 2122 gabellae

1232 2144 1286 2175 per
1310 2144 1376 2173 nos,
1403 2139 1435 2165 ut
1458 2144 1563 2176 supra,
1581 2134 1691 2166 factam
1712 2134 1923 2177 approbantes
1941 2139 1970 2166 et

1231 2187 1463 2223 confirmantes,
1488 2186 1589 2218 eidem
1614 2190 1722 2219 nostro
1740 2190 1769 2219 et
1786 2186 1873 2219 Sedis
1889 2187 1968 2229 Apo-

1231 2239 1357 2271 stolicae
1391 2239 1420 2270 in
1454 2249 1551 2281 regno
1584 2238 1727 2281 Neapolis
1762 2239 1878 2271 nuncio
1913 2249 1969 2281 per

1232 2296 1410 2334 praesentes
1430 2292 1655 2324 committimus
1676 2297 1706 2324 et
1726 2292 1920 2331 mandamus,
1937 2298 1971 2324 ut

1232 2345 1347 2377 eisdem
1374 2344 1589 2377 communitati
1615 2350 1644 2376 et
1669 2344 1848 2377 hominibus
1868 2344 1969 2387 gabel-

1232 2399 1276 2431 las
1287 2398 1489 2439 7huiusmodi,
1514 2403 1548 2430 ut
1573 2398 1762 2442 praefertur,
1787 2396 1922 2440 augendi
1939 2403 1968 2430 et

1232 2452 1405 2495 respective
1434 2451 1638 2495 imponendi,
1663 2452 1769 2494 sicque
1794 2455 1915 2483 auctam
1941 2454 1970 2483 et

1232 2505 1410 2547 impositam
1437 2516 1454 2537 a
1477 2504 1639 2548 quibusvis
1657 2504 1799 2547 personis
1825 2503 1969 2536 ecclesia-

2019 708 2085 733 Atque
2103 708 2166 728 etiam

1984 739 2083 759 pecunias
2097 734 2167 754 limus-

1984 760 2039 780 modi
2049 776 2054 784 ‚
2069 766 2123 786 quae
2139 760 2167 780 ei-

1984 786 2031 806 dem
2046 787 2102 807 ‹tt-ro
2121 787 2167 807 renl-

1984 812 2065 833 dentiae
2097 815 2167 837 erant,

1985 839 2080 859 fabricae
2095 839 2168 860 basili-

1985 871 2022 885 cae
2060 866 2083 886 S.
2112 866 2168 886 Petri

1985 892 2048 913 fuisse
2063 891 2168 913 addictas.

2013 1982 2109 2002 itt-novat
2120 1987 2169 2002 nnn-

1986 2010 2019 2028 cio
2040 2009 2168 2033 praedictam

1987 2035 2107 2055 laenitatem
2115 2037 2170 2054 tran-

1987 2061 2067 2087 Sigen-ti
2079 2069 2081 2082 ;

1270 2578 1276 2602 l
1292 2576 1358 2602 Male
1369 2576 1411 2602 ed.
1425 2576 1505 2602 Main.
1518 2575 1583 2609 legit
1593 2578 1707 2610 possent
1718 2577 1743 2601 et
1754 2575 1880 2601 valerent
1889 2575 1965 2609 (afr).

1266 2621 1282 2646 2
1298 2620 1366 2646 Edit.
1386 2621 1467 2647 Maiu.
1484 2620 1547 2655 legit
1563 2620 1685 2646 ulterius
1700 2620 1739 2653 (R.
1759 2621 1806 2651 T.).
