2248 3229
974 240 1069 265 isnex
1094 240 1198 266 iii-:nrm
1750 231 1815 266 769

401 294 520 337 largior
536 296 687 328 mozzetta
704 291 744 327 ab
761 292 808 328 eis
825 292 1015 337 deferenda,
1034 295 1095 328 295
1114 305 1132 327 a
1150 298 1179 328 et
1204 304 1284 339 seq.:
1305 293 1494 328 reformatur
1514 293 1680 337 provincia
1698 292 1859 341 Auso-iae,

403 347 466 382 308
492 348 519 381 b.
544 347 733 381 Reformatis
758 349 928 381 commissa
953 358 1029 381 cura
1054 349 1238 382 monialium
1264 349 1528 382 monasteriorum
1550 351 1678 381 sanctae
1695 347 1805 381 Clarae
1825 351 1857 382 et

402 405 530 435 sanctae
547 401 665 435 Mariae
690 402 895 445 Magdalcnae
920 401 1080 446 Neapolis,
1105 402 1168 435 312
1187 413 1220 437 a:
1239 404 1309 446 quis
1333 402 1410 435 ordo
1437 401 1683 445 praecedentiae
1703 402 1786 434 inter
1803 410 1856 434 eos

402 456 441 489 sit
464 455 656 495 servandus,
685 454 771 490 ibat:
792 458 955 498 provincia
979 455 1136 488 'l'uroniae
1163 457 1192 487 iu
1218 455 1327 487 Galliis
1352 454 1552 495 reformatur⁷
1578 454 1641 486 535
1667 457 1697 487 et
1721 464 1800 498 seq.;
1826 455 1858 487 in

402 510 580 553 provinciis
604 508 633 541 S.
660 507 846 541 Bernardini
871 512 901 541 et
926 508 955 541 S.
982 507 1098 541 Mariae
1123 508 1331 549 Magdalenae
1357 509 1388 540 in
1414 507 1524 541 Galliis
1556 517 1618 540 nou
1643 507 1737 541 datur
1766 508 1860 551 privi-

401 562 519 605 legium
544 561 627 606 quod
654 565 766 594 vocant
793 566 917 604 patrum
943 564 1135 605 provinciae.
1163 563 1225 594 579
1253 562 1290 597 b:
1322 560 1393 594 libri
1417 570 1434 593 c
1460 560 1672 602 bibliothecis,
1705 571 1860 606 sacraque

402 614 611 659 supellectilia
637 623 654 647 e
679 616 828 647 sacrariis
855 624 915 647 uon
941 614 1147 654 extrahenda,
1173 615 1237 647 (510
1263 614 1294 650 b:
1320 614 1432 647 domus
1467 624 1577 646 omnes
1607 616 1654 646 eis
1685 615 1856 647 confirma—

404 672 471 709 tae,
497 669 560 702 725
585 679 621 703 a:
651 669 867 701 cismontanae
894 668 1031 701 familiae
1056 668 1219 701 custodiae
1245 669 1276 700 in
1302 668 1483 710 provincias
1510 668 1696 700 reformatas
1721 671 1857 709 erectae,

406 722 470 756 719
495 732 514 754 a
540 725 570 755 et
596 721 627 757 b:
653 721 791 754 Minores
823 721 984 755 recollecti
1017 723 1047 754 in
1078 721 1206 762 Galliis,
1232 721 1292 754 611
1322 721 1357 756 b:
1382 722 1408 754 si
1441 729 1458 754 a
1490 720 1628 764 regulari
1653 720 1857 755 observantia

407 774 609 816 desciverint,
627 774 667 808 ab
683 773 940 809 Observantibus
966 776 1065 818 recipi
1091 773 1223 814 debent⁷
1252 773 1350 814 ibid.;
1376 775 1407 807 in
1433 775 1597 817 provincia
1622 774 1652 807 S.
1671 774 1858 809 Bernardiui

405 827 446 861 de
470 826 571 861 Gallia
595 827 768 871 capitulum
795 826 990 871 provinciale
1014 832 1123 860 contra
1149 828 1279 861 formam
1304 827 1480 861 litterarum
1504 827 1750 871 apostolicarum
1775 827 1860 862 cele-

406 879 548 916 bratum.
574 881 638 914 639
662 891 697 919 ας
723 881 807 925 quod
834 881 983 914 irritatur.
1010 880 1074 913 639
1099 881 1126 914 b.

316 933 482 968 Missiones
507 934 726 978 religiosorum
752 936 981 978 cuiuscumque
1006 933 1137 968 Ordinis
1162 933 1201 967 ad
1227 934 1391 978 taponieas
1417 937 1447 968 et
1472 933 1551 968 alias
1581 934 1743 968 Indiarum
1773 933 1864 970 Occi-

407 986 581 1021 dentalium
607 989 753 1030 regiones
778 986 896 1020 liberae
921 985 1114 1025 declaratae,
1143 987 1202 1020 221
1232 987 1266 1022 b:
1293 988 1432 1030 religiosi
1458 989 1545 1021 missi
1572 992 1699 1022 utantur
1722 989 1856 1022 catechi-

407 1050 474 1074 smo
499 1049 628 1074 romano
653 1043 683 1073 et
708 1039 851 1073 doctrina
871 1039 1042 1072 christiana
1067 1040 1238 1074 cardinalis
1262 1041 1463 1083 Bellarmini‚
1489 1042 1552 1076 322
1577 1053 1608 1075 a.
1637 1056 1643 1061 ·

318 1093 475 1129 Molitores
500 1092 603 1134 Urbis,
629 1093 692 1126 714
717 1103 751 1130 a;
777 1092 889 1128 molae,
915 1092 1092 1137 domusque
1118 1095 1286 1137 contiguae
1312 1096 1350 1128 iis
1376 1099 1495 1128 tantum
1521 1095 1684 1138 locandae,
1704 1095 1780 1129 ibid.
1796 1095 1862 1130 Nec

406 1148 578 1191 pensiones
603 1156 660 1190 pro
684 1148 723 1179 iis
748 1146 925 1189 augendae,
952 1145 1047 1184 ib1'‹l.;
1072 1147 1098 1179 si
1123 1155 1199 1179 vero
1225 1147 1404 1181 vendantur
1440 1148 1541 1182 molae
1574 1150 1595 1182 ii
1627 1158 1756 1193 semper
1789 1153 1863 1182 sunt

405 1199 620 1244 praeferendi,
637 1199 698 1233 714
725 1199 757 1235 b:
783 1201 809 1232 si
834 1208 916 1244 quae
941 1209 1057 1233 causae
1081 1203 1191 1234 contra
1215 1209 1269 1234 eos
1294 1205 1440 1245 agantur,
1464 1201 1504 1236 ab
1529 1212 1674 1237 aunonae
1700 1203 1862 1246 praefecto

406 1256 480 1287 sunt
503 1254 661 1297 privative
686 1252 887 1290 iudicandae,
905 1253 967 1286 715
985 1264 1014 1285 a.

317 1306 406 1341 Mons
431 1308 692 1340 communitatum
719 1306 823 1340 Status
847 1306 1059 1340 Ecclesiastici
1085 1306 1199 1340 tertiae
1222 1308 1390 1341 erectionis
1416 1308 1599 1349 instituitur,
1625 1308 1688 1342 548
1709 1319 1729 1342 a
1753 1312 1783 1343 et
1799 1319 1859 1354 seq.

317 1360 421 1394 Monte
447 1360 561 1393 Sancto
585 1360 650 1403 (de)
678 1360 790 1393 fratres
813 1359 1012 1397 carmelitae,
1040 1359 1110 1393 ride
1134 1360 1376 1395 Carmelitarum
1401 1360 1499 1396 Ordo.

317 1414 432 1449 Montis
457 1412 576 1448 Oliveti
600 1414 816 1456 congregatio,
836 1413 898 1446 645
916 1413 948 1447 b:
967 1412 1099 1447 abbates
1120 1416 1382 1448 monasteriorum
1410 1416 1636 1458 pauperiorum
1662 1423 1776 1449 census
1796 1424 1859 1449 ere-

406 1476 460 1500 are
485 1470 615 1510 possunt
633 1466 673 1499 de
691 1466 814 1500 abbatis
833 1466 995 1510 generalis
1011 1476 1068 1500 seu
1089 1469 1303 1510 procuratoris
1323 1468 1484 1510 generalis
1510 1468 1649 1511 licentia,
1677 1468 1772 1509 ihfd.;
1789 1468 1861 1502 vide

406 1520 620 1564 Congregatio
645 1518 824 1554 Olivetaua.

319 1573 458 1609 Murciae
483 1574 602 1618 oppido
626 1573 782 1607 dioecesis
807 1573 1068 1617 Cbartaginensis
1092 1573 1242 1609 tribuitur
1259 1575 1390 1610 facultas
1407 1576 1574 1613 laborandi
1599 1576 1713 1612 diebus
1738 1576 1860 1612 festivis

407 1637 425 1661 3
450 1637 558 1661 mense
585 1629 697 1660 martio
721 1627 760 1660 ad
786 1627 898 1661 iulium
924 1638 981 1671 pro
1005 1632 1092 1662 setae
1117 1630 1334 1672 confectione,
1360 1631 1424 1664 598
1448 1630 1474 1664 b.

318 1680 422 1715 Mutus
445 1679 616 1714 cardinalis
641 1679 808 1722 Tiberius,
834 1680 907 1714 cide
932 1680 1089 1716 Tiberius.

1073 1839 1100 1874 N

321 1947 523 1992 Nangasaqui
548 1946 701 1991 oppidum
725 1945 778 1979 vel
803 1947 915 1981 civitas
947 1947 978 1981 in
1010 1956 1110 1991 regno
1140 1947 1308 1991 Iaponiae‚
1335 1948 1354 1981 9
1376 1948 1411 1986 b;
1444 1948 1489 1983 ibi
1520 1949 1705 1993 martyrium
1730 1948 1858 1985 subiere

409 2001 590 2044 vigintitres
615 2004 770 2044 martvres
794 1999 925 2035 Ordinis
949 2000 1107 2034 Minorum
1131 2001 1161 2034 S.
1187 2001 1347 2035 Francisci
1371 2002 1652 2044 Disealceatorum‚
1677 2002 1757 2036 ibid.

320 2053 507 2088 Naubertini
531 2053 657 2096 collegii
682 2053 813 2088 Ordinis
837 2053 1078 2087 Carmelitarum
1104 2054 1292 2088 Parisiensis
1317 2057 1569 2097 constitutiones,
1594 2056 1658 2089 569
1682 2066 1701 2088 a
1726 2060 1757 2090 ct
1779 2067 1840 2101 seq.

320 2107 558 2152 Neophytorum
583 2111 615 2141 et
638 2107 939 2141 cathecumenorum
965 2106 1134 2149 collegium
1160 2108 1277 2141 Itomae
1303 2113 1462 2151 erectum,
1488 2110 1549 2143 594
1575 2120 1609 2149 a;
1634 2119 1746 2143 omnes
1769 2119 1860 2154 syna-

409 2172 511 2206 gogae
537 2161 745 2196 hebraeorum
771 2162 875 2195 Status
900 2164 931 2194 et
955 2160 1088 2194 ducatus
1113 2161 1275 2194 Ferrariae
1308 2165 1339 2195 et
1366 2161 1476 2196 L'rbini
1509 2166 1658 2196 tenentur
1680 2164 1710 2196 ei
1734 2163 1859 2197 solvere

410 2215 569 2261 quoddam
597 2215 766 2256 tributum,
791 2216 854 2249 525
879 2225 909 2248 α.

321 2268 469 2303 Nicolaus
494 2269 533 2302 de
559 2268 695 2302 llcrrera
720 2268 812 2302 Sedis
836 2266 1038 2311 Apostolicae
1068 2268 1204 2302 nuncius
1230 2269 1260 2301 in
1286 2277 1385 2312 regno
1408 2268 1636 2313 Neapolitano,
1662 2270 1726 2304 478
1751 2281 1786 2310 α;
1812 2271 1858 2306 1111

407 2323 479 2356 data
505 2322 636 2356 facultas
662 2322 856 2366 procedendi
882 2326 990 2355 contra
1013 2323 1180 2364 episcopos
1197 2331 1258 2354 non
1278 2323 1455 2355 residentes
1474 2324 1503 2356 in
1522 2325 1588 2355 suis
1605 2323 1760 2366 ecclesiis,
1778 2324 1856 2358 ibid.

318 2375 466 2410 Nicolaus
491 2385 530 2409 ex
555 2375 725 2409 comitibus
749 2374 962 2418 Guidobagni,
988 2374 1128 2407 marchio
1160 2374 1359 2417 Montisbelli,
1385 2375 1485 2409 Caroli
1511 2375 1675 2409 Barberini
1700 2379 1857 2421 capitanei

405 2428 565 2473 generalis
591 2430 684 2462 totius
711 2429 841 2461 militiae
865 2428 1047 2471 pontificiae
1069 2427 1287 2462 locumtencns
1307 2429 1477 2472 deputatus
1493 2431 1523 2462 in
1543 2431 1703 2472 provincia
1722 2430 1857 2464 Roman-

407 2482 526 2523 diolae,
553 2481 593 2516 ‘22
618 2482 651 2517 b:
678 2481 818 2514 Potestas
843 2483 872 2514 ei
898 2483 930 2514 tit
956 2480 1065 2514 t'rbini
1091 2482 1223 2515 ducatus
1249 2486 1316 2526 post
1343 2483 1501 2516 Francisci
1534 2482 1624 2516 ducis
1649 2482 1767 2517 obitum
1794 2494 1853 2516 no-

407 2537 492 2570 mine
517 2536 547 2569 S.
572 2535 665 2569 Sedis
688 2536 865 2579 reeipiendi
892 2539 1075 2580 armataque
1102 2535 1230 2569 tenendi
1256 2546 1361 2576 manu,
1381 2536 1472 2570 ibat:
1499 2546 1569 2569 cum
1595 2536 1742 2570 mandato
1766 2536 1854 2570 illum

409 2589 554 2623 tradendi
579 2590 730 2633 episcopo
755 2588 975 2622 Caesenatcnsi
1000 2593 1030 2622 ct
1055 2600 1110 2632 pro
1136 2594 1274 2633 tempore
1299 2592 1455 2624 existente
1480 2591 1564 2624 illius
1584 2591 1716 2624 ducatus
1738 2590 1855 2634 guber-

407 2644 519 2684 natori,
547 2642 585 2675 23
611 2653 640 2675 a.

531 2705 610 2731 Butt.
626 2703 709 2731 Rom.
726 2718 759 2724 —-
780 2703 835 2731 Vol.
852 2702 922 2731 XIV
1111 2703 1143 2729 97
