2226 3235
115 223 164 249 An.
184 221 214 249 C.
232 221 300 250 ¹630

921 220 1064 245 vesanus

310 273 340 303 et
363 269 486 312 singula
511 269 740 310 concessiones,
765 268 984 312 indulgentias,
1010 269 1051 302 fa-

311 323 459 366 cultates,
485 322 605 357 indulta
636 328 666 356 et
693 322 769 356 alias
793 323 909 366 gratias
934 323 1047 357 huius--

310 376 396 410 modi
413 376 557 410 similiter
571 376 825 421 approbaverant
842 383 871 410 ct
888 377 1052 411 confirma-

311 435 429 472 verant,
450 440 583 472 necnon,
603 435 638 462 ut
661 430 821 474 cappellae
846 431 877 463 in
897 431 1051 464 honorem
1068 431 1069 434 ’

310 484 418 517 beatae
436 484 566 527 virginis
583 489 613 516 et
630 483 776 527 martvris
794 484 976 517 Catharinac
995 485 1052 517 eri-

310 537 430 581 gendae
453 537 635 570 ferventiori
652 536 827 571 devotionis
848 539 914 571 zelo
934 549 950 571 a
967 538 1050 571 chri-

310 590 496 624 stifidelibus
520 590 806 634 frequentarentur,
831 591 952 634 ipsique
970 591 1052 624 chri-

310 643 468 684 stifideles,
493 644 693 684 monasterii,
718 644 848 687 eiusque
873 644 996 677 abbatis
1021 648 1050 677 et

310 696 539 730 monachorum
556 697 791 740 praedictorum
813 696 1051 730 necessitatibus

309 749 486 793 promptius
510 755 753 791 succurrerent,
779 760 841 794 quo
867 760 899 782 se
926 750 1069 799 caelestiy

309 813 440 836 munere
449 802 578 836 uberius
592 803 726 837 resectos
736 813 803 836 esse
813 809 1049 846 cognoscerent,

311 856 459 889 omnibus
477 861 505 889 et
523 856 655 900 singulis
679 857 843 901 utriusque
861 867 953 890 sexus
970 857 1052 890 chri-

310 909 507 951 stissdelibus,
522 920 594 943 vere
608 910 840 954 poenitentibus
851 911 1051 953 etconscssis,

310 974 365 997 seu
383 964 504 998 statutis
532 975 550 997 a
572 964 641 997 iure
668 964 866 1008 temporibus
883 964 1051 998 confitendi

309 1017 508 1061 propositum
534 1017 731 1059 habentibus,
749 1017 802 1061 qui
827 1017 908 1050 infra
932 1018 1049 1051 decen—

309 1070 397 1103 nium
432 1074 505 1105 tunc
540 1070 684 1115 proxime
718 1071 861 1104 futurum
894 1072 1052 1116 cappellas

309 1124 476 1168 praefatas,
503 1124 581 1158 iovis
605 1125 637 1158 in
662 1125 763 1159 Coena
787 1125 912 1158 Domini
937 1126 1051 1164 hebdo-

309 1178 418 1212 madae
434 1183 558 1213 sanctae
571 1176 683 1212 et‘sesti
697 1179 928 1223 Assumptionis
944 1179 1052 1213 beatae

309 1232 423 1266 Mariae
444 1233 579 1276 Virginis
602 1233 834 1277 quintadecima
860 1233 976 1266 mensis
1001 1243 1052 1267 au-

309 1285 393 1329 gusti
417 1285 537 1329 diebus,
556 1297 573 1319 a
592 1286 704 1330 primis
724 1286 865 1330 vesperis
890 1297 989 1330 usque
1013 1286 1051 1319 ad

310 1350 457 1373 occasum
484 1339 558 1373 solis
586 1339 711 1373 dierum
734 1339 917 1373 huiusmodi
941 1340 1052 1373 devote

311 1393 480 1434 visitarent,
505 1403 628 1427 necnon
652 1393 780 1427 senibus
805 1393 1069 1436 valetudinariis,

310 1451 341 1481 et
364 1447 551 1480 mulieribus
575 1447 833 1491 praegnantibus,
854 1448 901 1480 vcl
927 1448 988 1481 alio
1013 1448 1052 1481 le-

311 1500 421 1544 gitimo
431 1500 658 1544 impedimento
668 1500 810 1543 detentis,
823 1501 876 1544 qui
886 1511 944 1544 per
955 1501 1050 1534 alium
1067 1524 1069 1541 Λ

310 1554 341 1587 id
364 1553 511 1594 facerent,
528 1554 702 1598 plenariam
727 1554 868 1587 omnium
893 1560 923 1587 et
948 1545 1069 1598 singu-¹

310 1608 413 1641 lorum
436 1612 640 1651 peccatorum
666 1617 796 1640 suorum
821 1607 1049 1651 indulgentiam

309 1661 340 1694 in
362 1661 464 1694 forma
488 1661 645 1694 Ecclesiae
668 1661 740 1693 anni
766 1661 1049 1706 quinquagenarii,

308 1720 338 1747 ct
363 1724 427 1748 non
452 1724 541 1747 secus
570 1724 604 1747 ac
633 1713 659 1747 si
684 1714 783 1758 ipsius
807 1714 916 1748 beatae
941 1715 1066 1749 Cutha-¹

308 1769 394 1802 rinae
412 1768 614 1812 sepulchrum
639 1774 669 1801 et
692 1769 761 1802 loca
786 1774 892 1803 sancta
917 1770 1049 1804 civitatis

308 1822 478 1856 Ierusalem
494 1821 665 1862 visitarent,
679 1822 864 1856 auctoritate
878 1823 1049 1867 apostolica
1064 1861 1066 1878 γ

307 1881 542 1915 concesserant,
560 1875 753 1919 mandantes,
768 1876 826 1909 sub
844 1876 1002 1910 interdicti
1020 1883 1049 1910 et
1065 1879 1066 1898 ³

307 1930 467 1973 ingressus
492 1929 697 1963 ecclesiarum
726 1930 911 1974 privationis
936 1936 966 1964 et
990 1930 1066 1974 ex-3'

306 1983 600 2018 communicationis
624 1983 734 2028 poenis
764 1985 937 2028 respective
952 2012 960 2026 ,
985 1978 1066 2029 uui-,

307 2037 404 2071 versis
428 2043 457 2071 et
481 2037 614 2081 singulis
639 2037 873 2071 venerabilibus
898 2033 1066 2072 fratribus*

305 2092 554 2136 archiepiscopis
579 2097 609 2125 et
633 2092 790 2136 episeopis
810 2102 846 2125 ac
871 2092 992 2125 dilectis
1017 2085 1066 2125 fi!

306 2146 356 2178 liis
381 2156 491 2179 eorum
511 2145 636 2179 vicariis
660 2146 692 2178 in
717 2145 934 2189 spiritualibus
959 2156 1050 2188 gene-

307 2199 435 2241 ralibus,
461 2199 548 2234 verbi
571 2199 626 2233 Dei
650 2199 932 2244 praedicatoribus
959 2210 1050 2244 paro—

307 2252 457 2286 chialium
470 2253 674 2286 ecclesiarum
687 2253 865 2287 rectoribus
875 2258 905 2286 et
914 2253 1046 2297 vicariis,

307 2305 484 2349 ceterisque
514 2306 658 2349 personis
684 2306 903 2340 ecclesiasticis
932 2307 1049 2340 secula-

305 2359 394 2392 ribus
424 2364 454 2392 et
485 2360 668 2403 quorumvis
700 2360 794 2394 etiam
824 2361 1048 2395 canonicorum

306 2413 500 2456 regularium
518 2418 548 2446 et
563 2414 808 2448 mendicantium
833 2414 985 2449 Ordinum
1002 2427 1048 2449 re-

306 2467 479 2511 gularibus,
493 2468 646 2512 exemptis
657 2473 687 2501 et
698 2478 761 2502 non
775 2470 938 2514 exemptis,
953 2470 1047 2514 quod,

306 2519 432 2563 quando
453 2524 483 2552 et
502 2519 624 2563 quoties
640 2531 699 2564 pro
721 2526 810 2565 parte
835 2522 955 2556 abbatis
980 2533 1047 2556 mo-

304 2573 434 2606 nasterii
458 2573 589 2616 praefati
614 2578 644 2606 et
668 2574 848 2608 cuiusdam¹
873 2581 946 2609 tunc
971 2577 1047 2610 oxis-

341 2636 353 2663 1
370 2635 470 2665 Forsan
486 2635 632 2672 tegendum
646 2637 784 2674 cuiusque
800 2639 838 2674 (a.
855 2638 903 2673 1.).

1067 842 1069 860 t

1067 861 1069 879 l

1090 221 1145 245 vm
1170 222 1218 246 1²1³.

1086 269 1177 302 tentis
1194 270 1339 303 monachi
1360 274 1389 304 et
1405 270 1621 315 procuratoris
1646 271 1743 315 ipsius
1763 282 1827 305 mo-

1085 324 1213 357 nasterii
1221 324 1357 368 desuper
1367 325 1509 369 requisiti
1519 325 1631 366 forent,
1639 325 1827 369 praemissas

1086 382 1115 410 et
1129 377 1254 420 quasvis
1268 378 1343 411 alias
1362 378 1580 422 indulgentias,
1596 379 1824 415 eoncessiones.

1085 431 1246 464 facultates
1261 435 1289 465 et
1303 431 1361 464 alia
1377 431 1504 472 indulta,
1519 432 1550 464 in
1567 432 1678 465 litteris
1691 432 1826 476 desuper

1085 485 1234 518 consectis
1248 491 1404 525 contenta,
1420 486 1450 518 in
1464 497 1572 519 eorum
1587 487 1737 528 eeclesiis,
1748 487 1827 520 aliis-

1085 547 1145 581 que
1163 538 1346 573 decentibus
1359 539 1446 581 locis,
1461 550 1532 572 cum
1547 541 1678 573 solemni
1691 546 1720 573 et
1738 551 1826 584 gene-

1086 590 1143 622 rali
1164 591 1376 634 processione,
1394 592 1592 636 publicarent
1617 600 1646 626 et
1670 594 1826 638 publicari

1085 644 1233 685 facerent,
1251 655 1424 689 capsasque
1448 646 1505 678 suh
1525 647 1663 680 clavibus
1680 658 1738 691 pro
1762 649 1826 682 col-

1086 697 1220 730 lectione
1245 698 1516 742 eleemosvnarum
1542 700 1572 732 in
1598 700 1661 733 suis
1686 702 1826 735 ecclesiis

1085 756 1248 794 ponerent,
1265 761 1332 793 nec,
1350 752 1482 785 durante
1498 753 1717 797 descriptionis
1734 760 1764 787 et
1780 755 1827 788 in-

1085 804 1263 847 dulgentiae
1273 805 1452 839 huiusmodi
1464 811 1615 850 tempore,
1624 807 1743 851 aliquas
1752 808 1827 840 alias

1086 857 1306 901 indulgentias,
1325 859 1417 892 etiam
1446 860 1502 892 sub
1528 861 1627 893 sancti
1655 861 1826 895 Sebastiam

1085 911 1124 944 ad
1140 912 1350 953 catacumbas,
1368 913 1415 946 vel
1434 913 1530 946 sancti
1557 914 1654 947 noc-hi
1679 914 1717 947 de
1734 915 1826 957 Urbe,

1085 970 1138 997 aut
1167 966 1403 1010 Redemptionis
1434 968 1655 1011 Captivorum,
1680 979 1734 1001 seu
1766 969 1827 1001 alio

1085 1019 1222 1061 nomine,
1236 1030 1293 1063 per
1306 1021 1432 1064 quosvis
1445 1021 1680 1054 commissarios
1695 1026 1724 1054 et
1737 1033 1828 1065 quac-

1086 1077 1186 1106 stores
1210 1073 1367 1117 publicari
1399 1074 1557 1114 sinerent;
1589 1085 1624 1108 ac
1656 1075 1827 1109 districtius

1086 1126 1262 1160 inhibentes
1294 1127 1547 1172 quibuscumque
1579 1129 1826 1172 commissariis,

1086 1180 1179 1213 ctiam
1209 1181 1306 1214 sancti
1338 1181 1511 1214 Sebastiani
1541 1188 1571 1215 et
1599 1183 1698 1216 sancti
1729 1184 1827 1217 Rochi

1087 1234 1282 1275 eorumdem,
1300 1245 1422 1268 necnon
1448 1236 1550 1269 Sancti
1575 1236 1710 1280 Spiritus
1727 1237 1826 1270 almae

1089 1288 1191 1329 Urbis,
1216 1299 1251 1321 ac
1277 1289 1511 1332 Redemptionis
1535 1289 1736 1333 Captivorum
1752 1292 1828 1325 Nea-

1085 1341 1241 1385 politanae
1268 1348 1298 1375 et
1324 1343 1549 1376 Avenionensis
1578 1354 1612 1375 ac
1641 1344 1827 1385 Toletanae‚

1086 1395 1217 1439 aliisque
1241 1395 1448 1439 quibuslibet,
1473 1406 1523 1437 ne,
1547 1396 1655 1440 vigore
1680 1408 1828 1442 quarum,-

1087 1459 1222 1492 cumque
1239 1449 1418 1482 litterarum
1435 1451 1564 1482 catenus
1582 1451 1640 1483 sibi
1658 1461 1827 1485 concessa-

1085 1512 1166 1542 rum,
1185 1502 1329 1535 abbatem
1346 1508 1376 1535 et
1392 1509 1632 1546 procuratorem
1650 1505 1827 1549 praedictos

1085 1566 1181 1600 super
1210 1555 1310 1589 libera
1340 1556 1605 1600 indulgentiarum
1630 1559 1826 1603 aliorumque

1084 1609 1332 1652 praemissorum
1358 1610 1571 1654 publicatione
1588 1612 1766 1654 molestare,
1784 1613 1828 1645 in-

1084 1663 1224 1707 quietare
1241 1663 1288 1696 vel
1302 1664 1490 1708 perturbare
1507 1668 1776 1711 praesumerent),

1129 1717 1144 1761 g
1168 1717 1196 1750 5.
1215 1717 1347 1750 Demum
1366 1718 1450 1762 (post
1468 1724 1585 1752 certam
1603 1720 1676 1753 dicti
1698 1721 1743 1754 Pii
1757 1731 1827 1755 con-

1084 1771 1276 1805 stitutionem
1310 1772 1461 1804 similium
1495 1772 1763 1817 indulgentiarum
1787 1776 1824 1808 ad

1084 1825 1218 1869 ipsamet
1235 1825 1422 1870 principalia
1440 1827 1518 1868 loca,
1536 1838 1594 1871 pro
1612 1828 1727 1871 quibus
1747 1839 1826 1862 ema-

1082 1884 1219 1921 nassent,
1248 1880 1458 1923 personaliter
1488 1880 1647 1915 visitantes
1673 1883 1825 1916 restricti-

1084 1942 1164 1973 vam,
1183 1932 1241 1965 sub
1258 1932 1365 1966 datum
1389 1943 1433 1968 v11
1454 1934 1602 1967 kalendas
1626 1936 1710 1977 maii,
1728 1937 1827 1980 ponti-

1082 1985 1192 2019 ficatus
1224 1987 1271 2019 sui
1303 1997 1384 2020 anno
1412 1997 1435 2021 11
1464 1988 1672 2032 expeditam)¹
1696 1990 1826 2033 provide

1083 2039 1295 2082 considerans,
1310 2040 1394 2086 quod
1411 2041 1493 2074 idem
1515 2043 1741 2076 monasterium
1758 2044 1827 2077 bea—

1084 2098 1130 2128 tae
1147 2094 1331 2127 Catharinae
1348 2095 1402 2137 (job
1423 2095 1544 2128 itineris
1564 2095 1778 2130 difficultatem
1796 2104 1827 2132 et

1084 2148 1218 2180 maxima
1231 2148 1382 2192 pericula,
1396 2159 1467 2182 cum
1486 2148 1589 2193 ipsum
1604 2150 1643 2183 sit
1656 2151 1737 2184 inter
1754 2153 1826 2185 Ara-

1083 2201 1140 2234 bos
1161 2201 1464 2246 situm‚difficileque
1481 2208 1586 2246 posset
1606 2214 1623 2236 a
1641 2204 1825 2238 christifide-

1082 2254 1164 2287 libus
1185 2254 1317 2299 visitari)
1339 2255 1485 2299 illiusque
1510 2257 1656 2290 monachi
1675 2258 1823 2302 (quorum

1082 2313 1112 2341 et
1136 2307 1209 2342 dicti
1234 2318 1345 2342 eorum
1371 2310 1553 2344 monasterii
1578 2311 1660 2344 bona
1692 2312 1731 2344 ab
1756 2312 1824 2345 insi-

1082 2361 1203 2395 delibus
1221 2363 1428 2407 occupantur)
1447 2363 1585 2396 maxima
1603 2364 1823 2408 affligebantur

1082 2416 1198 2460 inopia,
1216 2427 1327 2450 eorum
1348 2417 1477 2461 egestati
1498 2428 1685 2452 succurrere
1705 2419 1822 2463 volens,

1081 2481 1138 2514 per
1167 2470 1243 2503 alias
1272 2481 1363 2512 suas,
1388 2471 1616 2515 indulgentias,
1645 2472 1764 2506 litteras
1794 2480 1821 2508 et

1082 2524 1241 2557 facultates
1274 2534 1309 2558 ac
1343 2524 1479 2569 desuper
1511 2526 1667 2559 consectas
1704 2527 1822 2561 litteras

1080 2578 1266 2623 praedictas,
1288 2583 1318 2611 et
1341 2578 1412 2611 inde
1437 2584 1568 2623 sequuta
1593 2590 1820 2625 quaecumque,

1117 2643 1127 2669 1
1146 2640 1211 2669 Heic
1228 2640 1314 2669 subde
1331 2641 1407 2670 idem
1422 2641 1495 2669 Pius
1514 2649 1548 2678 ha.
1567 2642 1616 2669 T).

1734 213 1794 247 159
1842 224 1892 252 Αη.
1912 225 1940 251 c.
1960 226 2026 253 1630

1914 1732 2026 1759 t'rtvtlegta

1843 1764 1927 1784 quoque
1939 1761 2027 1781 [tonnul-

1842 1786 1861 1805 la
1877 1789 1896 1805 et
1913 1787 2026 1813 indulgen-

1842 1814 1882 1831 tias
1917 1814 2025 1834 monachis

1842 1840 2026 1861 monaster-timon·

1843 1868 1867 1885 tts
1891 1866 1952 1887 sinat
1977 1873 2026 1887 cou-

1841 1893 1905 1912 cessit

1842 1919 1891 1939 Pius
1910 1919 1944 1940 ΙΥ.

1970 1894 2025 1915 idem
