2248 3229
63 218 111 244 An.
129 216 158 244 C.
179 217 249 245 1635

89 916 209 938 nor-iiam.

94 1660 126 1683 De
140 1660 202 1683 titolo
216 1659 246 1682 lo-

62 1690 128 1710 ewrll
142 1688 237 1712 tabulati.

94 2512 121 2536 Et
135 2513 247 2541 exemptio·

63 2545 90 2562 ne
133 2541 184 2561 attin
207 2546 248 2562 non

64 2592 107 2617 du.

872 217 1012 242 URBANUS
1038 217 1093 241 vm
1117 217 1164 240 PP.

554 264 707 299 Dxxxlv.

264 353 356 393 Quod
381 353 416 386 in
439 353 620 397 provinciis
643 354 886 398 Hispaniarum
908 359 936 387 e!
953 356 1004 389 Ιη-

305 405 438 439 ιίἰανιιηι
466 408 607 449 fratrum
637 409 743 440 sancti
768 408 939 441 Francis-ci
966 408 1003 441 de

308 457 521 492 obser-ramici
552 460 825 493 Discalcealorum
858 461 1003 504 amplius

307 521 371 544 non
391 511 458 544 sine
479 522 581 556 neque
601 513 785 545 habeantur
807 514 898 546 lz'luli
915 513 1003 546 lecto—

307 576 381 598 rum
407 566 632 605 iubilalorum,
658 576 760 610 neque
784 567 874 599 ullus
898 577 1001 600 exem-

303 618 415 661 ptione
437 619 543 661 patris
570 618 730 661 qaucleat,
760 620 825 651 nisi
854 622 914 663 qui
941 620 1002 651 mi-

306 671 408 704 nister
428 672 642 714 provineialis
665 672 772 714 suerit
814 710 817 714 .

465 768 600 796 Urbanus
622 770 701 803 Papa
721 769 797 801 vlu,

385 815 422 842 ad
440 817 617 852 perpetuam
637 814 682 842 rei
698 815 880 842 memoriam.

305 902 480 946 Religiosos
495 903 587 945 viros,
608 903 672 947 qui,
692 902 820 936 abiectis
844 902 938 935 huius
959 913 1002 935 se-

261 956 323 990 culi
348 956 553 997 vanitatibus,
578 956 747 989 humilitati
771 961 801 989 et
824 957 1001 1000 paupertati

261 1010 319 1044 suh
343 1010 488 1044 arctioris
512 1010 592 1043 vitae
612 1006 754 1044 instituto
771 1019 804 1042 se
821 1020 878 1053 per
897 1010 1002 1043 omnia

260 1063 468 1104 tradiderunt,
492 1067 522 1097 et
545 1062 736 1106 abnegantes
761 1062 956 1106 semetipsos,
969 1067 1003 1097 ut

261 1117 399 1150 facerent
423 1116 615 1150 voluntatem
644 1113 790 1156 Domini,
819 1126 906 1148 suam
938 1116 1001 1148 sre-

260 1173 389 1214 gerunt,
413 1169 493 1203 sicut
516 1169 728 1213 peculiaribus
759 1169 889 1203 Sanctae
914 1170 1002 1203 Sedis

260 1223 419 1257 favoribus
443 1227 474 1256 et
498 1222 608 1266 gratiis
632 1222 745 1265 dignos
769 1222 1000 1265 existimamus,

260 1277 302 1310 ita
317 1276 356 1309 ad
382 1275 645 1319 circumspectam
664 1275 746 1308 illius
770 1275 1000 1319 providentiam

260 1330 418 1374 pertinere
442 1329 658 1372 dignoscimus
677 1339 712 1362 ea
732 1329 840 1362 sedulo
865 1334 1001 1363 statuere

261 1388 354 1428 atque
378 1382 542 1424 ordinare,
568 1382 681 1426 quibus
713 1382 855 1426 religiosi
888 1383 944 1427 ipsi
971 1383 1001 1416 in

261 1439 307 1478 ea,
332 1446 426 1481 quam
452 1435 604 1479 singulari
629 1435 751 1468 divinae
776 1435 1002 1469 benedictionis

261 1489 420 1535 praesidio
445 1489 579 1532 ingressi
603 1494 684 1531 sunt,
703 1489 751 1522 via
765 1489 802 1522 de
819 1494 924 1522 cetero
940 1500 1002 1522 am-

261 1543 385 1584 bulent,
410 1548 440 1576 et
464 1547 534 1576 vota
566 1552 621 1575 sua
652 1541 783 1575 reddant
812 1542 946 1576 Domino
970 1543 1001 1575 in

261 1596 421 1630 sanctitate
445 1600 475 1629 et
499 1595 618 1628 iustitia
635 1605 740 1629 coram
758 1595 834 1639 ipso.

306 1650 321 1695 ἓ
345 1650 374 1683 1.
399 1649 480 1683 Hinc
503 1654 549 1682 est
572 1648 657 1693 quod
680 1659 758 1691 nos,
783 1649 904 1682 dilectis
928 1649 1001 1683 filiis

260 1703 410 1737 fratribus
422 1702 548 1737 Ordinis
561 1702 716 1736 Minorum
731 1703 828 1736 sancti
842 1703 1000 1737 Francisci

260 1757 298 1791 de
314 1756 518 1791 Observantia
533 1756 732 1790 Disealceatis
748 1757 935 1800 nuncupatis
952 1757 1002 1790 IIi-

260 1810 442 1855 spaniarum
459 1816 490 1843 et
502 1810 672 1850 Indiarum‚
687 1820 766 1853 quos
780 1810 811 1843 in
828 1810 1001 1844 visceribus

260 1864 401 1908 gerimus
437 1862 619 1903 eharitatis,
657 1873 783 1896 omnem
821 1864 999 1898 ambitionis

259 1918 481 1961 honorumque
513 1921 542 1950 et
574 1916 736 1950 titulorum
762 1919 999 1961 consequendo-

259 1982 331 2006 rum
345 1971 426 2004 viam
441 1969 646 2015 praecludere
660 1971 811 2011 volentes,
823 1976 909 2004 motu
930 1982 1001 2016 pro-

259 2025 340 2070 prio,
365 2029 396 2057 et
419 2034 455 2057 ex
480 2025 565 2057 certa
589 2023 718 2056 seientia
743 2034 778 2056 ac
802 2026 926 2057 matura
950 2024 1001 2058 de-

260 2078 448 2112 liberatione
471 2077 597 2118 nostris,
622 2077 722 2121 deque
743 2078 931 2121 apostolicae
949 2089 1001 2122 po-

261 2131 381 2165 testatis
404 2130 608 2175 plenitudine,
632 2130 691 2163 hac
715 2133 821 2164 nostra
847 2138 1000 2175 perpetuo

262 2185 396 2218 valitura
412 2184 644 2224 constitutione,
662 2184 826 2217 statuimus
843 2190 936 2228 atque
953 2196 1001 2218 or-

262 2239 416 2279 dinamus,
441 2237 527 2282 quod
550 2237 589 2271 de
613 2243 719 2271 cetero
744 2238 906 2281 perpetuis
923 2238 1002 2271 sutu-

261 2293 304 2326 ris
325 2291 521 2336 temporibus
537 2291 568 2323 in
585 2291 648 2324 ulla
665 2291 849 2324 eorumdem
867 2292 999 2324 fratrum

261 2345 424 2391 provincia
449 2350 510 2377 tam
535 2344 756 2388 Hispaniarum
780 2355 874 2388 quam
899 2345 1001 2378 India-

261 2409 331 2434 rum
351 2398 431 2431 tituli
448 2398 574 2431 lectoris
592 2397 712 2430 iubilati
736 2398 916 2432 nullatenus
940 2399 1001 2432 sint

261 2463 364 2498 neque
387 2451 576 2491 habeantur;

307 2506 376 2551 §2
401 2505 552 2549 Quodque
583 2505 688 2539 nullus
721 2504 905 2539 eorumdem
938 2506 1001 2539 sra-

1036 264 1134 309 patris
1149 264 1292 308 gaudeat,
1311 265 1432 298 etiamsi
1450 265 1544 299 suerit
1559 265 1606 298 vel
1624 275 1682 309 pro
1699 269 1774 298 tem-

1036 328 1114 361 pore
1139 318 1178 350 sit
1202 318 1337 351 vicarius
1361 318 1570 362 provincialis.

1080 370 1146 413 §3
1173 372 1234 403 Nos
1266 372 1347 403 enim
1381 383 1417 404 ex
1451 382 1533 404 nunc
1558 382 1775 416 quoscumque

1037 423 1143 456 titulos
1163 424 1314 457 lectorum
1335 425 1547 467 iuliilatorum,
1561 426 1612 469 qui
1631 426 1668 458 ad
1687 436 1775 470 prae-

1036 486 1105 509 sens
1136 477 1165 508 in
1199 477 1315 509 eisdem
1348 479 1518 520 provinciis
1551 479 1774 522 reperiuntur,

1035 530 1209 573 apostolica
1222 531 1416 571 auctoritate,
1432 535 1539 564 tenore
1552 533 1774 575 praesentium,

1036 593 1238 623 revocamus,
1271 594 1430 616 cassamus
1455 590 1484 616 et
1508 585 1715 628 abrogamus,
1740 597 1775 619 ae

1035 647 1093 679 pro
1119 636 1282 677 revocatis,
1308 638 1403 670 cassis
1427 643 1457 670 et
1481 638 1641 680 abrogatis
1666 639 1774 672 haberi

1037 690 1194 729 volumus,
1220 690 1402 723 mandantes
1426 696 1593 734 propterea
1614 692 1644 724 in
1663 692 1776 725 virtute

1035 745 1159 775 sanctae
1177 742 1386 783 obedientiae,
1402 754 1437 776 ac
1457 744 1514 776 sub
1531 745 1654 778 arbitrii
1675 746 1775 779 nostri

1036 795 1156 838 poenis,
1174 795 1322 828 omnibus
1342 799 1372 830 et
1389 796 1520 839 singulis
1534 797 1688 831 dictarum
1706 809 1777 842 pro-

1036 848 1219 881 vinciarum
1234 849 1394 892 fratribus,
1419 850 1457 882 ad
1481 861 1560 894 quos
1584 856 1712 895 spectat,
1737 862 1776 886 ne

1037 902 1132 935 titulis
1156 902 1360 936 iubilatorum
1386 903 1446 936 sibi
1472 905 1548 937 alias
1573 905 1774 948 quomodoli-

1036 954 1087 987 bet
1112 956 1285 997 concessis,
1315 967 1369 989 seu
1395 968 1450 1000 per
1474 968 1528 991 eos
1553 958 1661 1001 quavis
1685 970 1775 992 occa-

1036 1008 1123 1041 sione
1149 1009 1196 1041 vel
1221 1012 1313 1042 cansa
1339 1010 1497 1051 obtentis,
1522 1011 1560 1043 dc
1585 1016 1690 1045 cetero
1714 1012 1775 1053 uti,

1036 1072 1091 1094 seu
1123 1072 1155 1094 se
1185 1062 1245 1095 illis
1278 1064 1383 1096 iuvare
1408 1063 1542 1096 audeant
1567 1065 1613 1097 vel
1646 1075 1775 1108 praesu-

1036 1120 1142 1156 mant,
1168 1126 1203 1148 ac
1229 1116 1259 1148 in
1284 1116 1398 1149 virtute
1420 1123 1544 1151 sanctae
1569 1118 1776 1160 obedientiae,

1035 1171 1065 1201 ct
1089 1168 1146 1201 sub
1171 1170 1504 1203 excommunicationis
1529 1181 1563 1204 ae
1591 1171 1776 1215 privationis

1035 1221 1130 1254 officii
1152 1222 1263 1265 poenis
1288 1222 1358 1266 ipso
1383 1223 1462 1256 sacto
1488 1223 1704 1267 incurrendis,
1730 1225 1776 1258 di-

1036 1275 1122 1308 lectis
1139 1275 1211 1308 siliis
1229 1276 1414 1310 eorumdem
1433 1278 1565 1310 fratrum
1584 1278 1728 1312 ministro
1746 1284 1776 1312 et

1035 1329 1254 1363 commissario
1279 1331 1479 1373 generalibus
1499 1333 1673 1375 respective
1690 1343 1777 1377 prae-

1035 1382 1170 1426 cipimus
1191 1388 1222 1416 ct
1242 1384 1438 1424 mandamus,
1457 1390 1491 1417 ut
1510 1385 1624 1427 statim,
1643 1387 1777 1430 receptis

1035 1436 1252 1478 praesentibus
1277 1436 1398 1479 litteris,
1424 1437 1484 1470 illis
1510 1443 1641 1481 pareant
1658 1444 1687 1471 et
1704 1440 1777 1472 obe-

1035 1488 1131 1529 diant,
1155 1489 1257 1533 deque
1281 1489 1342 1522 illis
1372 1490 1531 1524 ministros
1556 1492 1776 1535 provinciales,

1036 1541 1168 1575 vicarios
1185 1543 1375 1586 praedictos,
1389 1548 1419 1576 et
1436 1545 1547 1577 fratres
1562 1545 1591 1577 in
1609 1555 1778 1580 numerum

1035 1596 1188 1630 lectorum
1214 1597 1417 1631 iubilatorum
1436 1599 1551 1632 relatos
1571 1600 1722 1633 certiores
1739 1601 1778 1634 sa-

1035 1649 1126 1692 ciant,
1139 1660 1174 1683 ac
1191 1651 1326 1684 ministri
1339 1652 1558 1695 provinciales,
1569 1653 1675 1686 vicarii
1690 1664 1778 1697 prae-

1035 1702 1118 1745 dicti,
1144 1710 1173 1737 et
1197 1705 1330 1738 lectores
1356 1706 1474 1739 iubilati
1508 1707 1689 1741 lmiusmodi
1714 1718 1778 1741 om-

1034 1757 1085 1790 nia
1110 1763 1139 1791 et
1163 1759 1286 1802 singula
1307 1759 1337 1792 in
1355 1760 1473 1793 eisdem
1491 1760 1603 1795 litteris
1620 1765 1776 1803 contenta,

1034 1813 1092 1847 sub
1120 1812 1238 1846 eisdem
1268 1813 1377 1857 poenis
1406 1818 1437 1848 ut
1466 1814 1643 1858 praefertur
1671 1814 1777 1848 ineur-

1034 1867 1149 1907 rendis,
1175 1866 1374 1910 adimpleant.

1077 1920 1133 1963 §la
1157 1920 1377 1960 Deeernentes,
1395 1925 1575 1964 praesentes
1595 1920 1713 1955 litteras
1731 1931 1778 1954 va-

1033 1972 1121 2013 lidas,
1142 1973 1249 2005 sirmas
1274 1978 1304 2005 et
1328 1973 1471 2006 efficaces
1496 1974 1630 2007 existere
1652 1979 1681 2007 et
1698 1975 1777 2017 sore,

1034 2036 1169 2069 suosque
1194 2026 1353 2069 plenarios
1366 2032 1395 2059 et
1409 2026 1550 2070 integros
1568 2027 1697 2060 effectus
1712 2038 1777 2061 sor-

1035 2079 1085 2111 tiri
1110 2083 1139 2112 et
1159 2079 1312 2120 obtinere,
1327 2090 1362 2112 ac
1376 2080 1415 2112 ab
1430 2080 1578 2113 omnibus
1595 2081 1778 2124 etsingulis,

1034 2132 1071 2164 ad
1096 2143 1174 2175 quos
1200 2136 1317 2175 spectat
1333 2138 1363 2165 et
1376 2143 1433 2176 pro
1455 2139 1596 2176 tempore
1614 2135 1776 2177 spectabit,

1035 2185 1260 2218 inviolabiliter
1284 2185 1445 2218 observari
1463 2186 1588 2227 debere,
1603 2197 1638 2220 ac
1652 2187 1777 2221 irritum

1035 2244 1064 2271 et
1090 2238 1188 2279 inane,
1213 2238 1238 2271 si
1263 2248 1352 2271 secus
1377 2249 1472 2282 super
1496 2239 1544 2272 his
1567 2250 1584 2272 a
1602 2251 1775 2284 quoquam,

1034 2293 1143 2337 quavis
1160 2293 1356 2334 auctoritate,
1371 2293 1505 2327 scienter
1521 2294 1568 2328 vel
1585 2294 1768 2337 ignoranter

1034 2347 1201 2390 contigerit
1227 2347 1381 2379 attentari.

1080 2402 1094 2444 ἓ
1119 2401 1146 2434 5.
1172 2401 1240 2434 Non
1265 2400 1461 2434 obstantibus
1481 2401 1591 2444 regula
1616 2402 1722 2434 nostra
1740 2400 1778 2435 de

1036 2455 1103 2487 iure
1128 2454 1269 2498 quaesito
1294 2464 1356 2488 non
1382 2454 1529 2494 tollendo,
1555 2465 1590 2487 ac
1614 2454 1682 2487 aliis
1707 2465 1778 2488 con-

1038 2508 1252 2541 stitutionibus
1276 2513 1306 2540 et
1322 2507 1573 2541 ordinationibus
1587 2508 1776 2551 apostolicis,

1771 2322 1778 2337 9

63 2571 113 2596 *3¹³⁹
130 2572 154 2588 ιιι
168 2566 248 2589 habm-
263 2565 348 2594 trum
372 2559 635 2593 Discalceatorum
650 2586 657 2600 ‚
682 2559 735 2603 qui
760 2559 904 2592 minister
927 2570 1000 2604 pro·
1037 2572 1072 2594 ae
1097 2561 1221 2595 Ordinis
1233 2566 1261 2594 et
1277 2561 1512 2605 provinciarum
1532 2561 1776 2605 praedictarum,

263 2612 416 2648 vinciallis
440 2623 503 2647 non
523 2612 627 2655 suerit,
645 2613 734 2647 titulo
751 2623 787 2646 ac
804 2613 1001 2658 exemptione
1036 2616 1128 2649 etiam
1144 2615 1331 2657 iuramento,
1341 2614 1581 2649 confirmatione
1592 2614 1776 2659 apostolica,

1790 217 1838 244 An.
1854 218 1882 245 C.
1905 218 1972 247 1685

1854 387 1973 413 Poenisque

1790 416 1862 433 eontra
1879 419 1922 435 uiis.
1937 419 1972 439 qut

1791 440 1831 460 iltis
1847 442 1935 460 utentur,

1806 1960 1809 1963 1
1826 1932 1935 1954 Decretum
1950 1933 1976 1953 ir-

1794 1962 1866 1980 ritanus.

1862 2409 1977 2439 Derogatlo

1792 2438 1953 2457 contrariorum.
