2248 3229
104 223 154 251 Διι,
170 221 200 250 G.
221 221 289 251 ¹539

133 1669 222 1691 Motiva.

917 223 1061 248 vanitatis
1084 223 1142 248 vm
1165 224 1214 248 ιη».
1725 214 1789 249 743
1835 225 1885 252 An.
1900 224 1929 252 c.
1952 224 2018 253 ¹639

303 269 403 312 eialis,
428 270 586 316 specifica,
610 281 759 317 expressa
775 276 806 307 et
822 271 991 312 individua,
1011 282 1046 305 ac
1061 276 1064 323 t
1080 271 1223 306 ctoritate
1247 271 1368 314 confisi,
1387 271 1535 306 omnibus
1551 272 1715 315 utriusque
1731 282 1821 306 sexus

303 323 342 358 de
359 324 456 359 verbo
472 324 509 358 ad
529 326 672 366 verbum,
690 336 752 359 non
772 330 874 360 autem
893 336 950 370 per
966 326 1047 358 clau-
1080 325 1350 365 christifidelibus,
1375 327 1426 369 qui
1452 326 1567 359 dictam
1586 325 1822 359 confraternita-

304 377 388 411 sulas
400 378 563 421 generales
588 379 670 412 idem
689 379 905 423 importantcs,
928 379 1046 415 mentio
1062 407 1063 411 ,
1081 386 1143 412 tem
1169 380 1378 424 imposterum
1405 379 1633 422 ingredientur,
1654 384 1820 423 postquam

305 430 449 478 habenda
473 437 526 464 aut
549 432 653 476 aliqua
677 432 737 465 alia
762 432 916 476 exquisita
945 432 1046 465 forma
1062 450 1063 458 ι
1081 433 1140 465 erit
1164 433 1314 466 canonice
1340 433 1489 472 instituta,
1515 433 1565 465 die
1586 432 1689 477 prima
1710 442 1820 465 eorum

305 483 343 516 ad
375 484 436 517 hoc
460 484 613 517 servanda
643 485 741 526 foret,
769 485 896 518 illorum
922 491 1046 518 tenores
1062 491 1063 530 ζ
1082 486 1252 528 ingressus,
1279 486 1302 518 si
1329 497 1400 519 vere
1425 486 1620 530 poenitentes
1637 491 1667 518 et
1687 485 1821 518 confessi

304 537 523 581 praesentibus
548 548 608 582 pro
630 538 722 582 plene
739 543 768 570 et
790 538 981 571 sufficienter
999 536 1063 570 ex-l
1080 539 1131 573 SS.
1146 539 1359 572 Eucharistiae
1374 545 1604 573 sacramentum
1619 539 1820 583 sumpserint.

304 589 424 634 pressis
449 590 696 631 habentes,illis
709 591 784 624 alias
802 591 832 623 in
850 601 906 624 suo
931 583 1270 637 rob01·c*plcnariam;
1296 603 1418 626 necnon
1444 597 1505 626 tam
1531 593 1695 636 descriptis
1727 603 1819 636 quam

304 644 533 688 permansuris,
557 644 596 678 ad
621 645 868 689 praemissorum
890 644 1046 687 effectum,
1063 650 1065 668 ³
1081 658 1139 690 pro
1163 652 1305 691 tempore
1321 646 1537 680 describendis
1555 647 1583 679 in
1601 646 1682 680 dicta
1701 647 1822 680 confra-

304 697 483 742 specialiter
508 702 537 732 et
561 709 707 743 expresse
731 698 940 741 derogamus,
965 704 1047 732 cete·
1064 727 1065 755 1
1083 701 1227 733 ternitate
1259 700 1470 734 confratribus
1499 705 1527 732 et
1561 700 1766 741 consoribus,
1791 699 1822 733 in

304 750 410 794 risque
424 751 590 785 contrariis
607 751 870 795 quibuscumque.
1082 754 1250 787 cuiuslibet
1274 764 1384 787 eorum
1410 753 1520 787 mortis
1544 753 1687 794 articulo,
1706 753 1730 786 si
1751 763 1822 786 vere

349 804 460 839 Datum
485 805 613 846 Romae,
638 805 723 850 apud
746 806 775 839 S.
802 805 932 838 Mariam
957 805 1048 838 Maio·
1064 803 1065 818 ³
1082 807 1277 850 poenitentes
1301 812 1331 840 et
1355 807 1499 845 confessi,
1519 817 1554 840 ac
1575 809 1662 840 sacra
1684 817 1823 840 commu-

306 868 395 900 rem,
425 858 483 892 sub
511 859 626 892 annulo
656 858 839 898 Piscator-is,
859 858 909 892 die
935 869 954 893 x
983 859 1048 892 iulii
1082 860 1175 894 nione
1198 861 1315 902 refecti,
1343 861 1567 904 vel‚quatenus
1592 861 1622 892 id
1647 860 1748 893 facere
1773 870 1823 893 ne-

306 921 475 954 nincxxxtx,
497 912 696 956 pontificatus
710 911 808 946 nostri
829 922 911 945 anno
928 921 992 945 xvt.
1064 915 1066 936 ῑ
1082 914 1249 957 quiverint,
1275 914 1383 947 saltem
1401 914 1526 947 contriti
1545 924 1658 947 nomen
1675 913 1742 947 lesu
1757 923 1823 953 ore,

341 974 400 1003 Dat.
418 974 464 1003 die
480 975 512 1003 ¹0
526 975 584 1003 iulii
602 975 680 1008 ¹639,
701 974 796 1011 pontif.
813 982 884 1002 anno
904 980 958 1001 xvi.
1083 967 1108 999 si
1133 967 1302 1010 potuerint,
1324 967 1371 999 sin
1396 967 1501 1000 minus
1527 967 1621 1000 corde
1646 967 1757 1000 devote
1778 966 1823 999 in-

1065 1016 1273 1061 'vocat-erint,
1298 1021 1391 1053 ctiam
1417 1021 1606 1065 plenariam3

1128 1074 1144 1118 ξ,
1168 1074 1196 1106 2.
1231 1075 1273 1106 Ac
1297 1074 1415 1107 eisdem
1440 1084 1523 1106 nunc
1548 1079 1577 1106 et
1601 1083 1659 1117 pro
1680 1078 1823 1117 tempore

1084 1127 1289 1160 existentibus
1313 1132 1342 1160 et
1367 1127 1579 1160 confratribus
1596 1132 1626 1160 et
1646 1126 1825 1160 consorori-

1891 608 1910 628 ln
1932 609 2020 629 articulo

1837 635 1915 658 mortis.

1865 1088 1886 1108 lu
1902 1088 1955 1109 festo
1967 1094 2022 1115 prin-

1840 1115 1909 1141 emuli.

626 1116 735 1151 DCLll.

306 1198 522 1242 Inclulyentia
545 1198 700 1242 plenaria
721 1203 879 1243 perpetua
900 1210 960 1242 pro
981 1209 1050 1231 con·

349 1252 511 1296 fratribus
535 1255 564 1284 et
588 1251 814 1285 consororibus
837 1252 1067 1296 consi-aterm-¹

352 1305 429 1338 eatis
441 1304 499 1338 sub
516 1305 720 1338 invocatione
734 1304 958 1349 Concepli'onis
972 1306 1050 1338 Bea-

352 1362 402 1392 tae
433 1358 560 1392 Mariae
601 1357 747 1401 Viryinis
779 1357 840 1390 loci
871 1357 909 1391 de
944 1359 1068 1394 Chault

352 1411 488 1446 Goe'nsis
512 1411 663 1445 dioecesis
686 1411 723 1444 in
742 1411 851 1445 Inclit's
877 1404 1067 1459 Orientali-i

352 1463 438 1498 tues&
1066 1463 1067 1466 ’

512 1544 650 1572 urbanus
670 1534 749 1578 rapa
769 1544 847 1576 vm.

436 1589 473 1616 ad
491 1591 667 1623 perpetuam
686 1588 731 1616 rei
751 1589 930 1617 memoriam.

351 1661 438 1702 Cum,
464 1659 544 1693 sicut
568 1659 759 1704 accepimus,
783 1660 814 1693 in
834 1661 966 1694 ecclesia
986 1632 1067 1694 san-¹

307 1718 376 1747 ctae
398 1713 555 1747 Barbarae
580 1712 693 1747 domus
709 1713 842 1747 fratrum
856 1713 980 1747 Ordinis
1000 1714 1051 1748 Mi-

307 1777 422 1801 norum
454 1767 552 1800 sancti
582 1767 741 1802 Francisci
776 1767 815 1801 de
847 1756 1067 1802 Observantial

308 1820 369 1854 loci
393 1820 433 1854 de
454 1820 552 1854 Chaul
576 1821 708 1856 Goensis
733 1821 886 1855 dioecesis
908 1822 939 1855 in
956 1822 1049 1856 lndiis

1084 1181 1153 1221 bus,
1178 1191 1251 1214 vere
1276 1192 1402 1225 quoque
1427 1180 1659 1225 poenitentibus
1683 1186 1713 1213 et
1744 1191 1822 1214 con-

1084 1235 1181 1276 fessis,
1207 1245 1244 1268 ac
1267 1237 1356 1268 sacra
1377 1234 1601 1268 communione
1619 1235 1755 1275 refectis,
1771 1235 1824 1278 qni

1084 1288 1263 1332 praedictae
1287 1288 1553 1321 confraternitatis
1589 1288 1752 1321 ecclesiam
1778 1289 1825 1321 vel

1084 1342 1257 1385 cappellam
1283 1351 1338 1375 seu
1360 1341 1533 1374 oratorium
1569 1341 1619 1374 (lie
1644 1342 1721 1374 festo
1743 1341 1826 1385 prin-

1084 1394 1177 1438 cipali
1202 1395 1300 1438 ipsius
1317 1394 1583 1428 confraternitatis
1600 1405 1616 1426 a
1634 1394 1746 1438 primis
1763 1405 1827 1428 ves-

1084 1447 1169 1490 peris
1194 1458 1293 1491 usque
1318 1448 1355 1480 ad
1376 1458 1522 1481 occasum
1541 1448 1614 1481 solis
1632 1448 1700 1481 festi
1719 1448 1827 1481 huius-

1086 1501 1170 1534 modi
1195 1501 1327 1544 singulis
1360 1501 1449 1534 annis
1481 1501 1592 1535 devote
1617 1502 1824 1544 visitaverint,

1066 1551 1067 1591 J
1085 1560 1114 1587 et
1138 1555 1180 1587 ibi
1206 1565 1266 1599 pro
1290 1554 1535 1588 christianorum
1557 1555 1738 1600 principum
1757 1566 1826 1589 con-

1085 1608 1202 1649 cordia,
1222 1608 1388 1641 haeresum
1410 1609 1627 1652 extirpatione,
1648 1619 1684 1642 ac
1701 1614 1825 1642 sanctae

1085 1662 1193 1695 matris
1213 1662 1370 1695 Ecclesiae
1387 1662 1574 1696 exaltatione
1590 1662 1657 1707 pias
1673 1663 1710 1696 ad
1726 1663 1824 1697 Deum

1084 1727 1193 1760 preces
1211 1716 1390 1757 effuderint,
1404 1717 1579 1760 plenariam
1601 1717 1744 1750 similiter
1761 1728 1826 1751 om-

1084 1769 1171 1802 nium
1203 1774 1405 1813 peccatorum
1439 1780 1570 1802 suorum
1598 1770 1825 1813 indulgentiam

1084 1828 1113 1856 et
1137 1823 1356 1856 remissionom
1382 1823 1630 1857 misericorditer
1649 1824 1678 1857 in
1694 1824 1826 1858 Domino

286 1903 291 1909 .
308 1873 519 1908 Orientalibus
539 1884 602 1907 una
620 1874 671 1918 pia
695 1879 725 1908 et
749 1874 860 1908 devota
883 1876 1067 1920 utriusque.
1084 1877 1298 1910 concedimus.

162 2311 292 2339 {indulgentia

109 2337 204 2363 plenaria
226 2343 246 2358 ιιι
264 2343 293 2358 m·

109 2369 194 2388 aeson.

1884 1944 1935 1963 itt-m
1945 1945 2025 1969 septem

308 1937 401 1960 sexus
432 1926 686 1960 christifidelium
717 1928 958 1961 confraternitas
990 1919 1067 1970 sub}
1127 1931 1142 1974 ἓ
1166 1930 1195 1963 3.
1221 1931 1352 1975 Insuper
1377 1931 1493 1964 eisdem
1516 1941 1587 1965 vcre
1608 1931 1700 1965 etiam
1721 1933 1827 1976 poeni-

308 1980 505 2015 invocatione
528 1980 747 2025 Conceptionis
775 1981 808 2014 B.
836 1982 951 2015 Mariae
975 1983 1046 2015 Vir·
1084 1985 1221 2018 tentibus
1245 1990 1275 2018 ct
1299 1985 1466 2026 confessis,
1499 1996 1534 2019 ac
1564 1987 1653 2019 sacra
1683 1997 1825 2020 commu·
1842 1972 2025 2022 1².'.i”0'1³1i¹¹¹'‹¹1u⁰³‘tii23

308 2034 408 2078 ginis,
434 2044 496 2068 non
528 2037 632 2068 tamen
660 2045 720 2078 pro
751 2035 932 2068 hominibus
958 2031 1177 2074 uniusinione
1202 2039 1342 2080 refectis,
1365 2039 1529 2071 ecclesiam
1566 2040 1613 2072 vel
1649 2041 1824 2083 cappellam
1842 2028 1948 2046 mmmm*

308 2088 456 2133 specialis
479 2088 570 2129 artis,
596 2088 746 2122 canonice
778 2092 882 2123 erecta
907 2099 962 2122 seu
987 2090 1048 2123 eri·
1065 2080 1067 2088 ’
1084 2101 1138 2123 seu
1163 2091 1338 2124 oratorium
1369 2092 1550 2126 huiusmodi
1584 2093 1615 2125 in
1640 2093 1824 2134 Nativitatis,

308 2141 409 2185 genda
434 2141 553 2184 existat,
574 2141 663 2175 cuius
688 2142 861 2175 confratres
886 2148 916 2176 et
941 2153 1050 2176 conso·
1084 2144 1334 2185 Puriticationis‚
1360 2145 1618 2179 Annunciationis
1643 2152 1672 2179 et
1697 2148 1825 2180 Assum-

308 2205 398 2229 rores
421 2195 656 2239 quamplurima
684 2195 809 2239 pietatis
837 2201 866 2228 et
890 2196 1050 2231 charitatis
1066 2206 1067 2243 j
1084 2198 1199 2241 ptionis
1223 2198 1332 2230 beatae
1357 2198 1471 2232 Mariae
1498 2199 1633 2242 Virginis
1658 2200 1742 2233 festis
1759 2201 1824 2234 die-

308 2259 405 2293 opera
429 2259 576 2283 exercere
600 2254 848 2282 consueverunt:
1085 2251 1152 2293 bus,
1177 2255 1211 2285 nt
1232 2252 1419 2295 praefertur,
1438 2252 1635 2286 visitantibus
1664 2259 1693 2286 et
1725 2264 1821 2287 oran-

353 2304 368 2347 ἓ
392 2303 421 2336 ·l.
447 2303 531 2343 Nos,
557 2308 589 2336 ut
619 2303 859 2337 confraternitas
890 2291 1067 2348 praedic-111³
1085 2305 1175 2347 tibus,
1201 2316 1264 2349 quo
1289 2305 1338 2338 die
1367 2306 1601 2350 praedictorum
1628 2306 1657 2339 id
1682 2307 1823 2350 egerint,

310 2357 430 2390 maiora
454 2356 486 2389 in
510 2356 576 2390 dies
601 2357 751 2401 suscipiat
777 2357 990 2399 incrementa,
1013 2358 1050 2391 ilc
1066 2350 1067 2355 ¹
1084 2363 1202 2403 septem
1235 2370 1334 2393 annos
1368 2365 1398 2392 ct
1430 2360 1558 2394 totidem
1584 2361 1823 2404 quadragena53

309 2410 533 2455 omnipotentis
557 2410 611 2444 Dei
643 2411 860 2444 misericordia
886 2422 921 2445 ac
948 2411 1206 2457 beato-jquoties
1232 2424 1306 2447 vero
1332 2414 1434 2446 missis
1458 2424 1494 2446 ae
1524 2414 1592 2447 aliis
1617 2414 1729 2448 divinis
1757 2415 1824 2449 offi-
1840 2449 1851 2469 d
1907 2422 2023 2464 svamm?

309 2475 382 2498 rum
406 2464 488 2498 Petri
513 2469 543 2498 et
568 2464 654 2498 Pauli
679 2465 895 2509 apostolorum
917 2465 984 2499 eius
1001 2476 1051 2498 au-
1084 2467 1140 2500 ciis
1167 2468 1197 2500 in
1221 2468 1312 2501 dit-tis
1345 2468 1477 2501 ecclesia
1513 2469 1560 2501 vel
1597 2469 1738 2513 cappella
1770 2479 1825 2503 seu
1840 2454 2024 2515 „ffitffisffltt‘tl‘ii

346 2547 357 2572 1
384 2545 425 2573 De
447 2544 528 2573 modo
550 2544 714 2581 aggregandi
739 2545 972 2573 confraternitates
993 2546 1051 2580 lege
1085 2522 1224 2556 oratorio
1250 2533 1308 2566 pso
1333 2527 1476 2566 tmnpore
1500 2522 1695 2556 celebrandis
1719 2528 1749 2556 et
1774 2534 1824 2557 re-
1840 2505 1940 2532 ¹’²¹⁵¹'¹'⁵·

309 2589 401 2618 Const.
426 2596 527 2617 cccmt
547 2590 598 2621 (al.
618 2590 683 2624 350)
702 2590 849 2619 Clementis
866 2590 935 2625 viti,
960 2592 1051 2624 Quae·
1067 2600 1069 2620 ι
1085 2576 1238 2616 cumulis>
1269 2581 1322 2609 ³¹¹¹
1357 2577 1655 2620 congregauonibus
1690 2577 1824 2622 ΡῑὼῙῐῦῑ5

310 2643 442 2672 cumque,
458 2639 522 2664 tom.
538 2641 577 2670 xi,
594 2643 654 2672 pag.
673 2636 734 2665 13⁸.
1068 2661 1069 2666 ,
1087 2630 1131 2663 rel
1157 2630 1286 2674 privatis
1314 2630 1413 2675 ipsius
1437 2630 1703 2665 confraternitatis
1721 2631 1824 2666 ubivis
