2248 3229
128 230 189 258 ·An.
209 228 238 258 C.
255 228 323 258 1632

209 1890 324 1917 Derogauo

140 1918 302 1939 contrariorum.

954 225 1097 252 URBANUS
1121 225 1179 251 vm
1201 225 1251 250 1¹1³.

340 280 396 317 tes,
406 275 525 309 fructus
536 279 565 308 et
575 273 659 309 bona
673 274 814 319 ipsorum
823 274 1079 323 apprehendendi

341 334 371 362 et
394 338 493 373 usque
513 328 552 361 ad
572 328 815 362 satisfactionem
830 328 994 369 retinendi,
1011 338 1081 362 con-

340 381 538 424 tradictores,
552 382 800 427 perturbatores,
817 382 1033 416 molestatores
1051 387 1081 414 et

340 436 486 477 rebelles,
501 446 536 470 ac
550 447 765 480 quoscumque
779 436 823 470 eis
836 436 998 476 auxilium,
1010 445 1081 469 con-

341 488 446 522 silium
471 490 519 523 vel
543 489 682 523 savorem
717 490 843 533 publice
878 490 926 523 vel
959 489 1081 523 occulte

341 543 451 587 quovis
471 543 614 588 quaesito
631 544 737 577 colore
753 548 959 588 praestantes,
977 543 1080 576 cuius-

341 607 476 641 cumque
499 596 670 640 dignitatis,
695 597 812 640 gradus
833 602 863 630 et
879 597 998 631 ordinis
1018 596 1083 629 fue-

340 651 414 691 rint,
437 650 594 694 praesatis,
611 650 742 695 aliisque
762 652 903 685 censuris
921 656 951 684 et
970 650 1082 694 poenis

340 704 580 747 ecclesiasticis,
605 715 728 739 necnon
754 705 967 750 pecuniariis,
998 709 1081 738 cete-

340 757 447 803 risque
471 757 549 792 iuris
573 764 603 792 et
628 759 699 792 sacti
724 760 871 793 remediis
896 758 1082 803 opportunis

341 811 560 855 compellendi,
579 812 709 857 illasque
723 812 815 847 etiam
833 812 952 846 iteratis
963 811 1083 845 vicibus

340 865 545 907 aggravandi,
570 875 624 899 eos
649 876 733 908 vero,
759 866 812 909 qui
837 865 941 898 debite
963 864 1083 898 satisfe-

341 917 451 959 cerint,
468 918 507 951 ab
527 918 674 952 omnibus
695 919 836 952 censuris
856 923 887 952 et
906 918 1016 962 poenis
1032 929 1082 951 su-

341 972 492 1015 pradictis
517 973 662 1006 informa
676 973 833 1006 Ecclesiae
854 974 1005 1006 consueta
1030 971 1082 1005 ab·

341 1026 490 1068 solvendi,
512 1031 677 1070 praeterea
699 1036 914 1070 quascumque
933 1035 1085 1069 personas

341 1080 567 1114 ecclesiasticas
588 1081 618 1113 in
639 1081 822 1114 collectores
834 1085 864 1114 et
878 1079 1084 1114 subcollccto·

342 1144 391 1166 res
416 1134 478 1167 fide
492 1139 521 1167 et
534 1134 733 1167 facultatibus
751 1134 878 1167 idoneas
893 1134 923 1166 in
937 1134 1084 1167 omnibus

341 1186 529 1229 civitatibus,
553 1186 750 1221 dioecesibus
775 1192 805 1220 ct
835 1186 1007 1231 provinciis
1027 1197 1079 1220 re-

340 1249 477 1284 gnorum
514 1246 545 1274 et
577 1240 791 1274 dominiorum
824 1240 1061 1284 praedictorum
1076 1268 1083 1282 ,

340 1299 496 1339 quotquot
509 1295 692 1339 expedierit,
707 1293 928 1334 constituendi,
949 1304 1084 1338 eumque

342 1348 389 1380 vel
403 1358 456 1381 eos
470 1348 603 1382 arbitrio
617 1358 674 1381 suo
689 1347 872 1388 revocandi,
889 1347 1084 1390 negligentes

341 1405 372 1433 et
388 1411 532 1435 morosos
547 1400 741 1441 removendi,
761 1411 797 1433 ac
814 1400 909 1433 alium
931 1410 986 1433 seu
1006 1400 1084 1433 alios

342 1453 545 1497 subrogandi,
563 1454 825 1499 quotiescumque
849 1453 894 1487 ei¹
917 1453 1082 1495 videbitur,

341 1507 373 1540 in
390 1507 607 1551 delinquentes
624 1512 654 1541 et
670 1511 881 1549 contumaces,
901 1516 958 1550 per
975 1517 1018 1547 se,
1035 1506 1083 1539 vel

341 1561 448 1601 alium,
473 1571 529 1594 seu
552 1561 641 1602 alios,
666 1561 759 1594 etiam
785 1560 972 1604 simpliciter
996 1559 1083 1594 etde

340 1614 446 1657 plano,
460 1624 496 1647 ac
513 1614 580 1647 sine
596 1614 729 1657 strepitu
741 1618 772 1646 et
788 1613 891 1656 figura
907 1612 1025 1656 iudicii,
1039 1613 1084 1646 in-

340 1665 497 1710 quirendi,
514 1676 549 1699 ac
566 1666 687 1699 meritis
704 1665 813 1710 poenis
831 1665 1002 1709 puniendi,
1020 1677 1084 1700 mo—

340 1717 444 1753 dos‘sst
460 1720 577 1754 formas
593 1720 624 1752 in
642 1719 791 1763 praefatis
808 1719 978 1752 servandos
995 1730 1084 1763 prae-

340 1773 511 1814 scribendi,
525 1772 619 1806 dubia
638 1782 858 1819 quaecumque
875 1773 906 1804 in
927 1773 1083 1816 praemis-

340 1827 383 1860 sis
403 1826 483 1860 sorte
500 1826 622 1860 oritura
641 1826 820 1859 declarandi
837 1826 1067 1859 concedimus².

385 1879 400 1923 ξ
423 1879 452 1914 6.
478 1880 547 1913 Non
563 1878 759 1912 obstantibus
771 1879 870 1912 felicis
888 1879 1082 1913 recordatio-

339 1932 387 1965 nis
419 1932 567 1965 Bonifacii
599 1932 701 1976 Papae
732 1932 798 1965 wll
828 1932 1082 1975 praedecessoris

338 1985 437 2020 nostri
455 1985 494 2018 de
513 1987 586 2028 una,
601 1986 674 2018 etin
695 1985 830 2018 concilio
845 1986 985 2027 generali
998 1985 1082 2018 edita

339 2039 378 2072 de
390 2039 514 2072 duabus
533 2039 635 2080 dietis,
654 2039 786 2082 aliisque
804 2039 1081 2072 constitutionibus

339 2098 370 2125 et
393 2093 646 2126 ordinationibus
670 2093 860 2137 apostolicis,
886 2103 1008 2126 necnon
1033 2104 1083 2126 ec-

340 2146 518 2187 clesiarum,
536 2146 813 2185 monasteriorum,
829 2146 992 2187 Ordinum,
1011 2156 1083 2179 eon-

340 2199 784 2243 gregationum,hospitalium
797 2204 826 2232 ct
840 2199 981 2232 locorum
993 2209 1083 2242 prae-

340 2253 487 2293 fatorum,
507 2253 601 2286 etiam
627 2254 815 2293 iuramento,
840 2252 1082 2286 confirmatione

340 2306 525 2350 apostolica,
543 2307 589 2339 vel
611 2307 719 2350 quavis
743 2306 891 2339 firmitate
909 2307 968 2338 alia
988 2307 1081 2339 robo-

340 2360 426 2401 ratis,
451 2360 574 2393 statutis
598 2364 628 2394 et
652 2360 942 2401 consuetudinibus,
967 2360 1082 2393 stabili-

341 2414 468 2454 mentis,
493 2413 600 2446 usibus
622 2419 651 2446 et
674 2414 811 2455 naturis,
837 2413 984 2457 quodque
1009 2424 1081 2457 per-

341 2467 425 2500 sonis
438 2467 598 2510 praefatis,
612 2461 786 2510 eorumque
800 2467 940 2500 ecclesiis
953 2473 982 2500 et
992 2467 1080 2508 locis,

342 2521 389 2554 vel
414 2520 579 2564 quibusvis
604 2520 687 2561 aliis,
712 2520 923 2554 communiter
946 2531 963 2553 a
987 2531 1081 2565 prae-

377 2592 387 2618 1
408 2590 475 2618 Male
490 2590 555 2618 edit.
572 2590 652 2618 Main.
668 2590 731 2625 legit
747 2591 786 2618 eis
801 2592 838 2626 (R.
855 2591 902 2624 τ.).

377 2635 394 2662 2
409 2635 526 2664 verbum
540 2635 716 2664 concedimus
731 2644 781 2664 nos
796 2635 920 2664 addimus
934 2636 970 2671 (u.
984 2637 1032 2671 T.).

1113 275 1195 309 dicta
1219 273 1257 308 sit
1281 272 1359 307 Sede
1383 271 1557 312 indultum,
1581 271 1666 315 quod
1690 270 1853 312 interdici,

1114 327 1262 372 suspendi
1287 327 1334 360 rel
1360 325 1625 360 excommunicari
1645 334 1708 358 non
1733 324 1854 368 possint

1113 392 1170 425 per
1193 381 1314 414 litteras
1337 381 1524 425 apostolicas
1541 389 1604 413 non
1621 378 1767 412 facientes
1786 378 1854 421 plc—

1113 445 1185 467 nam
1212 439 1241 467 et
1259 445 1437 478 expressam
1452 445 1486 467 ac
1500 433 1538 467 de
1560 433 1658 466 verbo
1672 431 1710 465 ad
1724 431 1856 465 verbum

1115 488 1152 522 de
1178 488 1319 531 indulto,
1345 498 1467 521 necnon
1492 486 1656 531 personis,
1681 495 1856 529 corumque

1115 541 1306 583 nominibus,
1331 541 1584 584 cognominibus,
1610 539 1760 579 ecelesiis,
1785 549 1854 572 mo-

1115 595 1282 637 nasteriis,
1306 594 1476 629 Ordinibus
1508 600 1538 628 et
1568 593 1645 627 locis
1674 591 1858 626 huiusmodi

1117 649 1320 690 mentionem,
1334 652 1364 683 et
1379 647 1572 693 quibuslibet
1590 646 1658 679 aliis
1674 646 1858 690 privilegiis,

1116 703 1385 747 exemptionibus,
1410 701 1672 742 immunitatibus,
1690 699 1721 732 in
1742 709 1858 743 genere

1116 757 1163 790 vel
1196 757 1227 789 in
1260 756 1385 801 specie,
1417 755 1511 789 etiam
1547 759 1672 788 sanctae
1701 754 1860 787 Romanae

1117 809 1275 843 Ecclesiae
1295 809 1479 851 camerario,
1498 814 1528 841 et
1545 808 1614 841 aliis
1628 817 1771 841 camerae
1788 817 1861 850 apo-

1117 863 1245 897 stolicae
1260 863 1424 904 ministris,
1445 863 1537 896 etiam
1553 873 1589 896 ex
1608 863 1701 895 causa
1715 861 1860 902 onerosa,

1118 922 1148 950 et
1171 917 1248 950 alias
1271 916 1510 961 quomodolibet
1536 915 1710 958 concessis,
1744 915 1861 948 confir-

1118 971 1210 1004 matis
1234 975 1264 1004 et
1288 970 1454 1010 innovatis,
1479 974 1508 1003 et
1533 969 1705 1003 solutiones
1724 969 1860 1001 decima-

1117 1035 1189 1058 rum
1215 1024 1306 1057 aliter
1331 1035 1426 1069 quam
1445 1023 1616 1057 secundum
1644 1022 1802 1066 antiquam
1822 1026 1862 1053 ta-

1118 1089 1187 1111 xam
1212 1084 1242 1111 et
1265 1078 1326 1111 uisi
1349 1078 1379 1110 in
1399 1077 1567 1110 universali
1587 1076 1780 1109 decimarum
1804 1085 1861 1118 per

1118 1132 1229 1166 orbem
1262 1131 1462 1176 impositione
1494 1130 1561 1163 sieri
1598 1128 1861 1173 proliibeutilnis,

1118 1196 1241 1219 necnon
1260 1184 1534 1230 promissionibus,
1559 1183 1792 1223 donationibus,
1807 1182 1862 1214 ol»-

1118 1239 1323 1283 ligationibus
1337 1265 1345 1280 ,
1371 1237 1556 1271 iuramentis
1574 1263 1582 1278 ,
1608 1235 1859 1269 renunciationi—

1117 1293 1196 1335 bus,
1222 1291 1354 1325 vinculis
1379 1296 1408 1324 et
1433 1291 1562 1325 cautelis
1593 1290 1624 1322 in
1648 1288 1863 1332 assignatione

1118 1346 1332 1391 praefatarum
1353 1344 1541 1390 pensionum
1560 1343 1658 1385 saetis,
1675 1342 1789 1386 quibus
1806 1353 1863 1386 per

1118 1399 1353 1444 impositionem
1375 1398 1515 1432 decimae
1535 1396 1715 1430 huiusmodi
1733 1396 1863 1428 minime

1118 1453 1228 1494 teneri,
1245 1462 1348 1497 neque
1372 1462 1434 1491 eas,
1452 1450 1557 1495 quoad
1576 1449 1760 1494 praemissa,
1787 1459 1862 1482 con-

1117 1510 1165 1540 tra
1189 1515 1423 1551 quemcumque
1446 1505 1552 1538 locum
1583 1503 1701 1536 habere
1721 1502 1861 1535 declara-

1118 1558 1342 1602 mus,[aliisque
1356 1557 1485 1590 indultis
1499 1561 1530 1590 et
1541 1555 1654 1589 litteris
1670 1555 1860 1599 apostolicis,

1117 1612 1320 1656 generalibus
1340 1611 1387 1644 vel
1406 1609 1606 1655 specialibus,
1631 1609 1861 1652 cuiuscumque

1117 1663 1258 1699 tenoris¹
1283 1665 1432 1705 existant,
1457 1674 1514 1708 per
1539 1673 1618 1707 quae
1640 1662 1860 1707 praesentibus

1116 1730 1180 1753 non
1211 1729 1359 1763 expressa
1390 1722 1443 1751 aut
1478 1717 1616 1751 totaliter
1644 1726 1708 1750 non
1743 1716 1861 1749 inserta

1117 1773 1246 1806 effectus
1271 1782 1380 1805 earum
1405 1770 1553 1815 impediri
1570 1770 1671 1802 valcat
1687 1769 1861 1813 quomodo-

1116 1827 1194 1860 libet
1217 1827 1265 1859 vel
1285 1824 1406 1859 differri
1432 1829 1462 1857 et
1489 1824 1527 1856 de
1548 1823 1662 1867 quibus
1687 1833 1861 1867 eorumque

1116 1880 1189 1914 totis
1213 1879 1376 1912 tenoribus
1401 1877 1545 1911 habenda
1570 1877 1609 1910 sit
1632 1878 1663 1910 in
1684 1877 1799 1910 nostris
1815 1877 1862 1910 lit-

1116 1933 1191 1966 teris
1216 1932 1335 1965 mentio
1361 1930 1515 1975 specialis,
1530 1940 1610 1973 quae
1627 1929 1732 1963 omnia
1750 1935 1860 1962 contra

1115 1985 1277 2030 praedicta
1300 1984 1449 2017 nolumus
1473 1982 1587 2025 cuique
1603 1982 1788 2025 suffragari,
1814 1993 1860 2016 ce-

1115 2038 1254 2081 terisque
1279 2036 1445 2070 contrariis
1470 2035 1733 2079 quibuscumque.

1161 2093 1176 2136 g
1201 2092 1230 2124 7.
1256 2091 1291 2124 In
1314 2089 1519 2135 percipienda
1538 2099 1613 2122 vero
1633 2089 1755 2122 decima
1772 2099 1860 2133 prae-

1116 2146 1178 2178 fata
1206 2145 1276 2189 piae
1308 2144 1482 2177 memoriae
1512 2143 1680 2177 Clementis
1711 2143 1811 2187 Papae
1836 2144 1858 2176 Υ

1116 2199 1209 2231 etiam
1242 2197 1494 2242 praedecessoris
1529 2197 1627 2231 nostri
1660 2196 1692 2229 in
1725 2197 1859 2230 concilio

1097 2257 1100 2278 l
1116 2251 1283 2285 'Viennensi
1308 2251 1423 2284 editam
1440 2250 1708 2290 constitutionem,
1722 2260 1756 2283 ac
1771 2260 1860 2294 prac-

1116 2305 1234 2346 sertim,
1259 2304 1343 2348 quod
1367 2315 1424 2337 nec
1450 2304 1572 2344 calices,
1597 2314 1654 2337 nec
1674 2303 1758 2344 libri,
1776 2308 1858 2336 cete-

1115 2369 1213 2402 raque
1222 2357 1428 2391 ecclesiarum
1440 2363 1634 2397 ornamenta,
1644 2356 1749 2389 divino
1761 2356 1859 2389 cultui

1115 2412 1238 2454 dicata,
1269 2411 1367 2444 aliave
1392 2411 1552 2455 suppellex
1586 2410 1795 2443 ecclesiastica
1822 2421 1859 2443 ex

1755 213 1819 248 ⁶275
1864 222 1914 251 An.
1934 222 1965 251 C.
1982 220 2051 250 1632

1885 2095 2059 2119 constitutionem

1874 2123 1986 2144 Clementis
1995 2124 2010 2144 V
2023 2124 2059 2145 ob-

1874 2150 1955 2171 servari
1965 2150 2059 2172 mandat.

1116 2466 1210 2498 causa
1234 2464 1376 2508 pignoris
1401 2464 1487 2508 capi,
1509 2463 1609 2507 recipi
1634 2463 1681 2495 vel
1707 2463 1857 2504 distrahi,
1905 2468 1911 2474 '

1115 2524 1169 2553 aut
1192 2519 1267 2552 alias
1290 2517 1529 2562 quomodolibet
1546 2517 1695 2560 occupari
1713 2516 1857 2558 debeant,

1115 2573 1232 2616 ubique
1267 2571 1481 2616 praecipimus
1511 2570 1689 2611 observari3
1715 2570 1856 2615 quinimo

1151 2636 1162 2661 1
1183 2633 1252 2661 Edit.
1270 2633 1348 2660 Main.
1366 2633 1429 2668 legit
1450 2633 1596 2663 tenoribus
1611 2634 1647 2667 (R.
1664 2632 1713 2668 T.)-
