<?xml version="1.0" encoding="UTF-8"?>
<!DOCTYPE html PUBLIC "-//W3C//DTD XHTML 1.0 Transitional//EN"
    "http://www.w3.org/TR/xhtml1/DTD/xhtml1-transitional.dtd">
<html xmlns="http://www.w3.org/1999/xhtml" xml:lang="en" lang="en">
 <head>
  <title>
</title>
<meta http-equiv="Content-Type" content="text/html;charset=utf-8" />
  <meta name='ocr-system' content='tesseract 3.04.00' />
  <meta name='ocr-capabilities' content='ocr_page ocr_carea ocr_par ocr_line ocrx_word'/>
</head>
<body>
  <div class='ocr_page' id='page_1' title='image "./bullarumdiplomat14cath_0709.png"; bbox 0 0 2248 3229; ppageno 0'>
   <div class='ocr_carea' id='block_1_1' title="bbox 88 216 271 245">
    <p class='ocr_par' dir='ltr' id='par_1_1' title="bbox 88 216 271 245">
     <span class='ocr_line' id='line_1_1' title="bbox 88 216 271 245; baseline 0.005 -2"><span class='ocrx_word' id='word_1_1' title='bbox 88 217 136 245; x_wconf 87' lang='grc' dir='ltr'>Λη.</span> <span class='ocrx_word' id='word_1_2' title='bbox 154 216 182 243; x_wconf 88' lang='lat' dir='ltr'>C.</span> <span class='ocrx_word' id='word_1_3' title='bbox 205 216 271 244; x_wconf 78' lang='lat'>1637</span> 
     </span>
    </p>
   </div>
   <div class='ocr_carea' id='block_1_2' title="bbox 283 217 1038 2668">
    <p class='ocr_par' dir='ltr' id='par_1_2' title="bbox 283 217 1038 2668">
     <span class='ocr_line' id='line_1_2' title="bbox 899 217 1038 240; baseline 0.007 -1"><span class='ocrx_word' id='word_1_4' title='bbox 899 217 1038 240; x_wconf 55' lang='lat' dir='ltr'>rnnaxrs</span> 
     </span>
     <span class='ocr_line' id='line_1_3' title="bbox 285 263 1027 308; baseline -0.001 -10"><span class='ocrx_word' id='word_1_5' title='bbox 285 264 378 305; x_wconf 89' lang='lat' dir='ltr'>bona,</span> <span class='ocrx_word' id='word_1_6' title='bbox 403 263 468 297; x_wconf 88' lang='lat' dir='ltr'>sine</span> <span class='ocrx_word' id='word_1_7' title='bbox 489 264 690 308; x_wconf 85' lang='lat' dir='ltr'>superiorum</span> <span class='ocrx_word' id='word_1_8' title='bbox 709 274 874 305; x_wconf 87' lang='lat' dir='ltr'>consensu,</span> <span class='ocrx_word' id='word_1_9' title='bbox 893 265 1027 298; x_wconf 88' lang='lat' dir='ltr'>alienan-</span> 
     </span>
     <span class='ocr_line' id='line_1_4' title="bbox 286 317 1026 359; baseline 0 -8"><span class='ocrx_word' id='word_1_10' title='bbox 286 323 332 352; x_wconf 90' lang='lat' dir='ltr'>tes</span> <span class='ocrx_word' id='word_1_11' title='bbox 364 317 540 351; x_wconf 85' lang='lat' dir='ltr'>constitutis</span> <span class='ocrx_word' id='word_1_12' title='bbox 572 318 610 351; x_wconf 90' lang='lat' dir='ltr'>sit</span> <span class='ocrx_word' id='word_1_13' title='bbox 643 318 806 352; x_wconf 83' lang='lat' dir='ltr'>obnoxius.</span> <span class='ocrx_word' id='word_1_14' title='bbox 831 319 916 359; x_wconf 82' lang='lat' dir='ltr'>Quae</span> <span class='ocrx_word' id='word_1_15' title='bbox 952 328 1026 352; x_wconf 78' lang='lat' dir='ltr'>vero</span> 
     </span>
     <span class='ocr_line' id='line_1_5' title="bbox 286 371 1027 417; baseline 0.001 -13"><span class='ocrx_word' id='word_1_16' title='bbox 286 371 378 404; x_wconf 88' lang='lat' dir='ltr'>etiam</span> <span class='ocrx_word' id='word_1_17' title='bbox 400 371 430 404; x_wconf 94' lang='lat' dir='ltr'>in</span> <span class='ocrx_word' id='word_1_18' title='bbox 448 372 578 416; x_wconf 81' lang='lat' dir='ltr'>longum</span> <span class='ocrx_word' id='word_1_19' title='bbox 596 375 720 417; x_wconf 89' lang='lat' dir='ltr'>tempus</span> <span class='ocrx_word' id='word_1_20' title='bbox 741 373 838 406; x_wconf 91' lang='lat' dir='ltr'>locari</span> <span class='ocrx_word' id='word_1_21' title='bbox 859 372 940 406; x_wconf 90' lang='lat' dir='ltr'>bona</span> <span class='ocrx_word' id='word_1_22' title='bbox 958 382 1027 405; x_wconf 92' lang='lat' dir='ltr'>con-</span> 
     </span>
     <span class='ocr_line' id='line_1_6' title="bbox 285 422 1027 470; baseline -0.001 -12"><span class='ocrx_word' id='word_1_23' title='bbox 285 435 433 465; x_wconf 72' lang='lat' dir='ltr'>suevere,</span> <span class='ocrx_word' id='word_1_24' title='bbox 458 436 658 470; x_wconf 87' lang='lat' dir='ltr'>quocumque</span> <span class='ocrx_word' id='word_1_25' title='bbox 695 427 762 459; x_wconf 90' lang='lat' dir='ltr'>iure</span> <span class='ocrx_word' id='word_1_26' title='bbox 793 426 831 459; x_wconf 90' lang='lat' dir='ltr'>ad</span> <span class='ocrx_word' id='word_1_27' title='bbox 863 422 1027 459; x_wconf 87' lang='lat' dir='ltr'>ecclesiam</span> 
     </span>
     <span class='ocr_line' id='line_1_7' title="bbox 286 478 1026 520; baseline 0 -8"><span class='ocrx_word' id='word_1_28' title='bbox 286 478 457 520; x_wconf 86' lang='lat' dir='ltr'>redierint,</span> <span class='ocrx_word' id='word_1_29' title='bbox 482 480 603 513; x_wconf 88' lang='lat' dir='ltr'>etiamsi</span> <span class='ocrx_word' id='word_1_30' title='bbox 635 480 666 513; x_wconf 91' lang='lat' dir='ltr'>in</span> <span class='ocrx_word' id='word_1_31' title='bbox 696 480 845 513; x_wconf 86' lang='lat' dir='ltr'>ecclesiae</span> <span class='ocrx_word' id='word_1_32' title='bbox 869 480 1026 513; x_wconf 89' lang='lat' dir='ltr'>bonorum</span> 
     </span>
     <span class='ocr_line' id='line_1_8' title="bbox 286 533 1026 576; baseline -0.001 -11"><span class='ocrx_word' id='word_1_33' title='bbox 286 543 401 576; x_wconf 87' lang='lat' dir='ltr'>corpus</span> <span class='ocrx_word' id='word_1_34' title='bbox 426 533 565 566; x_wconf 89' lang='lat' dir='ltr'>nondum</span> <span class='ocrx_word' id='word_1_35' title='bbox 585 533 645 566; x_wconf 91' lang='lat' dir='ltr'>sint</span> <span class='ocrx_word' id='word_1_36' title='bbox 666 533 800 573; x_wconf 88' lang='lat' dir='ltr'>redacta,</span> <span class='ocrx_word' id='word_1_37' title='bbox 819 533 849 565; x_wconf 95' lang='lat' dir='ltr'>in</span> <span class='ocrx_word' id='word_1_38' title='bbox 870 533 1026 576; x_wconf 87' lang='lat' dir='ltr'>reliquum</span> 
     </span>
     <span class='ocr_line' id='line_1_9' title="bbox 287 584 1028 630; baseline -0.001 -12"><span class='ocrx_word' id='word_1_39' title='bbox 287 590 412 629; x_wconf 88' lang='lat' dir='ltr'>tempus</span> <span class='ocrx_word' id='word_1_40' title='bbox 433 596 472 618; x_wconf 92' lang='lat' dir='ltr'>ne</span> <span class='ocrx_word' id='word_1_41' title='bbox 497 586 638 618; x_wconf 88' lang='lat' dir='ltr'>locentur</span> <span class='ocrx_word' id='word_1_42' title='bbox 655 586 798 630; x_wconf 88' lang='lat' dir='ltr'>amplius,</span> <span class='ocrx_word' id='word_1_43' title='bbox 816 586 874 618; x_wconf 91' lang='lat' dir='ltr'>nisi</span> <span class='ocrx_word' id='word_1_44' title='bbox 893 585 922 618; x_wconf 91' lang='lat' dir='ltr'>id</span> <span class='ocrx_word' id='word_1_45' title='bbox 940 584 1028 618; x_wconf 87' lang='lat' dir='ltr'>cedat</span> 
     </span>
     <span class='ocr_line' id='line_1_10' title="bbox 286 638 1028 682; baseline -0.003 -10"><span class='ocrx_word' id='word_1_46' title='bbox 286 639 317 671; x_wconf 91' lang='lat' dir='ltr'>in</span> <span class='ocrx_word' id='word_1_47' title='bbox 333 638 484 672; x_wconf 87' lang='lat' dir='ltr'>ecclesiae</span> <span class='ocrx_word' id='word_1_48' title='bbox 513 638 689 679; x_wconf 71' lang='lat' dir='ltr'>utilitatem,</span> <span class='ocrx_word' id='word_1_49' title='bbox 719 639 765 671; x_wconf 76' lang='lat' dir='ltr'>rel</span> <span class='ocrx_word' id='word_1_50' title='bbox 794 639 898 682; x_wconf 87' lang='lat' dir='ltr'>aliqua</span> <span class='ocrx_word' id='word_1_51' title='bbox 917 643 1028 681; x_wconf 80' lang='lat' dir='ltr'>urgeat</span> 
     </span>
     <span class='ocr_line' id='line_1_11' title="bbox 286 691 1027 737; baseline -0.001 -12"><span class='ocrx_word' id='word_1_52' title='bbox 286 692 463 726; x_wconf 77' lang='lat' dir='ltr'>necessitas.</span> <span class='ocrx_word' id='word_1_53' title='bbox 489 692 632 734; x_wconf 86' lang='lat' dir='ltr'>Scribae,</span> <span class='ocrx_word' id='word_1_54' title='bbox 656 693 710 737; x_wconf 89' lang='lat' dir='ltr'>qui</span> <span class='ocrx_word' id='word_1_55' title='bbox 733 693 864 737; x_wconf 86' lang='lat' dir='ltr'>posthac</span> <span class='ocrx_word' id='word_1_56' title='bbox 889 691 1027 726; x_wconf 91' lang='lat' dir='ltr'>conscri-</span> 
     </span>
     <span class='ocr_line' id='line_1_12' title="bbox 286 745 1027 787; baseline -0.003 -8"><span class='ocrx_word' id='word_1_57' title='bbox 286 746 359 779; x_wconf 88' lang='lat' dir='ltr'>bent</span> <span class='ocrx_word' id='word_1_58' title='bbox 385 751 581 787; x_wconf 88' lang='lat' dir='ltr'>testamenta,</span> <span class='ocrx_word' id='word_1_59' title='bbox 606 746 783 786; x_wconf 79' lang='lat' dir='ltr'>codicillos,</span> <span class='ocrx_word' id='word_1_60' title='bbox 808 746 921 779; x_wconf 85' lang='lat' dir='ltr'>aliasve</span> <span class='ocrx_word' id='word_1_61' title='bbox 947 745 1027 779; x_wconf 91' lang='lat' dir='ltr'>obli-</span> 
     </span>
     <span class='ocr_line' id='line_1_13' title="bbox 285 798 1027 844; baseline -0.001 -12"><span class='ocrx_word' id='word_1_62' title='bbox 285 799 438 842; x_wconf 73' lang='lat' dir='ltr'>gassones,</span> <span class='ocrx_word' id='word_1_63' title='bbox 463 810 518 832; x_wconf 90' lang='lat' dir='ltr'>seu</span> <span class='ocrx_word' id='word_1_64' title='bbox 537 800 747 844; x_wconf 62' lang='lat' dir='ltr'>syngraphas,</span> <span class='ocrx_word' id='word_1_65' title='bbox 773 799 886 843; x_wconf 90' lang='lat' dir='ltr'>quibus</span> <span class='ocrx_word' id='word_1_66' title='bbox 911 798 1027 842; x_wconf 91' lang='lat' dir='ltr'>aliquid</span> 
     </span>
     <span class='ocr_line' id='line_1_14' title="bbox 285 852 1028 898; baseline -0.001 -12"><span class='ocrx_word' id='word_1_67' title='bbox 285 853 446 895; x_wconf 83' lang='lat' dir='ltr'>ecclesiae,</span> <span class='ocrx_word' id='word_1_68' title='bbox 464 853 561 898; x_wconf 79' lang='lat' dir='ltr'>piisve</span> <span class='ocrx_word' id='word_1_69' title='bbox 586 854 739 898; x_wconf 90' lang='lat' dir='ltr'>operibus</span> <span class='ocrx_word' id='word_1_70' title='bbox 763 853 919 893; x_wconf 87' lang='lat' dir='ltr'>relictum,</span> <span class='ocrx_word' id='word_1_71' title='bbox 936 852 1028 886; x_wconf 89' lang='lat' dir='ltr'>dona-</span> 
     </span>
     <span class='ocr_line' id='line_1_15' title="bbox 286 907 1028 950; baseline -0.001 -11"><span class='ocrx_word' id='word_1_72' title='bbox 286 911 362 948; x_wconf 86' lang='lat' dir='ltr'>tum,</span> <span class='ocrx_word' id='word_1_73' title='bbox 377 917 598 940; x_wconf 76' lang='lat' dir='ltr'>concessumvc</span> <span class='ocrx_word' id='word_1_74' title='bbox 615 907 664 947; x_wconf 88' lang='lat' dir='ltr'>sit,</span> <span class='ocrx_word' id='word_1_75' title='bbox 685 907 731 940; x_wconf 75' lang='lat' dir='ltr'>vel</span> <span class='ocrx_word' id='word_1_76' title='bbox 752 907 863 950; x_wconf 74' lang='lat' dir='ltr'>quovis</span> <span class='ocrx_word' id='word_1_77' title='bbox 880 907 948 939; x_wconf 88' lang='lat' dir='ltr'>iure</span> <span class='ocrx_word' id='word_1_78' title='bbox 975 911 1028 939; x_wconf 89' lang='lat' dir='ltr'>aut</span> 
     </span>
     <span class='ocr_line' id='line_1_16' title="bbox 286 960 1028 1004; baseline -0.003 -10"><span class='ocrx_word' id='word_1_79' title='bbox 286 963 378 994; x_wconf 71' lang='lat' dir='ltr'>causa</span> <span class='ocrx_word' id='word_1_80' title='bbox 403 961 441 994; x_wconf 90' lang='lat' dir='ltr'>ad</span> <span class='ocrx_word' id='word_1_81' title='bbox 465 971 534 994; x_wconf 89' lang='lat' dir='ltr'>eam</span> <span class='ocrx_word' id='word_1_82' title='bbox 566 962 613 994; x_wconf 81' lang='lat' dir='ltr'>vel</span> <span class='ocrx_word' id='word_1_83' title='bbox 638 961 677 993; x_wconf 89' lang='lat' dir='ltr'>ad</span> <span class='ocrx_word' id='word_1_84' title='bbox 701 971 736 994; x_wconf 93' lang='lat' dir='ltr'>ea</span> <span class='ocrx_word' id='word_1_85' title='bbox 761 965 904 1004; x_wconf 88' lang='lat' dir='ltr'>spectare</span> <span class='ocrx_word' id='word_1_86' title='bbox 929 960 1028 993; x_wconf 89' lang='lat' dir='ltr'>decla-</span> 
     </span>
     <span class='ocr_line' id='line_1_17' title="bbox 287 1013 1027 1057; baseline 0 -10"><span class='ocrx_word' id='word_1_87' title='bbox 287 1020 403 1054; x_wconf 90' lang='lat' dir='ltr'>ratum,</span> <span class='ocrx_word' id='word_1_88' title='bbox 422 1014 503 1047; x_wconf 89' lang='lat' dir='ltr'>intra</span> <span class='ocrx_word' id='word_1_89' title='bbox 518 1020 579 1047; x_wconf 90' lang='lat' dir='ltr'>tres</span> <span class='ocrx_word' id='word_1_90' title='bbox 595 1024 729 1054; x_wconf 84' lang='lat' dir='ltr'>menses,</span> <span class='ocrx_word' id='word_1_91' title='bbox 743 1024 780 1046; x_wconf 81' lang='lat' dir='ltr'>ex</span> <span class='ocrx_word' id='word_1_92' title='bbox 795 1024 857 1057; x_wconf 88' lang='lat' dir='ltr'>quo</span> <span class='ocrx_word' id='word_1_93' title='bbox 874 1013 912 1047; x_wconf 92' lang='lat' dir='ltr'>de</span> <span class='ocrx_word' id='word_1_94' title='bbox 926 1018 1027 1047; x_wconf 88' lang='lat' dir='ltr'>morte</span> 
     </span>
     <span class='ocr_line' id='line_1_18' title="bbox 286 1067 1025 1111; baseline 0 -11"><span class='ocrx_word' id='word_1_95' title='bbox 286 1067 436 1111; x_wconf 83' lang='lat' dir='ltr'>legantis,</span> <span class='ocrx_word' id='word_1_96' title='bbox 461 1067 607 1100; x_wconf 88' lang='lat' dir='ltr'>donantis</span> <span class='ocrx_word' id='word_1_97' title='bbox 631 1072 661 1100; x_wconf 90' lang='lat' dir='ltr'>et</span> <span class='ocrx_word' id='word_1_98' title='bbox 685 1067 885 1100; x_wconf 81' lang='lat' dir='ltr'>concedentis</span> <span class='ocrx_word' id='word_1_99' title='bbox 909 1077 1025 1110; x_wconf 82' lang='lat' dir='ltr'>cogno-</span> 
     </span>
     <span class='ocr_line' id='line_1_19' title="bbox 286 1120 1026 1165; baseline 0 -12"><span class='ocrx_word' id='word_1_100' title='bbox 286 1121 405 1161; x_wconf 78' lang='lat' dir='ltr'>verint,</span> <span class='ocrx_word' id='word_1_101' title='bbox 430 1120 613 1165; x_wconf 87' lang='lat' dir='ltr'>episcopum</span> <span class='ocrx_word' id='word_1_102' title='bbox 648 1121 822 1162; x_wconf 88' lang='lat' dir='ltr'>ecclesiae,</span> <span class='ocrx_word' id='word_1_103' title='bbox 853 1120 934 1164; x_wconf 78' lang='lat' dir='ltr'>piive</span> <span class='ocrx_word' id='word_1_104' title='bbox 967 1121 1026 1154; x_wconf 89' lang='lat' dir='ltr'>loci</span> 
     </span>
     <span class='ocr_line' id='line_1_20' title="bbox 286 1173 1027 1218; baseline -0.003 -10"><span class='ocrx_word' id='word_1_105' title='bbox 286 1174 489 1218; x_wconf 83' lang='lat' dir='ltr'>praesectum,</span> <span class='ocrx_word' id='word_1_106' title='bbox 507 1173 595 1207; x_wconf 90' lang='lat' dir='ltr'>cuius</span> <span class='ocrx_word' id='word_1_107' title='bbox 620 1173 650 1206; x_wconf 90' lang='lat' dir='ltr'>id</span> <span class='ocrx_word' id='word_1_108' title='bbox 675 1173 815 1213; x_wconf 88' lang='lat' dir='ltr'>interest,</span> <span class='ocrx_word' id='word_1_109' title='bbox 834 1173 947 1206; x_wconf 82' lang='lat' dir='ltr'>saciant</span> <span class='ocrx_word' id='word_1_110' title='bbox 965 1184 1027 1206; x_wconf 88' lang='lat' dir='ltr'>cer-</span> 
     </span>
     <span class='ocr_line' id='line_1_21' title="bbox 285 1226 1027 1271; baseline -0.004 -9"><span class='ocrx_word' id='word_1_111' title='bbox 285 1227 412 1267; x_wconf 86' lang='lat' dir='ltr'>tiorem;</span> <span class='ocrx_word' id='word_1_112' title='bbox 430 1231 521 1271; x_wconf 90' lang='lat' dir='ltr'>alque</span> <span class='ocrx_word' id='word_1_113' title='bbox 537 1226 765 1270; x_wconf 82' lang='lat' dir='ltr'>obligationum</span> <span class='ocrx_word' id='word_1_114' title='bbox 785 1227 909 1260; x_wconf 89' lang='lat' dir='ltr'>illarum</span> <span class='ocrx_word' id='word_1_115' title='bbox 927 1237 1027 1260; x_wconf 76' lang='lat' dir='ltr'>exem-</span> 
     </span>
     <span class='ocr_line' id='line_1_22' title="bbox 283 1281 1025 1326; baseline 0 -12"><span class='ocrx_word' id='word_1_116' title='bbox 283 1282 380 1326; x_wconf 87' lang='lat' dir='ltr'>plum,</span> <span class='ocrx_word' id='word_1_117' title='bbox 395 1286 523 1325; x_wconf 88' lang='lat' dir='ltr'>accepto</span> <span class='ocrx_word' id='word_1_118' title='bbox 534 1291 648 1325; x_wconf 78' lang='lat' dir='ltr'>operae</span> <span class='ocrx_word' id='word_1_119' title='bbox 662 1291 736 1313; x_wconf 89' lang='lat' dir='ltr'>suae</span> <span class='ocrx_word' id='word_1_120' title='bbox 750 1281 862 1324; x_wconf 88' lang='lat' dir='ltr'>pretio,</span> <span class='ocrx_word' id='word_1_121' title='bbox 876 1281 1025 1314; x_wconf 81' lang='lat' dir='ltr'>deserant.</span> 
     </span>
     <span class='ocr_line' id='line_1_23' title="bbox 285 1333 1023 1378; baseline -0.001 -10"><span class='ocrx_word' id='word_1_122' title='bbox 285 1335 369 1368; x_wconf 83' lang='lat' dir='ltr'>idem</span> <span class='ocrx_word' id='word_1_123' title='bbox 395 1334 507 1368; x_wconf 85' lang='lat' dir='ltr'>saciant</span> <span class='ocrx_word' id='word_1_124' title='bbox 532 1334 562 1367; x_wconf 97' lang='lat' dir='ltr'>in</span> <span class='ocrx_word' id='word_1_125' title='bbox 587 1333 768 1367; x_wconf 85' lang='lat' dir='ltr'>huiusmodi</span> <span class='ocrx_word' id='word_1_126' title='bbox 797 1333 865 1367; x_wconf 90' lang='lat' dir='ltr'>aliis</span> <span class='ocrx_word' id='word_1_127' title='bbox 891 1344 1023 1378; x_wconf 66' lang='lat' dir='ltr'>syngra-</span> 
     </span>
     <span class='ocr_line' id='line_1_24' title="bbox 284 1387 1027 1432; baseline 0.004 -15"><span class='ocrx_word' id='word_1_128' title='bbox 284 1388 363 1432; x_wconf 81' lang='lat' dir='ltr'>phis,</span> <span class='ocrx_word' id='word_1_129' title='bbox 389 1388 435 1420; x_wconf 72' lang='lat' dir='ltr'>vet</span> <span class='ocrx_word' id='word_1_130' title='bbox 460 1397 477 1419; x_wconf 87' lang='lat' dir='ltr'>a</span> <span class='ocrx_word' id='word_1_131' title='bbox 501 1397 534 1420; x_wconf 89' lang='lat' dir='ltr'>se</span> <span class='ocrx_word' id='word_1_132' title='bbox 559 1387 634 1420; x_wconf 81' lang='lat' dir='ltr'>alias</span> <span class='ocrx_word' id='word_1_133' title='bbox 658 1387 817 1427; x_wconf 87' lang='lat' dir='ltr'>consectis,</span> <span class='ocrx_word' id='word_1_134' title='bbox 835 1388 882 1420; x_wconf 77' lang='lat' dir='ltr'>vel</span> <span class='ocrx_word' id='word_1_135' title='bbox 903 1388 942 1420; x_wconf 86' lang='lat' dir='ltr'>ab</span> <span class='ocrx_word' id='word_1_136' title='bbox 967 1387 1027 1421; x_wconf 91' lang='lat' dir='ltr'>alio</span> 
     </span>
     <span class='ocr_line' id='line_1_25' title="bbox 285 1441 1027 1487; baseline 0 -12"><span class='ocrx_word' id='word_1_137' title='bbox 285 1442 397 1483; x_wconf 72' lang='lat' dir='ltr'>scriba,</span> <span class='ocrx_word' id='word_1_138' title='bbox 416 1441 505 1474; x_wconf 88' lang='lat' dir='ltr'>cuius</span> <span class='ocrx_word' id='word_1_139' title='bbox 531 1441 663 1483; x_wconf 89' lang='lat' dir='ltr'>tabulae,</span> <span class='ocrx_word' id='word_1_140' title='bbox 682 1451 736 1473; x_wconf 89' lang='lat' dir='ltr'>seu</span> <span class='ocrx_word' id='word_1_141' title='bbox 761 1441 936 1484; x_wconf 88' lang='lat' dir='ltr'>protocolla</span> <span class='ocrx_word' id='word_1_142' title='bbox 954 1452 1027 1487; x_wconf 88' lang='lat' dir='ltr'>quo·</span> 
     </span>
     <span class='ocr_line' id='line_1_26' title="bbox 286 1495 1027 1539; baseline 0 -11"><span class='ocrx_word' id='word_1_143' title='bbox 286 1496 330 1529; x_wconf 71' lang='lat' dir='ltr'>vis</span> <span class='ocrx_word' id='word_1_144' title='bbox 347 1495 441 1529; x_wconf 89' lang='lat' dir='ltr'>modo</span> <span class='ocrx_word' id='word_1_145' title='bbox 459 1495 496 1528; x_wconf 91' lang='lat' dir='ltr'>ad</span> <span class='ocrx_word' id='word_1_146' title='bbox 515 1495 599 1539; x_wconf 84' lang='lat' dir='ltr'>ipsos</span> <span class='ocrx_word' id='word_1_147' title='bbox 616 1495 814 1535; x_wconf 76' lang='lat' dir='ltr'>devenerint;</span> <span class='ocrx_word' id='word_1_148' title='bbox 834 1495 925 1539; x_wconf 84' lang='lat' dir='ltr'>idque</span> <span class='ocrx_word' id='word_1_149' title='bbox 948 1496 1027 1528; x_wconf 91' lang='lat' dir='ltr'>intra</span> 
     </span>
     <span class='ocr_line' id='line_1_27' title="bbox 285 1549 1027 1593; baseline -0.001 -11"><span class='ocrx_word' id='word_1_150' title='bbox 285 1549 362 1583; x_wconf 89' lang='lat' dir='ltr'>alios</span> <span class='ocrx_word' id='word_1_151' title='bbox 386 1554 449 1582; x_wconf 89' lang='lat' dir='ltr'>tres</span> <span class='ocrx_word' id='word_1_152' title='bbox 473 1559 606 1590; x_wconf 85' lang='lat' dir='ltr'>menses,</span> <span class='ocrx_word' id='word_1_153' title='bbox 625 1559 662 1582; x_wconf 78' lang='lat' dir='ltr'>ex</span> <span class='ocrx_word' id='word_1_154' title='bbox 681 1559 752 1593; x_wconf 91' lang='lat' dir='ltr'>quo,</span> <span class='ocrx_word' id='word_1_155' title='bbox 773 1549 819 1581; x_wconf 75' lang='lat' dir='ltr'>vel</span> <span class='ocrx_word' id='word_1_156' title='bbox 839 1549 898 1593; x_wconf 83' lang='lat' dir='ltr'>ipsi</span> <span class='ocrx_word' id='word_1_157' title='bbox 919 1549 948 1581; x_wconf 96' lang='lat' dir='ltr'>in</span> <span class='ocrx_word' id='word_1_158' title='bbox 967 1559 1027 1582; x_wconf 89' lang='lat' dir='ltr'>mc-</span> 
     </span>
     <span class='ocr_line' id='line_1_28' title="bbox 285 1601 1026 1643; baseline 0 -8"><span class='ocrx_word' id='word_1_159' title='bbox 285 1602 417 1636; x_wconf 81' lang='lat' dir='ltr'>morIam</span> <span class='ocrx_word' id='word_1_160' title='bbox 443 1601 611 1643; x_wconf 79' lang='lat' dir='ltr'>redierint,</span> <span class='ocrx_word' id='word_1_161' title='bbox 635 1602 682 1634; x_wconf 70' lang='lat' dir='ltr'>vel</span> <span class='ocrx_word' id='word_1_162' title='bbox 707 1602 767 1634; x_wconf 75' lang='lat' dir='ltr'>ati-:1</span> <span class='ocrx_word' id='word_1_163' title='bbox 792 1601 914 1635; x_wconf 90' lang='lat' dir='ltr'>ratione</span> <span class='ocrx_word' id='word_1_164' title='bbox 939 1612 1026 1635; x_wconf 90' lang='lat' dir='ltr'>com-</span> 
     </span>
     <span class='ocr_line' id='line_1_29' title="bbox 284 1655 1027 1701; baseline -0.003 -11"><span class='ocrx_word' id='word_1_165' title='bbox 284 1656 434 1701; x_wconf 86' lang='lat' dir='ltr'>pererint,</span> <span class='ocrx_word' id='word_1_166' title='bbox 452 1665 560 1689; x_wconf 88' lang='lat' dir='ltr'>earum</span> <span class='ocrx_word' id='word_1_167' title='bbox 582 1665 690 1688; x_wconf 88' lang='lat' dir='ltr'>rerum</span> <span class='ocrx_word' id='word_1_168' title='bbox 715 1655 833 1699; x_wconf 85' lang='lat' dir='ltr'>aliquid</span> <span class='ocrx_word' id='word_1_169' title='bbox 862 1656 891 1688; x_wconf 91' lang='lat' dir='ltr'>in</span> <span class='ocrx_word' id='word_1_170' title='bbox 913 1656 1027 1688; x_wconf 87' lang='lat' dir='ltr'>tabulis</span> 
     </span>
     <span class='ocr_line' id='line_1_30' title="bbox 285 1709 1026 1755; baseline -0.003 -11"><span class='ocrx_word' id='word_1_171' title='bbox 285 1722 340 1744; x_wconf 86' lang='lat' dir='ltr'>seu</span> <span class='ocrx_word' id='word_1_172' title='bbox 364 1709 570 1755; x_wconf 87' lang='lat' dir='ltr'>protocollis,</span> <span class='ocrx_word' id='word_1_173' title='bbox 596 1719 676 1753; x_wconf 83' lang='lat' dir='ltr'>quae</span> <span class='ocrx_word' id='word_1_174' title='bbox 707 1719 804 1753; x_wconf 88' lang='lat' dir='ltr'>penes</span> <span class='ocrx_word' id='word_1_175' title='bbox 836 1709 920 1753; x_wconf 87' lang='lat' dir='ltr'>ipsos</span> <span class='ocrx_word' id='word_1_176' title='bbox 945 1710 1026 1750; x_wconf 89' lang='lat' dir='ltr'>sint,</span> 
     </span>
     <span class='ocr_line' id='line_1_31' title="bbox 285 1762 1025 1807; baseline -0.001 -10"><span class='ocrx_word' id='word_1_177' title='bbox 285 1763 448 1804; x_wconf 86' lang='lat' dir='ltr'>contineri,</span> <span class='ocrx_word' id='word_1_178' title='bbox 470 1762 528 1797; x_wconf 91' lang='lat' dir='ltr'>sub</span> <span class='ocrx_word' id='word_1_179' title='bbox 554 1762 889 1796; x_wconf 79' lang='lat' dir='ltr'>excommunicationis</span> <span class='ocrx_word' id='word_1_180' title='bbox 914 1765 1025 1807; x_wconf 77' lang='lat' dir='ltr'>poena.</span> 
     </span>
     <span class='ocr_line' id='line_1_32' title="bbox 286 1816 1028 1861; baseline -0.001 -11"><span class='ocrx_word' id='word_1_181' title='bbox 286 1817 427 1861; x_wconf 87' lang='lat' dir='ltr'>lluicque</span> <span class='ocrx_word' id='word_1_182' title='bbox 451 1816 578 1850; x_wconf 88' lang='lat' dir='ltr'>decreto</span> <span class='ocrx_word' id='word_1_183' title='bbox 603 1821 633 1849; x_wconf 90' lang='lat' dir='ltr'>et</span> <span class='ocrx_word' id='word_1_184' title='bbox 656 1826 775 1860; x_wconf 86' lang='lat' dir='ltr'>poenae</span> <span class='ocrx_word' id='word_1_185' title='bbox 800 1816 925 1850; x_wconf 88' lang='lat' dir='ltr'>subiicit</span> <span class='ocrx_word' id='word_1_186' title='bbox 941 1827 1028 1861; x_wconf 90' lang='lat' dir='ltr'>prae-</span> 
     </span>
     <span class='ocr_line' id='line_1_33' title="bbox 285 1869 1027 1914; baseline 0 -11"><span class='ocrx_word' id='word_1_187' title='bbox 285 1880 355 1903; x_wconf 92' lang='lat' dir='ltr'>sens</span> <span class='ocrx_word' id='word_1_188' title='bbox 376 1869 512 1914; x_wconf 62' lang='lat' dir='ltr'>synodus</span> <span class='ocrx_word' id='word_1_189' title='bbox 536 1869 613 1902; x_wconf 90' lang='lat' dir='ltr'>alios</span> <span class='ocrx_word' id='word_1_190' title='bbox 629 1879 748 1912; x_wconf 88' lang='lat' dir='ltr'>omnes,</span> <span class='ocrx_word' id='word_1_191' title='bbox 766 1870 888 1903; x_wconf 90' lang='lat' dir='ltr'>tametsi</span> <span class='ocrx_word' id='word_1_192' title='bbox 907 1871 1027 1903; x_wconf 90' lang='lat' dir='ltr'>scribae</span> 
     </span>
     <span class='ocr_line' id='line_1_34' title="bbox 286 1923 1026 1968; baseline 0.003 -12"><span class='ocrx_word' id='word_1_193' title='bbox 286 1934 347 1958; x_wconf 94' lang='lat' dir='ltr'>non</span> <span class='ocrx_word' id='word_1_194' title='bbox 361 1928 474 1964; x_wconf 87' lang='lat' dir='ltr'>essent,</span> <span class='ocrx_word' id='word_1_195' title='bbox 488 1923 541 1967; x_wconf 93' lang='lat' dir='ltr'>qui</span> <span class='ocrx_word' id='word_1_196' title='bbox 559 1933 654 1967; x_wconf 88' lang='lat' dir='ltr'>penes</span> <span class='ocrx_word' id='word_1_197' title='bbox 668 1933 700 1956; x_wconf 89' lang='lat' dir='ltr'>se</span> <span class='ocrx_word' id='word_1_198' title='bbox 712 1923 828 1968; x_wconf 88' lang='lat' dir='ltr'>scripta</span> <span class='ocrx_word' id='word_1_199' title='bbox 845 1924 1026 1958; x_wconf 85' lang='lat' dir='ltr'>huiusmodi</span> 
     </span>
     <span class='ocr_line' id='line_1_35' title="bbox 286 1976 1026 2021; baseline 0 -11"><span class='ocrx_word' id='word_1_200' title='bbox 286 1982 315 2010; x_wconf 87' lang='lat' dir='ltr'>et</span> <span class='ocrx_word' id='word_1_201' title='bbox 329 1977 537 2010; x_wconf 89' lang='lat' dir='ltr'>instrumenta</span> <span class='ocrx_word' id='word_1_202' title='bbox 561 1976 710 2018; x_wconf 83' lang='lat' dir='ltr'>detinent,</span> <span class='ocrx_word' id='word_1_203' title='bbox 727 1987 783 2010; x_wconf 86' lang='lat' dir='ltr'>nee</span> <span class='ocrx_word' id='word_1_204' title='bbox 801 1987 836 2010; x_wconf 91' lang='lat' dir='ltr'>ea</span> <span class='ocrx_word' id='word_1_205' title='bbox 853 1978 1026 2021; x_wconf 77' lang='lat' dir='ltr'>proferunt,</span> 
     </span>
     <span class='ocr_line' id='line_1_36' title="bbox 285 2030 1027 2074; baseline -0.001 -10"><span class='ocrx_word' id='word_1_206' title='bbox 285 2031 378 2064; x_wconf 87' lang='lat' dir='ltr'>etiam</span> <span class='ocrx_word' id='word_1_207' title='bbox 395 2031 419 2064; x_wconf 90' lang='lat' dir='ltr'>si</span> <span class='ocrx_word' id='word_1_208' title='bbox 438 2035 547 2064; x_wconf 91' lang='lat' dir='ltr'>contra</span> <span class='ocrx_word' id='word_1_209' title='bbox 562 2030 645 2074; x_wconf 89' lang='lat' dir='ltr'>ipsos</span> <span class='ocrx_word' id='word_1_210' title='bbox 659 2032 814 2064; x_wconf 79' lang='lat' dir='ltr'>facerent:</span> <span class='ocrx_word' id='word_1_211' title='bbox 833 2030 1027 2074; x_wconf 83' lang='lat' dir='ltr'>quandoqui-</span> 
     </span>
     <span class='ocr_line' id='line_1_37' title="bbox 285 2084 1026 2130; baseline -0.001 -12"><span class='ocrx_word' id='word_1_212' title='bbox 285 2085 356 2118; x_wconf 89' lang='lat' dir='ltr'>dem</span> <span class='ocrx_word' id='word_1_213' title='bbox 381 2084 576 2130; x_wconf 70' lang='lat' dir='ltr'>syngraphas</span> <span class='ocrx_word' id='word_1_214' title='bbox 602 2094 711 2118; x_wconf 90' lang='lat' dir='ltr'>omnes</span> <span class='ocrx_word' id='word_1_215' title='bbox 735 2084 773 2116; x_wconf 90' lang='lat' dir='ltr'>ad</span> <span class='ocrx_word' id='word_1_216' title='bbox 806 2084 930 2128; x_wconf 88' lang='lat' dir='ltr'>piarum</span> <span class='ocrx_word' id='word_1_217' title='bbox 956 2095 1026 2118; x_wconf 86' lang='lat' dir='ltr'>eau-</span> 
     </span>
     <span class='ocr_line' id='line_1_38' title="bbox 286 2138 1027 2182; baseline 0 -11"><span class='ocrx_word' id='word_1_218' title='bbox 286 2149 392 2171; x_wconf 87' lang='lat' dir='ltr'>sarum</span> <span class='ocrx_word' id='word_1_219' title='bbox 417 2138 580 2171; x_wconf 83' lang='lat' dir='ltr'>utilitatem</span> <span class='ocrx_word' id='word_1_220' title='bbox 605 2141 790 2182; x_wconf 77' lang='lat' dir='ltr'>spectantes,</span> <span class='ocrx_word' id='word_1_221' title='bbox 816 2143 925 2171; x_wconf 89' lang='lat' dir='ltr'>contra</span> <span class='ocrx_word' id='word_1_222' title='bbox 950 2148 982 2171; x_wconf 91' lang='lat' dir='ltr'>se</span> <span class='ocrx_word' id='word_1_223' title='bbox 999 2149 1027 2171; x_wconf 91' lang='lat' dir='ltr'>e-</span> 
     </span>
     <span class='ocr_line' id='line_1_39' title="bbox 287 2191 1026 2236; baseline 0 -11"><span class='ocrx_word' id='word_1_224' title='bbox 287 2193 361 2225; x_wconf 87' lang='lat' dir='ltr'>tiam</span> <span class='ocrx_word' id='word_1_225' title='bbox 386 2191 542 2234; x_wconf 81' lang='lat' dir='ltr'>facientes,</span> <span class='ocrx_word' id='word_1_226' title='bbox 568 2193 713 2236; x_wconf 76' lang='lat' dir='ltr'>proferre</span> <span class='ocrx_word' id='word_1_227' title='bbox 738 2191 871 2236; x_wconf 82' lang='lat' dir='ltr'>quisque</span> <span class='ocrx_word' id='word_1_228' title='bbox 896 2192 933 2225; x_wconf 91' lang='lat' dir='ltr'>de</span> <span class='ocrx_word' id='word_1_229' title='bbox 959 2192 1026 2225; x_wconf 88' lang='lat' dir='ltr'>iure</span> 
     </span>
     <span class='ocr_line' id='line_1_40' title="bbox 287 2244 1024 2291; baseline 0 -12"><span class='ocrx_word' id='word_1_230' title='bbox 287 2251 419 2280; x_wconf 87' lang='lat' dir='ltr'>tenetur.</span> <span class='ocrx_word' id='word_1_231' title='bbox 445 2245 552 2280; x_wconf 87' lang='lat' dir='ltr'>Eidem</span> <span class='ocrx_word' id='word_1_232' title='bbox 579 2256 699 2291; x_wconf 88' lang='lat' dir='ltr'>poenae</span> <span class='ocrx_word' id='word_1_233' title='bbox 723 2246 855 2280; x_wconf 84' lang='lat' dir='ltr'>subiecti</span> <span class='ocrx_word' id='word_1_234' title='bbox 881 2245 951 2287; x_wconf 86' lang='lat' dir='ltr'>sint,</span> <span class='ocrx_word' id='word_1_235' title='bbox 973 2244 1024 2290; x_wconf 84' lang='lat' dir='ltr'>qui</span> 
     </span>
     <span class='ocr_line' id='line_1_41' title="bbox 286 2299 1024 2344; baseline -0.003 -10"><span class='ocrx_word' id='word_1_236' title='bbox 286 2301 325 2334; x_wconf 90' lang='lat' dir='ltr'>ab</span> <span class='ocrx_word' id='word_1_237' title='bbox 346 2300 414 2334; x_wconf 92' lang='lat' dir='ltr'>aliis</span> <span class='ocrx_word' id='word_1_238' title='bbox 430 2299 610 2334; x_wconf 87' lang='lat' dir='ltr'>huiusmodi</span> <span class='ocrx_word' id='word_1_239' title='bbox 625 2300 779 2344; x_wconf 83' lang='lat' dir='ltr'>supprimi</span> <span class='ocrx_word' id='word_1_240' title='bbox 797 2300 929 2334; x_wconf 85' lang='lat' dir='ltr'>scientes</span> <span class='ocrx_word' id='word_1_241' title='bbox 946 2300 1024 2333; x_wconf 89' lang='lat' dir='ltr'>clam</span> 
     </span>
     <span class='ocr_line' id='line_1_42' title="bbox 287 2353 1024 2398; baseline -0.001 -11"><span class='ocrx_word' id='word_1_242' title='bbox 287 2354 410 2388; x_wconf 82' lang='lat' dir='ltr'>habent.</span> <span class='ocrx_word' id='word_1_243' title='bbox 436 2354 489 2395; x_wconf 72' lang='lat' dir='ltr'>Ac,</span> <span class='ocrx_word' id='word_1_244' title='bbox 509 2364 547 2387; x_wconf 90' lang='lat' dir='ltr'>ne</span> <span class='ocrx_word' id='word_1_245' title='bbox 572 2353 778 2398; x_wconf 85' lang='lat' dir='ltr'>spectantium</span> <span class='ocrx_word' id='word_1_246' title='bbox 804 2353 842 2386; x_wconf 87' lang='lat' dir='ltr'>ad</span> <span class='ocrx_word' id='word_1_247' title='bbox 867 2354 1024 2396; x_wconf 84' lang='lat' dir='ltr'>ecclesias,</span> 
     </span>
     <span class='ocr_line' id='line_1_43' title="bbox 286 2408 1025 2452; baseline -0.001 -10"><span class='ocrx_word' id='word_1_248' title='bbox 286 2408 441 2451; x_wconf 87' lang='lat' dir='ltr'>oratoria,</span> <span class='ocrx_word' id='word_1_249' title='bbox 467 2408 580 2441; x_wconf 86' lang='lat' dir='ltr'>sacella</span> <span class='ocrx_word' id='word_1_250' title='bbox 613 2413 641 2440; x_wconf 90' lang='lat' dir='ltr'>et</span> <span class='ocrx_word' id='word_1_251' title='bbox 672 2408 732 2440; x_wconf 90' lang='lat' dir='ltr'>alia</span> <span class='ocrx_word' id='word_1_252' title='bbox 764 2408 875 2452; x_wconf 68' lang='lat' dir='ltr'>quovis</span> <span class='ocrx_word' id='word_1_253' title='bbox 899 2409 1025 2442; x_wconf 88' lang='lat' dir='ltr'>nomine</span> 
     </span>
     <span class='ocr_line' id='line_1_44' title="bbox 286 2461 1026 2507; baseline 0 -11"><span class='ocrx_word' id='word_1_254' title='bbox 286 2462 444 2507; x_wconf 87' lang='lat' dir='ltr'>appellata</span> <span class='ocrx_word' id='word_1_255' title='bbox 464 2461 516 2506; x_wconf 91' lang='lat' dir='ltr'>pia</span> <span class='ocrx_word' id='word_1_256' title='bbox 537 2462 603 2495; x_wconf 86' lang='lat' dir='ltr'>loca</span> <span class='ocrx_word' id='word_1_257' title='bbox 616 2461 772 2495; x_wconf 86' lang='lat' dir='ltr'>bonorum</span> <span class='ocrx_word' id='word_1_258' title='bbox 794 2466 856 2494; x_wconf 89' lang='lat' dir='ltr'>tam</span> <span class='ocrx_word' id='word_1_259' title='bbox 873 2462 971 2495; x_wconf 77' lang='lat' dir='ltr'>facilis</span> <span class='ocrx_word' id='word_1_260' title='bbox 988 2462 1026 2497; x_wconf 90' lang='lat' dir='ltr'>sit</span> 
     </span>
     <span class='ocr_line' id='line_1_45' title="bbox 287 2515 1027 2561; baseline -0.001 -12"><span class='ocrx_word' id='word_1_261' title='bbox 287 2516 318 2549; x_wconf 92' lang='lat' dir='ltr'>in</span> <span class='ocrx_word' id='word_1_262' title='bbox 337 2516 494 2561; x_wconf 87' lang='lat' dir='ltr'>reliquum</span> <span class='ocrx_word' id='word_1_263' title='bbox 518 2520 640 2559; x_wconf 83' lang='lat' dir='ltr'>ternpus</span> <span class='ocrx_word' id='word_1_264' title='bbox 664 2515 839 2560; x_wconf 86' lang='lat' dir='ltr'>occupatio,</span> <span class='ocrx_word' id='word_1_265' title='bbox 858 2525 951 2559; x_wconf 76' lang='lat' dir='ltr'>quam</span> <span class='ocrx_word' id='word_1_266' title='bbox 971 2516 1027 2549; x_wconf 80' lang='lat' dir='ltr'>suit</span> 
     </span>
     <span class='ocr_line' id='line_1_46' title="bbox 286 2569 1026 2614; baseline -0.001 -11"><span class='ocrx_word' id='word_1_267' title='bbox 286 2569 404 2613; x_wconf 87' lang='lat' dir='ltr'>adhuc,</span> <span class='ocrx_word' id='word_1_268' title='bbox 431 2569 556 2603; x_wconf 88' lang='lat' dir='ltr'>mandat</span> <span class='ocrx_word' id='word_1_269' title='bbox 580 2579 728 2613; x_wconf 82' lang='lat' dir='ltr'>praesens</span> <span class='ocrx_word' id='word_1_270' title='bbox 757 2569 910 2614; x_wconf 59' lang='lat' dir='ltr'>synodus,</span> <span class='ocrx_word' id='word_1_271' title='bbox 936 2574 970 2603; x_wconf 92' lang='lat' dir='ltr'>ut</span> <span class='ocrx_word' id='word_1_272' title='bbox 995 2569 1026 2610; x_wconf 92' lang='lat' dir='ltr'>ii,</span> 
     </span>
     <span class='ocr_line' id='line_1_47' title="bbox 286 2623 1024 2668; baseline 0.003 -13"><span class='ocrx_word' id='word_1_273' title='bbox 286 2623 324 2656; x_wconf 90' lang='lat' dir='ltr'>ad</span> <span class='ocrx_word' id='word_1_274' title='bbox 349 2634 426 2668; x_wconf 88' lang='lat' dir='ltr'>quos</span> <span class='ocrx_word' id='word_1_275' title='bbox 444 2623 598 2657; x_wconf 83' lang='lat' dir='ltr'>eiusmodi</span> <span class='ocrx_word' id='word_1_276' title='bbox 615 2623 818 2656; x_wconf 86' lang='lat' dir='ltr'>eeclesiarum</span> <span class='ocrx_word' id='word_1_277' title='bbox 837 2627 866 2657; x_wconf 90' lang='lat' dir='ltr'>et</span> <span class='ocrx_word' id='word_1_278' title='bbox 884 2624 1024 2657; x_wconf 85' lang='lat' dir='ltr'>locorum</span> 
     </span>
    </p>
   </div>
   <div class='ocr_carea' id='block_1_3' title="bbox 1060 217 1805 2670">
    <p class='ocr_par' dir='ltr' id='par_1_3' title="bbox 1060 217 1805 2670">
     <span class='ocr_line' id='line_1_48' title="bbox 1065 217 1191 240; baseline 0.008 -1"><span class='ocrx_word' id='word_1_279' title='bbox 1065 217 1118 240; x_wconf 80' lang='lat' dir='ltr'>viu</span> <span class='ocrx_word' id='word_1_280' title='bbox 1144 217 1191 240; x_wconf 81' lang='lat' dir='ltr'>rr.</span> 
     </span>
     <span class='ocr_line' id='line_1_49' title="bbox 1062 263 1802 309; baseline -0.001 -12"><span class='ocrx_word' id='word_1_281' title='bbox 1062 264 1220 308; x_wconf 74' lang='lat' dir='ltr'>sigillatim</span> <span class='ocrx_word' id='word_1_282' title='bbox 1238 275 1313 298; x_wconf 89' lang='lat' dir='ltr'>cura</span> <span class='ocrx_word' id='word_1_283' title='bbox 1333 264 1477 309; x_wconf 84' lang='lat' dir='ltr'>pertinet,</span> <span class='ocrx_word' id='word_1_284' title='bbox 1495 264 1622 297; x_wconf 90' lang='lat' dir='ltr'>illorum</span> <span class='ocrx_word' id='word_1_285' title='bbox 1638 263 1720 297; x_wconf 91' lang='lat' dir='ltr'>bona</span> <span class='ocrx_word' id='word_1_286' title='bbox 1737 274 1802 297; x_wconf 92' lang='lat' dir='ltr'>om-</span> 
     </span>
     <span class='ocr_line' id='line_1_50' title="bbox 1061 317 1803 363; baseline -0.001 -12"><span class='ocrx_word' id='word_1_287' title='bbox 1061 318 1121 358; x_wconf 86' lang='lat' dir='ltr'>nia,</span> <span class='ocrx_word' id='word_1_288' title='bbox 1135 318 1198 351; x_wconf 73' lang='lat' dir='ltr'>sire</span> <span class='ocrx_word' id='word_1_289' title='bbox 1215 318 1456 363; x_wconf 67' lang='lat' dir='ltr'>emphyteutica,</span> <span class='ocrx_word' id='word_1_290' title='bbox 1475 317 1539 351; x_wconf 87' lang='lat' dir='ltr'>sive</span> <span class='ocrx_word' id='word_1_291' title='bbox 1557 317 1719 358; x_wconf 89' lang='lat' dir='ltr'>livellaria,</span> <span class='ocrx_word' id='word_1_292' title='bbox 1739 317 1803 350; x_wconf 78' lang='lat' dir='ltr'>sive</span> 
     </span>
     <span class='ocr_line' id='line_1_51' title="bbox 1061 371 1802 416; baseline 0 -12"><span class='ocrx_word' id='word_1_293' title='bbox 1061 372 1122 406; x_wconf 88' lang='lat' dir='ltr'>alio</span> <span class='ocrx_word' id='word_1_294' title='bbox 1146 372 1256 416; x_wconf 71' lang='lat' dir='ltr'>quow&#39;s</span> <span class='ocrx_word' id='word_1_295' title='bbox 1281 372 1348 405; x_wconf 90' lang='lat' dir='ltr'>iure</span> <span class='ocrx_word' id='word_1_296' title='bbox 1379 372 1571 416; x_wconf 89' lang='lat' dir='ltr'>mancipata,</span> <span class='ocrx_word' id='word_1_297' title='bbox 1597 371 1741 415; x_wconf 82' lang='lat' dir='ltr'>redigant</span> <span class='ocrx_word' id='word_1_298' title='bbox 1772 371 1802 404; x_wconf 93' lang='lat' dir='ltr'>in</span> 
     </span>
     <span class='ocr_line' id='line_1_52' title="bbox 1063 425 1803 471; baseline -0.001 -12"><span class='ocrx_word' id='word_1_299' title='bbox 1063 426 1181 460; x_wconf 88' lang='lat' dir='ltr'>tabulas</span> <span class='ocrx_word' id='word_1_300' title='bbox 1206 425 1359 470; x_wconf 89' lang='lat' dir='ltr'>publicas,</span> <span class='ocrx_word' id='word_1_301' title='bbox 1384 426 1463 460; x_wconf 75' lang='lat' dir='ltr'>sacta</span> <span class='ocrx_word' id='word_1_302' title='bbox 1489 425 1641 471; x_wconf 87' lang='lat' dir='ltr'>cuiusque</span> <span class='ocrx_word' id='word_1_303' title='bbox 1664 425 1725 458; x_wconf 88' lang='lat' dir='ltr'>loci</span> <span class='ocrx_word' id='word_1_304' title='bbox 1749 434 1803 458; x_wconf 92' lang='lat' dir='ltr'>no-</span> 
     </span>
     <span class='ocr_line' id='line_1_53' title="bbox 1062 479 1803 522; baseline 0 -10"><span class='ocrx_word' id='word_1_305' title='bbox 1062 479 1205 512; x_wconf 87' lang='lat' dir='ltr'>minatim</span> <span class='ocrx_word' id='word_1_306' title='bbox 1232 479 1271 522; x_wconf 80' lang='lat' dir='ltr'>(si</span> <span class='ocrx_word' id='word_1_307' title='bbox 1295 489 1374 522; x_wconf 87' lang='lat' dir='ltr'>opus</span> <span class='ocrx_word' id='word_1_308' title='bbox 1398 479 1505 522; x_wconf 87' lang='lat' dir='ltr'>suerit)</span> <span class='ocrx_word' id='word_1_309' title='bbox 1523 479 1680 513; x_wconf 87' lang='lat' dir='ltr'>mentione</span> <span class='ocrx_word' id='word_1_310' title='bbox 1698 484 1728 512; x_wconf 89' lang='lat' dir='ltr'>et</span> <span class='ocrx_word' id='word_1_311' title='bbox 1745 483 1803 512; x_wconf 85' lang='lat' dir='ltr'>ter-</span> 
     </span>
     <span class='ocr_line' id='line_1_54' title="bbox 1063 531 1802 576; baseline 0 -12"><span class='ocrx_word' id='word_1_312' title='bbox 1063 532 1222 565; x_wconf 90' lang='lat' dir='ltr'>minorum</span> <span class='ocrx_word' id='word_1_313' title='bbox 1248 531 1327 564; x_wconf 81' lang='lat' dir='ltr'>fines</span> <span class='ocrx_word' id='word_1_314' title='bbox 1351 531 1576 573; x_wconf 90' lang='lat' dir='ltr'>dirimentium,</span> <span class='ocrx_word' id='word_1_315' title='bbox 1597 532 1661 576; x_wconf 88' lang='lat' dir='ltr'>qui,</span> <span class='ocrx_word' id='word_1_316' title='bbox 1682 531 1707 564; x_wconf 89' lang='lat' dir='ltr'>si</span> <span class='ocrx_word' id='word_1_317' title='bbox 1724 531 1802 564; x_wconf 91' lang='lat' dir='ltr'>nulli</span> 
     </span>
     <span class='ocr_line' id='line_1_55' title="bbox 1062 585 1801 629; baseline 0.001 -12"><span class='ocrx_word' id='word_1_318' title='bbox 1062 590 1163 625; x_wconf 88' lang='lat' dir='ltr'>erunt,</span> <span class='ocrx_word' id='word_1_319' title='bbox 1188 585 1445 628; x_wconf 86' lang='lat' dir='ltr'>interponantur;</span> <span class='ocrx_word' id='word_1_320' title='bbox 1469 590 1534 618; x_wconf 92' lang='lat' dir='ltr'>tum</span> <span class='ocrx_word' id='word_1_321' title='bbox 1557 585 1801 629; x_wconf 84' lang='lat' dir='ltr'>possessoribus,</span> 
     </span>
     <span class='ocr_line' id='line_1_56' title="bbox 1063 637 1801 680; baseline 0 -10"><span class='ocrx_word' id='word_1_322' title='bbox 1063 641 1127 671; x_wconf 89' lang='lat' dir='ltr'>tum</span> <span class='ocrx_word' id='word_1_323' title='bbox 1145 637 1239 671; x_wconf 88' lang='lat' dir='ltr'>etiam</span> <span class='ocrx_word' id='word_1_324' title='bbox 1258 638 1377 680; x_wconf 76' lang='lat' dir='ltr'>vicinis,</span> <span class='ocrx_word' id='word_1_325' title='bbox 1395 638 1420 671; x_wconf 87' lang='lat' dir='ltr'>si</span> <span class='ocrx_word' id='word_1_326' title='bbox 1435 638 1547 680; x_wconf 89' lang='lat' dir='ltr'>absint,</span> <span class='ocrx_word' id='word_1_327' title='bbox 1561 639 1686 672; x_wconf 82' lang='lat' dir='ltr'>vocatis.</span> <span class='ocrx_word' id='word_1_328' title='bbox 1705 638 1801 672; x_wconf 89' lang='lat' dir='ltr'>lidem</span> 
     </span>
     <span class='ocr_line' id='line_1_57' title="bbox 1062 691 1802 726; baseline 0.001 -2"><span class='ocrx_word' id='word_1_329' title='bbox 1062 691 1093 724; x_wconf 91' lang='lat' dir='ltr'>in</span> <span class='ocrx_word' id='word_1_330' title='bbox 1107 701 1203 724; x_wconf 90' lang='lat' dir='ltr'>unum</span> <span class='ocrx_word' id='word_1_331' title='bbox 1222 692 1369 725; x_wconf 77' lang='lat' dir='ltr'>volumen</span> <span class='ocrx_word' id='word_1_332' title='bbox 1384 692 1520 725; x_wconf 82' lang='lat' dir='ltr'>reserant</span> <span class='ocrx_word' id='word_1_333' title='bbox 1537 702 1646 726; x_wconf 88' lang='lat' dir='ltr'>eorum</span> <span class='ocrx_word' id='word_1_334' title='bbox 1660 692 1802 726; x_wconf 88' lang='lat' dir='ltr'>omnium</span> 
     </span>
     <span class='ocr_line' id='line_1_58' title="bbox 1062 745 1803 790; baseline 0.004 -13"><span class='ocrx_word' id='word_1_335' title='bbox 1062 745 1199 786; x_wconf 90' lang='lat' dir='ltr'>nomina,</span> <span class='ocrx_word' id='word_1_336' title='bbox 1217 745 1270 789; x_wconf 88' lang='lat' dir='ltr'>qui</span> <span class='ocrx_word' id='word_1_337' title='bbox 1296 745 1455 787; x_wconf 80' lang='lat' dir='ltr'>eeclesiae,</span> <span class='ocrx_word' id='word_1_338' title='bbox 1475 746 1574 790; x_wconf 80' lang='lat' dir='ltr'>piisve</span> <span class='ocrx_word' id='word_1_339' title='bbox 1594 746 1670 780; x_wconf 87' lang='lat' dir='ltr'>locis</span> <span class='ocrx_word' id='word_1_340' title='bbox 1687 751 1717 779; x_wconf 90' lang='lat' dir='ltr'>et</span> <span class='ocrx_word' id='word_1_341' title='bbox 1733 757 1803 790; x_wconf 81' lang='lat' dir='ltr'>ope-</span> 
     </span>
     <span class='ocr_line' id='line_1_59' title="bbox 1063 798 1803 842; baseline 0.001 -11"><span class='ocrx_word' id='word_1_342' title='bbox 1063 798 1150 831; x_wconf 88' lang='lat' dir='ltr'>ribus</span> <span class='ocrx_word' id='word_1_343' title='bbox 1185 803 1339 842; x_wconf 86' lang='lat' dir='ltr'>perpetuo</span> <span class='ocrx_word' id='word_1_344' title='bbox 1373 804 1444 831; x_wconf 91' lang='lat' dir='ltr'>sunt</span> <span class='ocrx_word' id='word_1_345' title='bbox 1476 799 1622 842; x_wconf 81' lang='lat' dir='ltr'>obligati,</span> <span class='ocrx_word' id='word_1_346' title='bbox 1658 800 1737 832; x_wconf 71' lang='lat' dir='ltr'>sacta</span> <span class='ocrx_word' id='word_1_347' title='bbox 1772 806 1803 833; x_wconf 89' lang='lat' dir='ltr'>et</span> 
     </span>
     <span class='ocr_line' id='line_1_60' title="bbox 1061 851 1801 898; baseline 0.003 -14"><span class='ocrx_word' id='word_1_348' title='bbox 1061 851 1265 896; x_wconf 89' lang='lat' dir='ltr'>praediorum</span> <span class='ocrx_word' id='word_1_349' title='bbox 1291 857 1321 885; x_wconf 91' lang='lat' dir='ltr'>et</span> <span class='ocrx_word' id='word_1_350' title='bbox 1345 853 1450 885; x_wconf 88' lang='lat' dir='ltr'>oneris</span> <span class='ocrx_word' id='word_1_351' title='bbox 1470 853 1600 897; x_wconf 87' lang='lat' dir='ltr'>praedio</span> <span class='ocrx_word' id='word_1_352' title='bbox 1617 853 1730 898; x_wconf 90' lang='lat' dir='ltr'>cuique</span> <span class='ocrx_word' id='word_1_353' title='bbox 1747 853 1801 886; x_wconf 88' lang='lat' dir='ltr'>im-</span> 
     </span>
     <span class='ocr_line' id='line_1_61' title="bbox 1061 905 1802 951; baseline 0.003 -13"><span class='ocrx_word' id='word_1_354' title='bbox 1061 905 1154 949; x_wconf 89' lang='lat' dir='ltr'>positi</span> <span class='ocrx_word' id='word_1_355' title='bbox 1180 906 1355 939; x_wconf 84' lang='lat' dir='ltr'>mentione:</span> <span class='ocrx_word' id='word_1_356' title='bbox 1377 906 1466 940; x_wconf 88' lang='lat' dir='ltr'>cuius</span> <span class='ocrx_word' id='word_1_357' title='bbox 1490 907 1616 951; x_wconf 88' lang='lat' dir='ltr'>quidem</span> <span class='ocrx_word' id='word_1_358' title='bbox 1634 907 1802 941; x_wconf 71' lang='lat' dir='ltr'>voluminis</span> 
     </span>
     <span class='ocr_line' id='line_1_62' title="bbox 1062 959 1802 1005; baseline 0.001 -13"><span class='ocrx_word' id='word_1_359' title='bbox 1062 960 1239 1004; x_wconf 80' lang='lat' dir='ltr'>exemplum</span> <span class='ocrx_word' id='word_1_360' title='bbox 1256 970 1354 993; x_wconf 87' lang='lat' dir='ltr'>unum</span> <span class='ocrx_word' id='word_1_361' title='bbox 1365 959 1403 993; x_wconf 89' lang='lat' dir='ltr'>ad</span> <span class='ocrx_word' id='word_1_362' title='bbox 1421 960 1600 1005; x_wconf 86' lang='lat' dir='ltr'>episcopale</span> <span class='ocrx_word' id='word_1_363' title='bbox 1617 960 1802 1001; x_wconf 78' lang='lat' dir='ltr'>archivium,</span> 
     </span>
     <span class='ocr_line' id='line_1_63' title="bbox 1061 1013 1802 1056; baseline 0.001 -10"><span class='ocrx_word' id='word_1_364' title='bbox 1061 1014 1194 1046; x_wconf 87' lang='lat' dir='ltr'>alterum</span> <span class='ocrx_word' id='word_1_365' title='bbox 1221 1013 1259 1046; x_wconf 90' lang='lat' dir='ltr'>ad</span> <span class='ocrx_word' id='word_1_366' title='bbox 1289 1024 1383 1056; x_wconf 91' lang='lat' dir='ltr'>eum,</span> <span class='ocrx_word' id='word_1_367' title='bbox 1416 1013 1505 1047; x_wconf 90' lang='lat' dir='ltr'>cuius</span> <span class='ocrx_word' id='word_1_368' title='bbox 1530 1024 1623 1047; x_wconf 88' lang='lat' dir='ltr'>curae</span> <span class='ocrx_word' id='word_1_369' title='bbox 1648 1014 1802 1048; x_wconf 89' lang='lat' dir='ltr'>eiusmodi</span> 
     </span>
     <span class='ocr_line' id='line_1_64' title="bbox 1062 1066 1803 1111; baseline 0.001 -12"><span class='ocrx_word' id='word_1_370' title='bbox 1062 1067 1108 1100; x_wconf 69' lang='lat' dir='ltr'>rel</span> <span class='ocrx_word' id='word_1_371' title='bbox 1129 1066 1260 1100; x_wconf 84' lang='lat' dir='ltr'>ecclesia</span> <span class='ocrx_word' id='word_1_372' title='bbox 1280 1067 1328 1099; x_wconf 79' lang='lat' dir='ltr'>vel</span> <span class='ocrx_word' id='word_1_373' title='bbox 1348 1067 1420 1111; x_wconf 89' lang='lat' dir='ltr'>pius</span> <span class='ocrx_word' id='word_1_374' title='bbox 1439 1067 1527 1101; x_wconf 90' lang='lat' dir='ltr'>locus</span> <span class='ocrx_word' id='word_1_375' title='bbox 1547 1067 1585 1100; x_wconf 86' lang='lat' dir='ltr'>sit</span> <span class='ocrx_word' id='word_1_376' title='bbox 1606 1067 1803 1108; x_wconf 87' lang='lat' dir='ltr'>commissus,</span> 
     </span>
     <span class='ocr_line' id='line_1_65' title="bbox 1061 1121 1802 1165; baseline 0.001 -12"><span class='ocrx_word' id='word_1_377' title='bbox 1061 1121 1230 1154; x_wconf 86' lang='lat' dir='ltr'>deseratur.</span> <span class='ocrx_word' id='word_1_378' title='bbox 1249 1121 1314 1154; x_wconf 90' lang='lat' dir='ltr'>lIoc</span> <span class='ocrx_word' id='word_1_379' title='bbox 1332 1125 1436 1153; x_wconf 88' lang='lat' dir='ltr'>autem</span> <span class='ocrx_word' id='word_1_380' title='bbox 1457 1121 1546 1165; x_wconf 88' lang='lat' dir='ltr'>prius</span> <span class='ocrx_word' id='word_1_381' title='bbox 1564 1121 1672 1154; x_wconf 91' lang='lat' dir='ltr'>saltem</span> <span class='ocrx_word' id='word_1_382' title='bbox 1690 1121 1802 1155; x_wconf 86' lang='lat' dir='ltr'>confici</span> 
     </span>
     <span class='ocr_line' id='line_1_66' title="bbox 1061 1173 1804 1218; baseline 0.003 -12"><span class='ocrx_word' id='word_1_383' title='bbox 1061 1179 1145 1218; x_wconf 84' lang='lat' dir='ltr'>optat</span> <span class='ocrx_word' id='word_1_384' title='bbox 1171 1184 1320 1218; x_wconf 86' lang='lat' dir='ltr'>praesens</span> <span class='ocrx_word' id='word_1_385' title='bbox 1339 1173 1517 1215; x_wconf 90' lang='lat' dir='ltr'>concilium,</span> <span class='ocrx_word' id='word_1_386' title='bbox 1534 1184 1627 1218; x_wconf 88' lang='lat' dir='ltr'>quam</span> <span class='ocrx_word' id='word_1_387' title='bbox 1645 1174 1716 1208; x_wconf 90' lang='lat' dir='ltr'>novi</span> <span class='ocrx_word' id='word_1_388' title='bbox 1734 1185 1804 1209; x_wconf 91' lang='lat' dir='ltr'>con-</span> 
     </span>
     <span class='ocr_line' id='line_1_67' title="bbox 1062 1227 1803 1271; baseline 0.003 -12"><span class='ocrx_word' id='word_1_389' title='bbox 1062 1227 1123 1260; x_wconf 93' lang='lat' dir='ltr'>cilii</span> <span class='ocrx_word' id='word_1_390' title='bbox 1150 1231 1272 1271; x_wconf 87' lang='lat' dir='ltr'>tempus</span> <span class='ocrx_word' id='word_1_391' title='bbox 1297 1227 1451 1268; x_wconf 76' lang='lat' dir='ltr'>adventet,</span> <span class='ocrx_word' id='word_1_392' title='bbox 1469 1227 1553 1271; x_wconf 87' lang='lat' dir='ltr'>quod</span> <span class='ocrx_word' id='word_1_393' title='bbox 1570 1227 1607 1260; x_wconf 89' lang='lat' dir='ltr'>ad</span> <span class='ocrx_word' id='word_1_394' title='bbox 1626 1232 1688 1261; x_wconf 90' lang='lat' dir='ltr'>tres</span> <span class='ocrx_word' id='word_1_395' title='bbox 1705 1238 1803 1262; x_wconf 91' lang='lat' dir='ltr'>annos</span> 
     </span>
     <span class='ocr_line' id='line_1_68' title="bbox 1061 1280 1802 1326; baseline 0.003 -13"><span class='ocrx_word' id='word_1_396' title='bbox 1061 1281 1118 1314; x_wconf 92' lang='lat' dir='ltr'>erit</span> <span class='ocrx_word' id='word_1_397' title='bbox 1145 1280 1392 1314; x_wconf 77' lang='lat' dir='ltr'>convocandum.</span> <span class='ocrx_word' id='word_1_398' title='bbox 1417 1282 1455 1314; x_wconf 87' lang='lat' dir='ltr'>At</span> <span class='ocrx_word' id='word_1_399' title='bbox 1480 1281 1518 1322; x_wconf 94' lang='lat' dir='ltr'>ii,</span> <span class='ocrx_word' id='word_1_400' title='bbox 1543 1281 1658 1325; x_wconf 87' lang='lat' dir='ltr'>quibus</span> <span class='ocrx_word' id='word_1_401' title='bbox 1685 1281 1802 1326; x_wconf 88' lang='lat' dir='ltr'>aliquid</span> 
     </span>
     <span class='ocr_line' id='line_1_69' title="bbox 1062 1334 1803 1380; baseline 0.003 -13"><span class='ocrx_word' id='word_1_402' title='bbox 1062 1335 1210 1368; x_wconf 87' lang='lat' dir='ltr'>ccclesiae</span> <span class='ocrx_word' id='word_1_403' title='bbox 1235 1334 1431 1368; x_wconf 82' lang='lat' dir='ltr'>bonorumve</span> <span class='ocrx_word' id='word_1_404' title='bbox 1456 1334 1522 1367; x_wconf 89' lang='lat' dir='ltr'>cius</span> <span class='ocrx_word' id='word_1_405' title='bbox 1550 1340 1603 1368; x_wconf 88' lang='lat' dir='ltr'>aut</span> <span class='ocrx_word' id='word_1_406' title='bbox 1627 1335 1671 1379; x_wconf 86' lang='lat' dir='ltr'>pii</span> <span class='ocrx_word' id='word_1_407' title='bbox 1699 1336 1803 1380; x_wconf 88' lang='lat' dir='ltr'>operis</span> 
     </span>
     <span class='ocr_line' id='line_1_70' title="bbox 1063 1388 1802 1433; baseline 0.003 -12"><span class='ocrx_word' id='word_1_408' title='bbox 1063 1388 1210 1433; x_wconf 89' lang='lat' dir='ltr'>penditur</span> <span class='ocrx_word' id='word_1_409' title='bbox 1238 1389 1382 1430; x_wconf 86' lang='lat' dir='ltr'>nomine,</span> <span class='ocrx_word' id='word_1_410' title='bbox 1409 1399 1481 1421; x_wconf 89' lang='lat' dir='ltr'>cum</span> <span class='ocrx_word' id='word_1_411' title='bbox 1513 1388 1630 1432; x_wconf 89' lang='lat' dir='ltr'>aliquid</span> <span class='ocrx_word' id='word_1_412' title='bbox 1656 1389 1802 1433; x_wconf 80' lang='lat' dir='ltr'>exigent,</span> 
     </span>
     <span class='ocr_line' id='line_1_71' title="bbox 1062 1442 1803 1488; baseline 0.004 -14"><span class='ocrx_word' id='word_1_413' title='bbox 1062 1442 1196 1475; x_wconf 87' lang='lat' dir='ltr'>scribam</span> <span class='ocrx_word' id='word_1_414' title='bbox 1211 1442 1388 1483; x_wconf 84' lang='lat' dir='ltr'>adhibeant,</span> <span class='ocrx_word' id='word_1_415' title='bbox 1403 1442 1517 1475; x_wconf 88' lang='lat' dir='ltr'>diserte</span> <span class='ocrx_word' id='word_1_416' title='bbox 1534 1442 1614 1476; x_wconf 74' lang='lat' dir='ltr'>sacta</span> <span class='ocrx_word' id='word_1_417' title='bbox 1632 1442 1662 1475; x_wconf 93' lang='lat' dir='ltr'>in</span> <span class='ocrx_word' id='word_1_418' title='bbox 1682 1444 1803 1488; x_wconf 87' lang='lat' dir='ltr'>accepti</span> 
     </span>
     <span class='ocr_line' id='line_1_72' title="bbox 1062 1495 1804 1540; baseline 0.003 -12"><span class='ocrx_word' id='word_1_419' title='bbox 1062 1501 1091 1528; x_wconf 91' lang='lat' dir='ltr'>et</span> <span class='ocrx_word' id='word_1_420' title='bbox 1115 1495 1243 1539; x_wconf 88' lang='lat' dir='ltr'>expensi</span> <span class='ocrx_word' id='word_1_421' title='bbox 1269 1495 1382 1528; x_wconf 86' lang='lat' dir='ltr'>tabulis</span> <span class='ocrx_word' id='word_1_422' title='bbox 1402 1495 1577 1537; x_wconf 87' lang='lat' dir='ltr'>mentione,</span> <span class='ocrx_word' id='word_1_423' title='bbox 1602 1507 1664 1540; x_wconf 88' lang='lat' dir='ltr'>quo</span> <span class='ocrx_word' id='word_1_424' title='bbox 1689 1497 1741 1530; x_wconf 92' lang='lat' dir='ltr'>illa</span> <span class='ocrx_word' id='word_1_425' title='bbox 1765 1498 1804 1530; x_wconf 85' lang='lat' dir='ltr'>sit</span> 
     </span>
     <span class='ocr_line' id='line_1_73' title="bbox 1061 1549 1803 1595; baseline 0.004 -14"><span class='ocrx_word' id='word_1_426' title='bbox 1061 1549 1193 1592; x_wconf 87' lang='lat' dir='ltr'>pecunia</span> <span class='ocrx_word' id='word_1_427' title='bbox 1217 1549 1344 1582; x_wconf 90' lang='lat' dir='ltr'>nomine</span> <span class='ocrx_word' id='word_1_428' title='bbox 1369 1550 1486 1590; x_wconf 88' lang='lat' dir='ltr'>soluta,</span> <span class='ocrx_word' id='word_1_429' title='bbox 1510 1549 1690 1595; x_wconf 85' lang='lat' dir='ltr'>harumque</span> <span class='ocrx_word' id='word_1_430' title='bbox 1717 1551 1803 1585; x_wconf 87' lang='lat' dir='ltr'>tabu-</span> 
     </span>
     <span class='ocr_line' id='line_1_74' title="bbox 1063 1602 1802 1647; baseline 0.004 -13"><span class='ocrx_word' id='word_1_431' title='bbox 1063 1603 1163 1635; x_wconf 86' lang='lat' dir='ltr'>larum</span> <span class='ocrx_word' id='word_1_432' title='bbox 1182 1602 1242 1635; x_wconf 85' lang='lat' dir='ltr'>rite</span> <span class='ocrx_word' id='word_1_433' title='bbox 1262 1602 1475 1636; x_wconf 85' lang='lat' dir='ltr'>confectarum</span> <span class='ocrx_word' id='word_1_434' title='bbox 1493 1606 1522 1637; x_wconf 90' lang='lat' dir='ltr'>et</span> <span class='ocrx_word' id='word_1_435' title='bbox 1546 1603 1802 1647; x_wconf 78' lang='lat' dir='ltr'>consignatarum</span> 
     </span>
     <span class='ocr_line' id='line_1_75' title="bbox 1062 1656 1804 1701; baseline 0.003 -13"><span class='ocrx_word' id='word_1_436' title='bbox 1062 1657 1241 1700; x_wconf 83' lang='lat' dir='ltr'>exemplum</span> <span class='ocrx_word' id='word_1_437' title='bbox 1262 1656 1403 1689; x_wconf 82' lang='lat' dir='ltr'>deserant</span> <span class='ocrx_word' id='word_1_438' title='bbox 1419 1656 1455 1689; x_wconf 90' lang='lat' dir='ltr'>ad</span> <span class='ocrx_word' id='word_1_439' title='bbox 1482 1657 1665 1701; x_wconf 85' lang='lat' dir='ltr'>episcopum</span> <span class='ocrx_word' id='word_1_440' title='bbox 1686 1657 1733 1690; x_wconf 88' lang='lat' dir='ltr'>vel</span> <span class='ocrx_word' id='word_1_441' title='bbox 1754 1668 1804 1690; x_wconf 88' lang='lat' dir='ltr'>cu-</span> 
     </span>
     <span class='ocr_line' id='line_1_76' title="bbox 1062 1709 1802 1755; baseline 0.003 -14"><span class='ocrx_word' id='word_1_442' title='bbox 1062 1714 1131 1741; x_wconf 89' lang='lat' dir='ltr'>rent</span> <span class='ocrx_word' id='word_1_443' title='bbox 1156 1709 1388 1753; x_wconf 81' lang='lat' dir='ltr'>perferendum.</span> <span class='ocrx_word' id='word_1_444' title='bbox 1403 1709 1480 1749; x_wconf 86' lang='lat' dir='ltr'>Quia</span> <span class='ocrx_word' id='word_1_445' title='bbox 1506 1710 1580 1743; x_wconf 86' lang='lat' dir='ltr'>satis</span> <span class='ocrx_word' id='word_1_446' title='bbox 1605 1716 1802 1755; x_wconf 86' lang='lat' dir='ltr'>compertum</span> 
     </span>
     <span class='ocr_line' id='line_1_77' title="bbox 1062 1762 1800 1807; baseline 0.004 -13"><span class='ocrx_word' id='word_1_447' title='bbox 1062 1767 1116 1804; x_wconf 89' lang='lat' dir='ltr'>est,</span> <span class='ocrx_word' id='word_1_448' title='bbox 1143 1762 1223 1796; x_wconf 90' lang='lat' dir='ltr'>inter</span> <span class='ocrx_word' id='word_1_449' title='bbox 1248 1767 1369 1795; x_wconf 89' lang='lat' dir='ltr'>ceteras</span> <span class='ocrx_word' id='word_1_450' title='bbox 1389 1773 1515 1806; x_wconf 78' lang='lat' dir='ltr'>causas,</span> <span class='ocrx_word' id='word_1_451' title='bbox 1541 1763 1654 1807; x_wconf 88' lang='lat' dir='ltr'>quibus</span> <span class='ocrx_word' id='word_1_452' title='bbox 1684 1764 1800 1798; x_wconf 86' lang='lat' dir='ltr'>sactum</span> 
     </span>
     <span class='ocr_line' id='line_1_78' title="bbox 1062 1816 1802 1860; baseline 0.003 -11"><span class='ocrx_word' id='word_1_453' title='bbox 1062 1822 1128 1858; x_wconf 89' lang='lat' dir='ltr'>est,</span> <span class='ocrx_word' id='word_1_454' title='bbox 1154 1821 1188 1849; x_wconf 91' lang='lat' dir='ltr'>ut</span> <span class='ocrx_word' id='word_1_455' title='bbox 1212 1816 1305 1849; x_wconf 86' lang='lat' dir='ltr'>huius</span> <span class='ocrx_word' id='word_1_456' title='bbox 1337 1817 1518 1860; x_wconf 76' lang='lat' dir='ltr'>provinciae</span> <span class='ocrx_word' id='word_1_457' title='bbox 1542 1817 1706 1860; x_wconf 84' lang='lat' dir='ltr'>beneficia,</span> <span class='ocrx_word' id='word_1_458' title='bbox 1741 1824 1802 1851; x_wconf 91' lang='lat' dir='ltr'>tam</span> 
     </span>
     <span class='ocr_line' id='line_1_79' title="bbox 1062 1871 1804 1915; baseline 0.003 -11"><span class='ocrx_word' id='word_1_459' title='bbox 1062 1876 1180 1912; x_wconf 86' lang='lat' dir='ltr'>curata,</span> <span class='ocrx_word' id='word_1_460' title='bbox 1194 1882 1288 1915; x_wconf 88' lang='lat' dir='ltr'>quam</span> <span class='ocrx_word' id='word_1_461' title='bbox 1306 1871 1470 1915; x_wconf 85' lang='lat' dir='ltr'>simplicia,</span> <span class='ocrx_word' id='word_1_462' title='bbox 1488 1871 1526 1904; x_wconf 90' lang='lat' dir='ltr'>ad</span> <span class='ocrx_word' id='word_1_463' title='bbox 1545 1877 1661 1905; x_wconf 86' lang='lat' dir='ltr'>tantam</span> <span class='ocrx_word' id='word_1_464' title='bbox 1678 1873 1804 1906; x_wconf 81' lang='lat' dir='ltr'>redacta</span> 
     </span>
     <span class='ocr_line' id='line_1_80' title="bbox 1062 1924 1803 1970; baseline 0.003 -13"><span class='ocrx_word' id='word_1_465' title='bbox 1062 1924 1122 1957; x_wconf 94' lang='lat' dir='ltr'>sint</span> <span class='ocrx_word' id='word_1_466' title='bbox 1139 1930 1367 1968; x_wconf 87' lang='lat' dir='ltr'>paupertatem,</span> <span class='ocrx_word' id='word_1_467' title='bbox 1381 1930 1415 1957; x_wconf 91' lang='lat' dir='ltr'>ut</span> <span class='ocrx_word' id='word_1_468' title='bbox 1431 1925 1621 1969; x_wconf 85' lang='lat' dir='ltr'>paucissima</span> <span class='ocrx_word' id='word_1_469' title='bbox 1639 1926 1710 1968; x_wconf 90' lang='lat' dir='ltr'>sint,</span> <span class='ocrx_word' id='word_1_470' title='bbox 1723 1937 1803 1970; x_wconf 91' lang='lat' dir='ltr'>quae</span> 
     </span>
     <span class='ocr_line' id='line_1_81' title="bbox 1063 1978 1804 2024; baseline 0.003 -13"><span class='ocrx_word' id='word_1_471' title='bbox 1063 1983 1218 2011; x_wconf 87' lang='lat' dir='ltr'>rectorem</span> <span class='ocrx_word' id='word_1_472' title='bbox 1243 1978 1327 2011; x_wconf 89' lang='lat' dir='ltr'>alere</span> <span class='ocrx_word' id='word_1_473' title='bbox 1351 1979 1482 2022; x_wconf 86' lang='lat' dir='ltr'>possint,</span> <span class='ocrx_word' id='word_1_474' title='bbox 1508 1979 1588 2012; x_wconf 82' lang='lat' dir='ltr'>lianc</span> <span class='ocrx_word' id='word_1_475' title='bbox 1613 1980 1660 2013; x_wconf 88' lang='lat' dir='ltr'>vel</span> <span class='ocrx_word' id='word_1_476' title='bbox 1685 1980 1804 2024; x_wconf 91' lang='lat' dir='ltr'>praeci-</span> 
     </span>
     <span class='ocr_line' id='line_1_82' title="bbox 1062 2031 1804 2079; baseline 0.005 -16"><span class='ocrx_word' id='word_1_477' title='bbox 1062 2042 1154 2075; x_wconf 85' lang='lat' dir='ltr'>puam</span> <span class='ocrx_word' id='word_1_478' title='bbox 1180 2031 1285 2072; x_wconf 85' lang='lat' dir='ltr'>fuisse,</span> <span class='ocrx_word' id='word_1_479' title='bbox 1310 2032 1393 2076; x_wconf 85' lang='lat' dir='ltr'>quod</span> <span class='ocrx_word' id='word_1_480' title='bbox 1419 2037 1558 2066; x_wconf 87' lang='lat' dir='ltr'>rectores</span> <span class='ocrx_word' id='word_1_481' title='bbox 1583 2033 1652 2077; x_wconf 89' lang='lat' dir='ltr'>ipsi,</span> <span class='ocrx_word' id='word_1_482' title='bbox 1677 2034 1804 2079; x_wconf 56' lang='lat' dir='ltr'>emphy-</span> 
     </span>
     <span class='ocr_line' id='line_1_83' title="bbox 1063 2085 1803 2121; baseline 0.005 -4"><span class='ocrx_word' id='word_1_483' title='bbox 1063 2085 1153 2117; x_wconf 90' lang='lat' dir='ltr'>teutis</span> <span class='ocrx_word' id='word_1_484' title='bbox 1179 2090 1207 2117; x_wconf 88' lang='lat' dir='ltr'>et</span> <span class='ocrx_word' id='word_1_485' title='bbox 1231 2085 1299 2118; x_wconf 87' lang='lat' dir='ltr'>aliis</span> <span class='ocrx_word' id='word_1_486' title='bbox 1320 2085 1565 2119; x_wconf 87' lang='lat' dir='ltr'>conductoribus</span> <span class='ocrx_word' id='word_1_487' title='bbox 1586 2088 1803 2121; x_wconf 86' lang='lat' dir='ltr'>recusantibus</span> 
     </span>
     <span class='ocr_line' id='line_1_84' title="bbox 1062 2139 1804 2182; baseline 0.005 -11"><span class='ocrx_word' id='word_1_488' title='bbox 1062 2139 1246 2182; x_wconf 86' lang='lat' dir='ltr'>pensionem</span> <span class='ocrx_word' id='word_1_489' title='bbox 1264 2149 1318 2172; x_wconf 90' lang='lat' dir='ltr'>seu</span> <span class='ocrx_word' id='word_1_490' title='bbox 1336 2149 1486 2172; x_wconf 88' lang='lat' dir='ltr'>canonem</span> <span class='ocrx_word' id='word_1_491' title='bbox 1510 2139 1571 2173; x_wconf 88' lang='lat' dir='ltr'>illis</span> <span class='ocrx_word' id='word_1_492' title='bbox 1588 2140 1728 2174; x_wconf 89' lang='lat' dir='ltr'>debitum</span> <span class='ocrx_word' id='word_1_493' title='bbox 1746 2143 1804 2175; x_wconf 87' lang='lat' dir='ltr'>sol-</span> 
     </span>
     <span class='ocr_line' id='line_1_85' title="bbox 1062 2192 1803 2238; baseline 0.005 -14"><span class='ocrx_word' id='word_1_494' title='bbox 1062 2203 1143 2233; x_wconf 70' lang='lat' dir='ltr'>vere,</span> <span class='ocrx_word' id='word_1_495' title='bbox 1162 2192 1198 2225; x_wconf 91' lang='lat' dir='ltr'>ad</span> <span class='ocrx_word' id='word_1_496' title='bbox 1218 2192 1247 2225; x_wconf 92' lang='lat' dir='ltr'>id</span> <span class='ocrx_word' id='word_1_497' title='bbox 1272 2192 1427 2235; x_wconf 81' lang='lat' dir='ltr'>agendum</span> <span class='ocrx_word' id='word_1_498' title='bbox 1453 2203 1506 2226; x_wconf 89' lang='lat' dir='ltr'>eos</span> <span class='ocrx_word' id='word_1_499' title='bbox 1530 2195 1719 2238; x_wconf 89' lang='lat' dir='ltr'>compellere</span> <span class='ocrx_word' id='word_1_500' title='bbox 1740 2205 1803 2229; x_wconf 87' lang='lat' dir='ltr'>non</span> 
     </span>
     <span class='ocr_line' id='line_1_86' title="bbox 1061 2247 1803 2293; baseline 0.005 -15"><span class='ocrx_word' id='word_1_501' title='bbox 1061 2251 1226 2287; x_wconf 86' lang='lat' dir='ltr'>curarunt,</span> <span class='ocrx_word' id='word_1_502' title='bbox 1251 2247 1392 2280; x_wconf 88' lang='lat' dir='ltr'>nolentes</span> <span class='ocrx_word' id='word_1_503' title='bbox 1417 2247 1527 2290; x_wconf 76' lang='lat' dir='ltr'>longas</span> <span class='ocrx_word' id='word_1_504' title='bbox 1551 2248 1621 2281; x_wconf 88' lang='lat' dir='ltr'>lites</span> <span class='ocrx_word' id='word_1_505' title='bbox 1645 2249 1803 2293; x_wconf 86' lang='lat' dir='ltr'>suscipere</span> 
     </span>
     <span class='ocr_line' id='line_1_87' title="bbox 1061 2301 1802 2346; baseline 0.005 -15"><span class='ocrx_word' id='word_1_506' title='bbox 1061 2305 1087 2333; x_wconf 86' lang='lat' dir='ltr'>et</span> <span class='ocrx_word' id='word_1_507' title='bbox 1115 2311 1245 2344; x_wconf 80' lang='lat' dir='ltr'>magnos</span> <span class='ocrx_word' id='word_1_508' title='bbox 1267 2305 1409 2345; x_wconf 86' lang='lat' dir='ltr'>sumptus</span> <span class='ocrx_word' id='word_1_509' title='bbox 1426 2301 1538 2343; x_wconf 79' lang='lat' dir='ltr'>facere,</span> <span class='ocrx_word' id='word_1_510' title='bbox 1556 2307 1586 2334; x_wconf 90' lang='lat' dir='ltr'>ut</span> <span class='ocrx_word' id='word_1_511' title='bbox 1610 2307 1719 2346; x_wconf 88' lang='lat' dir='ltr'>postea</span> <span class='ocrx_word' id='word_1_512' title='bbox 1739 2303 1802 2336; x_wconf 85' lang='lat' dir='ltr'>exi-</span> 
     </span>
     <span class='ocr_line' id='line_1_88' title="bbox 1060 2354 1803 2400; baseline 0.003 -13"><span class='ocrx_word' id='word_1_513' title='bbox 1060 2354 1312 2398; x_wconf 75' lang='lat' dir='ltr'>guaspensiones</span> <span class='ocrx_word' id='word_1_514' title='bbox 1326 2359 1569 2399; x_wconf 79' lang='lat' dir='ltr'>consequantur.</span> <span class='ocrx_word' id='word_1_515' title='bbox 1585 2355 1619 2388; x_wconf 84' lang='lat' dir='ltr'>Et</span> <span class='ocrx_word' id='word_1_516' title='bbox 1632 2355 1705 2400; x_wconf 86' lang='lat' dir='ltr'>quia</span> <span class='ocrx_word' id='word_1_517' title='bbox 1720 2356 1803 2389; x_wconf 86' lang='lat' dir='ltr'>clare</span> 
     </span>
     <span class='ocr_line' id='line_1_89' title="bbox 1060 2407 1805 2453; baseline 0.003 -13"><span class='ocrx_word' id='word_1_518' title='bbox 1060 2414 1143 2452; x_wconf 83' lang='lat' dir='ltr'>patet</span> <span class='ocrx_word' id='word_1_519' title='bbox 1174 2408 1214 2441; x_wconf 80' lang='lat' dir='ltr'>ol]</span> <span class='ocrx_word' id='word_1_520' title='bbox 1248 2407 1390 2440; x_wconf 89' lang='lat' dir='ltr'>eamdem</span> <span class='ocrx_word' id='word_1_521' title='bbox 1421 2418 1547 2441; x_wconf 84' lang='lat' dir='ltr'>causam</span> <span class='ocrx_word' id='word_1_522' title='bbox 1580 2409 1719 2453; x_wconf 88' lang='lat' dir='ltr'>quotidie</span> <span class='ocrx_word' id='word_1_523' title='bbox 1752 2410 1805 2442; x_wconf 85' lang='lat' dir='ltr'>ali-</span> 
     </span>
     <span class='ocr_line' id='line_1_90' title="bbox 1060 2461 1803 2507; baseline 0.005 -14"><span class='ocrx_word' id='word_1_524' title='bbox 1060 2473 1161 2506; x_wconf 80' lang='lat' dir='ltr'>quos,</span> <span class='ocrx_word' id='word_1_525' title='bbox 1187 2472 1223 2495; x_wconf 76' lang='lat' dir='ltr'>ex</span> <span class='ocrx_word' id='word_1_526' title='bbox 1248 2461 1318 2503; x_wconf 83' lang='lat' dir='ltr'>liis,</span> <span class='ocrx_word' id='word_1_527' title='bbox 1343 2462 1396 2506; x_wconf 85' lang='lat' dir='ltr'>qui</span> <span class='ocrx_word' id='word_1_528' title='bbox 1423 2461 1543 2495; x_wconf 92' lang='lat' dir='ltr'>minimi</span> <span class='ocrx_word' id='word_1_529' title='bbox 1569 2467 1598 2495; x_wconf 92' lang='lat' dir='ltr'>ct</span> <span class='ocrx_word' id='word_1_530' title='bbox 1622 2463 1803 2507; x_wconf 86' lang='lat' dir='ltr'>paucissimi</span> 
     </span>
     <span class='ocr_line' id='line_1_91' title="bbox 1061 2515 1804 2562; baseline 0.001 -12"><span class='ocrx_word' id='word_1_531' title='bbox 1061 2516 1199 2550; x_wconf 85' lang='lat' dir='ltr'>ecclesiis</span> <span class='ocrx_word' id='word_1_532' title='bbox 1217 2521 1397 2559; x_wconf 85' lang='lat' dir='ltr'>supersunt,</span> <span class='ocrx_word' id='word_1_533' title='bbox 1415 2515 1572 2549; x_wconf 81' lang='lat' dir='ltr'>redditus¹</span> <span class='ocrx_word' id='word_1_534' title='bbox 1591 2516 1701 2558; x_wconf 91' lang='lat' dir='ltr'>amitti,</span> <span class='ocrx_word' id='word_1_535' title='bbox 1717 2528 1804 2562; x_wconf 90' lang='lat' dir='ltr'>prae-</span> 
     </span>
     <span class='ocr_line' id='line_1_92' title="bbox 1060 2569 1804 2614; baseline 0.004 -10"><span class='ocrx_word' id='word_1_536' title='bbox 1060 2581 1130 2604; x_wconf 82' lang='lat' dir='ltr'>sens</span> <span class='ocrx_word' id='word_1_537' title='bbox 1162 2569 1354 2614; x_wconf 70' lang='lat' dir='ltr'>provinciale</span> <span class='ocrx_word' id='word_1_538' title='bbox 1387 2570 1574 2613; x_wconf 89' lang='lat' dir='ltr'>concilium,</span> <span class='ocrx_word' id='word_1_539' title='bbox 1598 2572 1706 2606; x_wconf 74' lang='lat' dir='ltr'>volens</span> <span class='ocrx_word' id='word_1_540' title='bbox 1730 2572 1804 2607; x_wconf 88' lang='lat' dir='ltr'>huic</span> 
     </span>
     <span class='ocr_line' id='line_1_93' title="bbox 1096 2632 1701 2670; baseline 0.005 -11"><span class='ocrx_word' id='word_1_541' title='bbox 1096 2634 1107 2660; x_wconf 70' lang='lat' dir='ltr'>rl</span> <span class='ocrx_word' id='word_1_542' title='bbox 1129 2632 1194 2660; x_wconf 56' lang='lat' dir='ltr'>‚itate</span> <span class='ocrx_word' id='word_1_543' title='bbox 1211 2632 1275 2660; x_wconf 90' lang='lat' dir='ltr'>edit.</span> <span class='ocrx_word' id='word_1_544' title='bbox 1294 2632 1372 2661; x_wconf 83' lang='lat' dir='ltr'>Main.</span> <span class='ocrx_word' id='word_1_545' title='bbox 1388 2633 1454 2668; x_wconf 77' lang='lat' dir='ltr'>legit</span> <span class='ocrx_word' id='word_1_546' title='bbox 1470 2633 1581 2662; x_wconf 77' lang='lat' dir='ltr'>reditus</span> <span class='ocrx_word' id='word_1_547' title='bbox 1595 2636 1634 2670; x_wconf 90' lang='lat' dir='ltr'>(n.</span> <span class='ocrx_word' id='word_1_548' title='bbox 1652 2635 1701 2670; x_wconf 58' lang='lat'><strong>¹12).</strong></span> 
     </span>
    </p>
   </div>
   <div class='ocr_carea' id='block_1_4' title="bbox 1712 207 2001 245">
    <p class='ocr_par' dir='ltr' id='par_1_4' title="bbox 1712 207 2001 245">
     <span class='ocr_line' id='line_1_94' title="bbox 1712 207 2001 245; baseline 0.021 -6"><span class='ocrx_word' id='word_1_549' title='bbox 1712 207 1774 240; x_wconf 84' lang='lat'>607</span> <span class='ocrx_word' id='word_1_550' title='bbox 1822 217 1868 242; x_wconf 61' lang='lat' dir='ltr'>An.</span> <span class='ocrx_word' id='word_1_551' title='bbox 1882 217 1910 243; x_wconf 82' lang='lat' dir='ltr'>c.</span> <span class='ocrx_word' id='word_1_552' title='bbox 1937 217 2001 245; x_wconf 73' lang='lat'>1037</span> 
     </span>
    </p>
   </div>
  </div>
 </body>
</html>
