2248 3229
92 209 142 237 An.
162 208 190 236 C.
207 209 275 237 1637

117 1863 197 1885 Morsu
211 1862 274 1883 tinius

90 1890 249 1911 ὒοωιιωιιοηιι

897 209 1037 234 unm-Nus
1063 209 1118 233 vltt
1143 209 1189 233 1¹1².

289 256 394 289 busvis
415 255 687 300 derogatoriarum
709 256 928 300 derogatoriis,
947 257 1029 289 aliis-
1065 257 1181 291 dictum
1209 255 1345 289 officium
1363 256 1443 289 inter
1457 257 1543 300 ipsos
1558 255 1804 288 haereditarium

290 319 350 352 que
363 308 602 350 efficacioribus,
617 310 841 343 efficacissimis
859 309 1030 343 etinsolitis

291 361 439 394 clausulis
470 367 498 394 et
531 362 665 396 decretis
684 390 691 404 ‚
722 363 751 395 in
781 373 896 406 genere
922 363 966 395 rel
999 363 1030 394 in

290 415 402 458 specie,
421 425 456 448 ac
481 415 557 447 alias
583 416 613 448 in
638 415 1031 459 contrariumpraemisso-

290 478 360 500 rum
387 469 624 512 quomodolibet
650 469 816 509 concessis,
838 468 1048 502 confirmatis‘

289 521 473 565 approbatis
501 527 529 554 et
561 522 729 562 innovatis;
747 522 860 566 quibus
884 521 1049 556 omnibus:

289 579 318 605 ct
329 574 470 617 singulis,
482 584 592 607 eorum
608 581 732 608 tenores
746 573 962 619 praesentibus
972 583 1030 617 pro

289 627 379 670 plene
396 632 425 660 et
448 627 639 661 sufficienter
664 628 831 672 expressis,
845 638 880 660 ac
904 627 942 659 ad
968 637 1032 659 rer-

289 680 363 712 bum
393 680 518 713 insertis
547 681 706 721 habentes,
733 681 791 713 illis
818 681 894 713 alias
919 680 948 712 in
974 690 1030 712 suo

289 733 405 766 robore
430 734 658 778 permansuris,
673 734 709 767 ad
728 734 974 778 praemissorum
993 733 1032 765 es-

291 786 416 828 sectum,
442 787 500 819 liae
527 787 592 820 rice
617 787 775 820 dumtaxat
799 785 976 830 specialiter
1003 790 1031 817 et

291 849 437 884 expresse
453 839 658 884 derogamus;
674 840 849 884 ceterisque
867 838 1032 872 contrariis

289 892 551 937 quibuscumque.

335 946 445 979 Datum
459 947 586 988 Romae,
600 946 682 990 apud
692 946 720 980 S.
733 946 860 979 Mariam
871 945 1030 987 Maiorem,

299 1000 357 1033 sub
370 1001 486 1034 annulo
507 999 743 1040 Piscatoris,die
761 1008 828 1033 xvii
844 998 1031 1043 septembris

293 1063 477 1096 mocxxxvu,
491 1054 691 1098 pontificatus
708 1052 806 1086 nostri
831 1062 913 1085 anno
935 1061 985 1086 xv.

326 1117 386 1144 Dat.
403 1117 447 1144 die
466 1117 495 1144 Π
511 1115 675 1152 septembris
692 1114 769 1150 ¹037,
784 1115 878 1152 pontif.
891 1123 962 1142 auno
973 1122 1017 1141 xv.

581 1258 734 1292 DLxxxt.

291 1341 383 1380 Quod
408 1341 442 1374 in
464 1340 635 1383 provincia
668 1339 866 1373 Granateitsi
897 1337 1032 1372 Ordinis

333 1394 502 1427 Minorum
526 1393 556 1426 S.
574 1393 605 1426 F
606 1392 746 1425 rancisci'
762 1391 801 1425 de
819 1392 1032 1426 Obseruantia

334 1445 449 1479 nullus
479 1447 582 1488 frater
612 1449 670 1478 aut
701 1445 964 1487 corisanqui'izeus
995 1445 1031 1477 in

332 1499 440 1542 primo
463 1503 492 1531 et
516 1497 654 1531 secundo
676 1497 784 1541 qradii
813 1497 962 1530 ministri
989 1509 1027 1530 α-

333 1551 452 1584 ctitatis
482 1561 540 1594 pro
567 1555 706 1593 tempore
734 1551 835 1593 possit
866 1550 1031 1583 succedere

333 1603 520 1636 immediate
549 1603 593 1636 ad
618 1603 899 1647 prori'nci'iilatiim
926 1603 1031 1637 dictae

330 1656 528 1700 provinciae,
545 1660 600 1689 etc.
612 1655 630 1688 ¹.

479 1736 615 1763 Urbanus
650 1736 728 1769 Papa
761 1735 837 1768 vul,

436 1781 472 1807 ad
491 1781 624 1808 futuram
642 1781 687 1807 rei
706 1781 886 1807 memoriam.

333 1852 425 1892 Cum,
451 1851 531 1884 sicut
555 1851 659 1884 dilecti
685 1850 739 1883 filii
769 1851 881 1884 frati-es
906 1851 1030 1886 Ordinis

289 1905 443 1939 Minorum
461 1903 662 1938 S.F1·ancisci
680 1903 718 1937 de
735 1903 938 1938 observantia
955 1915 1030 1937 nun-

289 1958 393 2002 cupati
415 1957 593 2002 provinciae
607 1957 808 1991 Granatensis
822 1957 912 1990 nobis
929 1967 1030 2001 nuper

289 2012 401 2057 exponi
427 2013 575 2053 fecerunt,
593 2011 690 2055 quod‘
709 2011 785 2044 alias
802 2011 979 2054 contigerit,
997 2016 1029 2044 ut

290 2066 424 2099 ministri
446 2065 669 2110 provinciales,
695 2065 978 2098 animadvertentes
998 2075 1030 2097 se

290 2130 322 2152 se
339 2118 377 2152 ad
402 2118 484 2152 idem
502 2118 746 2164 provincialatus
763 2117 900 2151 officium
920 2118 950 2150 in
968 2118 1028 2150 vim

291 2172 466 2205 litterarum
499 2172 743 2216 apostolicarum
778 2171 868 2214 religi
901 2170 1030 2203 minime

290 2235 390 2270 posse,
415 2224 558 2258 dederint
582 2235 722 2269 operam,
748 2229 782 2257 ut
806 2234 916 2257 eorum
935 2224 1030 2256 frater

290 2284 343 2312 aut
366 2289 464 2323 nepos
496 2279 534 2311 ad
566 2278 703 2312 officium
733 2277 914 2311 huiusmodi
939 2278 1031 2321 elige-

1064 321 1121 354 per
1146 310 1358 344 continuatam
1376 310 1433 343 sibi
1459 310 1610 353 sanguine
1625 309 1804 344 coniuncto-

1065 374 1134 395 rum
1165 363 1195 395 in
1228 363 1331 396 officio
1363 363 1543 396 huiusmodi
1572 362 1803 396 successionem

1064 415 1208 448 effectum
1234 416 1345 455 fuerim
1371 422 1600 460 proptereaque
1617 416 1691 450 dicti
1713 426 1805 460 expo-

1064 474 1172 500 nentes
1189 468 1366 511 eupientes¹
1385 475 1598 512 opportunum
1623 469 1748 514 aliquod
1774 469 1804 502 in

1064 521 1245 564 praemissis
1271 521 1445 554 remedium
1479 522 1644 563 adhiberi,
1669 533 1705 555 ac
1729 522 1804 555 alias

1064 583 1101 604 ne
1134 572 1234 605 dictae
1269 573 1448 616 provinciae
1481 574 1592 606 fratres
1624 574 1803 608 huiusmodi

1065 636 1175 668 graves
1200 631 1227 658 et
1254 626 1441 658 benemeriti
1459 626 1498 658 ab
1511 627 1621 660 officiis
1641 627 1804 660 excludan-

1067 684 1126 718 tur,
1152 678 1266 722 illaque
1293 679 1456 712 iuvenibus
1477 679 1647 723 inexpertis
1664 681 1694 712 in
1712 681 1805 713 maxi-

1066 743 1152 764 mum
1186 732 1320 765 dedecus
1354 738 1383 765 et
1414 733 1486 766 boni
1518 733 1680 776 regiminis
1705 734 1804 767 dietae

1066 785 1227 828 religionis
1244 785 1466 819 detrimentum
1488 786 1700 827 conserantur,
1714 787 1805 820 desu-

1066 849 1121 882 per
1142 839 1317 882 provideri:

1110 892 1125 935 ξ
1155 891 1178 924 l.
1201 892 1272 932 Nos,
1288 891 1465 935 praedictos
1482 898 1673 936 exponentes
1690 894 1805 937 specia-

1066 944 1146 977 libus
1159 944 1319 978 favoribus
1331 951 1360 978 et
1375 945 1483 988 gratiis
1497 945 1644 989 prosequi
1656 946 1804 986 volentes,

1066 1001 1095 1031 et
1118 1007 1229 1030 eorum
1250 997 1426 1040 singulares
1441 1008 1591 1041 personas
1609 1008 1626 1030 a
1643 998 1804 1041 quibusvis

1065 1050 1408 1091 excommunicationis,
1434 1051 1649 1094 suspensionis
1669 1057 1698 1084 et
1714 1051 1805 1084 inter-

1065 1103 1149 1144 dicti,
1166 1103 1297 1147 aliisque
1311 1103 1529 1136 ecelesiasticis
1546 1103 1716 1144 sententiis,
1733 1114 1805 1137 een-

1065 1157 1147 1190 suris
1171 1162 1201 1190 et
1225 1157 1353 1201 poenis,
1379 1167 1396 1189 a
1422 1157 1489 1189 iure
1514 1157 1561 1189 vel
1593 1156 1631 1189 ab
1656 1157 1803 1198 liomine,

1065 1210 1174 1254 quavis
1198 1210 1362 1244 occasione
1389 1210 1436 1243 vel
1461 1211 1554 1243 causa
1579 1209 1659 1250 latis,
1685 1210 1710 1242 si
1738 1210 1804 1254 qui-

1066 1264 1123 1296 bus
1147 1263 1384 1307 quomodolibet
1410 1263 1575 1296 innodatae
1599 1263 1745 1303 existunt,
1765 1263 1803 1296 ad

1065 1316 1210 1349 effectum
1243 1316 1457 1360 praesentium
1493 1316 1653 1349 dumtaxat
1688 1326 1801 1349 eonse-

1065 1369 1237 1413 quendum‚
1261 1369 1373 1402 harum
1392 1368 1471 1401 serie
1493 1368 1690 1402 absolventes
1707 1374 1737 1401 et
1754 1369 1804 1401 ab·

1065 1423 1180 1456 solutas
1212 1422 1276 1456 sore
1309 1428 1490 1463 censentes,
1522 1421 1805 1466 supplicationibus

1066 1477 1190 1510 illorum
1218 1476 1344 1509 nomine
1363 1476 1453 1509 nobis
1470 1486 1565 1519 super
1594 1475 1654 1508 hoc
1681 1475 1806 1508 humili-

1065 1529 1129 1563 ter⁴
1147 1529 1302 1573 porrectis
1327 1528 1483 1568 inclinati,
1506 1529 1650 1561 volumus
1678 1533 1707 1562 et
1735 1539 1806 1572 apo·

1064 1583 1173 1616 stolii-2⁴1
1190 1583 1375 1616 auctoritate
1394 1588 1500 1615 tenore
1518 1581 1729 1626 praesentium
1748 1587 1805 1615 sta-

1065 1637 1180 1669 tuimus
1195 1640 1223 1669 et
1241 1635 1441 1675 ordinamus,

1108 1689 1123 1732 g
1148 1688 1176 1721 ΕΞ.
1202 1688 1291 1728 Quod
1315 1688 1353 1721 de
1379 1694 1484 1721 cetero
1509 1688 1613 1720 nullus
1632 1688 1727 1720 frater
1751 1694 1803 1721 aut

1064 1743 1315 1785 consanguineus
1333 1742 1363 1774 in
1380 1742 1484 1786 primo
1501 1746 1528 1774 et
1548 1741 1684 1775 secundo
1704 1742 1803 1785 gradu

1065 1795 1198 1828 ministri
1213 1795 1414 1839 provincialis
1427 1795 1527 1827 dictae
1541 1795 1722 1838 provinciae
1733 1806 1805 1839 pro-

1065 1848 1247 1881 vincialatus
1267 1848 1405 1881 officium
1424 1847 1604 1882 huiusmodi
1621 1847 1805 1882 dimittentis

1065 1902 1243 1935 immediate
1269 1905 1339 1945 post
1363 1901 1464 1945 ipsum
1485 1901 1514 1933 in
1539 1901 1718 1934 ministrum
1736 1912 1806 1945 pro-

1065 1955 1227 1988 vincialem
1253 1955 1353 1988 dictae
1379 1954 1559 1998 provinciae
1580 1954 1652 1997 eligi
1678 1966 1806 1999 quoquo

1065 2009 1159 2042 modo
1176 2008 1275 2052 possit
1292 2012 1320 2042 et
1337 2009 1452 2047 valeat;
1478 2008 1660 2041 mandantes
1681 2013 1807 2052 propte-

1065 2073 1117 2095 rea
1142 2062 1287 2095 omnibus
1311 2066 1341 2094 et
1364 2061 1496 2103 singulis
1509 2061 1609 2093 dictae
1627 2061 1806 2104 provinciae

1065 2121 1093 2148 et
1118 2115 1243 2149 Ordinis
1262 2114 1442 2147 huiusmodi
1461 2114 1687 2158 superioribus,
1707 2115 1806 2147 fratri-

1065 2170 1122 2201 bus
1147 2174 1177 2201 et
1200 2168 1354 2212 personis,
1379 2167 1417 2200 ad
1442 2178 1521 2211 quos
1550 2172 1677 2211 spectat.
1693 2173 1723 2200 et
1746 2179 1805 2212 pro

1065 2228 1205 2266 tempore
1230 2220 1463 2265 quomodolibet
1484 2220 1514 2252 in
1532 2220 1670 2254 futurum
1689 2227 1806 2264 specta-

1065 2276 1126 2315 bit,
1152 2285 1189 2307 ne
1214 2274 1383 2318 quicquam
1417 2279 1527 2307 contra
1551 2279 1690 2307 nostram
1716 2284 1803 2318 prae-

291 2339 400 2374 retur,
421 2339 451 2367 et
475 2333 519 2366 sie
544 2333 715 2366 multorum
741 2342 896 2365 annorum
930 2331 1030 2376 spatio
1064 2328 1198 2361 sentium
1226 2327 1400 2360 litterarum
1418 2327 1641 2360 continentiam
1664 2332 1694 2359 et
1720 2332 1803 2359 teno-

1066 2392 1130 2415 rem
1150 2382 1252 2414 sacere
1270 2380 1315 2412 rel
1330 2384 1482 2412 attentare
1499 2379 1633 2411 audeant
1648 2390 1701 2411 seu
1720 2389 1805 2423 prae-

328 2433 336 2458 ¹
358 2430 432 2462 νὼ
449 2438 520 2466 quae
535 2430 569 2457 de
590 2430 631 2456 ΜΕ
651 2429 781 2457 tratribus
802 2429 917 2455 indicavi
934 2428 982 2455 tibi
998 2428 1030 2455 Μ’
1065 2440 1198 2474 sumant,
1213 2444 1248 2467 ac
1266 2434 1468 2467 decernentes
1488 2438 1668 2476 praesentes
1685 2432 1804 2465 litteras

291 2477 382 2503 Const.
399 2481 482 2502 xcviii
498 2476 546 2507 (iil.
562 2475 608 2507 95)
631 2474 793 2502 Pastor-atis
807 2474 907 2508 officii,
929 2473 1032 2508 Grego-

291 2521 325 2548 rii
341 2520 394 2555 xv,
411 2524 475 2547 tom.
494 2525 542 2553 xii,
559 2527 620 2555 pag.
634 2518 695 2553 735,
712 2523 738 2545 et
753 2518 786 2546 ad
802 2518 891 2545 Const.
908 2524 1031 2550 cccxviii,

291 2567 525 2597 sacrosanctum,
541 2563 621 2590 huius
636 2562 786 2597 Pontificis,
802 2570 884 2598 supra
899 2571 961 2598 pag.
975 2564 1031 2590 ¹00.

327 2610 342 2636 2
359 2608 453 2636 vni-iic.
466 2608 542 2643 quod
552 2607 641 2635 delen.
655 2615 685 2635 ex
698 2607 777 2633 t‘lier.
790 2607 832 2634 e·l.
847 2606 929 2642 Lugd.
939 2607 1030 2640 (nm).

404 2662 479 2690 vult.
496 2662 578 2689 lina.
604 2678 609 2679 ν
648 2662 702 2687 ΙύΙ.
722 2661 795 2687 XIV.
961 2660 991 2686 77

1066 2489 1192 2528 validas,
1211 2488 1318 2520 firmas
1331 2492 1359 2519 et
1375 2488 1517 2520 efficaces
1533 2486 1666 2519 existere
1681 2490 1710 2519 et
1727 2486 1803 2526 sore,

1103 2563 1111 2588 1
1133 2559 1287 2595 Legendum
1304 2560 1374 2586 soret
1387 2559 1508 2594 cupiant
1520 2559 1558 2592 (n.
1571 2560 1618 2591 iz).

1100 2606 1116 2632 9
1128 2605 1236 2640 Perper.
1250 2604 1292 2631 ed.
1306 2603 1385 2630 Main.
1398 2603 1458 2638 legit
1471 2602 1803 2638 supet·siriiililerffixh).

1703 197 1767 231 609
1814 207 1863 235 An.
1883 206 1912 235 C.
1935 207 2000 237 1637

1889 1697 2003 1719 Obserrari

1819 1724 1903 1745 mandit
1914 1727 1974 1751 proiit
1982 1724 2002 1744 iii

1819 1752 1912 1772 rubrica.
