<?xml version="1.0" encoding="UTF-8"?>
<!DOCTYPE html PUBLIC "-//W3C//DTD XHTML 1.0 Transitional//EN"
    "http://www.w3.org/TR/xhtml1/DTD/xhtml1-transitional.dtd">
<html xmlns="http://www.w3.org/1999/xhtml" xml:lang="en" lang="en">
 <head>
  <title>
</title>
<meta http-equiv="Content-Type" content="text/html;charset=utf-8" />
  <meta name='ocr-system' content='tesseract 3.04.00' />
  <meta name='ocr-capabilities' content='ocr_page ocr_carea ocr_par ocr_line ocrx_word'/>
</head>
<body>
  <div class='ocr_page' id='page_1' title='image "./bullarumdiplomat14cath_0181.png"; bbox 0 0 2226 3235; ppageno 0'>
   <div class='ocr_carea' id='block_1_1' title="bbox 106 240 292 268">
    <p class='ocr_par' dir='ltr' id='par_1_1' title="bbox 106 240 292 268">
     <span class='ocr_line' id='line_1_1' title="bbox 106 240 292 268; baseline -0.005 0"><span class='ocrx_word' id='word_1_1' title='bbox 106 244 154 268; x_wconf 75' lang='lat' dir='ltr'>An.</span> <span class='ocrx_word' id='word_1_2' title='bbox 172 240 200 267; x_wconf 87' lang='lat' dir='ltr'>C.</span> <span class='ocrx_word' id='word_1_3' title='bbox 224 240 292 267; x_wconf 82' lang='lat'>1630</span> 
     </span>
    </p>
   </div>
   <div class='ocr_carea' id='block_1_2' title="bbox 273 822 1048 867">
    <p class='ocr_par' dir='ltr' id='par_1_2' title="bbox 273 822 1048 867">
     <span class='ocr_line' id='line_1_2' title="bbox 273 822 1048 867; baseline -0.004 -11"><span class='ocrx_word' id='word_1_4' title='bbox 273 855 278 861; x_wconf 85' lang='grc'>,</span> <span class='ocrx_word' id='word_1_5' title='bbox 307 827 340 858; x_wconf 91' lang='lat' dir='ltr'>ut</span> <span class='ocrx_word' id='word_1_6' title='bbox 362 834 425 857; x_wconf 90' lang='lat' dir='ltr'>non</span> <span class='ocrx_word' id='word_1_7' title='bbox 450 824 552 857; x_wconf 86' lang='lat' dir='ltr'>solum</span> <span class='ocrx_word' id='word_1_8' title='bbox 570 823 601 856; x_wconf 92' lang='lat' dir='ltr'>in</span> <span class='ocrx_word' id='word_1_9' title='bbox 617 823 764 867; x_wconf 81' lang='lat' dir='ltr'>proximo</span> <span class='ocrx_word' id='word_1_10' title='bbox 781 823 887 855; x_wconf 85' lang='lat' dir='ltr'>futuro</span> <span class='ocrx_word' id='word_1_11' title='bbox 901 822 1048 865; x_wconf 86' lang='lat' dir='ltr'>capitulo,</span> 
     </span>
    </p>
   </div>
   <div class='ocr_carea' id='block_1_3' title="bbox 280 983 1050 1029">
    <p class='ocr_par' dir='ltr' id='par_1_3' title="bbox 280 983 1050 1029">
     <span class='ocr_line' id='line_1_3' title="bbox 280 983 1050 1029; baseline -0.004 -10"><span class='ocrx_word' id='word_1_12' title='bbox 280 1018 283 1021; x_wconf 86' lang='grc'><strong>,</strong></span> <span class='ocrx_word' id='word_1_13' title='bbox 309 995 400 1026; x_wconf 86' lang='lat' dir='ltr'>mae,</span> <span class='ocrx_word' id='word_1_14' title='bbox 429 985 511 1029; x_wconf 86' lang='lat' dir='ltr'>apud</span> <span class='ocrx_word' id='word_1_15' title='bbox 536 986 564 1018; x_wconf 82' lang='lat' dir='ltr'>S.</span> <span class='ocrx_word' id='word_1_16' title='bbox 590 985 738 1024; x_wconf 86' lang='lat' dir='ltr'>Petrum,</span> <span class='ocrx_word' id='word_1_17' title='bbox 763 983 820 1017; x_wconf 85' lang='lat' dir='ltr'>sub</span> <span class='ocrx_word' id='word_1_18' title='bbox 844 984 960 1018; x_wconf 90' lang='lat' dir='ltr'>annulo</span> <span class='ocrx_word' id='word_1_19' title='bbox 988 984 1050 1017; x_wconf 91' lang='lat' dir='ltr'>Pis-</span> 
     </span>
    </p>
   </div>
   <div class='ocr_carea' id='block_1_4' title="bbox 273 1092 737 1126">
    <p class='ocr_par' dir='ltr' id='par_1_4' title="bbox 273 1092 737 1126">
     <span class='ocr_line' id='line_1_4' title="bbox 273 1092 737 1126; baseline 0 -2"><span class='ocrx_word' id='word_1_20' title='bbox 273 1092 275 1094; x_wconf 75' lang='grc'>’</span> <span class='ocrx_word' id='word_1_21' title='bbox 308 1092 444 1125; x_wconf 82' lang='lat' dir='ltr'>tificatus</span> <span class='ocrx_word' id='word_1_22' title='bbox 467 1092 566 1126; x_wconf 80' lang='lat' dir='ltr'>nostri</span> <span class='ocrx_word' id='word_1_23' title='bbox 591 1102 673 1125; x_wconf 89' lang='lat' dir='ltr'>anno</span> <span class='ocrx_word' id='word_1_24' title='bbox 694 1101 737 1125; x_wconf 84' lang='lat' dir='ltr'>in.</span> 
     </span>
    </p>
   </div>
   <div class='ocr_carea' id='block_1_5' title="bbox 109 1157 294 1264">
    <p class='ocr_par' dir='ltr' id='par_1_5' title="bbox 109 1157 294 1264">
     <span class='ocr_line' id='line_1_5' title="bbox 136 1157 294 1178; baseline -0.006 0"><span class='ocrx_word' id='word_1_25' title='bbox 136 1157 216 1178; x_wconf 75' lang='lat' dir='ltr'>Deinde</span> <span class='ocrx_word' id='word_1_26' title='bbox 231 1158 294 1178; x_wconf 74' lang='lat' dir='ltr'>silen-</span> 
     </span>
     <span class='ocr_line' id='line_1_6' title="bbox 109 1185 294 1210; baseline -0.005 -6"><span class='ocrx_word' id='word_1_27' title='bbox 109 1187 160 1206; x_wconf 82' lang='lat' dir='ltr'>tiurn</span> <span class='ocrx_word' id='word_1_28' title='bbox 190 1185 294 1210; x_wconf 81' lang='lat' dir='ltr'>imposue-</span> 
     </span>
     <span class='ocr_line' id='line_1_7' title="bbox 109 1210 293 1236; baseline -0.005 -5"><span class='ocrx_word' id='word_1_29' title='bbox 109 1213 143 1232; x_wconf 87' lang='lat' dir='ltr'>rat</span> <span class='ocrx_word' id='word_1_30' title='bbox 159 1217 222 1236; x_wconf 72' lang='lat' dir='ltr'>super</span> <span class='ocrx_word' id='word_1_31' title='bbox 239 1210 293 1230; x_wconf 76' lang='lat' dir='ltr'>cele·</span> 
     </span>
     <span class='ocr_line' id='line_1_8' title="bbox 110 1237 279 1264; baseline -0.006 -6"><span class='ocrx_word' id='word_1_32' title='bbox 110 1239 170 1258; x_wconf 73' lang='lat' dir='ltr'>braio</span> <span class='ocrx_word' id='word_1_33' title='bbox 178 1237 279 1264; x_wconf 81' lang='lat' dir='ltr'>capituto.</span> 
     </span>
    </p>
   </div>
   <div class='ocr_carea' id='block_1_6' title="bbox 305 238 1058 814">
    <p class='ocr_par' dir='ltr' id='par_1_6' title="bbox 305 238 1058 814">
     <span class='ocr_line' id='line_1_9' title="bbox 917 238 1058 262; baseline 0 -1"><span class='ocrx_word' id='word_1_34' title='bbox 917 238 1058 262; x_wconf 55' lang='lat' dir='ltr'>rnnsxrs</span> 
     </span>
     <span class='ocr_line' id='line_1_10' title="bbox 305 286 1044 331; baseline -0.004 -9"><span class='ocrx_word' id='word_1_35' title='bbox 305 287 544 322; x_wconf 87' lang='lat' dir='ltr'>confirmatione</span> <span class='ocrx_word' id='word_1_36' title='bbox 569 287 753 331; x_wconf 73' lang='lat' dir='ltr'>apostolica,</span> <span class='ocrx_word' id='word_1_37' title='bbox 781 287 827 320; x_wconf 75' lang='lat' dir='ltr'>rel</span> <span class='ocrx_word' id='word_1_38' title='bbox 853 286 962 331; x_wconf 74' lang='lat' dir='ltr'>quavis</span> <span class='ocrx_word' id='word_1_39' title='bbox 987 286 1044 319; x_wconf 80' lang='lat' dir='ltr'>fir-</span> 
     </span>
     <span class='ocr_line' id='line_1_11' title="bbox 306 339 1047 381; baseline -0.003 -7"><span class='ocrx_word' id='word_1_40' title='bbox 306 341 412 374; x_wconf 85' lang='lat' dir='ltr'>mitate</span> <span class='ocrx_word' id='word_1_41' title='bbox 436 341 496 374; x_wconf 72' lang='lat' dir='ltr'>alia</span> <span class='ocrx_word' id='word_1_42' title='bbox 519 341 694 381; x_wconf 86' lang='lat' dir='ltr'>roboratis,</span> <span class='ocrx_word' id='word_1_43' title='bbox 727 340 850 374; x_wconf 84' lang='lat' dir='ltr'>statutis</span> <span class='ocrx_word' id='word_1_44' title='bbox 875 345 903 372; x_wconf 85' lang='lat' dir='ltr'>ct</span> <span class='ocrx_word' id='word_1_45' title='bbox 929 339 1047 373; x_wconf 90' lang='lat' dir='ltr'>consti-</span> 
     </span>
     <span class='ocr_line' id='line_1_12' title="bbox 306 394 1047 438; baseline -0.004 -10"><span class='ocrx_word' id='word_1_46' title='bbox 306 395 478 429; x_wconf 88' lang='lat' dir='ltr'>tutionibus</span> <span class='ocrx_word' id='word_1_47' title='bbox 494 421 501 435; x_wconf 93' lang='lat'>,</span> <span class='ocrx_word' id='word_1_48' title='bbox 525 394 701 437; x_wconf 86' lang='lat' dir='ltr'>ceterisque</span> <span class='ocrx_word' id='word_1_49' title='bbox 726 394 894 427; x_wconf 72' lang='lat' dir='ltr'>contrariis</span> <span class='ocrx_word' id='word_1_50' title='bbox 919 394 1047 438; x_wconf 88' lang='lat' dir='ltr'>quibus-</span> 
     </span>
     <span class='ocr_line' id='line_1_13' title="bbox 305 447 1046 492; baseline -0.003 -11"><span class='ocrx_word' id='word_1_51' title='bbox 305 458 451 492; x_wconf 89' lang='lat' dir='ltr'>cumque.</span> <span class='ocrx_word' id='word_1_52' title='bbox 476 448 621 482; x_wconf 84' lang='lat' dir='ltr'>Celerum</span> <span class='ocrx_word' id='word_1_53' title='bbox 653 447 832 480; x_wconf 86' lang='lat' dir='ltr'>ministrum</span> <span class='ocrx_word' id='word_1_54' title='bbox 866 448 1046 490; x_wconf 71' lang='lat' dir='ltr'>generalem</span> 
     </span>
     <span class='ocr_line' id='line_1_14' title="bbox 305 501 1047 545; baseline -0.003 -11"><span class='ocrx_word' id='word_1_55' title='bbox 305 502 479 545; x_wconf 74' lang='lat' dir='ltr'>praefatum</span> <span class='ocrx_word' id='word_1_56' title='bbox 505 501 617 534; x_wconf 85' lang='lat' dir='ltr'>barum</span> <span class='ocrx_word' id='word_1_57' title='bbox 642 502 722 534; x_wconf 83' lang='lat' dir='ltr'>serie</span> <span class='ocrx_word' id='word_1_58' title='bbox 740 502 770 533; x_wconf 91' lang='lat' dir='ltr'>in</span> <span class='ocrx_word' id='word_1_59' title='bbox 791 501 922 534; x_wconf 82' lang='lat' dir='ltr'>Domino</span> <span class='ocrx_word' id='word_1_60' title='bbox 940 510 1047 533; x_wconf 87' lang='lat' dir='ltr'>mone-</span> 
     </span>
     <span class='ocr_line' id='line_1_15' title="bbox 306 555 1048 600; baseline -0.003 -11"><span class='ocrx_word' id='word_1_61' title='bbox 306 567 385 598; x_wconf 87' lang='lat' dir='ltr'>mus,</span> <span class='ocrx_word' id='word_1_62' title='bbox 409 561 444 588; x_wconf 90' lang='lat' dir='ltr'>ut</span> <span class='ocrx_word' id='word_1_63' title='bbox 464 556 496 588; x_wconf 90' lang='lat' dir='ltr'>in</span> <span class='ocrx_word' id='word_1_64' title='bbox 516 555 698 600; x_wconf 74' lang='lat' dir='ltr'>praemissis</span> <span class='ocrx_word' id='word_1_65' title='bbox 716 555 924 599; x_wconf 70' lang='lat' dir='ltr'>adimplendis</span> <span class='ocrx_word' id='word_1_66' title='bbox 945 555 1048 587; x_wconf 86' lang='lat' dir='ltr'>taliter</span> 
     </span>
     <span class='ocr_line' id='line_1_16' title="bbox 305 608 1047 652; baseline -0.001 -10"><span class='ocrx_word' id='word_1_67' title='bbox 305 620 338 642; x_wconf 81' lang='lat' dir='ltr'>se</span> <span class='ocrx_word' id='word_1_68' title='bbox 362 619 473 652; x_wconf 80' lang='lat' dir='ltr'>gerere</span> <span class='ocrx_word' id='word_1_69' title='bbox 497 609 629 649; x_wconf 84' lang='lat' dir='ltr'>studeat,</span> <span class='ocrx_word' id='word_1_70' title='bbox 654 609 737 652; x_wconf 89' lang='lat' dir='ltr'>quod</span> <span class='ocrx_word' id='word_1_71' title='bbox 762 609 855 642; x_wconf 84' lang='lat' dir='ltr'>alicui</span> <span class='ocrx_word' id='word_1_72' title='bbox 880 619 916 641; x_wconf 80' lang='lat' dir='ltr'>ex</span> <span class='ocrx_word' id='word_1_73' title='bbox 938 608 1047 642; x_wconf 87' lang='lat' dir='ltr'>sactio-</span> 
     </span>
     <span class='ocr_line' id='line_1_17' title="bbox 306 661 1048 707; baseline -0.003 -12"><span class='ocrx_word' id='word_1_74' title='bbox 306 663 398 696; x_wconf 87' lang='lat' dir='ltr'>nibus</span> <span class='ocrx_word' id='word_1_75' title='bbox 410 668 575 707; x_wconf 85' lang='lat' dir='ltr'>suspectus</span> <span class='ocrx_word' id='word_1_76' title='bbox 589 662 718 695; x_wconf 89' lang='lat' dir='ltr'>minime</span> <span class='ocrx_word' id='word_1_77' title='bbox 734 662 893 701; x_wconf 74' lang='lat' dir='ltr'>reddatur,</span> <span class='ocrx_word' id='word_1_78' title='bbox 907 661 1048 705; x_wconf 81' lang='lat' dir='ltr'>quinimo</span> 
     </span>
     <span class='ocr_line' id='line_1_18' title="bbox 306 716 1047 760; baseline -0.003 -11"><span class='ocrx_word' id='word_1_79' title='bbox 306 716 407 750; x_wconf 89' lang='lat' dir='ltr'>dictae</span> <span class='ocrx_word' id='word_1_80' title='bbox 429 716 610 760; x_wconf 77' lang='lat' dir='ltr'>provinciae</span> <span class='ocrx_word' id='word_1_81' title='bbox 640 716 863 756; x_wconf 85' lang='lat' dir='ltr'>concordiam,</span> <span class='ocrx_word' id='word_1_82' title='bbox 889 716 1025 759; x_wconf 85' lang='lat' dir='ltr'>quietem</span> <span class='ocrx_word' id='word_1_83' title='bbox 1040 742 1047 755; x_wconf 92' lang='lat'>,</span> 
     </span>
     <span class='ocr_line' id='line_1_19' title="bbox 306 768 1048 814; baseline -0.004 -11"><span class='ocrx_word' id='word_1_84' title='bbox 306 770 555 814; x_wconf 78' lang='lat' dir='ltr'>charitatemque</span> <span class='ocrx_word' id='word_1_85' title='bbox 570 780 645 814; x_wconf 86' lang='lat' dir='ltr'>prae</span> <span class='ocrx_word' id='word_1_86' title='bbox 665 770 763 803; x_wconf 83' lang='lat' dir='ltr'>oeulis</span> <span class='ocrx_word' id='word_1_87' title='bbox 784 779 908 812; x_wconf 89' lang='lat' dir='ltr'>semper</span> <span class='ocrx_word' id='word_1_88' title='bbox 925 768 1048 809; x_wconf 86' lang='lat' dir='ltr'>habeat,</span> 
     </span>
    </p>
   </div>
   <div class='ocr_carea' id='block_1_7' title="bbox 307 875 1049 974">
    <p class='ocr_par' dir='ltr' id='par_1_7' title="bbox 307 875 1049 974">
     <span class='ocr_line' id='line_1_20' title="bbox 307 875 1048 921; baseline -0.004 -11"><span class='ocrx_word' id='word_1_89' title='bbox 307 877 363 910; x_wconf 87' lang='lat' dir='ltr'>sed</span> <span class='ocrx_word' id='word_1_90' title='bbox 388 877 482 910; x_wconf 89' lang='lat' dir='ltr'>etiam</span> <span class='ocrx_word' id='word_1_91' title='bbox 506 877 668 921; x_wconf 86' lang='lat' dir='ltr'>perpetuis</span> <span class='ocrx_word' id='word_1_92' title='bbox 692 876 806 909; x_wconf 87' lang='lat' dir='ltr'>suturis</span> <span class='ocrx_word' id='word_1_93' title='bbox 831 875 1048 919; x_wconf 82' lang='lat' dir='ltr'>temporibus,</span> 
     </span>
     <span class='ocr_line' id='line_1_21' title="bbox 308 930 1049 974; baseline -0.004 -10"><span class='ocrx_word' id='word_1_94' title='bbox 308 931 372 965; x_wconf 89' lang='lat' dir='ltr'>Deo</span> <span class='ocrx_word' id='word_1_95' title='bbox 395 931 498 973; x_wconf 91' lang='lat' dir='ltr'>dante,</span> <span class='ocrx_word' id='word_1_96' title='bbox 524 931 624 965; x_wconf 75' lang='lat' dir='ltr'>valeat</span> <span class='ocrx_word' id='word_1_97' title='bbox 643 940 839 974; x_wconf 83' lang='lat' dir='ltr'>permanere.</span> <span class='ocrx_word' id='word_1_98' title='bbox 860 930 972 962; x_wconf 86' lang='lat' dir='ltr'>Datum</span> <span class='ocrx_word' id='word_1_99' title='bbox 991 930 1049 962; x_wconf 78' lang='lat' dir='ltr'>Ro-</span> 
     </span>
    </p>
   </div>
   <div class='ocr_carea' id='block_1_8' title="bbox 308 1038 1050 1083">
    <p class='ocr_par' dir='ltr' id='par_1_8' title="bbox 308 1038 1050 1083">
     <span class='ocr_line' id='line_1_22' title="bbox 308 1038 1050 1083; baseline -0.001 -11"><span class='ocrx_word' id='word_1_100' title='bbox 308 1039 446 1080; x_wconf 88' lang='lat' dir='ltr'>catoris,</span> <span class='ocrx_word' id='word_1_101' title='bbox 478 1039 527 1072; x_wconf 90' lang='lat' dir='ltr'>die</span> <span class='ocrx_word' id='word_1_102' title='bbox 558 1049 590 1071; x_wconf 77' lang='lat' dir='ltr'>VI</span> <span class='ocrx_word' id='word_1_103' title='bbox 626 1038 775 1071; x_wconf 79' lang='lat' dir='ltr'>februarii</span> <span class='ocrx_word' id='word_1_104' title='bbox 800 1048 950 1079; x_wconf 78' lang='lat' dir='ltr'>iuncxxvi,</span> <span class='ocrx_word' id='word_1_105' title='bbox 974 1049 1050 1083; x_wconf 90' lang='lat' dir='ltr'>pon-</span> 
     </span>
    </p>
   </div>
   <div class='ocr_carea' id='block_1_9' title="bbox 307 1145 1072 2740">
    <p class='ocr_par' dir='ltr' id='par_1_9' title="bbox 307 1145 1072 2638">
     <span class='ocr_line' id='line_1_23' title="bbox 353 1145 1049 1190; baseline -0.001 -11"><span class='ocrx_word' id='word_1_106' title='bbox 353 1146 368 1190; x_wconf 64' lang='grc' dir='ltr'><strong>ἓ</strong></span> <span class='ocrx_word' id='word_1_107' title='bbox 385 1146 414 1180; x_wconf 93' lang='grc'>6.</span> <span class='ocrx_word' id='word_1_108' title='bbox 429 1145 567 1179; x_wconf 85' lang='lat' dir='ltr'>Subinde</span> <span class='ocrx_word' id='word_1_109' title='bbox 584 1156 660 1179; x_wconf 74' lang='lat' dir='ltr'>vero</span> <span class='ocrx_word' id='word_1_110' title='bbox 678 1146 750 1189; x_wconf 87' lang='lat' dir='ltr'>(pro</span> <span class='ocrx_word' id='word_1_111' title='bbox 766 1151 854 1189; x_wconf 89' lang='lat' dir='ltr'>parte</span> <span class='ocrx_word' id='word_1_112' title='bbox 871 1145 976 1179; x_wconf 88' lang='lat' dir='ltr'>dilecti</span> <span class='ocrx_word' id='word_1_113' title='bbox 993 1145 1049 1178; x_wconf 82' lang='lat' dir='ltr'>filii</span> 
     </span>
     <span class='ocr_line' id='line_1_24' title="bbox 308 1199 1050 1243; baseline -0.003 -10"><span class='ocrx_word' id='word_1_114' title='bbox 308 1199 432 1234; x_wconf 86' lang='lat' dir='ltr'>Ioannis</span> <span class='ocrx_word' id='word_1_115' title='bbox 441 1199 595 1243; x_wconf 79' lang='lat' dir='ltr'>Baptistae</span> <span class='ocrx_word' id='word_1_116' title='bbox 603 1199 765 1242; x_wconf 79' lang='lat' dir='ltr'>Beruegal,</span> <span class='ocrx_word' id='word_1_117' title='bbox 774 1199 991 1243; x_wconf 76' lang='lat' dir='ltr'>procuratoris</span> <span class='ocrx_word' id='word_1_118' title='bbox 1001 1210 1050 1242; x_wconf 75' lang='lat' dir='ltr'>ge-</span> 
     </span>
     <span class='ocr_line' id='line_1_25' title="bbox 307 1252 1058 1296; baseline 0.001 -10"><span class='ocrx_word' id='word_1_119' title='bbox 307 1252 423 1286; x_wconf 87' lang='lat' dir='ltr'>neralis</span> <span class='ocrx_word' id='word_1_120' title='bbox 435 1253 567 1285; x_wconf 83' lang='lat' dir='ltr'>fratrum</span> <span class='ocrx_word' id='word_1_121' title='bbox 581 1253 763 1296; x_wconf 74' lang='lat' dir='ltr'>provinciae</span> <span class='ocrx_word' id='word_1_122' title='bbox 780 1253 960 1286; x_wconf 88' lang='lat' dir='ltr'>huiusmodi</span> <span class='ocrx_word' id='word_1_123' title='bbox 975 1253 1058 1288; x_wconf 62' lang='lat' dir='ltr'>dicti⁴</span> 
     </span>
     <span class='ocr_line' id='line_1_26' title="bbox 308 1305 1068 1363; baseline 0 -24"><span class='ocrx_word' id='word_1_124' title='bbox 308 1305 444 1346; x_wconf 85' lang='lat' dir='ltr'>Ordinis,</span> <span class='ocrx_word' id='word_1_125' title='bbox 465 1306 556 1339; x_wconf 87' lang='lat' dir='ltr'>nobis</span> <span class='ocrx_word' id='word_1_126' title='bbox 581 1307 733 1350; x_wconf 78' lang='lat' dir='ltr'>exposito,</span> <span class='ocrx_word' id='word_1_127' title='bbox 750 1307 834 1350; x_wconf 89' lang='lat' dir='ltr'>quod</span> <span class='ocrx_word' id='word_1_128' title='bbox 860 1307 891 1339; x_wconf 88' lang='lat' dir='ltr'>in</span> <span class='ocrx_word' id='word_1_129' title='bbox 911 1307 1068 1363; x_wconf 71' lang='lat' dir='ltr'>capitulo¹</span> 
     </span>
     <span class='ocr_line' id='line_1_27' title="bbox 308 1359 1069 1403; baseline 0.001 -11"><span class='ocrx_word' id='word_1_130' title='bbox 308 1359 495 1403; x_wconf 84' lang='lat' dir='ltr'>provinciali</span> <span class='ocrx_word' id='word_1_131' title='bbox 534 1359 635 1393; x_wconf 87' lang='lat' dir='ltr'>dictae</span> <span class='ocrx_word' id='word_1_132' title='bbox 669 1360 850 1403; x_wconf 73' lang='lat' dir='ltr'>provinciae</span> <span class='ocrx_word' id='word_1_133' title='bbox 886 1360 917 1392; x_wconf 92' lang='lat' dir='ltr'>in</span> <span class='ocrx_word' id='word_1_134' title='bbox 953 1360 1049 1393; x_wconf 89' lang='lat' dir='ltr'>domo</span> <span class='ocrx_word' id='word_1_135' title='bbox 1067 1365 1069 1399; x_wconf 59' lang='grc' dir='ltr'><em>ζ</em></span> 
     </span>
     <span class='ocr_line' id='line_1_28' title="bbox 309 1413 1049 1458; baseline 0.003 -13"><span class='ocrx_word' id='word_1_136' title='bbox 309 1413 340 1445; x_wconf 93' lang='grc' dir='ltr'>Β.</span> <span class='ocrx_word' id='word_1_137' title='bbox 355 1413 470 1446; x_wconf 84' lang='lat' dir='ltr'>Mariae</span> <span class='ocrx_word' id='word_1_138' title='bbox 484 1413 522 1446; x_wconf 84' lang='lat' dir='ltr'>de</span> <span class='ocrx_word' id='word_1_139' title='bbox 536 1413 568 1446; x_wconf 81' lang='lat' dir='ltr'>la</span> <span class='ocrx_word' id='word_1_140' title='bbox 581 1413 719 1447; x_wconf 73' lang='lat' dir='ltr'>Soledml</span> <span class='ocrx_word' id='word_1_141' title='bbox 733 1414 826 1457; x_wconf 65' lang='lat' dir='ltr'>vulgo</span> <span class='ocrx_word' id='word_1_142' title='bbox 841 1420 1049 1458; x_wconf 76' lang='lat' dir='ltr'>nuncupatae,</span> 
     </span>
     <span class='ocr_line' id='line_1_29' title="bbox 309 1466 1068 1511; baseline 0 -11"><span class='ocrx_word' id='word_1_143' title='bbox 309 1466 417 1511; x_wconf 92' lang='lat' dir='ltr'>oppidi</span> <span class='ocrx_word' id='word_1_144' title='bbox 441 1466 479 1499; x_wconf 91' lang='lat' dir='ltr'>de</span> <span class='ocrx_word' id='word_1_145' title='bbox 506 1466 537 1498; x_wconf 89' lang='lat' dir='ltr'>la</span> <span class='ocrx_word' id='word_1_146' title='bbox 564 1467 652 1507; x_wconf 86' lang='lat' dir='ltr'>lana,</span> <span class='ocrx_word' id='word_1_147' title='bbox 673 1467 869 1500; x_wconf 83' lang='lat' dir='ltr'>Dertusensis</span> <span class='ocrx_word' id='word_1_148' title='bbox 887 1467 1068 1508; x_wconf 50' lang='lat' dir='ltr'>dioecesis,¹</span> 
     </span>
     <span class='ocr_line' id='line_1_30' title="bbox 310 1520 1050 1565; baseline 0.004 -13"><span class='ocrx_word' id='word_1_149' title='bbox 310 1520 349 1553; x_wconf 88' lang='lat' dir='ltr'>de</span> <span class='ocrx_word' id='word_1_150' title='bbox 372 1530 480 1553; x_wconf 90' lang='lat' dir='ltr'>mense</span> <span class='ocrx_word' id='word_1_151' title='bbox 504 1520 580 1553; x_wconf 88' lang='lat' dir='ltr'>maii</span> <span class='ocrx_word' id='word_1_152' title='bbox 600 1525 673 1553; x_wconf 87' lang='lat' dir='ltr'>tuuc</span> <span class='ocrx_word' id='word_1_153' title='bbox 700 1521 843 1564; x_wconf 79' lang='lat' dir='ltr'>proxime</span> <span class='ocrx_word' id='word_1_154' title='bbox 867 1522 1050 1565; x_wconf 89' lang='lat' dir='ltr'>praeterito,</span> 
     </span>
     <span class='ocr_line' id='line_1_31' title="bbox 311 1573 1051 1617; baseline 0.004 -12"><span class='ocrx_word' id='word_1_155' title='bbox 311 1573 395 1606; x_wconf 88' lang='lat' dir='ltr'>iussu</span> <span class='ocrx_word' id='word_1_156' title='bbox 411 1578 531 1614; x_wconf 89' lang='lat' dir='ltr'>nostro,</span> <span class='ocrx_word' id='word_1_157' title='bbox 545 1573 742 1617; x_wconf 77' lang='lat' dir='ltr'>praesidente</span> <span class='ocrx_word' id='word_1_158' title='bbox 758 1574 789 1606; x_wconf 91' lang='lat' dir='ltr'>in</span> <span class='ocrx_word' id='word_1_159' title='bbox 804 1584 840 1607; x_wconf 91' lang='lat' dir='ltr'>eo</span> <span class='ocrx_word' id='word_1_160' title='bbox 858 1574 972 1608; x_wconf 90' lang='lat' dir='ltr'>dilecto</span> <span class='ocrx_word' id='word_1_161' title='bbox 986 1575 1051 1608; x_wconf 85' lang='lat' dir='ltr'>silio</span> 
     </span>
     <span class='ocr_line' id='line_1_32' title="bbox 309 1625 1051 1661; baseline 0.003 -3"><span class='ocrx_word' id='word_1_162' title='bbox 309 1625 503 1659; x_wconf 85' lang='lat' dir='ltr'>Bernardino</span> <span class='ocrx_word' id='word_1_163' title='bbox 520 1626 557 1659; x_wconf 90' lang='lat' dir='ltr'>de</span> <span class='ocrx_word' id='word_1_164' title='bbox 570 1626 658 1660; x_wconf 86' lang='lat' dir='ltr'>Senis</span> <span class='ocrx_word' id='word_1_165' title='bbox 675 1627 749 1659; x_wconf 86' lang='lat' dir='ltr'>dicti</span> <span class='ocrx_word' id='word_1_166' title='bbox 763 1626 888 1660; x_wconf 85' lang='lat' dir='ltr'>Ordinis</span> <span class='ocrx_word' id='word_1_167' title='bbox 906 1627 1051 1661; x_wconf 90' lang='lat' dir='ltr'>ministro</span> 
     </span>
     <span class='ocr_line' id='line_1_33' title="bbox 309 1680 1052 1724; baseline 0.001 -11"><span class='ocrx_word' id='word_1_168' title='bbox 309 1680 465 1724; x_wconf 81' lang='lat' dir='ltr'>generali,</span> <span class='ocrx_word' id='word_1_169' title='bbox 491 1681 667 1721; x_wconf 86' lang='lat' dir='ltr'>celebrato,</span> <span class='ocrx_word' id='word_1_170' title='bbox 692 1680 825 1714; x_wconf 85' lang='lat' dir='ltr'>dilectus</span> <span class='ocrx_word' id='word_1_171' title='bbox 851 1681 944 1713; x_wconf 88' lang='lat' dir='ltr'>etiam</span> <span class='ocrx_word' id='word_1_172' title='bbox 969 1682 1052 1714; x_wconf 82' lang='lat' dir='ltr'>silius</span> 
     </span>
     <span class='ocr_line' id='line_1_34' title="bbox 311 1733 1052 1778; baseline 0.001 -12"><span class='ocrx_word' id='word_1_173' title='bbox 311 1733 443 1767; x_wconf 89' lang='lat' dir='ltr'>Ioannes</span> <span class='ocrx_word' id='word_1_174' title='bbox 459 1733 577 1773; x_wconf 71' lang='lat' dir='ltr'>manle,</span> <span class='ocrx_word' id='word_1_175' title='bbox 591 1733 666 1766; x_wconf 87' lang='lat' dir='ltr'>dicti</span> <span class='ocrx_word' id='word_1_176' title='bbox 683 1733 809 1767; x_wconf 80' lang='lat' dir='ltr'>Ordinis</span> <span class='ocrx_word' id='word_1_177' title='bbox 829 1735 1002 1778; x_wconf 79' lang='lat' dir='ltr'>professor,</span> <span class='ocrx_word' id='word_1_178' title='bbox 1021 1735 1052 1767; x_wconf 88' lang='lat' dir='ltr'>in</span> 
     </span>
     <span class='ocr_line' id='line_1_35' title="bbox 310 1787 1053 1831; baseline 0.001 -11"><span class='ocrx_word' id='word_1_179' title='bbox 310 1787 450 1820; x_wconf 88' lang='lat' dir='ltr'>eiusdem</span> <span class='ocrx_word' id='word_1_180' title='bbox 475 1787 657 1831; x_wconf 71' lang='lat' dir='ltr'>provinciae</span> <span class='ocrx_word' id='word_1_181' title='bbox 681 1787 859 1820; x_wconf 86' lang='lat' dir='ltr'>ministrum</span> <span class='ocrx_word' id='word_1_182' title='bbox 880 1787 1053 1831; x_wconf 74' lang='lat' dir='ltr'>provincia-</span> 
     </span>
     <span class='ocr_line' id='line_1_36' title="bbox 310 1841 1070 1886; baseline 0.003 -13"><span class='ocrx_word' id='word_1_183' title='bbox 310 1841 370 1874; x_wconf 88' lang='lat' dir='ltr'>lem</span> <span class='ocrx_word' id='word_1_184' title='bbox 397 1841 546 1875; x_wconf 87' lang='lat' dir='ltr'>canoniee</span> <span class='ocrx_word' id='word_1_185' title='bbox 569 1841 686 1874; x_wconf 87' lang='lat' dir='ltr'>electus</span> <span class='ocrx_word' id='word_1_186' title='bbox 701 1846 731 1874; x_wconf 87' lang='lat' dir='ltr'>et</span> <span class='ocrx_word' id='word_1_187' title='bbox 751 1841 917 1885; x_wconf 85' lang='lat' dir='ltr'>deputatus</span> <span class='ocrx_word' id='word_1_188' title='bbox 937 1843 1051 1886; x_wconf 82' lang='lat' dir='ltr'>fuerat)</span> <span class='ocrx_word' id='word_1_189' title='bbox 1069 1851 1070 1856; x_wconf 60' lang='lat'>¹</span> 
     </span>
     <span class='ocr_line' id='line_1_37' title="bbox 309 1894 1053 1939; baseline 0 -11"><span class='ocrx_word' id='word_1_190' title='bbox 309 1905 377 1935; x_wconf 91' lang='lat' dir='ltr'>nos,</span> <span class='ocrx_word' id='word_1_191' title='bbox 402 1894 476 1928; x_wconf 92' lang='lat' dir='ltr'>dicti</span> <span class='ocrx_word' id='word_1_192' title='bbox 501 1894 624 1927; x_wconf 86' lang='lat' dir='ltr'>Ioannis</span> <span class='ocrx_word' id='word_1_193' title='bbox 648 1894 802 1938; x_wconf 86' lang='lat' dir='ltr'>Baptistae</span> <span class='ocrx_word' id='word_1_194' title='bbox 820 1895 1053 1939; x_wconf 85' lang='lat' dir='ltr'>supplicationi-</span> 
     </span>
     <span class='ocr_line' id='line_1_38' title="bbox 309 1947 1052 1991; baseline 0.001 -10"><span class='ocrx_word' id='word_1_195' title='bbox 309 1948 368 1981; x_wconf 89' lang='lat' dir='ltr'>bus</span> <span class='ocrx_word' id='word_1_196' title='bbox 392 1950 430 1981; x_wconf 74' lang='lat' dir='ltr'>ea</span> <span class='ocrx_word' id='word_1_197' title='bbox 454 1948 485 1980; x_wconf 92' lang='lat' dir='ltr'>in</span> <span class='ocrx_word' id='word_1_198' title='bbox 504 1953 592 1991; x_wconf 86' lang='lat' dir='ltr'>parte</span> <span class='ocrx_word' id='word_1_199' title='bbox 610 1952 683 1980; x_wconf 90' lang='lat' dir='ltr'>tunc</span> <span class='ocrx_word' id='word_1_200' title='bbox 701 1947 852 1988; x_wconf 85' lang='lat' dir='ltr'>inclinati,</span> <span class='ocrx_word' id='word_1_201' title='bbox 867 1949 1052 1982; x_wconf 83' lang='lat' dir='ltr'>electionem</span> 
     </span>
     <span class='ocr_line' id='line_1_39' title="bbox 311 2001 1053 2046; baseline 0.001 -12"><span class='ocrx_word' id='word_1_202' title='bbox 311 2007 341 2035; x_wconf 90' lang='lat' dir='ltr'>et</span> <span class='ocrx_word' id='word_1_203' title='bbox 357 2001 593 2046; x_wconf 86' lang='lat' dir='ltr'>deputationem</span> <span class='ocrx_word' id='word_1_204' title='bbox 619 2001 795 2045; x_wconf 83' lang='lat' dir='ltr'>praedictas</span> <span class='ocrx_word' id='word_1_205' title='bbox 812 2012 869 2045; x_wconf 88' lang='lat' dir='ltr'>per</span> <span class='ocrx_word' id='word_1_206' title='bbox 882 2007 1005 2035; x_wconf 87' lang='lat' dir='ltr'>nostras</span> <span class='ocrx_word' id='word_1_207' title='bbox 1022 2003 1053 2035; x_wconf 90' lang='lat' dir='ltr'>in</span> 
     </span>
     <span class='ocr_line' id='line_1_40' title="bbox 310 2055 1053 2090; baseline 0.001 -2"><span class='ocrx_word' id='word_1_208' title='bbox 310 2055 405 2089; x_wconf 90' lang='lat' dir='ltr'>simili</span> <span class='ocrx_word' id='word_1_209' title='bbox 429 2056 531 2088; x_wconf 77' lang='lat' dir='ltr'>forma</span> <span class='ocrx_word' id='word_1_210' title='bbox 551 2055 658 2088; x_wconf 80' lang='lat' dir='ltr'>Brevis</span> <span class='ocrx_word' id='word_1_211' title='bbox 683 2056 740 2088; x_wconf 86' lang='lat' dir='ltr'>sub</span> <span class='ocrx_word' id='word_1_212' title='bbox 757 2056 807 2088; x_wconf 87' lang='lat' dir='ltr'>die</span> <span class='ocrx_word' id='word_1_213' title='bbox 824 2066 900 2090; x_wconf 66' lang='lat' dir='ltr'>xxm</span> <span class='ocrx_word' id='word_1_214' title='bbox 919 2056 1053 2089; x_wconf 88' lang='lat' dir='ltr'>ianuarii</span> 
     </span>
     <span class='ocr_line' id='line_1_41' title="bbox 309 2108 1054 2153; baseline 0 -10"><span class='ocrx_word' id='word_1_215' title='bbox 309 2120 466 2144; x_wconf 74' lang='lat' dir='ltr'>nncxxvn</span> <span class='ocrx_word' id='word_1_216' title='bbox 483 2109 642 2153; x_wconf 84' lang='lat' dir='ltr'>expeditas</span> <span class='ocrx_word' id='word_1_217' title='bbox 657 2108 794 2142; x_wconf 87' lang='lat' dir='ltr'>litteras¹</span> <span class='ocrx_word' id='word_1_218' title='bbox 812 2110 985 2153; x_wconf 78' lang='lat' dir='ltr'>apostolica</span> <span class='ocrx_word' id='word_1_219' title='bbox 1003 2120 1054 2143; x_wconf 89' lang='lat' dir='ltr'>au-</span> 
     </span>
     <span class='ocr_line' id='line_1_42' title="bbox 311 2163 1052 2207; baseline 0 -11"><span class='ocrx_word' id='word_1_220' title='bbox 311 2163 453 2197; x_wconf 89' lang='lat' dir='ltr'>ctoritate</span> <span class='ocrx_word' id='word_1_221' title='bbox 478 2163 721 2207; x_wconf 80' lang='lat' dir='ltr'>approbavimus</span> <span class='ocrx_word' id='word_1_222' title='bbox 739 2168 769 2196; x_wconf 91' lang='lat' dir='ltr'>et.</span> <span class='ocrx_word' id='word_1_223' title='bbox 785 2163 1052 2196; x_wconf 73' lang='lat' dir='ltr'>confirmavimus.</span> 
     </span>
     <span class='ocr_line' id='line_1_43' title="bbox 312 2215 1054 2260; baseline 0.001 -12"><span class='ocrx_word' id='word_1_224' title='bbox 312 2216 354 2249; x_wconf 78' lang='lat' dir='ltr'>Ae</span> <span class='ocrx_word' id='word_1_225' title='bbox 379 2215 507 2249; x_wconf 90' lang='lat' dir='ltr'>demum</span> <span class='ocrx_word' id='word_1_226' title='bbox 529 2217 598 2260; x_wconf 87' lang='lat' dir='ltr'>(per</span> <span class='ocrx_word' id='word_1_227' title='bbox 621 2226 678 2249; x_wconf 89' lang='lat' dir='ltr'>nos</span> <span class='ocrx_word' id='word_1_228' title='bbox 703 2222 842 2260; x_wconf 86' lang='lat' dir='ltr'>accepto,</span> <span class='ocrx_word' id='word_1_229' title='bbox 860 2217 945 2260; x_wconf 90' lang='lat' dir='ltr'>quod</span> <span class='ocrx_word' id='word_1_230' title='bbox 962 2227 1054 2250; x_wconf 74' lang='lat' dir='ltr'>vene-</span> 
     </span>
     <span class='ocr_line' id='line_1_44' title="bbox 311 2269 1053 2311; baseline 0.003 -9"><span class='ocrx_word' id='word_1_231' title='bbox 311 2269 426 2302; x_wconf 85' lang='lat' dir='ltr'>rabiles</span> <span class='ocrx_word' id='word_1_232' title='bbox 450 2270 562 2302; x_wconf 82' lang='lat' dir='ltr'>fratres</span> <span class='ocrx_word' id='word_1_233' title='bbox 586 2270 686 2303; x_wconf 88' lang='lat' dir='ltr'>nostri</span> <span class='ocrx_word' id='word_1_234' title='bbox 711 2271 739 2303; x_wconf 75' lang='lat' dir='ltr'>S.</span> <span class='ocrx_word' id='word_1_235' title='bbox 758 2272 792 2303; x_wconf 76' lang='lat' dir='ltr'>R.</span> <span class='ocrx_word' id='word_1_236' title='bbox 816 2271 848 2303; x_wconf 87' lang='lat' dir='ltr'>E.</span> <span class='ocrx_word' id='word_1_237' title='bbox 868 2270 1053 2311; x_wconf 80' lang='lat' dir='ltr'>cardinales,</span> 
     </span>
     <span class='ocr_line' id='line_1_45' title="bbox 310 2322 1072 2367; baseline 0.004 -13"><span class='ocrx_word' id='word_1_238' title='bbox 310 2322 445 2365; x_wconf 82' lang='lat' dir='ltr'>negotiis</span> <span class='ocrx_word' id='word_1_239' title='bbox 461 2323 654 2365; x_wconf 81' lang='lat' dir='ltr'>regularium</span> <span class='ocrx_word' id='word_1_240' title='bbox 672 2324 852 2367; x_wconf 86' lang='lat' dir='ltr'>praepositi,</span> <span class='ocrx_word' id='word_1_241' title='bbox 872 2324 989 2358; x_wconf 85' lang='lat' dir='ltr'>litteras</span> <span class='ocrx_word' id='word_1_242' title='bbox 1008 2335 1055 2357; x_wconf 88' lang='lat' dir='ltr'>re·</span> <span class='ocrx_word' id='word_1_243' title='bbox 1071 2348 1072 2351; x_wconf 20' lang='grc' dir='ltr'>η</span> 
     </span>
     <span class='ocr_line' id='line_1_46' title="bbox 312 2376 1054 2421; baseline 0.003 -12"><span class='ocrx_word' id='word_1_244' title='bbox 312 2376 474 2410; x_wconf 87' lang='lat' dir='ltr'>missorias</span> <span class='ocrx_word' id='word_1_245' title='bbox 498 2377 653 2421; x_wconf 75' lang='lat' dir='ltr'>aliquibus</span> <span class='ocrx_word' id='word_1_246' title='bbox 677 2378 828 2412; x_wconf 78' lang='lat' dir='ltr'>fratribus</span> <span class='ocrx_word' id='word_1_247' title='bbox 853 2377 977 2411; x_wconf 90' lang='lat' dir='ltr'>Ordinis</span> <span class='ocrx_word' id='word_1_248' title='bbox 998 2378 1054 2411; x_wconf 88' lang='lat' dir='ltr'>Mi-</span> 
     </span>
     <span class='ocr_line' id='line_1_47' title="bbox 311 2430 1051 2465; baseline 0.001 -1"><span class='ocrx_word' id='word_1_249' title='bbox 311 2441 427 2465; x_wconf 88' lang='lat' dir='ltr'>norum</span> <span class='ocrx_word' id='word_1_250' title='bbox 451 2431 480 2464; x_wconf 81' lang='lat' dir='ltr'>S.</span> <span class='ocrx_word' id='word_1_251' title='bbox 506 2430 664 2465; x_wconf 85' lang='lat' dir='ltr'>Francisci</span> <span class='ocrx_word' id='word_1_252' title='bbox 689 2431 727 2464; x_wconf 90' lang='lat' dir='ltr'>de</span> <span class='ocrx_word' id='word_1_253' title='bbox 751 2431 955 2465; x_wconf 78' lang='lat' dir='ltr'>Observantia</span> <span class='ocrx_word' id='word_1_254' title='bbox 980 2432 1051 2465; x_wconf 91' lang='lat' dir='ltr'>Dis-</span> 
     </span>
     <span class='ocr_line' id='line_1_48' title="bbox 312 2486 1056 2529; baseline -0.001 -9"><span class='ocrx_word' id='word_1_255' title='bbox 312 2486 523 2520; x_wconf 83' lang='lat' dir='ltr'>ealceatorum</span> <span class='ocrx_word' id='word_1_256' title='bbox 532 2491 784 2529; x_wconf 85' lang='lat' dir='ltr'>nuncupatorum</span> <span class='ocrx_word' id='word_1_257' title='bbox 797 2486 979 2529; x_wconf 79' lang='lat' dir='ltr'>provinciae</span> <span class='ocrx_word' id='word_1_258' title='bbox 989 2497 1056 2520; x_wconf 89' lang='lat' dir='ltr'>san-</span> 
     </span>
     <span class='ocr_line' id='line_1_49' title="bbox 312 2539 1054 2582; baseline 0.001 -9"><span class='ocrx_word' id='word_1_259' title='bbox 312 2539 354 2573; x_wconf 88' lang='lat' dir='ltr'>cti</span> <span class='ocrx_word' id='word_1_260' title='bbox 378 2539 501 2572; x_wconf 90' lang='lat' dir='ltr'>Ioannis</span> <span class='ocrx_word' id='word_1_261' title='bbox 525 2539 679 2582; x_wconf 79' lang='lat' dir='ltr'>Baptistae</span> <span class='ocrx_word' id='word_1_262' title='bbox 706 2539 738 2572; x_wconf 92' lang='lat' dir='ltr'>in</span> <span class='ocrx_word' id='word_1_263' title='bbox 762 2550 861 2582; x_wconf 81' lang='lat' dir='ltr'>regno</span> <span class='ocrx_word' id='word_1_264' title='bbox 887 2540 1054 2582; x_wconf 71' lang='lat' dir='ltr'>Valentiae,</span> 
     </span>
     <span class='ocr_line' id='line_1_50' title="bbox 313 2593 1055 2638; baseline 0.001 -11"><span class='ocrx_word' id='word_1_265' title='bbox 313 2593 352 2627; x_wconf 90' lang='lat' dir='ltr'>ad</span> <span class='ocrx_word' id='word_1_266' title='bbox 365 2593 512 2627; x_wconf 80' lang='lat' dir='ltr'>effectum</span> <span class='ocrx_word' id='word_1_267' title='bbox 526 2593 723 2626; x_wconf 83' lang='lat' dir='ltr'>examinandi</span> <span class='ocrx_word' id='word_1_268' title='bbox 740 2597 833 2627; x_wconf 86' lang='lat' dir='ltr'>testes</span> <span class='ocrx_word' id='word_1_269' title='bbox 847 2604 942 2638; x_wconf 88' lang='lat' dir='ltr'>super</span> <span class='ocrx_word' id='word_1_270' title='bbox 954 2595 1055 2628; x_wconf 89' lang='lat' dir='ltr'>tribus</span> 
     </span>
    </p>

    <p class='ocr_par' dir='ltr' id='par_1_10' title="bbox 348 2655 974 2691">
     <span class='ocr_line' id='line_1_51' title="bbox 348 2655 974 2691; baseline 0 -7"><span class='ocrx_word' id='word_1_271' title='bbox 348 2658 360 2684; x_wconf 84' lang='lat'>1</span> <span class='ocrx_word' id='word_1_272' title='bbox 379 2656 451 2687; x_wconf 85' lang='lat' dir='ltr'>Quae</span> <span class='ocrx_word' id='word_1_273' title='bbox 467 2656 494 2682; x_wconf 87' lang='lat' dir='ltr'>in</span> <span class='ocrx_word' id='word_1_274' title='bbox 508 2656 644 2684; x_wconf 78' lang='lat' dir='ltr'>Bullarz&#39;o</span> <span class='ocrx_word' id='word_1_275' title='bbox 659 2664 714 2683; x_wconf 89' lang='lat' dir='ltr'>non</span> <span class='ocrx_word' id='word_1_276' title='bbox 731 2655 857 2691; x_wconf 85' lang='lat' dir='ltr'>leguntur</span> <span class='ocrx_word' id='word_1_277' title='bbox 874 2656 909 2691; x_wconf 71' lang='lat' dir='ltr'>[R.</span> <span class='ocrx_word' id='word_1_278' title='bbox 925 2657 974 2691; x_wconf 86' lang='lat' dir='ltr'><strong>T.).</strong></span> 
     </span>
    </p>

    <p class='ocr_par' dir='ltr' id='par_1_11' title="bbox 430 2710 1005 2740">
     <span class='ocr_line' id='line_1_52' title="bbox 430 2710 1005 2740; baseline 0 -1"><span class='ocrx_word' id='word_1_279' title='bbox 430 2710 510 2739; x_wconf 76' lang='lat' dir='ltr'>Butl.</span> <span class='ocrx_word' id='word_1_280' title='bbox 525 2711 606 2740; x_wconf 83' lang='lat' dir='ltr'>Rom.</span> <span class='ocrx_word' id='word_1_281' title='bbox 622 2726 658 2732; x_wconf 97' lang='lat'>—</span> <span class='ocrx_word' id='word_1_282' title='bbox 676 2711 735 2740; x_wconf 81' lang='lat' dir='ltr'>Vol.</span> <span class='ocrx_word' id='word_1_283' title='bbox 751 2711 826 2739; x_wconf 90' lang='lat' dir='ltr'><em>XIV.</em></span> <span class='ocrx_word' id='word_1_284' title='bbox 973 2712 1005 2739; x_wconf 91' lang='lat'>17</span> 
     </span>
    </p>
   </div>
   <div class='ocr_carea' id='block_1_10' title="bbox 1064 294 1073 2643">
    <p class='ocr_par' dir='ltr' id='par_1_12' title="bbox 1064 294 1073 2643">
     <span class='ocr_line' id='line_1_53' title="bbox 1064 294 1073 2643; baseline 0 0"><span class='ocrx_word' id='word_1_285' title='bbox 1064 294 1073 2643; x_wconf 95' lang='lat' dir='ltr'> </span> 
     </span>
    </p>
   </div>
   <div class='ocr_carea' id='block_1_11' title="bbox 1081 228 1832 2691">
    <p class='ocr_par' dir='ltr' id='par_1_13' title="bbox 1081 228 1830 1616">
     <span class='ocr_line' id='line_1_54' title="bbox 1086 228 1797 261; baseline 0 0"><span class='ocrx_word' id='word_1_286' title='bbox 1086 238 1140 261; x_wconf 81' lang='lat' dir='ltr'>vni</span> <span class='ocrx_word' id='word_1_287' title='bbox 1166 238 1213 261; x_wconf 67' lang='lat'>1¹1³.</span> <span class='ocrx_word' id='word_1_288' title='bbox 1738 228 1797 261; x_wconf 65' lang='lat'>12¹.)</span> 
     </span>
     <span class='ocr_line' id='line_1_55' title="bbox 1081 285 1825 330; baseline -0.001 -11"><span class='ocrx_word' id='word_1_289' title='bbox 1081 286 1238 328; x_wconf 82' lang='lat' dir='ltr'>articulis,</span> <span class='ocrx_word' id='word_1_290' title='bbox 1264 291 1504 326; x_wconf 78' lang='lat' dir='ltr'>concesserant,</span> <span class='ocrx_word' id='word_1_291' title='bbox 1536 291 1631 330; x_wconf 87' lang='lat' dir='ltr'>prout</span> <span class='ocrx_word' id='word_1_292' title='bbox 1657 285 1686 318; x_wconf 91' lang='lat' dir='ltr'>in</span> <span class='ocrx_word' id='word_1_293' title='bbox 1712 285 1825 318; x_wconf 75' lang='lat' dir='ltr'>litteris</span> 
     </span>
     <span class='ocr_line' id='line_1_56' title="bbox 1082 339 1824 379; baseline 0.001 -8"><span class='ocrx_word' id='word_1_294' title='bbox 1082 340 1273 373; x_wconf 86' lang='lat' dir='ltr'>remissoriis</span> <span class='ocrx_word' id='word_1_295' title='bbox 1291 340 1470 373; x_wconf 88' lang='lat' dir='ltr'>huiusmodi</span> <span class='ocrx_word' id='word_1_296' title='bbox 1494 339 1728 379; x_wconf 70' lang='lat' dir='ltr'>continebatur&gt;</span> <span class='ocrx_word' id='word_1_297' title='bbox 1753 350 1824 379; x_wconf 80' lang='lat' dir='ltr'>nos,</span> 
     </span>
     <span class='ocr_line' id='line_1_57' title="bbox 1082 393 1825 433; baseline 0 -8"><span class='ocrx_word' id='word_1_298' title='bbox 1082 393 1120 426; x_wconf 84' lang='lat' dir='ltr'>de</span> <span class='ocrx_word' id='word_1_299' title='bbox 1137 394 1322 427; x_wconf 86' lang='lat' dir='ltr'>corumdem</span> <span class='ocrx_word' id='word_1_300' title='bbox 1340 394 1548 426; x_wconf 84' lang='lat' dir='ltr'>cardinalium</span> <span class='ocrx_word' id='word_1_301' title='bbox 1566 393 1708 433; x_wconf 89' lang='lat' dir='ltr'>consilio,</span> <span class='ocrx_word' id='word_1_302' title='bbox 1726 398 1825 427; x_wconf 76' lang='lat' dir='ltr'>stante</span> 
     </span>
     <span class='ocr_line' id='line_1_58' title="bbox 1082 447 1824 490; baseline 0 -12"><span class='ocrx_word' id='word_1_303' title='bbox 1082 457 1238 480; x_wconf 85' lang='lat' dir='ltr'>consensu</span> <span class='ocrx_word' id='word_1_304' title='bbox 1264 453 1508 490; x_wconf 85' lang='lat' dir='ltr'>procuratorum</span> <span class='ocrx_word' id='word_1_305' title='bbox 1529 447 1694 490; x_wconf 80' lang='lat' dir='ltr'>utriusque</span> <span class='ocrx_word' id='word_1_306' title='bbox 1716 447 1824 490; x_wconf 70' lang='lat' dir='ltr'>partis,</span> 
     </span>
     <span class='ocr_line' id='line_1_59' title="bbox 1083 500 1826 543; baseline 0 -11"><span class='ocrx_word' id='word_1_307' title='bbox 1083 506 1171 533; x_wconf 89' lang='lat' dir='ltr'>motu</span> <span class='ocrx_word' id='word_1_308' title='bbox 1203 501 1354 543; x_wconf 80' lang='lat' dir='ltr'>proprio,</span> <span class='ocrx_word' id='word_1_309' title='bbox 1380 505 1409 533; x_wconf 86' lang='lat' dir='ltr'>et</span> <span class='ocrx_word' id='word_1_310' title='bbox 1435 511 1471 532; x_wconf 80' lang='lat' dir='ltr'>ex</span> <span class='ocrx_word' id='word_1_311' title='bbox 1501 503 1587 534; x_wconf 67' lang='lat' dir='ltr'>certa</span> <span class='ocrx_word' id='word_1_312' title='bbox 1617 500 1765 541; x_wconf 74' lang='lat' dir='ltr'>scientia,</span> <span class='ocrx_word' id='word_1_313' title='bbox 1791 512 1826 533; x_wconf 80' lang='lat' dir='ltr'>ac</span> 
     </span>
     <span class='ocr_line' id='line_1_60' title="bbox 1082 553 1827 595; baseline 0 -9"><span class='ocrx_word' id='word_1_314' title='bbox 1082 555 1207 586; x_wconf 73' lang='lat' dir='ltr'>matura</span> <span class='ocrx_word' id='word_1_315' title='bbox 1232 553 1458 587; x_wconf 70' lang='lat' dir='ltr'>deliberatione</span> <span class='ocrx_word' id='word_1_316' title='bbox 1483 554 1610 595; x_wconf 89' lang='lat' dir='ltr'>nostris,</span> <span class='ocrx_word' id='word_1_317' title='bbox 1636 554 1720 587; x_wconf 84' lang='lat' dir='ltr'>circa</span> <span class='ocrx_word' id='word_1_318' title='bbox 1736 554 1827 587; x_wconf 88' lang='lat' dir='ltr'>nulli-</span> 
     </span>
     <span class='ocr_line' id='line_1_61' title="bbox 1084 607 1825 650; baseline 0.003 -11"><span class='ocrx_word' id='word_1_319' title='bbox 1084 611 1159 640; x_wconf 87' lang='lat' dir='ltr'>tatcs</span> <span class='ocrx_word' id='word_1_320' title='bbox 1184 607 1404 640; x_wconf 83' lang='lat' dir='ltr'>celebrationis</span> <span class='ocrx_word' id='word_1_321' title='bbox 1422 607 1548 650; x_wconf 82' lang='lat' dir='ltr'>capituli</span> <span class='ocrx_word' id='word_1_322' title='bbox 1567 607 1663 639; x_wconf 87' lang='lat' dir='ltr'>habiti</span> <span class='ocrx_word' id='word_1_323' title='bbox 1687 607 1735 639; x_wconf 88' lang='lat' dir='ltr'>die</span> <span class='ocrx_word' id='word_1_324' title='bbox 1761 618 1825 641; x_wconf 63' lang='lat' dir='ltr'>xxti</span> 
     </span>
     <span class='ocr_line' id='line_1_62' title="bbox 1083 660 1826 694; baseline 0.003 -2"><span class='ocrx_word' id='word_1_325' title='bbox 1083 660 1157 692; x_wconf 84' lang='lat' dir='ltr'>maii</span> <span class='ocrx_word' id='word_1_326' title='bbox 1183 660 1254 692; x_wconf 87' lang='lat' dir='ltr'>anni</span> <span class='ocrx_word' id='word_1_327' title='bbox 1281 670 1421 693; x_wconf 56' lang='lat' dir='ltr'>›mcxxi-1</span> <span class='ocrx_word' id='word_1_328' title='bbox 1443 660 1474 692; x_wconf 90' lang='lat' dir='ltr'>in</span> <span class='ocrx_word' id='word_1_329' title='bbox 1491 661 1644 694; x_wconf 85' lang='lat' dir='ltr'>coenobio</span> <span class='ocrx_word' id='word_1_330' title='bbox 1663 661 1693 693; x_wconf 90' lang='lat' dir='ltr'>B.</span> <span class='ocrx_word' id='word_1_331' title='bbox 1711 661 1826 694; x_wconf 85' lang='lat' dir='ltr'>Mariae</span> 
     </span>
     <span class='ocr_line' id='line_1_63' title="bbox 1082 713 1827 758; baseline 0 -11"><span class='ocrx_word' id='word_1_332' title='bbox 1082 713 1266 747; x_wconf 86' lang='lat' dir='ltr'>Solitudinis</span> <span class='ocrx_word' id='word_1_333' title='bbox 1291 713 1329 746; x_wconf 83' lang='lat' dir='ltr'>(lc</span> <span class='ocrx_word' id='word_1_334' title='bbox 1357 714 1385 745; x_wconf 92' lang='lat' dir='ltr'>la</span> <span class='ocrx_word' id='word_1_335' title='bbox 1411 714 1503 753; x_wconf 86' lang='lat' dir='ltr'>lana,</span> <span class='ocrx_word' id='word_1_336' title='bbox 1529 714 1725 757; x_wconf 88' lang='lat' dir='ltr'>supradictae</span> <span class='ocrx_word' id='word_1_337' title='bbox 1753 725 1827 758; x_wconf 87' lang='lat' dir='ltr'>pro-</span> 
     </span>
     <span class='ocr_line' id='line_1_64' title="bbox 1083 766 1827 811; baseline 0.001 -13"><span class='ocrx_word' id='word_1_338' title='bbox 1083 766 1212 808; x_wconf 79' lang='lat' dir='ltr'>vinciae,</span> <span class='ocrx_word' id='word_1_339' title='bbox 1238 766 1411 810; x_wconf 70' lang='lat' dir='ltr'>apostolica</span> <span class='ocrx_word' id='word_1_340' title='bbox 1431 767 1617 799; x_wconf 86' lang='lat' dir='ltr'>auctoritate</span> <span class='ocrx_word' id='word_1_341' title='bbox 1637 772 1827 811; x_wconf 66' lang='lat' dir='ltr'>perpetuui‘u</span> 
     </span>
     <span class='ocr_line' id='line_1_65' title="bbox 1083 820 1827 864; baseline 0 -11"><span class='ocrx_word' id='word_1_342' title='bbox 1083 820 1243 853; x_wconf 86' lang='lat' dir='ltr'>silentium</span> <span class='ocrx_word' id='word_1_343' title='bbox 1265 820 1489 863; x_wconf 81' lang='lat' dir='ltr'>imposuimus3</span> <span class='ocrx_word' id='word_1_344' title='bbox 1509 820 1683 853; x_wconf 85' lang='lat' dir='ltr'>inhibentes</span> <span class='ocrx_word' id='word_1_345' title='bbox 1700 826 1827 864; x_wconf 76' lang='lat' dir='ltr'>propte-</span> 
     </span>
     <span class='ocr_line' id='line_1_66' title="bbox 1083 873 1828 918; baseline 0 -11"><span class='ocrx_word' id='word_1_346' title='bbox 1083 885 1136 907; x_wconf 83' lang='lat' dir='ltr'>rea</span> <span class='ocrx_word' id='word_1_347' title='bbox 1161 874 1307 907; x_wconf 90' lang='lat' dir='ltr'>omnibus</span> <span class='ocrx_word' id='word_1_348' title='bbox 1332 879 1360 907; x_wconf 92' lang='lat' dir='ltr'>et</span> <span class='ocrx_word' id='word_1_349' title='bbox 1386 874 1517 917; x_wconf 71' lang='lat' dir='ltr'>singulis</span> <span class='ocrx_word' id='word_1_350' title='bbox 1542 873 1681 907; x_wconf 86' lang='lat' dir='ltr'>eiusdem</span> <span class='ocrx_word' id='word_1_351' title='bbox 1704 875 1828 918; x_wconf 72' lang='lat' dir='ltr'>proriu-</span> 
     </span>
     <span class='ocr_line' id='line_1_67' title="bbox 1083 927 1827 971; baseline 0 -10"><span class='ocrx_word' id='word_1_352' title='bbox 1083 928 1203 961; x_wconf 70' lang='lat' dir='ltr'>vinciac</span> <span class='ocrx_word' id='word_1_353' title='bbox 1227 928 1387 969; x_wconf 85' lang='lat' dir='ltr'>fratribus,</span> <span class='ocrx_word' id='word_1_354' title='bbox 1409 927 1636 971; x_wconf 86' lang='lat' dir='ltr'>cuiuscumque</span> <span class='ocrx_word' id='word_1_355' title='bbox 1661 928 1777 970; x_wconf 72' lang='lat' dir='ltr'>gradus</span> <span class='ocrx_word' id='word_1_356' title='bbox 1798 934 1827 961; x_wconf 83' lang='lat' dir='ltr'>et</span> 
     </span>
     <span class='ocr_line' id='line_1_68' title="bbox 1083 981 1828 1025; baseline 0.001 -11"><span class='ocrx_word' id='word_1_357' title='bbox 1083 982 1271 1016; x_wconf 87' lang='lat' dir='ltr'>conditionis</span> <span class='ocrx_word' id='word_1_358' title='bbox 1296 981 1485 1021; x_wconf 81' lang='lat' dir='ltr'>existerent,</span> <span class='ocrx_word' id='word_1_359' title='bbox 1511 981 1568 1014; x_wconf 90' lang='lat' dir='ltr'>sub</span> <span class='ocrx_word' id='word_1_360' title='bbox 1600 984 1702 1025; x_wconf 72' lang='lat' dir='ltr'>poena</span> <span class='ocrx_word' id='word_1_361' title='bbox 1727 982 1828 1025; x_wconf 73' lang='lat' dir='ltr'>priva-</span> 
     </span>
     <span class='ocr_line' id='line_1_69' title="bbox 1084 1035 1828 1079; baseline -0.001 -9"><span class='ocrx_word' id='word_1_362' title='bbox 1084 1036 1176 1070; x_wconf 87' lang='lat' dir='ltr'>tionis</span> <span class='ocrx_word' id='word_1_363' title='bbox 1201 1035 1377 1069; x_wconf 84' lang='lat' dir='ltr'>officiorum</span> <span class='ocrx_word' id='word_1_364' title='bbox 1402 1045 1481 1079; x_wconf 87' lang='lat' dir='ltr'>quae</span> <span class='ocrx_word' id='word_1_365' title='bbox 1498 1040 1572 1068; x_wconf 86' lang='lat' dir='ltr'>tunc</span> <span class='ocrx_word' id='word_1_366' title='bbox 1590 1036 1779 1075; x_wconf 85' lang='lat' dir='ltr'>obtinerent,</span> <span class='ocrx_word' id='word_1_367' title='bbox 1799 1042 1828 1069; x_wconf 85' lang='lat' dir='ltr'>ct</span> 
     </span>
     <span class='ocr_line' id='line_1_70' title="bbox 1084 1089 1829 1123; baseline -0.001 -1"><span class='ocrx_word' id='word_1_368' title='bbox 1084 1090 1288 1123; x_wconf 84' lang='lat' dir='ltr'>inhabilitatis</span> <span class='ocrx_word' id='word_1_369' title='bbox 1320 1090 1358 1122; x_wconf 85' lang='lat' dir='ltr'>ad</span> <span class='ocrx_word' id='word_1_370' title='bbox 1387 1095 1490 1123; x_wconf 89' lang='lat' dir='ltr'>cetera</span> <span class='ocrx_word' id='word_1_371' title='bbox 1521 1090 1553 1122; x_wconf 91' lang='lat' dir='ltr'>in</span> <span class='ocrx_word' id='word_1_372' title='bbox 1577 1089 1717 1122; x_wconf 88' lang='lat' dir='ltr'>futurum</span> <span class='ocrx_word' id='word_1_373' title='bbox 1751 1089 1829 1122; x_wconf 89' lang='lat' dir='ltr'>obti-</span> 
     </span>
     <span class='ocr_line' id='line_1_71' title="bbox 1084 1144 1829 1188; baseline 0 -12"><span class='ocrx_word' id='word_1_374' title='bbox 1084 1144 1206 1184; x_wconf 89' lang='lat' dir='ltr'>nenda,</span> <span class='ocrx_word' id='word_1_375' title='bbox 1231 1154 1269 1176; x_wconf 88' lang='lat' dir='ltr'>ne</span> <span class='ocrx_word' id='word_1_376' title='bbox 1294 1144 1359 1177; x_wconf 90' lang='lat' dir='ltr'>ullo</span> <span class='ocrx_word' id='word_1_377' title='bbox 1384 1154 1533 1187; x_wconf 86' lang='lat' dir='ltr'>umquam</span> <span class='ocrx_word' id='word_1_378' title='bbox 1565 1149 1707 1187; x_wconf 85' lang='lat' dir='ltr'>tempore</span> <span class='ocrx_word' id='word_1_379' title='bbox 1733 1154 1829 1188; x_wconf 88' lang='lat' dir='ltr'>super</span> 
     </span>
     <span class='ocr_line' id='line_1_72' title="bbox 1084 1197 1829 1241; baseline -0.001 -10"><span class='ocrx_word' id='word_1_380' title='bbox 1084 1198 1291 1231; x_wconf 83' lang='lat' dir='ltr'>electionibus</span> <span class='ocrx_word' id='word_1_381' title='bbox 1315 1198 1345 1230; x_wconf 91' lang='lat' dir='ltr'>in</span> <span class='ocrx_word' id='word_1_382' title='bbox 1371 1198 1480 1231; x_wconf 89' lang='lat' dir='ltr'>eodem</span> <span class='ocrx_word' id='word_1_383' title='bbox 1505 1197 1640 1241; x_wconf 90' lang='lat' dir='ltr'>capitulo</span> <span class='ocrx_word' id='word_1_384' title='bbox 1664 1197 1752 1230; x_wconf 83' lang='lat' dir='ltr'>sactis</span> <span class='ocrx_word' id='word_1_385' title='bbox 1776 1198 1829 1230; x_wconf 89' lang='lat' dir='ltr'>ali-</span> 
     </span>
     <span class='ocr_line' id='line_1_73' title="bbox 1084 1251 1828 1295; baseline 0 -11"><span class='ocrx_word' id='word_1_386' title='bbox 1084 1262 1162 1295; x_wconf 85' lang='lat' dir='ltr'>quas</span> <span class='ocrx_word' id='word_1_387' title='bbox 1193 1251 1262 1284; x_wconf 89' lang='lat' dir='ltr'>lites</span> <span class='ocrx_word' id='word_1_388' title='bbox 1292 1261 1347 1284; x_wconf 88' lang='lat' dir='ltr'>seu</span> <span class='ocrx_word' id='word_1_389' title='bbox 1374 1251 1604 1284; x_wconf 76' lang='lat' dir='ltr'>controversias</span> <span class='ocrx_word' id='word_1_390' title='bbox 1629 1261 1757 1284; x_wconf 75' lang='lat' dir='ltr'>morere</span> <span class='ocrx_word' id='word_1_391' title='bbox 1782 1252 1828 1284; x_wconf 74' lang='lat' dir='ltr'>rel</span> 
     </span>
     <span class='ocr_line' id='line_1_74' title="bbox 1085 1304 1830 1349; baseline 0.001 -12"><span class='ocrx_word' id='word_1_392' title='bbox 1085 1305 1233 1349; x_wconf 84' lang='lat' dir='ltr'>prosequi</span> <span class='ocrx_word' id='word_1_393' title='bbox 1252 1305 1476 1349; x_wconf 88' lang='lat' dir='ltr'>quoquomodo</span> <span class='ocrx_word' id='word_1_394' title='bbox 1497 1304 1650 1337; x_wconf 86' lang='lat' dir='ltr'>auderent</span> <span class='ocrx_word' id='word_1_395' title='bbox 1670 1305 1717 1337; x_wconf 86' lang='lat' dir='ltr'>vel</span> <span class='ocrx_word' id='word_1_396' title='bbox 1742 1315 1830 1348; x_wconf 79' lang='lat' dir='ltr'>prae-</span> 
     </span>
     <span class='ocr_line' id='line_1_75' title="bbox 1085 1358 1826 1402; baseline 0 -11"><span class='ocrx_word' id='word_1_397' title='bbox 1085 1363 1257 1398; x_wconf 84' lang='lat' dir='ltr'>sumerent,</span> <span class='ocrx_word' id='word_1_398' title='bbox 1282 1364 1311 1391; x_wconf 86' lang='lat' dir='ltr'>et</span> <span class='ocrx_word' id='word_1_399' title='bbox 1335 1359 1410 1391; x_wconf 79' lang='lat' dir='ltr'>alias</span> <span class='ocrx_word' id='word_1_400' title='bbox 1435 1364 1529 1402; x_wconf 84' lang='lat' dir='ltr'>prout</span> <span class='ocrx_word' id='word_1_401' title='bbox 1553 1358 1584 1390; x_wconf 88' lang='lat' dir='ltr'>in</span> <span class='ocrx_word' id='word_1_402' title='bbox 1609 1358 1741 1391; x_wconf 72' lang='lat' dir='ltr'>diversis</span> <span class='ocrx_word' id='word_1_403' title='bbox 1766 1368 1826 1391; x_wconf 92' lang='lat' dir='ltr'>no-</span> 
     </span>
     <span class='ocr_line' id='line_1_76' title="bbox 1085 1412 1830 1455; baseline 0 -11"><span class='ocrx_word' id='word_1_404' title='bbox 1085 1413 1157 1444; x_wconf 85' lang='lat' dir='ltr'>stris</span> <span class='ocrx_word' id='word_1_405' title='bbox 1182 1412 1214 1444; x_wconf 88' lang='lat' dir='ltr'>in</span> <span class='ocrx_word' id='word_1_406' title='bbox 1238 1412 1347 1446; x_wconf 76' lang='lat' dir='ltr'>eadem</span> <span class='ocrx_word' id='word_1_407' title='bbox 1372 1412 1473 1445; x_wconf 80' lang='lat' dir='ltr'>forma</span> <span class='ocrx_word' id='word_1_408' title='bbox 1492 1412 1598 1444; x_wconf 87' lang='lat' dir='ltr'>Brevis</span> <span class='ocrx_word' id='word_1_409' title='bbox 1615 1412 1766 1455; x_wconf 76' lang='lat' dir='ltr'>expeditis</span> <span class='ocrx_word' id='word_1_410' title='bbox 1785 1412 1830 1444; x_wconf 88' lang='lat' dir='ltr'>lit-</span> 
     </span>
     <span class='ocr_line' id='line_1_77' title="bbox 1086 1466 1828 1509; baseline 0 -12"><span class='ocrx_word' id='word_1_411' title='bbox 1086 1466 1182 1507; x_wconf 86' lang='lat' dir='ltr'>teris,</span> <span class='ocrx_word' id='word_1_412' title='bbox 1209 1476 1344 1509; x_wconf 86' lang='lat' dir='ltr'>quarum</span> <span class='ocrx_word' id='word_1_413' title='bbox 1376 1471 1501 1498; x_wconf 86' lang='lat' dir='ltr'>tenores</span> <span class='ocrx_word' id='word_1_414' title='bbox 1525 1466 1745 1508; x_wconf 84' lang='lat' dir='ltr'>praesentibus</span> <span class='ocrx_word' id='word_1_415' title='bbox 1770 1475 1828 1508; x_wconf 88' lang='lat' dir='ltr'>pro</span> 
     </span>
     <span class='ocr_line' id='line_1_78' title="bbox 1085 1518 1829 1562; baseline 0.001 -12"><span class='ocrx_word' id='word_1_416' title='bbox 1085 1519 1181 1562; x_wconf 36' lang='lat' dir='ltr'>plene,</span> <span class='ocrx_word' id='word_1_417' title='bbox 1201 1524 1229 1551; x_wconf 89' lang='lat' dir='ltr'>et</span> <span class='ocrx_word' id='word_1_418' title='bbox 1256 1519 1447 1552; x_wconf 84' lang='lat' dir='ltr'>sufficienter</span> <span class='ocrx_word' id='word_1_419' title='bbox 1472 1518 1630 1562; x_wconf 76' lang='lat' dir='ltr'>expressis</span> <span class='ocrx_word' id='word_1_420' title='bbox 1651 1522 1679 1552; x_wconf 89' lang='lat' dir='ltr'>et</span> <span class='ocrx_word' id='word_1_421' title='bbox 1704 1518 1829 1551; x_wconf 87' lang='lat' dir='ltr'>insertis</span> 
     </span>
     <span class='ocr_line' id='line_1_79' title="bbox 1086 1572 1761 1616; baseline 0 -12"><span class='ocrx_word' id='word_1_422' title='bbox 1086 1572 1194 1605; x_wconf 87' lang='lat' dir='ltr'>haberi</span> <span class='ocrx_word' id='word_1_423' title='bbox 1221 1573 1381 1613; x_wconf 69' lang='lat' dir='ltr'>volumus,</span> <span class='ocrx_word' id='word_1_424' title='bbox 1407 1572 1529 1616; x_wconf 86' lang='lat' dir='ltr'>plenius</span> <span class='ocrx_word' id='word_1_425' title='bbox 1555 1572 1761 1606; x_wconf 72' lang='lat' dir='ltr'>continebit-¹.</span> 
     </span>
    </p>

    <p class='ocr_par' dir='ltr' id='par_1_14' title="bbox 1086 1625 1832 2635">
     <span class='ocr_line' id='line_1_80' title="bbox 1130 1625 1829 1671; baseline -0.001 -12"><span class='ocrx_word' id='word_1_426' title='bbox 1130 1628 1145 1671; x_wconf 62' lang='grc' dir='ltr'><strong>ξ</strong></span> <span class='ocrx_word' id='word_1_427' title='bbox 1170 1627 1198 1659; x_wconf 93' lang='grc'>7.</span> <span class='ocrx_word' id='word_1_428' title='bbox 1225 1627 1302 1660; x_wconf 87' lang='lat' dir='ltr'>Cum</span> <span class='ocrx_word' id='word_1_429' title='bbox 1328 1631 1431 1659; x_wconf 88' lang='lat' dir='ltr'>autem</span> <span class='ocrx_word' id='word_1_430' title='bbox 1447 1653 1454 1666; x_wconf 84' lang='lat'>,</span> <span class='ocrx_word' id='word_1_431' title='bbox 1480 1626 1558 1659; x_wconf 88' lang='lat' dir='ltr'>sicut</span> <span class='ocrx_word' id='word_1_432' title='bbox 1591 1626 1695 1658; x_wconf 89' lang='lat' dir='ltr'>denuo</span> <span class='ocrx_word' id='word_1_433' title='bbox 1727 1625 1829 1658; x_wconf 87' lang='lat' dir='ltr'>dictus</span> 
     </span>
     <span class='ocr_line' id='line_1_81' title="bbox 1086 1679 1829 1724; baseline -0.003 -10"><span class='ocrx_word' id='word_1_434' title='bbox 1086 1682 1216 1715; x_wconf 88' lang='lat' dir='ltr'>Ioannes</span> <span class='ocrx_word' id='word_1_435' title='bbox 1241 1680 1379 1724; x_wconf 87' lang='lat' dir='ltr'>Baptista</span> <span class='ocrx_word' id='word_1_436' title='bbox 1392 1679 1482 1713; x_wconf 70' lang='lat' dir='ltr'>nohis</span> <span class='ocrx_word' id='word_1_437' title='bbox 1497 1690 1599 1723; x_wconf 86' lang='lat' dir='ltr'>nuper</span> <span class='ocrx_word' id='word_1_438' title='bbox 1617 1679 1731 1723; x_wconf 79' lang='lat' dir='ltr'>exponi</span> <span class='ocrx_word' id='word_1_439' title='bbox 1747 1680 1829 1719; x_wconf 82' lang='lat' dir='ltr'>fecit,</span> 
     </span>
     <span class='ocr_line' id='line_1_82' title="bbox 1087 1733 1831 1768; baseline -0.003 -1"><span class='ocrx_word' id='word_1_440' title='bbox 1087 1737 1155 1768; x_wconf 70' lang='lat' dir='ltr'>orta</span> <span class='ocrx_word' id='word_1_441' title='bbox 1180 1733 1312 1767; x_wconf 86' lang='lat' dir='ltr'>subinde</span> <span class='ocrx_word' id='word_1_442' title='bbox 1337 1733 1418 1766; x_wconf 89' lang='lat' dir='ltr'>inter</span> <span class='ocrx_word' id='word_1_443' title='bbox 1443 1733 1590 1766; x_wconf 87' lang='lat' dir='ltr'>dilectum</span> <span class='ocrx_word' id='word_1_444' title='bbox 1613 1733 1712 1765; x_wconf 87' lang='lat' dir='ltr'>silium</span> <span class='ocrx_word' id='word_1_445' title='bbox 1745 1734 1831 1766; x_wconf 86' lang='lat' dir='ltr'>Ioan-</span> 
     </span>
     <span class='ocr_line' id='line_1_83' title="bbox 1087 1786 1830 1827; baseline -0.001 -7"><span class='ocrx_word' id='word_1_446' title='bbox 1087 1799 1159 1821; x_wconf 88' lang='lat' dir='ltr'>nem</span> <span class='ocrx_word' id='word_1_447' title='bbox 1184 1798 1201 1820; x_wconf 84' lang='lat' dir='ltr'>a</span> <span class='ocrx_word' id='word_1_448' title='bbox 1225 1787 1254 1820; x_wconf 77' lang='lat' dir='ltr'>S.</span> <span class='ocrx_word' id='word_1_449' title='bbox 1280 1787 1486 1827; x_wconf 89' lang='lat' dir='ltr'>Bernardino,</span> <span class='ocrx_word' id='word_1_450' title='bbox 1507 1792 1582 1819; x_wconf 86' lang='lat' dir='ltr'>tunc</span> <span class='ocrx_word' id='word_1_451' title='bbox 1606 1786 1681 1819; x_wconf 90' lang='lat' dir='ltr'>dicti</span> <span class='ocrx_word' id='word_1_452' title='bbox 1705 1786 1830 1820; x_wconf 90' lang='lat' dir='ltr'>Ordinis</span> 
     </span>
     <span class='ocr_line' id='line_1_84' title="bbox 1087 1840 1831 1875; baseline -0.003 0"><span class='ocrx_word' id='word_1_453' title='bbox 1087 1843 1244 1875; x_wconf 81' lang='lat' dir='ltr'>Minorum</span> <span class='ocrx_word' id='word_1_454' title='bbox 1261 1841 1290 1874; x_wconf 84' lang='lat' dir='ltr'>S.</span> <span class='ocrx_word' id='word_1_455' title='bbox 1304 1840 1463 1874; x_wconf 86' lang='lat' dir='ltr'>Francisci</span> <span class='ocrx_word' id='word_1_456' title='bbox 1480 1840 1518 1873; x_wconf 88' lang='lat' dir='ltr'>de</span> <span class='ocrx_word' id='word_1_457' title='bbox 1536 1840 1739 1874; x_wconf 75' lang='lat' dir='ltr'>Observantia</span> <span class='ocrx_word' id='word_1_458' title='bbox 1756 1851 1831 1873; x_wconf 92' lang='lat' dir='ltr'>nun-</span> 
     </span>
     <span class='ocr_line' id='line_1_85' title="bbox 1088 1895 1831 1939; baseline -0.001 -11"><span class='ocrx_word' id='word_1_459' title='bbox 1088 1899 1275 1939; x_wconf 87' lang='lat' dir='ltr'>cupatorum</span> <span class='ocrx_word' id='word_1_460' title='bbox 1300 1900 1541 1938; x_wconf 85' lang='lat' dir='ltr'>procuratorem</span> <span class='ocrx_word' id='word_1_461' title='bbox 1567 1895 1768 1938; x_wconf 79' lang='lat' dir='ltr'>generalem,</span> <span class='ocrx_word' id='word_1_462' title='bbox 1789 1895 1831 1939; x_wconf 84' lang='lat' dir='ltr'>ip-</span> 
     </span>
     <span class='ocr_line' id='line_1_86' title="bbox 1087 1948 1831 1993; baseline 0 -11"><span class='ocrx_word' id='word_1_463' title='bbox 1087 1960 1220 1993; x_wconf 87' lang='lat' dir='ltr'>sumque</span> <span class='ocrx_word' id='word_1_464' title='bbox 1244 1950 1392 1982; x_wconf 85' lang='lat' dir='ltr'>loannem</span> <span class='ocrx_word' id='word_1_465' title='bbox 1416 1949 1606 1993; x_wconf 83' lang='lat' dir='ltr'>Baptistam,</span> <span class='ocrx_word' id='word_1_466' title='bbox 1632 1954 1662 1981; x_wconf 89' lang='lat' dir='ltr'>et</span> <span class='ocrx_word' id='word_1_467' title='bbox 1686 1948 1763 1982; x_wconf 89' lang='lat' dir='ltr'>alios</span> <span class='ocrx_word' id='word_1_468' title='bbox 1788 1949 1831 1982; x_wconf 89' lang='lat' dir='ltr'>di-</span> 
     </span>
     <span class='ocr_line' id='line_1_87' title="bbox 1088 2003 1831 2047; baseline -0.003 -10"><span class='ocrx_word' id='word_1_469' title='bbox 1088 2009 1154 2037; x_wconf 88' lang='lat' dir='ltr'>ctae</span> <span class='ocrx_word' id='word_1_470' title='bbox 1178 2003 1359 2047; x_wconf 66' lang='lat' dir='ltr'>provinciae</span> <span class='ocrx_word' id='word_1_471' title='bbox 1383 2004 1495 2036; x_wconf 82' lang='lat' dir='ltr'>fratres</span> <span class='ocrx_word' id='word_1_472' title='bbox 1516 2014 1553 2036; x_wconf 80' lang='lat' dir='ltr'>ex</span> <span class='ocrx_word' id='word_1_473' title='bbox 1581 2005 1654 2043; x_wconf 76' lang='lat' dir='ltr'>una,</span> <span class='ocrx_word' id='word_1_474' title='bbox 1673 2013 1707 2036; x_wconf 87' lang='lat' dir='ltr'>ae</span> <span class='ocrx_word' id='word_1_475' title='bbox 1733 2013 1831 2046; x_wconf 90' lang='lat' dir='ltr'>quon-</span> 
     </span>
     <span class='ocr_line' id='line_1_88' title="bbox 1088 2056 1830 2090; baseline -0.003 0"><span class='ocrx_word' id='word_1_476' title='bbox 1088 2057 1159 2090; x_wconf 83' lang='lat' dir='ltr'>dam</span> <span class='ocrx_word' id='word_1_477' title='bbox 1185 2057 1333 2090; x_wconf 85' lang='lat' dir='ltr'>Iacobum</span> <span class='ocrx_word' id='word_1_478' title='bbox 1360 2057 1454 2089; x_wconf 83' lang='lat' dir='ltr'>Palau</span> <span class='ocrx_word' id='word_1_479' title='bbox 1479 2056 1667 2089; x_wconf 88' lang='lat' dir='ltr'>dilectorum</span> <span class='ocrx_word' id='word_1_480' title='bbox 1690 2056 1830 2090; x_wconf 88' lang='lat' dir='ltr'>filiorum</span> 
     </span>
     <span class='ocr_line' id='line_1_89' title="bbox 1089 2109 1831 2154; baseline 0 -11"><span class='ocrx_word' id='word_1_481' title='bbox 1089 2110 1267 2154; x_wconf 47' lang='lat' dir='ltr'>I‘Ionupbrii</span> <span class='ocrx_word' id='word_1_482' title='bbox 1288 2111 1406 2153; x_wconf 71' lang='lat' dir='ltr'>chaza</span> <span class='ocrx_word' id='word_1_483' title='bbox 1430 2110 1628 2153; x_wconf 85' lang='lat' dir='ltr'>aliorumque</span> <span class='ocrx_word' id='word_1_484' title='bbox 1645 2109 1745 2153; x_wconf 85' lang='lat' dir='ltr'>ipsius</span> <span class='ocrx_word' id='word_1_485' title='bbox 1762 2120 1831 2153; x_wconf 88' lang='lat' dir='ltr'>pro-</span> 
     </span>
     <span class='ocr_line' id='line_1_90' title="bbox 1089 2164 1832 2207; baseline 0 -12"><span class='ocrx_word' id='word_1_486' title='bbox 1089 2164 1208 2197; x_wconf 69' lang='lat' dir='ltr'>vinciae</span> <span class='ocrx_word' id='word_1_487' title='bbox 1233 2164 1367 2196; x_wconf 85' lang='lat' dir='ltr'>fratrum</span> <span class='ocrx_word' id='word_1_488' title='bbox 1391 2164 1658 2197; x_wconf 85' lang='lat' dir='ltr'>Discalceatorum</span> <span class='ocrx_word' id='word_1_489' title='bbox 1684 2174 1832 2207; x_wconf 88' lang='lat' dir='ltr'>procura-</span> 
     </span>
     <span class='ocr_line' id='line_1_91' title="bbox 1089 2216 1832 2260; baseline -0.003 -10"><span class='ocrx_word' id='word_1_490' title='bbox 1089 2223 1189 2251; x_wconf 86' lang='lat' dir='ltr'>torem</span> <span class='ocrx_word' id='word_1_491' title='bbox 1215 2228 1251 2250; x_wconf 75' lang='lat' dir='ltr'>cx</span> <span class='ocrx_word' id='word_1_492' title='bbox 1268 2217 1367 2250; x_wconf 69' lang='lat' dir='ltr'>altera</span> <span class='ocrx_word' id='word_1_493' title='bbox 1396 2217 1547 2260; x_wconf 82' lang='lat' dir='ltr'>partibus,</span> <span class='ocrx_word' id='word_1_494' title='bbox 1565 2216 1619 2249; x_wconf 86' lang='lat' dir='ltr'>lite</span> <span class='ocrx_word' id='word_1_495' title='bbox 1637 2221 1666 2249; x_wconf 87' lang='lat' dir='ltr'>et</span> <span class='ocrx_word' id='word_1_496' title='bbox 1683 2218 1777 2249; x_wconf 72' lang='lat' dir='ltr'>causa</span> <span class='ocrx_word' id='word_1_497' title='bbox 1793 2216 1832 2248; x_wconf 89' lang='lat' dir='ltr'>de</span> 
     </span>
     <span class='ocr_line' id='line_1_92' title="bbox 1088 2269 1831 2314; baseline -0.003 -11"><span class='ocrx_word' id='word_1_498' title='bbox 1088 2276 1117 2303; x_wconf 83' lang='lat' dir='ltr'>ct</span> <span class='ocrx_word' id='word_1_499' title='bbox 1142 2281 1236 2314; x_wconf 85' lang='lat' dir='ltr'>super</span> <span class='ocrx_word' id='word_1_500' title='bbox 1260 2273 1425 2314; x_wconf 76' lang='lat' dir='ltr'>praetensa</span> <span class='ocrx_word' id='word_1_501' title='bbox 1455 2269 1529 2302; x_wconf 88' lang='lat' dir='ltr'>dicti</span> <span class='ocrx_word' id='word_1_502' title='bbox 1559 2269 1687 2314; x_wconf 85' lang='lat' dir='ltr'>capituli</span> <span class='ocrx_word' id='word_1_503' title='bbox 1712 2280 1748 2302; x_wconf 86' lang='lat' dir='ltr'>ac</span> <span class='ocrx_word' id='word_1_504' title='bbox 1773 2270 1831 2302; x_wconf 91' lang='lat' dir='ltr'>ele-</span> 
     </span>
     <span class='ocr_line' id='line_1_93' title="bbox 1088 2324 1832 2365; baseline -0.003 -7"><span class='ocrx_word' id='word_1_505' title='bbox 1088 2325 1228 2358; x_wconf 86' lang='lat' dir='ltr'>ctionum</span> <span class='ocrx_word' id='word_1_506' title='bbox 1254 2325 1284 2357; x_wconf 94' lang='lat' dir='ltr'>in</span> <span class='ocrx_word' id='word_1_507' title='bbox 1310 2335 1345 2358; x_wconf 90' lang='lat' dir='ltr'>eo</span> <span class='ocrx_word' id='word_1_508' title='bbox 1371 2325 1525 2357; x_wconf 87' lang='lat' dir='ltr'>saetarum</span> <span class='ocrx_word' id='word_1_509' title='bbox 1550 2324 1759 2365; x_wconf 75' lang='lat' dir='ltr'>revocatione,</span> <span class='ocrx_word' id='word_1_510' title='bbox 1785 2334 1832 2356; x_wconf 87' lang='lat' dir='ltr'>re-</span> 
     </span>
     <span class='ocr_line' id='line_1_94' title="bbox 1088 2378 1829 2422; baseline -0.003 -11"><span class='ocrx_word' id='word_1_511' title='bbox 1088 2379 1209 2422; x_wconf 86' lang='lat' dir='ltr'>busque</span> <span class='ocrx_word' id='word_1_512' title='bbox 1234 2378 1301 2410; x_wconf 88' lang='lat' dir='ltr'>aliis</span> <span class='ocrx_word' id='word_1_513' title='bbox 1330 2378 1362 2410; x_wconf 89' lang='lat' dir='ltr'>in</span> <span class='ocrx_word' id='word_1_514' title='bbox 1393 2378 1471 2411; x_wconf 88' lang='lat' dir='ltr'>actis</span> <span class='ocrx_word' id='word_1_515' title='bbox 1497 2388 1608 2410; x_wconf 88' lang='lat' dir='ltr'>causae</span> <span class='ocrx_word' id='word_1_516' title='bbox 1640 2388 1695 2410; x_wconf 88' lang='lat' dir='ltr'>seu</span> <span class='ocrx_word' id='word_1_517' title='bbox 1723 2387 1829 2410; x_wconf 89' lang='lat' dir='ltr'>causa-</span> 
     </span>
     <span class='ocr_line' id='line_1_95' title="bbox 1087 2431 1830 2473; baseline -0.001 -7"><span class='ocrx_word' id='word_1_518' title='bbox 1087 2444 1159 2466; x_wconf 86' lang='lat' dir='ltr'>rum</span> <span class='ocrx_word' id='word_1_519' title='bbox 1177 2432 1358 2465; x_wconf 86' lang='lat' dir='ltr'>huiusmodi</span> <span class='ocrx_word' id='word_1_520' title='bbox 1375 2432 1527 2472; x_wconf 86' lang='lat' dir='ltr'>deductis,</span> <span class='ocrx_word' id='word_1_521' title='bbox 1549 2431 1674 2466; x_wconf 86' lang='lat' dir='ltr'>tandem</span> <span class='ocrx_word' id='word_1_522' title='bbox 1688 2432 1830 2473; x_wconf 84' lang='lat' dir='ltr'>Ioannes,</span> 
     </span>
     <span class='ocr_line' id='line_1_96' title="bbox 1088 2485 1831 2529; baseline -0.001 -10"><span class='ocrx_word' id='word_1_523' title='bbox 1088 2497 1122 2520; x_wconf 90' lang='lat' dir='ltr'>ac</span> <span class='ocrx_word' id='word_1_524' title='bbox 1148 2487 1279 2519; x_wconf 88' lang='lat' dir='ltr'>Ioannes</span> <span class='ocrx_word' id='word_1_525' title='bbox 1296 2486 1433 2529; x_wconf 87' lang='lat' dir='ltr'>Baptista</span> <span class='ocrx_word' id='word_1_526' title='bbox 1449 2491 1479 2518; x_wconf 84' lang='lat' dir='ltr'>et</span> <span class='ocrx_word' id='word_1_527' title='bbox 1496 2485 1546 2517; x_wconf 85' lang='lat' dir='ltr'>alii</span> <span class='ocrx_word' id='word_1_528' title='bbox 1563 2485 1688 2525; x_wconf 76' lang='lat' dir='ltr'>fratres,</span> <span class='ocrx_word' id='word_1_529' title='bbox 1708 2495 1831 2519; x_wconf 87' lang='lat' dir='ltr'>necnon</span> 
     </span>
     <span class='ocr_line' id='line_1_97' title="bbox 1089 2539 1831 2584; baseline -0.001 -10"><span class='ocrx_word' id='word_1_530' title='bbox 1089 2541 1218 2574; x_wconf 90' lang='lat' dir='ltr'>Iacobus</span> <span class='ocrx_word' id='word_1_531' title='bbox 1238 2540 1379 2584; x_wconf 83' lang='lat' dir='ltr'>praefati,</span> <span class='ocrx_word' id='word_1_532' title='bbox 1394 2539 1554 2573; x_wconf 87' lang='lat' dir='ltr'>communi</span> <span class='ocrx_word' id='word_1_533' title='bbox 1570 2539 1663 2582; x_wconf 89' lang='lat' dir='ltr'>bono,</span> <span class='ocrx_word' id='word_1_534' title='bbox 1681 2539 1831 2584; x_wconf 84' lang='lat' dir='ltr'>pacisque</span> 
     </span>
     <span class='ocr_line' id='line_1_98' title="bbox 1090 2593 1831 2635; baseline -0.003 -7"><span class='ocrx_word' id='word_1_535' title='bbox 1090 2595 1169 2628; x_wconf 87' lang='lat' dir='ltr'>inter</span> <span class='ocrx_word' id='word_1_536' title='bbox 1198 2605 1252 2627; x_wconf 88' lang='lat' dir='ltr'>cos</span> <span class='ocrx_word' id='word_1_537' title='bbox 1285 2593 1518 2627; x_wconf 68' lang='lat' dir='ltr'>conservationi</span> <span class='ocrx_word' id='word_1_538' title='bbox 1547 2594 1766 2635; x_wconf 87' lang='lat' dir='ltr'>consulentes,</span> <span class='ocrx_word' id='word_1_539' title='bbox 1791 2593 1831 2627; x_wconf 86' lang='lat' dir='ltr'>ad</span> 
     </span>
    </p>

    <p class='ocr_par' dir='ltr' id='par_1_15' title="bbox 1125 2655 1680 2691">
     <span class='ocr_line' id='line_1_99' title="bbox 1125 2655 1680 2691; baseline -0.004 -7"><span class='ocrx_word' id='word_1_540' title='bbox 1125 2659 1135 2684; x_wconf 84' lang='lat'>1</span> <span class='ocrx_word' id='word_1_541' title='bbox 1155 2656 1227 2688; x_wconf 80' lang='lat' dir='ltr'>Quae</span> <span class='ocrx_word' id='word_1_542' title='bbox 1242 2655 1271 2683; x_wconf 86' lang='lat' dir='ltr'>in</span> <span class='ocrx_word' id='word_1_543' title='bbox 1285 2655 1420 2684; x_wconf 73' lang='lat' dir='ltr'>Bullario</span> <span class='ocrx_word' id='word_1_544' title='bbox 1436 2663 1490 2683; x_wconf 89' lang='lat' dir='ltr'>non</span> <span class='ocrx_word' id='word_1_545' title='bbox 1505 2659 1568 2684; x_wconf 89' lang='lat' dir='ltr'>sunt</span> <span class='ocrx_word' id='word_1_546' title='bbox 1581 2656 1619 2691; x_wconf 76' lang='lat' dir='ltr'>(n.</span> <span class='ocrx_word' id='word_1_547' title='bbox 1632 2655 1680 2690; x_wconf 60' lang='lat'>12).</span> 
     </span>
    </p>
   </div>
   <div class='ocr_carea' id='block_1_12' title="bbox 1845 236 2026 263">
    <p class='ocr_par' dir='ltr' id='par_1_16' title="bbox 1845 236 2026 263">
     <span class='ocr_line' id='line_1_100' title="bbox 1845 236 2026 263; baseline 0.006 -1"><span class='ocrx_word' id='word_1_548' title='bbox 1845 238 1892 263; x_wconf 40' lang='lat' dir='ltr'>Ani</span> <span class='ocrx_word' id='word_1_549' title='bbox 1908 238 1935 263; x_wconf 79' lang='lat' dir='ltr'>C.</span> <span class='ocrx_word' id='word_1_550' title='bbox 1962 236 2026 263; x_wconf 63' lang='lat' dir='ltr'>lGRO</span> 
     </span>
    </p>
   </div>
   <div class='ocr_carea' id='block_1_13' title="bbox 1846 1638 2029 1690">
    <p class='ocr_par' dir='ltr' id='par_1_17' title="bbox 1846 1638 2029 1690">
     <span class='ocr_line' id='line_1_101' title="bbox 1911 1638 2029 1660; baseline 0 -1"><span class='ocrx_word' id='word_1_551' title='bbox 1911 1638 2029 1660; x_wconf 77' lang='lat' dir='ltr'>Concordia</span> 
     </span>
     <span class='ocr_line' id='line_1_102' title="bbox 1846 1665 2014 1690; baseline -0.006 -3"><span class='ocrx_word' id='word_1_552' title='bbox 1846 1666 1898 1687; x_wconf 77' lang='lat' dir='ltr'>inita</span> <span class='ocrx_word' id='word_1_553' title='bbox 1913 1665 2014 1690; x_wconf 78' lang='lat' dir='ltr'>refertur,</span> 
     </span>
    </p>
   </div>
  </div>
 </body>
</html>
