<?xml version="1.0" encoding="UTF-8"?>
<!DOCTYPE html PUBLIC "-//W3C//DTD XHTML 1.0 Transitional//EN"
    "http://www.w3.org/TR/xhtml1/DTD/xhtml1-transitional.dtd">
<html xmlns="http://www.w3.org/1999/xhtml" xml:lang="en" lang="en">
 <head>
  <title>
</title>
<meta http-equiv="Content-Type" content="text/html;charset=utf-8" />
  <meta name='ocr-system' content='tesseract 3.04.00' />
  <meta name='ocr-capabilities' content='ocr_page ocr_carea ocr_par ocr_line ocrx_word'/>
</head>
<body>
  <div class='ocr_page' id='page_1' title='image "./bullarumdiplomat14cath/bullarumdiplomat14cath_0469.png"; bbox 0 0 2248 3229; ppageno 0'>
   <div class='ocr_carea' id='block_1_1' title="bbox 78 209 266 240">
    <p class='ocr_par' dir='ltr' id='par_1_1' title="bbox 78 209 266 240">
     <span class='ocr_line' id='line_1_1' title="bbox 78 209 266 240; baseline 0 -1"><span class='ocrx_word' id='word_1_1' title='bbox 78 211 130 239; x_wconf 79' lang='lat' dir='ltr'>An.</span> <span class='ocrx_word' id='word_1_2' title='bbox 147 210 176 239; x_wconf 80' lang='lat' dir='ltr'>G.</span> <span class='ocrx_word' id='word_1_3' title='bbox 197 209 266 240; x_wconf 66' lang='lat'>1634</span> 
     </span>
    </p>
   </div>
   <div class='ocr_carea' id='block_1_2' title="bbox 103 965 243 987">
    <p class='ocr_par' dir='ltr' id='par_1_2' title="bbox 103 965 243 987">
     <span class='ocr_line' id='line_1_2' title="bbox 103 965 243 987; baseline 0.007 -2"><span class='ocrx_word' id='word_1_4' title='bbox 103 965 243 987; x_wconf 78' lang='lat' dir='ltr'>Prooemium.</span> 
     </span>
    </p>
   </div>
   <div class='ocr_carea' id='block_1_3' title="bbox 886 211 1183 237">
    <p class='ocr_par' dir='ltr' id='par_1_3' title="bbox 886 211 1183 237">
     <span class='ocr_line' id='line_1_3' title="bbox 886 211 1183 237; baseline 0.003 -1"><span class='ocrx_word' id='word_1_5' title='bbox 886 211 1029 237; x_wconf 66' lang='lat' dir='ltr'><strong>URBANUS</strong></span> <span class='ocrx_word' id='word_1_6' title='bbox 1053 211 1112 237; x_wconf 84' lang='lat' dir='ltr'>vm</span> <span class='ocrx_word' id='word_1_7' title='bbox 1135 212 1183 237; x_wconf 67' lang='lat'>1³1³.</span> 
     </span>
    </p>
   </div>
   <div class='ocr_carea' id='block_1_4' title="bbox 322 258 1020 303">
    <p class='ocr_par' dir='ltr' id='par_1_4' title="bbox 322 258 1020 303">
     <span class='ocr_line' id='line_1_4' title="bbox 322 258 1020 303; baseline 0.003 -12"><span class='ocrx_word' id='word_1_8' title='bbox 322 258 435 292; x_wconf 85' lang='lat' dir='ltr'>Datum</span> <span class='ocrx_word' id='word_1_9' title='bbox 459 258 586 299; x_wconf 85' lang='lat' dir='ltr'>Romae,</span> <span class='ocrx_word' id='word_1_10' title='bbox 601 259 683 303; x_wconf 83' lang='lat' dir='ltr'>apud</span> <span class='ocrx_word' id='word_1_11' title='bbox 698 259 725 293; x_wconf 84' lang='lat' dir='ltr'>S.</span> <span class='ocrx_word' id='word_1_12' title='bbox 744 260 884 301; x_wconf 85' lang='lat' dir='ltr'>Petrum,</span> <span class='ocrx_word' id='word_1_13' title='bbox 899 260 956 294; x_wconf 86' lang='lat' dir='ltr'>sub</span> <span class='ocrx_word' id='word_1_14' title='bbox 970 270 1020 293; x_wconf 88' lang='lat' dir='ltr'>an-</span> 
     </span>
    </p>
   </div>
   <div class='ocr_carea' id='block_1_5' title="bbox 277 311 1037 368">
    <p class='ocr_par' dir='ltr' id='par_1_5' title="bbox 277 311 1037 368">
     <span class='ocr_line' id='line_1_5' title="bbox 277 311 1037 368; baseline 0.001 -23"><span class='ocrx_word' id='word_1_15' title='bbox 277 312 352 345; x_wconf 92' lang='lat' dir='ltr'>nulo</span> <span class='ocrx_word' id='word_1_16' title='bbox 369 311 550 353; x_wconf 80' lang='lat' dir='ltr'>piscatoris,</span> <span class='ocrx_word' id='word_1_17' title='bbox 577 312 626 345; x_wconf 89' lang='lat' dir='ltr'>dic</span> <span class='ocrx_word' id='word_1_18' title='bbox 642 323 697 346; x_wconf 81' lang='lat' dir='ltr'>xx1</span> <span class='ocrx_word' id='word_1_19' title='bbox 714 313 821 357; x_wconf 77' lang='lat' dir='ltr'>aprilis</span> <span class='ocrx_word' id='word_1_20' title='bbox 842 323 1017 354; x_wconf 73' lang='lat' dir='ltr'>uocxxxw,</span> <span class='ocrx_word' id='word_1_21' title='bbox 1033 346 1037 368; x_wconf 45' lang='grc' dir='ltr'>Ι</span> 
     </span>
    </p>
   </div>
   <div class='ocr_carea' id='block_1_6' title="bbox 276 365 941 464">
    <p class='ocr_par' dir='ltr' id='par_1_6' title="bbox 276 365 941 464">
     <span class='ocr_line' id='line_1_6' title="bbox 276 365 746 409; baseline 0 -11"><span class='ocrx_word' id='word_1_22' title='bbox 276 365 477 409; x_wconf 84' lang='lat' dir='ltr'>pontificatus</span> <span class='ocrx_word' id='word_1_23' title='bbox 488 366 590 399; x_wconf 88' lang='lat' dir='ltr'>nostri</span> <span class='ocrx_word' id='word_1_24' title='bbox 610 376 690 399; x_wconf 92' lang='lat' dir='ltr'>anno</span> <span class='ocrx_word' id='word_1_25' title='bbox 704 376 746 399; x_wconf 78' lang='lat' dir='ltr'>xi.</span> 
     </span>
     <span class='ocr_line' id='line_1_7' title="bbox 313 427 941 464; baseline 0 -10"><span class='ocrx_word' id='word_1_26' title='bbox 313 427 374 455; x_wconf 82' lang='lat' dir='ltr'>Dat.</span> <span class='ocrx_word' id='word_1_27' title='bbox 390 428 433 456; x_wconf 85' lang='lat' dir='ltr'>die</span> <span class='ocrx_word' id='word_1_28' title='bbox 448 428 477 455; x_wconf 68' lang='lat'>21</span> <span class='ocrx_word' id='word_1_29' title='bbox 497 428 590 464; x_wconf 83' lang='lat' dir='ltr'>aprilis</span> <span class='ocrx_word' id='word_1_30' title='bbox 609 428 684 461; x_wconf 59' lang='lat'>1634,</span> <span class='ocrx_word' id='word_1_31' title='bbox 706 428 800 463; x_wconf 79' lang='lat' dir='ltr'>pontif.</span> <span class='ocrx_word' id='word_1_32' title='bbox 820 436 888 455; x_wconf 81' lang='lat' dir='ltr'>anno</span> <span class='ocrx_word' id='word_1_33' title='bbox 905 436 941 455; x_wconf 57' lang='lat' dir='ltr'>xi,</span> 
     </span>
    </p>
   </div>
   <div class='ocr_carea' id='block_1_7' title="bbox 542 494 751 499">
    <p class='ocr_par' dir='ltr' id='par_1_7' title="bbox 542 494 751 499">
     <span class='ocr_line' id='line_1_8' title="bbox 542 494 751 499; baseline 0 0"><span class='ocrx_word' id='word_1_34' title='bbox 542 494 751 499; x_wconf 95' lang='lat' dir='ltr'> </span> 
     </span>
    </p>
   </div>
   <div class='ocr_carea' id='block_1_8' title="bbox 279 543 1019 831">
    <p class='ocr_par' dir='ltr' id='par_1_8' title="bbox 543 543 743 577">
     <span class='ocr_line' id='line_1_9' title="bbox 543 543 743 577; baseline -0.005 -1"><span class='ocrx_word' id='word_1_35' title='bbox 543 543 743 577; x_wconf 70' lang='lat' dir='ltr'>CDLXXXYI.</span> 
     </span>
    </p>

    <p class='ocr_par' dir='ltr' id='par_1_9' title="bbox 279 614 1019 831">
     <span class='ocr_line' id='line_1_10' title="bbox 279 614 1016 658; baseline -0.001 -10"><span class='ocrx_word' id='word_1_36' title='bbox 279 614 490 657; x_wconf 81' lang='lat' dir='ltr'>Confirmatio</span> <span class='ocrx_word' id='word_1_37' title='bbox 507 614 774 647; x_wconf 72' lang='lat' dir='ltr'>constilzm&#39;onum</span> <span class='ocrx_word' id='word_1_38' title='bbox 792 615 1016 658; x_wconf 71' lang='lat' dir='ltr'>Conyreyatio—</span> 
     </span>
     <span class='ocr_line' id='line_1_11' title="bbox 321 667 1019 710; baseline 0 -10"><span class='ocrx_word' id='word_1_39' title='bbox 321 668 374 701; x_wconf 79' lang='lat' dir='ltr'>nis</span> <span class='ocrx_word' id='word_1_40' title='bbox 397 667 602 710; x_wconf 74' lang='lat' dir='ltr'>Resormalae</span> <span class='ocrx_word' id='word_1_41' title='bbox 621 667 756 701; x_wconf 74' lang='lat' dir='ltr'>Ordinis</span> <span class='ocrx_word' id='word_1_42' title='bbox 774 668 806 701; x_wconf 88' lang='lat' dir='ltr'>S.</span> <span class='ocrx_word' id='word_1_43' title='bbox 822 668 964 701; x_wconf 78' lang='lat' dir='ltr'><em>Antonii</em></span> <span class='ocrx_word' id='word_1_44' title='bbox 982 668 1019 700; x_wconf 78' lang='lat' dir='ltr'>(Ic</span> 
     </span>
     <span class='ocr_line' id='line_1_12' title="bbox 321 720 1019 764; baseline 0.001 -11"><span class='ocrx_word' id='word_1_45' title='bbox 321 721 503 754; x_wconf 75' lang='lat' dir='ltr'>S.Antoni0</span> <span class='ocrx_word' id='word_1_46' title='bbox 519 720 717 754; x_wconf 70' lang='lat' dir='ltr'>Viennensis¹</span> <span class='ocrx_word' id='word_1_47' title='bbox 729 722 763 754; x_wconf 75' lang='lat' dir='ltr'>in</span> <span class='ocrx_word' id='word_1_48' title='bbox 773 721 916 764; x_wconf 73' lang='lat' dir='ltr'>capitulo</span> <span class='ocrx_word' id='word_1_49' title='bbox 929 731 1019 764; x_wconf 72' lang='lat' dir='ltr'>yene-</span> 
     </span>
     <span class='ocr_line' id='line_1_13' title="bbox 321 773 1016 831; baseline 0 -24"><span class='ocrx_word' id='word_1_50' title='bbox 321 773 388 807; x_wconf 80' lang='lat' dir='ltr'>rali</span> <span class='ocrx_word' id='word_1_51' title='bbox 402 775 670 831; x_wconf 49' lang='lat' dir='ltr'>etvqiitt&#39;izalai“iciit</span> <span class='ocrx_word' id='word_1_52' title='bbox 683 779 711 808; x_wconf 80' lang='lat' dir='ltr'>et</span> <span class='ocrx_word' id='word_1_53' title='bbox 733 773 1016 818; x_wconf 49' lang='lat' dir='ltr'>approbaturmn?</span> 
     </span>
    </p>
   </div>
   <div class='ocr_carea' id='block_1_9' title="bbox 397 846 896 924">
    <p class='ocr_par' dir='ltr' id='par_1_10' title="bbox 397 846 896 924">
     <span class='ocr_line' id='line_1_14' title="bbox 480 846 812 880; baseline -0.003 -7"><span class='ocrx_word' id='word_1_54' title='bbox 480 846 616 873; x_wconf 81' lang='lat' dir='ltr'>urbanus</span> <span class='ocrx_word' id='word_1_55' title='bbox 636 847 715 880; x_wconf 85' lang='lat' dir='ltr'>Papa</span> <span class='ocrx_word' id='word_1_56' title='bbox 735 846 812 878; x_wconf 83' lang='lat' dir='ltr'>VIII,</span> 
     </span>
     <span class='ocr_line' id='line_1_15' title="bbox 397 889 896 924; baseline 0 -7"><span class='ocrx_word' id='word_1_57' title='bbox 397 890 434 917; x_wconf 90' lang='lat' dir='ltr'>ad</span> <span class='ocrx_word' id='word_1_58' title='bbox 454 893 630 924; x_wconf 79' lang='lat' dir='ltr'>perpetuam</span> <span class='ocrx_word' id='word_1_59' title='bbox 650 891 694 917; x_wconf 86' lang='lat' dir='ltr'>rei</span> <span class='ocrx_word' id='word_1_60' title='bbox 713 889 896 917; x_wconf 76' lang='lat' dir='ltr'>memoriam.</span> 
     </span>
    </p>
   </div>
   <div class='ocr_carea' id='block_1_10' title="bbox 272 951 1018 1425">
    <p class='ocr_par' dir='ltr' id='par_1_11' title="bbox 272 951 1018 1425">
     <span class='ocr_line' id='line_1_16' title="bbox 320 951 1018 996; baseline -0.001 -10"><span class='ocrx_word' id='word_1_61' title='bbox 320 952 407 987; x_wconf 82' lang='lat' dir='ltr'>Sacri</span> <span class='ocrx_word' id='word_1_62' title='bbox 429 952 624 996; x_wconf 84' lang='lat' dir='ltr'>&#39;apostolatus</span> <span class='ocrx_word' id='word_1_63' title='bbox 648 951 833 993; x_wconf 86' lang='lat' dir='ltr'>ministerio,</span> <span class='ocrx_word' id='word_1_64' title='bbox 848 951 968 985; x_wconf 88' lang='lat' dir='ltr'>meritis</span> <span class='ocrx_word' id='word_1_65' title='bbox 985 952 1018 985; x_wconf 94' lang='lat' dir='ltr'>li-</span> 
     </span>
     <span class='ocr_line' id='line_1_17' title="bbox 276 1006 1018 1052; baseline 0 -12"><span class='ocrx_word' id='word_1_66' title='bbox 276 1011 325 1040; x_wconf 87' lang='lat' dir='ltr'>cet</span> <span class='ocrx_word' id='word_1_67' title='bbox 347 1006 534 1051; x_wconf 79' lang='lat' dir='ltr'>imparibus,</span> <span class='ocrx_word' id='word_1_68' title='bbox 548 1007 652 1040; x_wconf 74' lang='lat' dir='ltr'>divina</span> <span class='ocrx_word' id='word_1_69' title='bbox 673 1006 876 1051; x_wconf 74' lang='lat' dir='ltr'>dispositione</span> <span class='ocrx_word' id='word_1_70' title='bbox 901 1007 1018 1052; x_wconf 88' lang='lat' dir='ltr'>praesi-</span> 
     </span>
     <span class='ocr_line' id='line_1_18' title="bbox 274 1060 1015 1105; baseline 0.001 -12"><span class='ocrx_word' id='word_1_71' title='bbox 274 1060 391 1103; x_wconf 83' lang='lat' dir='ltr'>dentes,</span> <span class='ocrx_word' id='word_1_72' title='bbox 409 1061 489 1095; x_wconf 87' lang='lat' dir='ltr'>inter</span> <span class='ocrx_word' id='word_1_73' title='bbox 513 1060 715 1104; x_wconf 82' lang='lat' dir='ltr'>gravissimas</span> <span class='ocrx_word' id='word_1_74' title='bbox 739 1061 904 1105; x_wconf 88' lang='lat' dir='ltr'>pastoralis</span> <span class='ocrx_word' id='word_1_75' title='bbox 922 1061 1015 1094; x_wconf 82' lang='lat' dir='ltr'>officii</span> 
     </span>
     <span class='ocr_line' id='line_1_19' title="bbox 273 1113 1015 1158; baseline 0 -12"><span class='ocrx_word' id='word_1_76' title='bbox 273 1113 373 1147; x_wconf 80' lang='lat' dir='ltr'>nostri</span> <span class='ocrx_word' id='word_1_77' title='bbox 398 1124 507 1154; x_wconf 82' lang='lat' dir='ltr'>curas,</span> <span class='ocrx_word' id='word_1_78' title='bbox 532 1113 616 1146; x_wconf 87' lang='lat' dir='ltr'>illam</span> <span class='ocrx_word' id='word_1_79' title='bbox 640 1114 826 1158; x_wconf 84' lang='lat' dir='ltr'>praesertim</span> <span class='ocrx_word' id='word_1_80' title='bbox 853 1115 1015 1158; x_wconf 85' lang='lat' dir='ltr'>amplecti-</span> 
     </span>
     <span class='ocr_line' id='line_1_20' title="bbox 274 1167 1017 1212; baseline 0.001 -12"><span class='ocrx_word' id='word_1_81' title='bbox 274 1177 355 1208; x_wconf 86' lang='lat' dir='ltr'>mur,</span> <span class='ocrx_word' id='word_1_82' title='bbox 375 1177 433 1211; x_wconf 91' lang='lat' dir='ltr'>per</span> <span class='ocrx_word' id='word_1_83' title='bbox 453 1178 548 1211; x_wconf 85' lang='lat' dir='ltr'>quarn</span> <span class='ocrx_word' id='word_1_84' title='bbox 566 1167 647 1201; x_wconf 81' lang='lat' dir='ltr'>felici</span> <span class='ocrx_word' id='word_1_85' title='bbox 673 1167 924 1201; x_wconf 83' lang='lat' dir='ltr'>christifidelium</span> <span class='ocrx_word' id='word_1_86' title='bbox 942 1179 1017 1212; x_wconf 87' lang='lat' dir='ltr'>quo-</span> 
     </span>
     <span class='ocr_line' id='line_1_21' title="bbox 272 1220 1015 1265; baseline 0.001 -12"><span class='ocrx_word' id='word_1_87' title='bbox 272 1220 424 1254; x_wconf 86' lang='lat' dir='ltr'>rumlibet</span> <span class='ocrx_word' id='word_1_88' title='bbox 447 1221 505 1253; x_wconf 87' lang='lat' dir='ltr'>sub</span> <span class='ocrx_word' id='word_1_89' title='bbox 532 1221 618 1254; x_wconf 76' lang='lat' dir='ltr'>suavi</span> <span class='ocrx_word' id='word_1_90' title='bbox 644 1221 806 1265; x_wconf 78' lang='lat' dir='ltr'>religionis</span> <span class='ocrx_word' id='word_1_91' title='bbox 831 1222 906 1264; x_wconf 80' lang='lat' dir='ltr'>iugo</span> <span class='ocrx_word' id='word_1_92' title='bbox 923 1222 1015 1255; x_wconf 83' lang='lat' dir='ltr'>Altis-</span> 
     </span>
     <span class='ocr_line' id='line_1_22' title="bbox 272 1274 1015 1318; baseline 0.003 -12"><span class='ocrx_word' id='word_1_93' title='bbox 272 1283 325 1307; x_wconf 90' lang='lat' dir='ltr'>mo</span> <span class='ocrx_word' id='word_1_94' title='bbox 338 1274 556 1307; x_wconf 83' lang='lat' dir='ltr'>famulantium</span> <span class='ocrx_word' id='word_1_95' title='bbox 574 1275 666 1307; x_wconf 83' lang='lat' dir='ltr'>statui</span> <span class='ocrx_word' id='word_1_96' title='bbox 681 1279 710 1308; x_wconf 88' lang='lat' dir='ltr'>et</span> <span class='ocrx_word' id='word_1_97' title='bbox 727 1274 823 1318; x_wconf 82' lang='lat' dir='ltr'>quieti</span> <span class='ocrx_word' id='word_1_98' title='bbox 838 1280 1015 1318; x_wconf 83' lang='lat' dir='ltr'>opportune</span> 
     </span>
     <span class='ocr_line' id='line_1_23' title="bbox 273 1327 1015 1372; baseline 0.003 -12"><span class='ocrx_word' id='word_1_99' title='bbox 273 1327 457 1369; x_wconf 79' lang='lat' dir='ltr'>consulitur,</span> <span class='ocrx_word' id='word_1_100' title='bbox 475 1333 570 1372; x_wconf 87' lang='lat' dir='ltr'>prout</span> <span class='ocrx_word' id='word_1_101' title='bbox 591 1328 802 1372; x_wconf 78' lang='lat' dir='ltr'>conspicimus</span> <span class='ocrx_word' id='word_1_102' title='bbox 827 1328 858 1361; x_wconf 92' lang='lat' dir='ltr'>in</span> <span class='ocrx_word' id='word_1_103' title='bbox 882 1329 1015 1363; x_wconf 90' lang='lat' dir='ltr'>Domino</span> 
     </span>
     <span class='ocr_line' id='line_1_24' title="bbox 273 1381 623 1425; baseline 0.003 -12"><span class='ocrx_word' id='word_1_104' title='bbox 273 1381 441 1414; x_wconf 85' lang='lat' dir='ltr'>salubriter</span> <span class='ocrx_word' id='word_1_105' title='bbox 465 1381 623 1425; x_wconf 82' lang='lat' dir='ltr'>expedire.</span> 
     </span>
    </p>
   </div>
   <div class='ocr_carea' id='block_1_11' title="bbox 1034 260 1795 398">
    <p class='ocr_par' dir='ltr' id='par_1_12' title="bbox 1034 260 1795 398">
     <span class='ocr_line' id='line_1_25' title="bbox 1054 260 1795 304; baseline 0.001 -11"><span class='ocrx_word' id='word_1_106' title='bbox 1054 260 1191 304; x_wconf 86' lang='lat' dir='ltr'>capitulo</span> <span class='ocrx_word' id='word_1_107' title='bbox 1217 261 1417 304; x_wconf 81' lang='lat' dir='ltr'>congregatis</span> <span class='ocrx_word' id='word_1_108' title='bbox 1451 261 1607 295; x_wconf 83' lang='lat' dir='ltr'>subscribi</span> <span class='ocrx_word' id='word_1_109' title='bbox 1640 261 1795 299; x_wconf 81' lang='lat' dir='ltr'>obtinuit,</span> 
     </span>
     <span class='ocr_line' id='line_1_26' title="bbox 1054 313 1610 358; baseline 0.004 -13"><span class='ocrx_word' id='word_1_110' title='bbox 1054 313 1171 346; x_wconf 81' lang='lat' dir='ltr'>tenoris</span> <span class='ocrx_word' id='word_1_111' title='bbox 1196 314 1425 358; x_wconf 83' lang='lat' dir='ltr'>subsequentis,</span> <span class='ocrx_word' id='word_1_112' title='bbox 1450 313 1610 348; x_wconf 78' lang='lat' dir='ltr'>videlicet:</span> 
     </span>
     <span class='ocr_line' id='line_1_27' title="bbox 1034 385 1037 398; baseline 0 0"><span class='ocrx_word' id='word_1_113' title='bbox 1034 385 1037 398; x_wconf 76' lang='grc' dir='ltr'>Ι</span> 
     </span>
    </p>
   </div>
   <div class='ocr_carea' id='block_1_12' title="bbox 1218 398 1632 432">
    <p class='ocr_par' dir='ltr' id='par_1_13' title="bbox 1218 398 1632 432">
     <span class='ocr_line' id='line_1_28' title="bbox 1218 398 1632 432; baseline 0.007 -3"><span class='ocrx_word' id='word_1_114' title='bbox 1218 398 1319 430; x_wconf 77' lang='lat' dir='ltr'>Tenor</span> <span class='ocrx_word' id='word_1_115' title='bbox 1346 399 1632 432; x_wconf 71' lang='lat' dir='ltr'>Conslilzcte&#39;onum.</span> 
     </span>
    </p>
   </div>
   <div class='ocr_carea' id='block_1_13' title="bbox 1053 469 1795 548">
    <p class='ocr_par' dir='ltr' id='par_1_14' title="bbox 1053 469 1795 548">
     <span class='ocr_line' id='line_1_29' title="bbox 1053 469 1795 506; baseline 0.007 -11"><span class='ocrx_word' id='word_1_116' title='bbox 1053 469 1149 500; x_wconf 84' lang='lat' dir='ltr'>Iesus,</span> <span class='ocrx_word' id='word_1_117' title='bbox 1167 470 1271 503; x_wconf 87' lang='lat' dir='ltr'>Maria,</span> <span class='ocrx_word' id='word_1_118' title='bbox 1288 478 1340 504; x_wconf 86' lang='lat' dir='ltr'>pro</span> <span class='ocrx_word' id='word_1_119' title='bbox 1361 471 1411 498; x_wconf 85' lang='lat' dir='ltr'>nei</span> <span class='ocrx_word' id='word_1_120' title='bbox 1431 471 1536 506; x_wconf 71' lang='lat' dir='ltr'>gloria,</span> <span class='ocrx_word' id='word_1_121' title='bbox 1554 475 1584 499; x_wconf 84' lang='lat' dir='ltr'>et</span> <span class='ocrx_word' id='word_1_122' title='bbox 1604 472 1635 499; x_wconf 90' lang='lat' dir='ltr'>in</span> <span class='ocrx_word' id='word_1_123' title='bbox 1655 472 1795 500; x_wconf 77' lang='lat' dir='ltr'>honorem</span> 
     </span>
     <span class='ocr_line' id='line_1_30' title="bbox 1088 513 1644 548; baseline 0.007 -8"><span class='ocrx_word' id='word_1_124' title='bbox 1088 513 1259 541; x_wconf 76' lang='lat' dir='ltr'>beatissimi</span> <span class='ocrx_word' id='word_1_125' title='bbox 1278 515 1375 548; x_wconf 78' lang='lat' dir='ltr'>patris</span> <span class='ocrx_word' id='word_1_126' title='bbox 1396 516 1493 543; x_wconf 83' lang='lat' dir='ltr'>nostri</span> <span class='ocrx_word' id='word_1_127' title='bbox 1513 517 1644 544; x_wconf 81' lang='lat' dir='ltr'>Antonii.</span> 
     </span>
    </p>
   </div>
   <div class='ocr_carea' id='block_1_14' title="bbox 1031 571 1797 1373">
    <p class='ocr_par' dir='ltr' id='par_1_15' title="bbox 1031 571 1797 1373">
     <span class='ocr_line' id='line_1_31' title="bbox 1097 571 1797 628; baseline 0.01 -17"><span class='ocrx_word' id='word_1_128' title='bbox 1097 579 1207 623; x_wconf 82' lang='lat' dir='ltr'>Incipit</span> <span class='ocrx_word' id='word_1_129' title='bbox 1225 580 1321 613; x_wconf 80' lang='lat' dir='ltr'>codex</span> <span class='ocrx_word' id='word_1_130' title='bbox 1342 582 1601 616; x_wconf 79' lang='lat' dir='ltr'>constitutionum</span> <span class='ocrx_word' id='word_1_131' title='bbox 1621 571 1797 628; x_wconf 65' lang='lat' dir='ltr'>Costgrega-</span> 
     </span>
     <span class='ocr_line' id='line_1_32' title="bbox 1034 633 1796 678; baseline 0.008 -13"><span class='ocrx_word' id='word_1_132' title='bbox 1034 633 1145 678; x_wconf 51' lang='lat' dir='ltr'>Jtionis</span> <span class='ocrx_word' id='word_1_133' title='bbox 1170 634 1367 668; x_wconf 83' lang='lat' dir='ltr'>Resormatae</span> <span class='ocrx_word' id='word_1_134' title='bbox 1392 635 1516 669; x_wconf 86' lang='lat' dir='ltr'>Ordinis</span> <span class='ocrx_word' id='word_1_135' title='bbox 1549 637 1646 670; x_wconf 87' lang='lat' dir='ltr'>sancti</span> <span class='ocrx_word' id='word_1_136' title='bbox 1671 638 1796 672; x_wconf 88' lang='lat' dir='ltr'>Antonii</span> 
     </span>
     <span class='ocr_line' id='line_1_33' title="bbox 1034 687 1796 735; baseline 0.008 -17"><span class='ocrx_word' id='word_1_137' title='bbox 1034 687 1246 731; x_wconf 39' lang='lat' dir='ltr'>,Viennensis</span> <span class='ocrx_word' id='word_1_138' title='bbox 1272 688 1332 720; x_wconf 88' lang='lat' dir='ltr'>iam</span> <span class='ocrx_word' id='word_1_139' title='bbox 1358 689 1450 722; x_wconf 89' lang='lat' dir='ltr'>tertio</span> <span class='ocrx_word' id='word_1_140' title='bbox 1482 689 1719 723; x_wconf 81' lang='lat' dir='ltr'>emendatarum</span> <span class='ocrx_word' id='word_1_141' title='bbox 1743 701 1796 735; x_wconf 92' lang='lat' dir='ltr'>po-</span> 
     </span>
     <span class='ocr_line' id='line_1_34' title="bbox 1053 740 1796 785; baseline 0.007 -13"><span class='ocrx_word' id='word_1_142' title='bbox 1053 740 1209 773; x_wconf 87' lang='lat' dir='ltr'>tissimum</span> <span class='ocrx_word' id='word_1_143' title='bbox 1226 751 1283 784; x_wconf 89' lang='lat' dir='ltr'>per</span> <span class='ocrx_word' id='word_1_144' title='bbox 1300 742 1471 785; x_wconf 87' lang='lat' dir='ltr'>capitulum</span> <span class='ocrx_word' id='word_1_145' title='bbox 1489 743 1636 785; x_wconf 78' lang='lat' dir='ltr'>generale</span> <span class='ocrx_word' id='word_1_146' title='bbox 1660 749 1796 777; x_wconf 88' lang='lat' dir='ltr'>extraor-</span> 
     </span>
     <span class='ocr_line' id='line_1_35' title="bbox 1052 792 1796 831; baseline 0.008 -6"><span class='ocrx_word' id='word_1_147' title='bbox 1052 792 1173 826; x_wconf 89' lang='lat' dir='ltr'>dinarie</span> <span class='ocrx_word' id='word_1_148' title='bbox 1211 794 1404 828; x_wconf 84' lang='lat' dir='ltr'>celebratum</span> <span class='ocrx_word' id='word_1_149' title='bbox 1449 795 1510 828; x_wconf 84' lang='lat' dir='ltr'>hoc</span> <span class='ocrx_word' id='word_1_150' title='bbox 1550 806 1632 830; x_wconf 88' lang='lat' dir='ltr'>anno</span> <span class='ocrx_word' id='word_1_151' title='bbox 1666 807 1796 831; x_wconf 75' lang='lat' dir='ltr'>nooxxx</span> 
     </span>
     <span class='ocr_line' id='line_1_36' title="bbox 1053 846 1795 894; baseline 0.007 -16"><span class='ocrx_word' id='word_1_152' title='bbox 1053 846 1215 880; x_wconf 88' lang='lat' dir='ltr'>mensibus</span> <span class='ocrx_word' id='word_1_153' title='bbox 1238 847 1377 881; x_wconf 85' lang='lat' dir='ltr'>octobris</span> <span class='ocrx_word' id='word_1_154' title='bbox 1402 854 1431 881; x_wconf 87' lang='lat' dir='ltr'>et</span> <span class='ocrx_word' id='word_1_155' title='bbox 1454 848 1656 890; x_wconf 85' lang='lat' dir='ltr'>novembris,</span> <span class='ocrx_word' id='word_1_156' title='bbox 1677 849 1708 882; x_wconf 89' lang='lat' dir='ltr'>in</span> <span class='ocrx_word' id='word_1_157' title='bbox 1732 861 1795 894; x_wconf 90' lang='lat' dir='ltr'>quo</span> 
     </span>
     <span class='ocr_line' id='line_1_37' title="bbox 1052 899 1794 943; baseline 0.008 -12"><span class='ocrx_word' id='word_1_158' title='bbox 1052 899 1236 933; x_wconf 79' lang='lat' dir='ltr'>immutatae</span> <span class='ocrx_word' id='word_1_159' title='bbox 1261 905 1291 934; x_wconf 90' lang='lat' dir='ltr'>et</span> <span class='ocrx_word' id='word_1_160' title='bbox 1315 906 1424 935; x_wconf 89' lang='lat' dir='ltr'>auctae</span> <span class='ocrx_word' id='word_1_161' title='bbox 1452 902 1600 943; x_wconf 88' lang='lat' dir='ltr'>fuerunt,</span> <span class='ocrx_word' id='word_1_162' title='bbox 1628 907 1658 937; x_wconf 86' lang='lat' dir='ltr'>et</span> <span class='ocrx_word' id='word_1_163' title='bbox 1680 904 1794 937; x_wconf 90' lang='lat' dir='ltr'>maiori</span> 
     </span>
     <span class='ocr_line' id='line_1_38' title="bbox 1051 953 1794 1000; baseline 0.005 -15"><span class='ocrx_word' id='word_1_164' title='bbox 1051 963 1145 996; x_wconf 87' lang='lat' dir='ltr'>quam</span> <span class='ocrx_word' id='word_1_165' title='bbox 1170 953 1321 987; x_wconf 86' lang='lat' dir='ltr'>hactenus</span> <span class='ocrx_word' id='word_1_166' title='bbox 1345 955 1415 987; x_wconf 90' lang='lat' dir='ltr'>luce</span> <span class='ocrx_word' id='word_1_167' title='bbox 1432 955 1575 997; x_wconf 83' lang='lat' dir='ltr'>donatae,</span> <span class='ocrx_word' id='word_1_168' title='bbox 1598 955 1794 1000; x_wconf 84' lang='lat' dir='ltr'>faciliorique</span> 
     </span>
     <span class='ocr_line' id='line_1_39' title="bbox 1051 1007 1794 1054; baseline 0.004 -15"><span class='ocrx_word' id='word_1_169' title='bbox 1051 1010 1082 1039; x_wconf 87' lang='lat' dir='ltr'>et</span> <span class='ocrx_word' id='word_1_170' title='bbox 1106 1007 1316 1041; x_wconf 89' lang='lat' dir='ltr'>commodiori</span> <span class='ocrx_word' id='word_1_171' title='bbox 1341 1007 1452 1041; x_wconf 88' lang='lat' dir='ltr'>ordine</span> <span class='ocrx_word' id='word_1_172' title='bbox 1472 1008 1628 1051; x_wconf 78' lang='lat' dir='ltr'>digestae¹</span> <span class='ocrx_word' id='word_1_173' title='bbox 1657 1009 1689 1042; x_wconf 89' lang='lat' dir='ltr'>in</span> <span class='ocrx_word' id='word_1_174' title='bbox 1717 1019 1794 1054; x_wconf 88' lang='lat' dir='ltr'>qua-</span> 
     </span>
     <span class='ocr_line' id='line_1_40' title="bbox 1050 1061 1794 1107; baseline 0.004 -14"><span class='ocrx_word' id='word_1_175' title='bbox 1050 1065 1122 1094; x_wconf 87' lang='lat' dir='ltr'>tuor</span> <span class='ocrx_word' id='word_1_176' title='bbox 1142 1066 1258 1105; x_wconf 85' lang='lat' dir='ltr'>partes,</span> <span class='ocrx_word' id='word_1_177' title='bbox 1286 1061 1318 1095; x_wconf 92' lang='lat' dir='ltr'>in</span> <span class='ocrx_word' id='word_1_178' title='bbox 1342 1072 1477 1107; x_wconf 86' lang='lat' dir='ltr'>quarum</span> <span class='ocrx_word' id='word_1_179' title='bbox 1501 1063 1605 1106; x_wconf 76' lang='lat' dir='ltr'>prima</span> <span class='ocrx_word' id='word_1_180' title='bbox 1629 1063 1733 1106; x_wconf 78' lang='lat' dir='ltr'>agitur</span> <span class='ocrx_word' id='word_1_181' title='bbox 1756 1063 1794 1097; x_wconf 85' lang='lat' dir='ltr'>de</span> 
     </span>
     <span class='ocr_line' id='line_1_41' title="bbox 1051 1114 1794 1157; baseline 0.005 -11"><span class='ocrx_word' id='word_1_182' title='bbox 1051 1114 1155 1147; x_wconf 84' lang='lat' dir='ltr'>officio</span> <span class='ocrx_word' id='word_1_183' title='bbox 1173 1115 1278 1149; x_wconf 77' lang='lat' dir='ltr'>divino</span> <span class='ocrx_word' id='word_1_184' title='bbox 1297 1121 1327 1149; x_wconf 90' lang='lat' dir='ltr'>et</span> <span class='ocrx_word' id='word_1_185' title='bbox 1344 1115 1552 1150; x_wconf 87' lang='lat' dir='ltr'>caeremoniis</span> <span class='ocrx_word' id='word_1_186' title='bbox 1565 1116 1794 1157; x_wconf 85' lang='lat' dir='ltr'>ecclesiasticis,</span> 
     </span>
     <span class='ocr_line' id='line_1_42' title="bbox 1051 1168 1794 1212; baseline 0.007 -12"><span class='ocrx_word' id='word_1_187' title='bbox 1051 1168 1082 1200; x_wconf 88' lang='lat' dir='ltr'>in</span> <span class='ocrx_word' id='word_1_188' title='bbox 1105 1169 1242 1202; x_wconf 79' lang='lat' dir='ltr'>secunda</span> <span class='ocrx_word' id='word_1_189' title='bbox 1259 1169 1297 1203; x_wconf 88' lang='lat' dir='ltr'>de</span> <span class='ocrx_word' id='word_1_190' title='bbox 1314 1170 1476 1212; x_wconf 89' lang='lat' dir='ltr'>moribus,</span> <span class='ocrx_word' id='word_1_191' title='bbox 1501 1170 1532 1203; x_wconf 91' lang='lat' dir='ltr'>in</span> <span class='ocrx_word' id='word_1_192' title='bbox 1550 1171 1641 1205; x_wconf 76' lang='lat' dir='ltr'>tertia</span> <span class='ocrx_word' id='word_1_193' title='bbox 1669 1170 1708 1204; x_wconf 91' lang='lat' dir='ltr'>de</span> <span class='ocrx_word' id='word_1_194' title='bbox 1736 1171 1794 1205; x_wconf 87' lang='lat' dir='ltr'>ele·</span> 
     </span>
     <span class='ocr_line' id='line_1_43' title="bbox 1050 1222 1794 1268; baseline 0.005 -14"><span class='ocrx_word' id='word_1_195' title='bbox 1050 1222 1208 1256; x_wconf 88' lang='lat' dir='ltr'>ctionibus</span> <span class='ocrx_word' id='word_1_196' title='bbox 1233 1228 1264 1256; x_wconf 90' lang='lat' dir='ltr'>et</span> <span class='ocrx_word' id='word_1_197' title='bbox 1287 1223 1461 1257; x_wconf 85' lang='lat' dir='ltr'>electorum</span> <span class='ocrx_word' id='word_1_198' title='bbox 1479 1224 1606 1265; x_wconf 85' lang='lat' dir='ltr'>officiis,</span> <span class='ocrx_word' id='word_1_199' title='bbox 1623 1223 1726 1268; x_wconf 87' lang='lat' dir='ltr'>deque</span> <span class='ocrx_word' id='word_1_200' title='bbox 1744 1224 1794 1258; x_wconf 87' lang='lat' dir='ltr'>ad-</span> 
     </span>
     <span class='ocr_line' id='line_1_44' title="bbox 1031 1275 1794 1322; baseline 0.005 -15"><span class='ocrx_word' id='word_1_201' title='bbox 1031 1293 1032 1300; x_wconf 50' lang='lat'>1</span> <span class='ocrx_word' id='word_1_202' title='bbox 1051 1275 1278 1310; x_wconf 76' lang='lat' dir='ltr'>ministratione</span> <span class='ocrx_word' id='word_1_203' title='bbox 1302 1277 1543 1321; x_wconf 83' lang='lat' dir='ltr'>temporalium,</span> <span class='ocrx_word' id='word_1_204' title='bbox 1560 1277 1593 1311; x_wconf 89' lang='lat' dir='ltr'>in</span> <span class='ocrx_word' id='word_1_205' title='bbox 1616 1279 1729 1322; x_wconf 75' lang='lat' dir='ltr'>quarta</span> <span class='ocrx_word' id='word_1_206' title='bbox 1755 1277 1794 1311; x_wconf 82' lang='lat' dir='ltr'>de</span> 
     </span>
     <span class='ocr_line' id='line_1_45' title="bbox 1049 1329 1271 1373; baseline 0.005 -12"><span class='ocrx_word' id='word_1_207' title='bbox 1049 1329 1271 1373; x_wconf 78' lang='lat' dir='ltr'>hospitalitate.</span> 
     </span>
    </p>
   </div>
   <div class='ocr_carea' id='block_1_15' title="bbox 1703 203 1994 244">
    <p class='ocr_par' dir='ltr' id='par_1_16' title="bbox 1703 203 1994 244">
     <span class='ocr_line' id='line_1_46' title="bbox 1703 203 1994 244; baseline 0.021 -6"><span class='ocrx_word' id='word_1_208' title='bbox 1703 203 1768 239; x_wconf 77' lang='lat'>393</span> <span class='ocrx_word' id='word_1_209' title='bbox 1814 214 1862 241; x_wconf 71' lang='lat' dir='ltr'>An.</span> <span class='ocrx_word' id='word_1_210' title='bbox 1879 214 1906 242; x_wconf 86' lang='lat' dir='ltr'>c.</span> <span class='ocrx_word' id='word_1_211' title='bbox 1926 214 1994 244; x_wconf 67' lang='lat'>1634</span> 
     </span>
    </p>
   </div>
   <div class='ocr_carea' id='block_1_16' title="bbox 1258 1410 1580 1512">
    <p class='ocr_par' dir='ltr' id='par_1_17' title="bbox 1258 1410 1580 1512">
     <span class='ocr_line' id='line_1_47' title="bbox 1317 1410 1522 1435; baseline -0.005 -1"><span class='ocrx_word' id='word_1_212' title='bbox 1317 1410 1395 1434; x_wconf 61' lang='lat' dir='ltr'>ritas</span> <span class='ocrx_word' id='word_1_213' title='bbox 1416 1410 1522 1435; x_wconf 71' lang='lat' dir='ltr'><strong>PRIMA.</strong></span> 
     </span>
     <span class='ocr_line' id='line_1_48' title="bbox 1258 1467 1580 1512; baseline 0.003 -11"><span class='ocrx_word' id='word_1_214' title='bbox 1258 1467 1305 1501; x_wconf 86' lang='lat' dir='ltr'>De</span> <span class='ocrx_word' id='word_1_215' title='bbox 1329 1467 1433 1512; x_wconf 82' lang='lat' dir='ltr'>officio</span> <span class='ocrx_word' id='word_1_216' title='bbox 1459 1467 1580 1502; x_wconf 83' lang='lat' dir='ltr'>divino.</span> 
     </span>
    </p>
   </div>
   <div class='ocr_carea' id='block_1_17' title="bbox 1048 1542 1992 1642">
    <p class='ocr_par' dir='ltr' id='par_1_18' title="bbox 1048 1542 1992 1642">
     <span class='ocr_line' id='line_1_49' title="bbox 1093 1542 1992 1584; baseline 0.006 -8"><span class='ocrx_word' id='word_1_217' title='bbox 1093 1542 1264 1577; x_wconf 84' lang='lat' dir='ltr'>Serventur</span> <span class='ocrx_word' id='word_1_218' title='bbox 1278 1543 1310 1577; x_wconf 91' lang='lat' dir='ltr'>in</span> <span class='ocrx_word' id='word_1_219' title='bbox 1323 1544 1426 1578; x_wconf 79' lang='lat' dir='ltr'>officio</span> <span class='ocrx_word' id='word_1_220' title='bbox 1440 1544 1546 1579; x_wconf 83' lang='lat' dir='ltr'>divino</span> <span class='ocrx_word' id='word_1_221' title='bbox 1559 1543 1706 1580; x_wconf 82' lang='lat' dir='ltr'>rubricae</span> <span class='ocrx_word' id='word_1_222' title='bbox 1722 1547 1794 1580; x_wconf 83' lang='lat' dir='ltr'>mis·</span> <span class='ocrx_word' id='word_1_223' title='bbox 1847 1558 1878 1580; x_wconf 71' lang='lat' dir='ltr'>oe</span> <span class='ocrx_word' id='word_1_224' title='bbox 1893 1559 1992 1584; x_wconf 76' lang='lat' dir='ltr'>rubi-teis.</span> 
     </span>
     <span class='ocr_line' id='line_1_50' title="bbox 1048 1585 1991 1642; baseline 0.005 -13"><span class='ocrx_word' id='word_1_225' title='bbox 1048 1596 1131 1641; x_wconf 85' lang='lat' dir='ltr'>salis,</span> <span class='ocrx_word' id='word_1_226' title='bbox 1160 1597 1309 1630; x_wconf 85' lang='lat' dir='ltr'>breviarii</span> <span class='ocrx_word' id='word_1_227' title='bbox 1338 1602 1369 1631; x_wconf 91' lang='lat' dir='ltr'>et</span> <span class='ocrx_word' id='word_1_228' title='bbox 1393 1598 1630 1632; x_wconf 87' lang='lat' dir='ltr'>caeremonialis</span> <span class='ocrx_word' id='word_1_229' title='bbox 1658 1600 1792 1642; x_wconf 88' lang='lat' dir='ltr'>romani,</span> <span class='ocrx_word' id='word_1_230' title='bbox 1806 1585 1991 1635; x_wconf 43' lang='lat' dir='ltr'>{iisiianiimfn&#39;bu&#39;</span> 
     </span>
    </p>
   </div>
   <div class='ocr_carea' id='block_1_18' title="bbox 272 1434 1014 1630">
    <p class='ocr_par' dir='ltr' id='par_1_19' title="bbox 272 1434 1014 1630">
     <span class='ocr_line' id='line_1_51' title="bbox 319 1434 1012 1479; baseline 0.003 -12"><span class='ocrx_word' id='word_1_231' title='bbox 319 1434 334 1477; x_wconf 66' lang='grc' dir='ltr'><strong>ἓ</strong></span> <span class='ocrx_word' id='word_1_232' title='bbox 357 1434 387 1467; x_wconf 89' lang='grc'>’1.</span> <span class='ocrx_word' id='word_1_233' title='bbox 413 1434 496 1467; x_wconf 73' lang='lat' dir='ltr'>Alias</span> <span class='ocrx_word' id='word_1_234' title='bbox 520 1435 675 1479; x_wconf 87' lang='lat' dir='ltr'>siquidem</span> <span class='ocrx_word' id='word_1_235' title='bbox 699 1445 717 1468; x_wconf 84' lang='lat' dir='ltr'>a</span> <span class='ocrx_word' id='word_1_236' title='bbox 738 1435 836 1469; x_wconf 84' lang='lat' dir='ltr'>felicis</span> <span class='ocrx_word' id='word_1_237' title='bbox 861 1435 1012 1470; x_wconf 77' lang='lat' dir='ltr'>recorda-</span> 
     </span>
     <span class='ocr_line' id='line_1_52' title="bbox 273 1486 1014 1532; baseline 0.004 -13"><span class='ocrx_word' id='word_1_238' title='bbox 273 1486 369 1521; x_wconf 88' lang='lat' dir='ltr'>tionis</span> <span class='ocrx_word' id='word_1_239' title='bbox 390 1486 544 1531; x_wconf 85' lang='lat' dir='ltr'>Gregorio</span> <span class='ocrx_word' id='word_1_240' title='bbox 569 1488 618 1521; x_wconf 59' lang='grc' dir='ltr'>ΧΥ</span> <span class='ocrx_word' id='word_1_241' title='bbox 639 1488 882 1532; x_wconf 83' lang='lat' dir='ltr'>praedecessore</span> <span class='ocrx_word' id='word_1_242' title='bbox 895 1495 1014 1529; x_wconf 88' lang='lat' dir='ltr'>nostro,</span> 
     </span>
     <span class='ocr_line' id='line_1_53' title="bbox 272 1539 1014 1586; baseline 0.004 -12"><span class='ocrx_word' id='word_1_243' title='bbox 272 1540 306 1574; x_wconf 93' lang='lat' dir='ltr'>in</span> <span class='ocrx_word' id='word_1_244' title='bbox 336 1541 495 1575; x_wconf 87' lang='lat' dir='ltr'>erectione</span> <span class='ocrx_word' id='word_1_245' title='bbox 527 1539 787 1586; x_wconf 67' lang='lat' dir='ltr'>Congregat‘ionis</span> <span class='ocrx_word' id='word_1_246' title='bbox 817 1543 1014 1577; x_wconf 82' lang='lat' dir='ltr'>Reformatae</span> 
     </span>
     <span class='ocr_line' id='line_1_54' title="bbox 272 1594 1011 1630; baseline 0.004 -3"><span class='ocrx_word' id='word_1_247' title='bbox 272 1594 397 1628; x_wconf 88' lang='lat' dir='ltr'>Ordinis</span> <span class='ocrx_word' id='word_1_248' title='bbox 421 1594 450 1628; x_wconf 88' lang='lat' dir='ltr'>S.</span> <span class='ocrx_word' id='word_1_249' title='bbox 475 1596 600 1628; x_wconf 86' lang='lat' dir='ltr'>Antonii</span> <span class='ocrx_word' id='word_1_250' title='bbox 632 1596 670 1629; x_wconf 90' lang='lat' dir='ltr'>de</span> <span class='ocrx_word' id='word_1_251' title='bbox 698 1596 726 1629; x_wconf 88' lang='lat' dir='ltr'>S.</span> <span class='ocrx_word' id='word_1_252' title='bbox 753 1597 887 1630; x_wconf 82' lang='lat' dir='ltr'>Antonio</span> <span class='ocrx_word' id='word_1_253' title='bbox 917 1597 1011 1630; x_wconf 87' lang='lat' dir='ltr'>Vien-</span> 
     </span>
    </p>
   </div>
   <div class='ocr_carea' id='block_1_19' title="bbox 73 1444 259 1629">
    <p class='ocr_par' dir='ltr' id='par_1_20' title="bbox 73 1444 259 1629">
     <span class='ocr_line' id='line_1_55' title="bbox 98 1444 257 1471; baseline 0 -5"><span class='ocrx_word' id='word_1_254' title='bbox 98 1444 211 1471; x_wconf 62' lang='lat' dir='ltr'>Gregorius</span> <span class='ocrx_word' id='word_1_255' title='bbox 221 1446 257 1467; x_wconf 83' lang='lat' dir='ltr'>XV</span> 
     </span>
     <span class='ocr_line' id='line_1_56' title="bbox 74 1471 258 1494; baseline -0.005 -1"><span class='ocrx_word' id='word_1_256' title='bbox 74 1471 148 1493; x_wconf 68' lang='lat' dir='ltr'>ibbau</span> <span class='ocrx_word' id='word_1_257' title='bbox 195 1472 258 1494; x_wconf 72' lang='lat' dir='ltr'>huius</span> 
     </span>
     <span class='ocr_line' id='line_1_57' title="bbox 79 1498 254 1525; baseline 0.006 -6"><span class='ocrx_word' id='word_1_258' title='bbox 79 1498 254 1525; x_wconf 72' lang='lat' dir='ltr'>Gongrvgationis</span> 
     </span>
     <span class='ocr_line' id='line_1_58' title="bbox 73 1525 259 1547; baseline 0.011 -2"><span class='ocrx_word' id='word_1_259' title='bbox 73 1525 197 1547; x_wconf 74' lang='lat' dir='ltr'>facultatem</span> <span class='ocrx_word' id='word_1_260' title='bbox 221 1527 259 1547; x_wconf 79' lang='lat' dir='ltr'>de-</span> 
     </span>
     <span class='ocr_line' id='line_1_59' title="bbox 73 1553 258 1580; baseline 0 -5"><span class='ocrx_word' id='word_1_261' title='bbox 73 1553 105 1575; x_wconf 80' lang='lat' dir='ltr'>dit</span> <span class='ocrx_word' id='word_1_262' title='bbox 114 1555 210 1580; x_wconf 78' lang='lat' dir='ltr'>proprias</span> <span class='ocrx_word' id='word_1_263' title='bbox 217 1554 258 1575; x_wconf 73' lang='lat' dir='ltr'>tibi</span> 
     </span>
     <span class='ocr_line' id='line_1_60' title="bbox 73 1579 258 1602; baseline 0.005 -1"><span class='ocrx_word' id='word_1_264' title='bbox 73 1579 178 1601; x_wconf 74' lang='lat' dir='ltr'>condonat</span> <span class='ocrx_word' id='word_1_265' title='bbox 209 1586 258 1602; x_wconf 86' lang='lat' dir='ltr'>con-</span> 
     </span>
     <span class='ocr_line' id='line_1_61' title="bbox 73 1607 200 1629; baseline -0.008 -1"><span class='ocrx_word' id='word_1_266' title='bbox 73 1607 200 1629; x_wconf 60' lang='lat' dir='ltr'>stitutionem</span> 
     </span>
    </p>
   </div>
   <div class='ocr_carea' id='block_1_20' title="bbox 270 1647 1015 1957">
    <p class='ocr_par' dir='ltr' id='par_1_21' title="bbox 270 1647 1015 1957">
     <span class='ocr_line' id='line_1_62' title="bbox 271 1647 1014 1692; baseline 0.004 -12"><span class='ocrx_word' id='word_1_267' title='bbox 271 1647 360 1681; x_wconf 80' lang='lat' dir='ltr'>riensi</span> <span class='ocrx_word' id='word_1_268' title='bbox 396 1648 619 1681; x_wconf 86' lang='lat' dir='ltr'>canonicorum</span> <span class='ocrx_word' id='word_1_269' title='bbox 652 1649 864 1692; x_wconf 77' lang='lat' dir='ltr'>regularium,</span> <span class='ocrx_word' id='word_1_270' title='bbox 900 1649 1014 1684; x_wconf 88' lang='lat' dir='ltr'>dilecto</span> 
     </span>
     <span class='ocr_line' id='line_1_63' title="bbox 270 1700 1015 1746; baseline 0.004 -13"><span class='ocrx_word' id='word_1_271' title='bbox 270 1700 337 1734; x_wconf 85' lang='lat' dir='ltr'>filio</span> <span class='ocrx_word' id='word_1_272' title='bbox 354 1700 508 1735; x_wconf 88' lang='lat' dir='ltr'>moderno</span> <span class='ocrx_word' id='word_1_273' title='bbox 532 1702 637 1735; x_wconf 89' lang='lat' dir='ltr'>abbati</span> <span class='ocrx_word' id='word_1_274' title='bbox 655 1703 795 1746; x_wconf 82' lang='lat' dir='ltr'>generali</span> <span class='ocrx_word' id='word_1_275' title='bbox 819 1703 920 1737; x_wconf 88' lang='lat' dir='ltr'>dictae</span> <span class='ocrx_word' id='word_1_276' title='bbox 936 1704 1015 1738; x_wconf 88' lang='lat' dir='ltr'>Con·</span> 
     </span>
     <span class='ocr_line' id='line_1_64' title="bbox 271 1755 1014 1801; baseline 0.005 -14"><span class='ocrx_word' id='word_1_277' title='bbox 271 1755 463 1798; x_wconf 81' lang='lat' dir='ltr'>gregationis</span> <span class='ocrx_word' id='word_1_278' title='bbox 497 1766 646 1789; x_wconf 84' lang='lat' dir='ltr'>concessa</span> <span class='ocrx_word' id='word_1_279' title='bbox 677 1760 707 1790; x_wconf 91' lang='lat' dir='ltr'>et</span> <span class='ocrx_word' id='word_1_280' title='bbox 737 1762 846 1801; x_wconf 80' lang='lat' dir='ltr'>postea</span> <span class='ocrx_word' id='word_1_281' title='bbox 877 1768 895 1790; x_wconf 87' lang='lat' dir='ltr'>a</span> <span class='ocrx_word' id='word_1_282' title='bbox 924 1758 1014 1791; x_wconf 90' lang='lat' dir='ltr'>nobis</span> 
     </span>
     <span class='ocr_line' id='line_1_65' title="bbox 272 1808 1013 1855; baseline 0.005 -14"><span class='ocrx_word' id='word_1_283' title='bbox 272 1808 457 1841; x_wconf 83' lang='lat' dir='ltr'>confirmata</span> <span class='ocrx_word' id='word_1_284' title='bbox 469 1809 526 1842; x_wconf 90' lang='lat' dir='ltr'>suit</span> <span class='ocrx_word' id='word_1_285' title='bbox 539 1809 668 1843; x_wconf 82' lang='lat' dir='ltr'>facultas</span> <span class='ocrx_word' id='word_1_286' title='bbox 688 1822 747 1855; x_wconf 87' lang='lat' dir='ltr'>pro</span> <span class='ocrx_word' id='word_1_287' title='bbox 765 1812 845 1844; x_wconf 85' lang='lat' dir='ltr'>felici</span> <span class='ocrx_word' id='word_1_288' title='bbox 859 1812 1013 1855; x_wconf 80' lang='lat' dir='ltr'>gubernio</span> 
     </span>
     <span class='ocr_line' id='line_1_66' title="bbox 272 1862 1012 1907; baseline 0.004 -11"><span class='ocrx_word' id='word_1_289' title='bbox 272 1862 412 1896; x_wconf 87' lang='lat' dir='ltr'>eiusdem</span> <span class='ocrx_word' id='word_1_290' title='bbox 429 1862 689 1907; x_wconf 79' lang='lat' dir='ltr'>Congregationis</span> <span class='ocrx_word' id='word_1_291' title='bbox 708 1866 874 1898; x_wconf 85' lang='lat' dir='ltr'>nonnullas</span> <span class='ocrx_word' id='word_1_292' title='bbox 896 1866 1012 1899; x_wconf 90' lang='lat' dir='ltr'>consti-</span> 
     </span>
     <span class='ocr_line' id='line_1_67' title="bbox 271 1916 1012 1957; baseline 0.005 -8"><span class='ocrx_word' id='word_1_293' title='bbox 271 1916 408 1950; x_wconf 87' lang='lat' dir='ltr'>tutiones</span> <span class='ocrx_word' id='word_1_294' title='bbox 433 1927 488 1950; x_wconf 91' lang='lat' dir='ltr'>seu</span> <span class='ocrx_word' id='word_1_295' title='bbox 513 1920 635 1957; x_wconf 79' lang='lat' dir='ltr'>statuta,</span> <span class='ocrx_word' id='word_1_296' title='bbox 650 1918 734 1950; x_wconf 82' lang='lat' dir='ltr'>licita</span> <span class='ocrx_word' id='word_1_297' title='bbox 766 1923 869 1952; x_wconf 88' lang='lat' dir='ltr'>tamen</span> <span class='ocrx_word' id='word_1_298' title='bbox 900 1925 929 1952; x_wconf 87' lang='lat' dir='ltr'>et</span> <span class='ocrx_word' id='word_1_299' title='bbox 955 1920 1012 1953; x_wconf 84' lang='lat' dir='ltr'>ho-</span> 
     </span>
    </p>
   </div>
   <div class='ocr_carea' id='block_1_21' title="bbox 270 1970 1031 2014">
    <p class='ocr_par' dir='ltr' id='par_1_22' title="bbox 270 1970 1031 2014">
     <span class='ocr_line' id='line_1_68' title="bbox 270 1970 1031 2014; baseline 0.004 -11"><span class='ocrx_word' id='word_1_300' title='bbox 270 1975 359 2004; x_wconf 88' lang='lat' dir='ltr'>nesta</span> <span class='ocrx_word' id='word_1_301' title='bbox 379 1970 539 2014; x_wconf 88' lang='lat' dir='ltr'>sacrisque</span> <span class='ocrx_word' id='word_1_302' title='bbox 559 1971 731 2004; x_wconf 88' lang='lat' dir='ltr'>canonibus</span> <span class='ocrx_word' id='word_1_303' title='bbox 759 1978 787 2005; x_wconf 90' lang='lat' dir='ltr'>et</span> <span class='ocrx_word' id='word_1_304' title='bbox 805 1973 933 2006; x_wconf 91' lang='lat' dir='ltr'>Concilii</span> <span class='ocrx_word' id='word_1_305' title='bbox 951 1974 1031 2006; x_wconf 54' lang='lat' dir='ltr'>Trt»</span> 
     </span>
    </p>
   </div>
   <div class='ocr_carea' id='block_1_22' title="bbox 1030 261 1038 2098">
    <p class='ocr_par' dir='ltr' id='par_1_23' title="bbox 1030 261 1038 2098">
     <span class='ocr_line' id='line_1_69' title="bbox 1030 261 1038 2098; baseline 0 0"><span class='ocrx_word' id='word_1_306' title='bbox 1030 261 1038 2098; x_wconf 95' lang='lat' dir='ltr'> </span> 
     </span>
    </p>
   </div>
   <div class='ocr_carea' id='block_1_23' title="bbox 272 2023 1030 2071">
    <p class='ocr_par' dir='ltr' id='par_1_24' title="bbox 272 2023 1030 2071">
     <span class='ocr_line' id='line_1_70' title="bbox 272 2023 1030 2071; baseline 0.005 -15"><span class='ocrx_word' id='word_1_307' title='bbox 272 2023 391 2057; x_wconf 88' lang='lat' dir='ltr'>dentini</span> <span class='ocrx_word' id='word_1_308' title='bbox 416 2024 550 2057; x_wconf 88' lang='lat' dir='ltr'>decretis</span> <span class='ocrx_word' id='word_1_309' title='bbox 575 2035 611 2058; x_wconf 87' lang='lat' dir='ltr'>ac</span> <span class='ocrx_word' id='word_1_310' title='bbox 636 2026 913 2059; x_wconf 87' lang='lat' dir='ltr'>constitutionibus</span> <span class='ocrx_word' id='word_1_311' title='bbox 942 2037 1030 2071; x_wconf 66' lang='lat' dir='ltr'>apo-1</span> 
     </span>
    </p>
   </div>
   <div class='ocr_carea' id='block_1_24' title="bbox 1030 1650 1794 2067">
    <p class='ocr_par' dir='ltr' id='par_1_25' title="bbox 1031 1650 1791 1738">
     <span class='ocr_line' id='line_1_71' title="bbox 1031 1650 1791 1697; baseline 0.005 -14"><span class='ocrx_word' id='word_1_312' title='bbox 1031 1655 1109 1683; x_wconf 59' lang='lat' dir='ltr'>*tarn</span> <span class='ocrx_word' id='word_1_313' title='bbox 1135 1650 1167 1683; x_wconf 93' lang='lat' dir='ltr'>in</span> <span class='ocrx_word' id='word_1_314' title='bbox 1191 1651 1331 1695; x_wconf 87' lang='lat' dir='ltr'>propriis</span> <span class='ocrx_word' id='word_1_315' title='bbox 1360 1661 1454 1695; x_wconf 89' lang='lat' dir='ltr'>quam</span> <span class='ocrx_word' id='word_1_316' title='bbox 1484 1651 1516 1684; x_wconf 90' lang='lat' dir='ltr'>in</span> <span class='ocrx_word' id='word_1_317' title='bbox 1539 1652 1608 1686; x_wconf 89' lang='lat' dir='ltr'>aliis</span> <span class='ocrx_word' id='word_1_318' title='bbox 1631 1663 1712 1697; x_wconf 87' lang='lat' dir='ltr'>quae</span> <span class='ocrx_word' id='word_1_319' title='bbox 1735 1663 1791 1687; x_wconf 87' lang='lat' dir='ltr'>ee-</span> 
     </span>
     <span class='ocr_line' id='line_1_72' title="bbox 1048 1705 1357 1738; baseline 0.003 -1"><span class='ocrx_word' id='word_1_320' title='bbox 1048 1705 1211 1737; x_wconf 89' lang='lat' dir='ltr'>lebrantur</span> <span class='ocrx_word' id='word_1_321' title='bbox 1235 1705 1357 1738; x_wconf 87' lang='lat' dir='ltr'>officiis.</span> 
     </span>
    </p>

    <p class='ocr_par' dir='ltr' id='par_1_26' title="bbox 1030 1757 1794 2067">
     <span class='ocr_line' id='line_1_73' title="bbox 1092 1757 1792 1803; baseline 0.006 -13"><span class='ocrx_word' id='word_1_322' title='bbox 1092 1758 1126 1790; x_wconf 89' lang='lat' dir='ltr'>In</span> <span class='ocrx_word' id='word_1_323' title='bbox 1150 1757 1330 1791; x_wconf 88' lang='lat' dir='ltr'>dioecesum</span> <span class='ocrx_word' id='word_1_324' title='bbox 1363 1764 1393 1792; x_wconf 87' lang='lat' dir='ltr'>et</span> <span class='ocrx_word' id='word_1_325' title='bbox 1425 1759 1647 1803; x_wconf 85' lang='lat' dir='ltr'>parochiarum</span> <span class='ocrx_word' id='word_1_326' title='bbox 1672 1760 1792 1802; x_wconf 70' lang='lat' dir='ltr'>festi52,</span> 
     </span>
     <span class='ocr_line' id='line_1_74' title="bbox 1030 1812 1793 1858; baseline 0.005 -15"><span class='ocrx_word' id='word_1_327' title='bbox 1030 1821 1128 1854; x_wconf 59' lang='lat' dir='ltr'>1quae</span> <span class='ocrx_word' id='word_1_328' title='bbox 1152 1816 1314 1855; x_wconf 88' lang='lat' dir='ltr'>ponuntur</span> <span class='ocrx_word' id='word_1_329' title='bbox 1338 1822 1355 1844; x_wconf 86' lang='lat' dir='ltr'>a</span> <span class='ocrx_word' id='word_1_330' title='bbox 1379 1812 1499 1856; x_wconf 87' lang='lat' dir='ltr'>populo</span> <span class='ocrx_word' id='word_1_331' title='bbox 1528 1817 1558 1846; x_wconf 91' lang='lat' dir='ltr'>et</span> <span class='ocrx_word' id='word_1_332' title='bbox 1575 1823 1656 1856; x_wconf 83' lang='lat' dir='ltr'>quae</span> <span class='ocrx_word' id='word_1_333' title='bbox 1675 1813 1793 1858; x_wconf 87' lang='lat' dir='ltr'>episco-</span> 
     </span>
     <span class='ocr_line' id='line_1_75' title="bbox 1030 1865 1794 1911; baseline 0.007 -14"><span class='ocrx_word' id='word_1_334' title='bbox 1030 1875 1105 1908; x_wconf 46' lang='lat' dir='ltr'>ipus</span> <span class='ocrx_word' id='word_1_335' title='bbox 1130 1865 1282 1899; x_wconf 74' lang='lat' dir='ltr'>servanda</span> <span class='ocrx_word' id='word_1_336' title='bbox 1306 1867 1512 1910; x_wconf 79' lang='lat' dir='ltr'>praeceperit,</span> <span class='ocrx_word' id='word_1_337' title='bbox 1530 1867 1728 1911; x_wconf 84' lang='lat' dir='ltr'>persolvatur</span> <span class='ocrx_word' id='word_1_338' title='bbox 1752 1868 1794 1902; x_wconf 86' lang='lat' dir='ltr'>of-</span> 
     </span>
     <span class='ocr_line' id='line_1_76' title="bbox 1047 1919 1793 1966; baseline 0.007 -15"><span class='ocrx_word' id='word_1_339' title='bbox 1047 1919 1164 1961; x_wconf 82' lang='lat' dir='ltr'>ficium,</span> <span class='ocrx_word' id='word_1_340' title='bbox 1184 1924 1214 1952; x_wconf 87' lang='lat' dir='ltr'>et</span> <span class='ocrx_word' id='word_1_341' title='bbox 1237 1919 1396 1953; x_wconf 72' lang='lat' dir='ltr'>breviario</span> <span class='ocrx_word' id='word_1_342' title='bbox 1421 1931 1554 1954; x_wconf 89' lang='lat' dir='ltr'>romano</span> <span class='ocrx_word' id='word_1_343' title='bbox 1571 1931 1635 1954; x_wconf 89' lang='lat' dir='ltr'>non</span> <span class='ocrx_word' id='word_1_344' title='bbox 1661 1932 1694 1955; x_wconf 86' lang='lat' dir='ltr'>se</span> <span class='ocrx_word' id='word_1_345' title='bbox 1718 1933 1793 1966; x_wconf 89' lang='lat' dir='ltr'>pro-</span> 
     </span>
     <span class='ocr_line' id='line_1_77' title="bbox 1047 1971 1793 2015; baseline 0.007 -11"><span class='ocrx_word' id='word_1_346' title='bbox 1047 1971 1125 2015; x_wconf 85' lang='lat' dir='ltr'>priis</span> <span class='ocrx_word' id='word_1_347' title='bbox 1143 1972 1298 2005; x_wconf 84' lang='lat' dir='ltr'>dictarum</span> <span class='ocrx_word' id='word_1_348' title='bbox 1324 1973 1504 2006; x_wconf 82' lang='lat' dir='ltr'>dioecesum</span> <span class='ocrx_word' id='word_1_349' title='bbox 1530 1974 1641 2007; x_wconf 85' lang='lat' dir='ltr'>officiis</span> <span class='ocrx_word' id='word_1_350' title='bbox 1665 1975 1793 2009; x_wconf 86' lang='lat' dir='ltr'>restrin-</span> 
     </span>
     <span class='ocr_line' id='line_1_78' title="bbox 1047 2025 1792 2067; baseline 0.007 -10"><span class='ocrx_word' id='word_1_351' title='bbox 1047 2025 1178 2067; x_wconf 76' lang='lat' dir='ltr'>gend0⁸,</span> <span class='ocrx_word' id='word_1_352' title='bbox 1196 2026 1280 2058; x_wconf 82' lang='lat' dir='ltr'>iuxta</span> <span class='ocrx_word' id='word_1_353' title='bbox 1297 2026 1459 2059; x_wconf 88' lang='lat' dir='ltr'>decretum</span> <span class='ocrx_word' id='word_1_354' title='bbox 1476 2027 1605 2061; x_wconf 87' lang='lat' dir='ltr'>Concilii</span> <span class='ocrx_word' id='word_1_355' title='bbox 1619 2028 1792 2062; x_wconf 88' lang='lat' dir='ltr'>Tridentini</span> 
     </span>
    </p>
   </div>
   <div class='ocr_carea' id='block_1_25' title="bbox 269 2077 1791 2490">
    <p class='ocr_par' dir='ltr' id='par_1_27' title="bbox 269 2077 1791 2490">
     <span class='ocr_line' id='line_1_79' title="bbox 272 2077 1694 2130; baseline 0.001 -19"><span class='ocrx_word' id='word_1_356' title='bbox 272 2077 391 2111; x_wconf 85' lang='lat' dir='ltr'>stolicis</span> <span class='ocrx_word' id='word_1_357' title='bbox 414 2087 478 2111; x_wconf 90' lang='lat' dir='ltr'>non</span> <span class='ocrx_word' id='word_1_358' title='bbox 495 2079 662 2119; x_wconf 78' lang='lat' dir='ltr'>contraria,</span> <span class='ocrx_word' id='word_1_359' title='bbox 680 2089 803 2112; x_wconf 82' lang='lat' dir='ltr'>necnon</span> <span class='ocrx_word' id='word_1_360' title='bbox 820 2079 851 2111; x_wconf 90' lang='lat' dir='ltr'>in</span> <span class='ocrx_word' id='word_1_361' title='bbox 877 2080 1012 2123; x_wconf 88' lang='lat' dir='ltr'>capitulo</span> <span class='ocrx_word' id='word_1_362' title='bbox 1029 2104 1030 2130; x_wconf 22' lang='grc' dir='ltr'>ἦ</span> <span class='ocrx_word' id='word_1_363' title='bbox 1047 2088 1121 2110; x_wconf 84' lang='lat' dir='ltr'>sess.</span> <span class='ocrx_word' id='word_1_364' title='bbox 1147 2088 1220 2118; x_wconf 67' lang='lat' dir='ltr'>xxv,</span> <span class='ocrx_word' id='word_1_365' title='bbox 1246 2089 1312 2122; x_wconf 85' lang='lat' dir='ltr'>cap.</span> <span class='ocrx_word' id='word_1_366' title='bbox 1338 2089 1391 2112; x_wconf 77' lang='lat' dir='ltr'>xii.</span> <span class='ocrx_word' id='word_1_367' title='bbox 1692 2110 1694 2113; x_wconf 86' lang='lat'>.</span> 
     </span>
     <span class='ocr_line' id='line_1_80' title="bbox 273 2130 1790 2177; baseline 0.002 -14"><span class='ocrx_word' id='word_1_368' title='bbox 273 2130 520 2174; x_wconf 84' lang='lat' dir='ltr'>generalidictae</span> <span class='ocrx_word' id='word_1_369' title='bbox 532 2131 793 2174; x_wconf 73' lang='lat' dir='ltr'>Congregationis</span> <span class='ocrx_word' id='word_1_370' title='bbox 807 2133 1031 2177; x_wconf 69' lang='lat' dir='ltr'>examinanda}</span> <span class='ocrx_word' id='word_1_371' title='bbox 1090 2131 1227 2173; x_wconf 72' lang='lat' dir='ltr'>Singulis</span> <span class='ocrx_word' id='word_1_372' title='bbox 1259 2132 1370 2165; x_wconf 87' lang='lat' dir='ltr'>diebus</span> <span class='ocrx_word' id='word_1_373' title='bbox 1395 2133 1475 2166; x_wconf 75' lang='lat' dir='ltr'>hora</span> <span class='ocrx_word' id='word_1_374' title='bbox 1499 2135 1611 2177; x_wconf 75' lang='lat' dir='ltr'>quarta</span> <span class='ocrx_word' id='word_1_375' title='bbox 1636 2136 1790 2169; x_wconf 74' lang='lat' dir='ltr'>matutina</span> 
     </span>
     <span class='ocr_line' id='line_1_81' title="bbox 273 2183 1790 2233; baseline 0.004 -16"><span class='ocrx_word' id='word_1_376' title='bbox 273 2188 328 2217; x_wconf 84' lang='lat' dir='ltr'>eta</span> <span class='ocrx_word' id='word_1_377' title='bbox 341 2183 420 2217; x_wconf 88' lang='lat' dir='ltr'>Sede</span> <span class='ocrx_word' id='word_1_378' title='bbox 432 2185 611 2228; x_wconf 76' lang='lat' dir='ltr'>Apostolica</span> <span class='ocrx_word' id='word_1_379' title='bbox 624 2185 1011 2228; x_wconf 75' lang='lat' dir='ltr'>approbanda,condendi.</span> <span class='ocrx_word' id='word_1_380' title='bbox 1046 2184 1187 2228; x_wconf 85' lang='lat' dir='ltr'>pulsetur</span> <span class='ocrx_word' id='word_1_381' title='bbox 1211 2195 1229 2217; x_wconf 86' lang='lat' dir='ltr'>a</span> <span class='ocrx_word' id='word_1_382' title='bbox 1253 2185 1400 2229; x_wconf 87' lang='lat' dir='ltr'>deputato</span> <span class='ocrx_word' id='word_1_383' title='bbox 1426 2186 1566 2230; x_wconf 86' lang='lat' dir='ltr'>primum</span> <span class='ocrx_word' id='word_1_384' title='bbox 1585 2187 1710 2231; x_wconf 77' lang='lat' dir='ltr'>signum</span> <span class='ocrx_word' id='word_1_385' title='bbox 1732 2200 1790 2233; x_wconf 89' lang='lat' dir='ltr'>pro</span> 
     </span>
     <span class='ocr_line' id='line_1_82' title="bbox 316 2237 1789 2285; baseline 0.004 -15"><span class='ocrx_word' id='word_1_386' title='bbox 316 2237 331 2281; x_wconf 63' lang='grc' dir='ltr'><strong>ξ</strong></span> <span class='ocrx_word' id='word_1_387' title='bbox 354 2237 384 2270; x_wconf 73' lang='lat'>⁶2.</span> <span class='ocrx_word' id='word_1_388' title='bbox 409 2238 465 2276; x_wconf 79' lang='lat' dir='ltr'>Qui</span> <span class='ocrx_word' id='word_1_389' title='bbox 495 2238 622 2281; x_wconf 85' lang='lat' dir='ltr'>quidem</span> <span class='ocrx_word' id='word_1_390' title='bbox 651 2239 757 2278; x_wconf 86' lang='lat' dir='ltr'>abbas,</span> <span class='ocrx_word' id='word_1_391' title='bbox 772 2239 880 2282; x_wconf 73' lang='lat' dir='ltr'>vigore</span> <span class='ocrx_word' id='word_1_392' title='bbox 912 2239 1012 2273; x_wconf 79' lang='lat' dir='ltr'>dictae</span> <span class='ocrx_word' id='word_1_393' title='bbox 1047 2239 1218 2279; x_wconf 85' lang='lat' dir='ltr'>matutinis,</span> <span class='ocrx_word' id='word_1_394' title='bbox 1233 2244 1263 2272; x_wconf 90' lang='lat' dir='ltr'>et</span> <span class='ocrx_word' id='word_1_395' title='bbox 1278 2240 1359 2272; x_wconf 77' lang='lat' dir='ltr'>hora</span> <span class='ocrx_word' id='word_1_396' title='bbox 1380 2241 1500 2284; x_wconf 78' lang='lat' dir='ltr'>quinta,</span> <span class='ocrx_word' id='word_1_397' title='bbox 1518 2242 1641 2285; x_wconf 86' lang='lat' dir='ltr'>pulsato</span> <span class='ocrx_word' id='word_1_398' title='bbox 1666 2243 1789 2285; x_wconf 86' lang='lat' dir='ltr'>ultimo,</span> 
     </span>
     <span class='ocr_line' id='line_1_83' title="bbox 269 2291 1791 2340; baseline 0.003 -15"><span class='ocrx_word' id='word_1_399' title='bbox 269 2291 436 2331; x_wconf 78' lang='lat' dir='ltr'>facultatis,</span> <span class='ocrx_word' id='word_1_400' title='bbox 450 2292 616 2325; x_wconf 86' lang='lat' dir='ltr'>nonnullas</span> <span class='ocrx_word' id='word_1_401' title='bbox 646 2293 885 2326; x_wconf 86' lang='lat' dir='ltr'>constitutiones</span> <span class='ocrx_word' id='word_1_402' title='bbox 910 2294 1013 2327; x_wconf 85' lang='lat' dir='ltr'>condi·</span> <span class='ocrx_word' id='word_1_403' title='bbox 1047 2292 1312 2326; x_wconf 80' lang='lat' dir='ltr'>hebdomadarius</span> <span class='ocrx_word' id='word_1_404' title='bbox 1337 2293 1497 2327; x_wconf 84' lang='lat' dir='ltr'>inchoabit</span> <span class='ocrx_word' id='word_1_405' title='bbox 1521 2296 1682 2340; x_wconf 82' lang='lat' dir='ltr'>officium,</span> <span class='ocrx_word' id='word_1_406' title='bbox 1712 2297 1791 2330; x_wconf 89' lang='lat' dir='ltr'>sicut</span> 
     </span>
     <span class='ocr_line' id='line_1_84' title="bbox 270 2344 1012 2390; baseline 0.004 -13"><span class='ocrx_word' id='word_1_407' title='bbox 270 2344 325 2385; x_wconf 88' lang='lat' dir='ltr'>dit,</span> <span class='ocrx_word' id='word_1_408' title='bbox 346 2345 548 2389; x_wconf 87' lang='lat' dir='ltr'>conditasque</span> <span class='ocrx_word' id='word_1_409' title='bbox 578 2346 609 2378; x_wconf 90' lang='lat' dir='ltr'>in</span> <span class='ocrx_word' id='word_1_410' title='bbox 634 2346 771 2390; x_wconf 81' lang='lat' dir='ltr'>capitulo</span> <span class='ocrx_word' id='word_1_411' title='bbox 803 2348 942 2390; x_wconf 78' lang='lat' dir='ltr'>generali</span> <span class='ocrx_word' id='word_1_412' title='bbox 966 2348 1012 2380; x_wconf 92' lang='lat' dir='ltr'>di-</span> 
     </span>
     <span class='ocr_line' id='line_1_85' title="bbox 270 2399 1011 2445; baseline 0.004 -13"><span class='ocrx_word' id='word_1_413' title='bbox 270 2403 337 2432; x_wconf 86' lang='lat' dir='ltr'>ctae</span> <span class='ocrx_word' id='word_1_414' title='bbox 350 2399 608 2442; x_wconf 79' lang='lat' dir='ltr'>Congregationis</span> <span class='ocrx_word' id='word_1_415' title='bbox 622 2400 792 2434; x_wconf 82' lang='lat' dir='ltr'>examinari</span> <span class='ocrx_word' id='word_1_416' title='bbox 807 2405 835 2435; x_wconf 93' lang='lat' dir='ltr'>et</span> <span class='ocrx_word' id='word_1_417' title='bbox 844 2402 1011 2445; x_wconf 86' lang='lat' dir='ltr'>approbari</span> 
     </span>
     <span class='ocr_line' id='line_1_86' title="bbox 270 2454 1012 2490; baseline 0.004 -3"><span class='ocrx_word' id='word_1_418' title='bbox 270 2463 393 2488; x_wconf 89' lang='lat' dir='ltr'>necnon</span> <span class='ocrx_word' id='word_1_419' title='bbox 417 2455 455 2487; x_wconf 87' lang='lat' dir='ltr'>ab</span> <span class='ocrx_word' id='word_1_420' title='bbox 481 2454 629 2488; x_wconf 89' lang='lat' dir='ltr'>omnibus</span> <span class='ocrx_word' id='word_1_421' title='bbox 661 2456 821 2488; x_wconf 77' lang='lat' dir='ltr'>vocalibus</span> <span class='ocrx_word' id='word_1_422' title='bbox 845 2456 877 2488; x_wconf 87' lang='lat' dir='ltr'>in</span> <span class='ocrx_word' id='word_1_423' title='bbox 901 2457 1012 2490; x_wconf 83' lang='lat' dir='ltr'>eodem</span> 
     </span>
    </p>
   </div>
   <div class='ocr_carea' id='block_1_26' title="bbox 1080 2371 1789 2497">
    <p class='ocr_par' dir='ltr' id='par_1_28' title="bbox 1080 2371 1789 2497">
     <span class='ocr_line' id='line_1_87' title="bbox 1084 2371 1682 2409; baseline 0.007 -12"><span class='ocrx_word' id='word_1_424' title='bbox 1084 2373 1094 2397; x_wconf 88' lang='lat'><strong>1</strong></span> <span class='ocrx_word' id='word_1_425' title='bbox 1112 2371 1178 2398; x_wconf 83' lang='lat' dir='ltr'>Male</span> <span class='ocrx_word' id='word_1_426' title='bbox 1194 2371 1258 2398; x_wconf 88' lang='lat' dir='ltr'>edit.</span> <span class='ocrx_word' id='word_1_427' title='bbox 1272 2372 1355 2399; x_wconf 89' lang='lat' dir='ltr'>Main.</span> <span class='ocrx_word' id='word_1_428' title='bbox 1373 2372 1436 2408; x_wconf 81' lang='lat' dir='ltr'>legit</span> <span class='ocrx_word' id='word_1_429' title='bbox 1452 2373 1563 2408; x_wconf 70' lang='lat' dir='ltr'>diqesla</span> <span class='ocrx_word' id='word_1_430' title='bbox 1578 2375 1616 2408; x_wconf 76' lang='lat' dir='ltr'>(R.</span> <span class='ocrx_word' id='word_1_431' title='bbox 1633 2375 1682 2409; x_wconf 84' lang='grc' dir='ltr'>Τ,).</span> 
     </span>
     <span class='ocr_line' id='line_1_88' title="bbox 1080 2416 1739 2455; baseline 0.005 -12"><span class='ocrx_word' id='word_1_432' title='bbox 1080 2416 1097 2443; x_wconf 76' lang='lat'>2</span> <span class='ocrx_word' id='word_1_433' title='bbox 1117 2417 1264 2452; x_wconf 85' lang='lat' dir='ltr'>Perperam</span> <span class='ocrx_word' id='word_1_434' title='bbox 1285 2417 1328 2444; x_wconf 87' lang='lat' dir='ltr'>ed.</span> <span class='ocrx_word' id='word_1_435' title='bbox 1349 2417 1428 2445; x_wconf 80' lang='lat' dir='ltr'>Main¹</span> <span class='ocrx_word' id='word_1_436' title='bbox 1451 2419 1515 2454; x_wconf 84' lang='lat' dir='ltr'>legit</span> <span class='ocrx_word' id='word_1_437' title='bbox 1534 2420 1620 2453; x_wconf 74' lang='lat' dir='ltr'>factis</span> <span class='ocrx_word' id='word_1_438' title='bbox 1635 2421 1672 2454; x_wconf 83' lang='lat' dir='ltr'>(n.</span> <span class='ocrx_word' id='word_1_439' title='bbox 1690 2420 1739 2455; x_wconf 64' lang='lat' dir='ltr'>r).</span> 
     </span>
     <span class='ocr_line' id='line_1_89' title="bbox 1082 2459 1789 2497; baseline 0.008 -12"><span class='ocrx_word' id='word_1_440' title='bbox 1082 2459 1097 2486; x_wconf 88' lang='lat'><strong>3</strong></span> <span class='ocrx_word' id='word_1_441' title='bbox 1113 2460 1223 2486; x_wconf 80' lang='lat' dir='ltr'>Comma</span> <span class='ocrx_word' id='word_1_442' title='bbox 1244 2459 1316 2486; x_wconf 89' lang='lat' dir='ltr'>istud</span> <span class='ocrx_word' id='word_1_443' title='bbox 1336 2461 1453 2495; x_wconf 76' lang='lat' dir='ltr'>corrigat</span> <span class='ocrx_word' id='word_1_444' title='bbox 1474 2461 1519 2497; x_wconf 89' lang='lat' dir='ltr'>qui</span> <span class='ocrx_word' id='word_1_445' title='bbox 1543 2466 1641 2497; x_wconf 85' lang='lat' dir='ltr'>potest.</span> <span class='ocrx_word' id='word_1_446' title='bbox 1663 2463 1789 2491; x_wconf 87' lang='lat' dir='ltr'>Ceterum</span> 
     </span>
    </p>
   </div>
   <div class='ocr_carea' id='block_1_27' title="bbox 306 2502 1787 2584">
    <p class='ocr_par' dir='ltr' id='par_1_29' title="bbox 306 2502 1787 2584">
     <span class='ocr_line' id='line_1_90' title="bbox 1046 2502 1786 2534; baseline 0.007 -6"><span class='ocrx_word' id='word_1_447' title='bbox 1046 2502 1184 2528; x_wconf 82' lang='lat' dir='ltr'>decretum</span> <span class='ocrx_word' id='word_1_448' title='bbox 1220 2502 1331 2529; x_wconf 86' lang='lat' dir='ltr'>Concilii</span> <span class='ocrx_word' id='word_1_449' title='bbox 1361 2503 1515 2530; x_wconf 83' lang='lat' dir='ltr'>Tridentini</span> <span class='ocrx_word' id='word_1_450' title='bbox 1546 2503 1699 2532; x_wconf 81' lang='lat' dir='ltr'>huiusmodi</span> <span class='ocrx_word' id='word_1_451' title='bbox 1728 2509 1786 2534; x_wconf 83' lang='lat' dir='ltr'>est.-</span> 
     </span>
     <span class='ocr_line' id='line_1_91' title="bbox 306 2533 1787 2584; baseline 0.009 -22"><span class='ocrx_word' id='word_1_452' title='bbox 306 2535 318 2562; x_wconf 87' lang='lat'>1</span> <span class='ocrx_word' id='word_1_453' title='bbox 342 2534 459 2561; x_wconf 80' lang='lat' dir='ltr'>Primam</span> <span class='ocrx_word' id='word_1_454' title='bbox 479 2533 560 2562; x_wconf 73' lang='lat' dir='ltr'>huius</span> <span class='ocrx_word' id='word_1_455' title='bbox 580 2534 687 2562; x_wconf 72' lang='lat' dir='ltr'>Ordinis</span> <span class='ocrx_word' id='word_1_456' title='bbox 707 2536 871 2564; x_wconf 66' lang='lat' dir='ltr'>erecllfflleffl</span> <span class='ocrx_word' id='word_1_457' title='bbox 898 2537 958 2566; x_wconf 67' lang='lat' dir='ltr'>Vide</span> <span class='ocrx_word' id='word_1_458' title='bbox 985 2538 1012 2566; x_wconf 77' lang='lat' dir='ltr'>in</span> <span class='ocrx_word' id='word_1_459' title='bbox 1050 2556 1062 2569; x_wconf 83' lang='lat'>«</span> <span class='ocrx_word' id='word_1_460' title='bbox 1084 2544 1140 2571; x_wconf 88' lang='lat' dir='ltr'>dies</span> <span class='ocrx_word' id='word_1_461' title='bbox 1160 2544 1220 2571; x_wconf 90' lang='lat' dir='ltr'>festi</span> <span class='ocrx_word' id='word_1_462' title='bbox 1235 2553 1302 2580; x_wconf 81' lang='lat' dir='ltr'>quos</span> <span class='ocrx_word' id='word_1_463' title='bbox 1318 2544 1344 2571; x_wconf 91' lang='lat' dir='ltr'>in</span> <span class='ocrx_word' id='word_1_464' title='bbox 1360 2545 1477 2572; x_wconf 86' lang='lat' dir='ltr'>dioecesi</span> <span class='ocrx_word' id='word_1_465' title='bbox 1490 2547 1538 2573; x_wconf 73' lang='lat' dir='ltr'>sua</span> <span class='ocrx_word' id='word_1_466' title='bbox 1549 2547 1695 2574; x_wconf 78' lang='lat' dir='ltr'>servandos</span> <span class='ocrx_word' id='word_1_467' title='bbox 1715 2548 1787 2584; x_wconf 85' lang='lat' dir='ltr'>epis-</span> 
     </span>
    </p>
   </div>
   <div class='ocr_carea' id='block_1_28' title="bbox 270 2578 1787 2666">
    <p class='ocr_par' dir='ltr' id='par_1_30' title="bbox 270 2578 1787 2666">
     <span class='ocr_line' id='line_1_92' title="bbox 270 2578 1787 2623; baseline 0.007 -15"><span class='ocrx_word' id='word_1_468' title='bbox 270 2579 356 2608; x_wconf 82' lang='lat' dir='ltr'>Bonif.</span> <span class='ocrx_word' id='word_1_469' title='bbox 373 2578 431 2606; x_wconf 85' lang='lat' dir='ltr'>VIII</span> <span class='ocrx_word' id='word_1_470' title='bbox 448 2579 560 2606; x_wconf 85' lang='lat' dir='ltr'>Constit.</span> <span class='ocrx_word' id='word_1_471' title='bbox 578 2587 614 2613; x_wconf 77' lang='lat' dir='ltr'>xi,</span> <span class='ocrx_word' id='word_1_472' title='bbox 631 2584 695 2607; x_wconf 88' lang='lat' dir='ltr'>tom.</span> <span class='ocrx_word' id='word_1_473' title='bbox 713 2588 750 2614; x_wconf 74' lang='lat' dir='ltr'>lv,</span> <span class='ocrx_word' id='word_1_474' title='bbox 768 2590 827 2617; x_wconf 85' lang='lat' dir='ltr'>pag.</span> <span class='ocrx_word' id='word_1_475' title='bbox 846 2582 894 2610; x_wconf 74' lang='lat'>143</span> <span class='ocrx_word' id='word_1_476' title='bbox 912 2583 946 2618; x_wconf 77' lang='lat' dir='ltr'>(R,</span> <span class='ocrx_word' id='word_1_477' title='bbox 964 2585 1011 2619; x_wconf 84' lang='lat' dir='ltr'>T.).</span> <span class='ocrx_word' id='word_1_478' title='bbox 1046 2595 1129 2622; x_wconf 78' lang='lat' dir='ltr'>copus</span> <span class='ocrx_word' id='word_1_479' title='bbox 1152 2587 1322 2622; x_wconf 81' lang='lat' dir='ltr'>praeceperit</span> <span class='ocrx_word' id='word_1_480' title='bbox 1343 2587 1376 2614; x_wconf 88' lang='lat' dir='ltr'>ab</span> <span class='ocrx_word' id='word_1_481' title='bbox 1403 2589 1532 2623; x_wconf 77' lang='lat' dir='ltr'>exemptis</span> <span class='ocrx_word' id='word_1_482' title='bbox 1556 2589 1681 2617; x_wconf 88' lang='lat' dir='ltr'>omnibus</span> <span class='ocrx_word' id='word_1_483' title='bbox 1704 2591 1787 2619; x_wconf 83' lang='lat' dir='ltr'>etiam</span> 
     </span>
     <span class='ocr_line' id='line_1_93' title="bbox 305 2624 1527 2666; baseline 0.004 -14"><span class='ocrx_word' id='word_1_484' title='bbox 305 2624 322 2652; x_wconf 80' lang='lat'>2</span> <span class='ocrx_word' id='word_1_485' title='bbox 341 2624 379 2652; x_wconf 83' lang='lat' dir='ltr'>Ex</span> <span class='ocrx_word' id='word_1_486' title='bbox 399 2624 507 2660; x_wconf 82' lang='lat' dir='ltr'>Regest.</span> <span class='ocrx_word' id='word_1_487' title='bbox 528 2624 556 2651; x_wconf 90' lang='lat' dir='ltr'>in</span> <span class='ocrx_word' id='word_1_488' title='bbox 577 2624 678 2652; x_wconf 84' lang='lat' dir='ltr'>Secret.</span> <span class='ocrx_word' id='word_1_489' title='bbox 699 2625 776 2653; x_wconf 78' lang='lat' dir='ltr'>Brev.</span> <span class='ocrx_word' id='word_1_490' title='bbox 1045 2629 1218 2665; x_wconf 82' lang='lat' dir='ltr'>regularibus</span> <span class='ocrx_word' id='word_1_491' title='bbox 1237 2633 1381 2658; x_wconf 83' lang='lat' dir='ltr'>serventur</span> <span class='ocrx_word' id='word_1_492' title='bbox 1398 2640 1410 2656; x_wconf 79' lang='lat' dir='ltr'>(t</span> <span class='ocrx_word' id='word_1_493' title='bbox 1428 2631 1463 2666; x_wconf 78' lang='lat' dir='ltr'>(n.</span> <span class='ocrx_word' id='word_1_494' title='bbox 1479 2631 1527 2666; x_wconf 86' lang='lat' dir='ltr'>T.).</span> 
     </span>
    </p>
   </div>
   <div class='ocr_carea' id='block_1_29' title="bbox 354 2677 942 2710">
    <p class='ocr_par' dir='ltr' id='par_1_31' title="bbox 354 2677 942 2710">
     <span class='ocr_line' id='line_1_94' title="bbox 354 2677 942 2710; baseline 0.005 -3"><span class='ocrx_word' id='word_1_495' title='bbox 354 2677 434 2707; x_wconf 68' lang='lat' dir='ltr'>Ball.</span> <span class='ocrx_word' id='word_1_496' title='bbox 453 2678 537 2707; x_wconf 83' lang='lat' dir='ltr'>Rom.</span> <span class='ocrx_word' id='word_1_497' title='bbox 558 2693 592 2699; x_wconf 95' lang='lat'>—</span> <span class='ocrx_word' id='word_1_498' title='bbox 611 2678 669 2707; x_wconf 89' lang='lat' dir='ltr'>Vol.</span> <span class='ocrx_word' id='word_1_499' title='bbox 685 2678 762 2708; x_wconf 87' lang='lat' dir='ltr'><strong><em>XIV.</em></strong></span> <span class='ocrx_word' id='word_1_500' title='bbox 906 2680 942 2710; x_wconf 86' lang='lat'>50</span> 
     </span>
    </p>
   </div>
  </div>
 </body>
</html>
