2248 3229
78 245 128 271 An.
148 242 177 271 C.
195 242 259 271 1631

123 994 216 1017 iudicum
232 993 269 1015 de-

85 1023 179 1048 putatio,
192 1023 234 1042 tam
249 1027 269 1042 in

87 1049 152 1074 Urbe,
163 1054 225 1075 quam
237 1054 269 1070 ox·

149 2270 287 2291 Demandatio

103 2298 227 2323 cognitionis
237 2303 287 2317 cau-

103 2331 174 2346 sarum
215 2325 287 2345 huius-

104 2352 167 2372 modi.

893 236 1035 262 URBANUS
1059 235 1117 260 VIII
1140 235 1189 260 PP.

277 288 404 329 matiali,
420 285 632 332 patriarchali,
649 288 702 320 aut
723 294 922 330 quacumque
946 285 1017 327 alia,

278 343 370 376 etiam
385 340 552 385 superiori,
565 339 774 374 ecelesiastica
788 339 834 372 vel
849 338 1019 377 mundana,

277 388 477 438 quantumvis
501 393 638 435 sublimi,
656 392 826 426 excellente
844 397 873 425 et
893 389 1020 435 speciali

276 449 352 482 nota
377 447 494 491 digna,
521 447 615 481 etiam
647 446 817 490 suprema,
843 443 1020 478 constitutis

279 501 440 545 dignitate,
468 501 593 534 easdem
617 498 960 538 excommunicatioriis‚
985 508 1021 530 ac

279 555 462 598 privationis
493 554 586 588 etiam
618 553 782 596 regiminis
818 556 848 587 et
882 551 1017 585 admini-

280 608 441 641 strationis
466 608 672 641 ecclesiarum
687 634 694 647 ,
719 612 749 639 et
783 606 919 643 aliorum
944 615 1021 648 quo-

280 671 490 704 rumcumque
521 660 750 693 beneficiorum
779 663 808 693 et
835 658 1020 702 dignitatum

281 714 481 757 quantumvis
512 714 778 758 amplissimarum
815 718 845 746 et
879 711 1018 755 patriar—

281 767 362 801 chali
388 768 555 809 maiorum,
573 778 609 800 ac
633 767 810 801 officiorum
835 775 975 805 suorum,
993 769 1023 797 et

282 821 485 856 inhabilitatis
498 831 616 865 poenas
629 821 698 864 ipso
712 822 793 853 sacto
807 818 1022 859 ineam-endas,

283 875 455 919 apostolica
471 876 665 915 auctoritate,
681 879 787 909 tenore
800 873 1021 918 praesentium,

284 928 458 971 infligimus
483 934 513 962 et
536 928 738 973 imponimus.

329 982 344 1026 ἓ
368 983 397 1015 5.
422 982 639 1026 Cognitionem
656 979 761 1015 au'tem
786 991 951 1014 causarum
968 980 1025 1014 liu-

286 1035 431 1078 iusmodi,
441 1036 542 1080 quoad
556 1046 707 1080 personas
720 1035 948 1068 ecclesiasticas
961 1040 1024 1067 tam

287 1090 444 1124 seculares
469 1100 562 1133 quam
589 1089 751 1132 regulares
769 1089 799 1121 in
819 1088 900 1122 Urbe
919 1089 1026 1121 nostra

287 1148 317 1176 et
342 1143 426 1176 illius
456 1142 600 1176 districtu
631 1142 669 1174 ad
694 1142 824 1175 dilectos
856 1141 948 1181 filios,
972 1151 1027 1174 no-

288 1200 387 1229 strum
413 1196 444 1228 in
468 1195 551 1229 Urbe
576 1195 728 1228 vicarium
760 1195 791 1226 in
811 1194 1027 1237 spiritualibus

288 1249 478 1292 generalem,
498 1259 621 1282 necnon
646 1248 786 1281 eiusdem
806 1247 896 1280 Urbis
913 1247 1028 1289 guber-

289 1307 452 1344 natorem,
478 1312 514 1335 ac
548 1311 713 1334 causarum
749 1301 856 1334 euriae
887 1310 1029 1333 camerae

289 1354 479 1399 apostolicae
504 1355 681 1388 auditorem
705 1354 906 1397 generalem,
924 1358 954 1386 et
978 1364 1030 1386 eo-

291 1419 362 1441 rum
387 1408 559 1452 quemlibet
575 1408 606 1440 in
623 1408 768 1448 solidum,
786 1411 960 1448 extrayero
978 1406 1031 1439 [Τι’-

291 1461 364 1495 bem
400 1466 430 1495 et
460 1461 637 1494 districtum
669 1460 865 1504 praedictum
895 1460 927 1492 in
958 1470 1032 1502 pro-

292 1514 401 1547 vinciis
424 1514 515 1547 nobis
539 1520 569 1547 et
593 1514 790 1557 Apostolicae
823 1512 894 1545 Scdi
925 1512 1031 1545 subie-

293 1567 350 1601 ctis
382 1568 420 1600 ad
452 1568 480 1601 S.
515 1568 549 1601 R.
582 1568 614 1599 E.
648 1567 820 1600 cardinales
851 1566 883 1598 in
915 1565 1031 1598 eisdem

293 1621 465 1664 provinciis
486 1621 524 1654 de
544 1621 641 1654 latere
666 1621 785 1663 legatos
805 1623 835 1653 et
854 1619 1033 1663 prolegatos

293 1684 329 1707 ac
344 1674 505 1718 praesides
521 1674 552 1706 in
569 1674 719 1717 dignitate
736 1673 946 1706 ecclesiastica
963 1683 1035 1706 con-

294 1728 417 1760 stitutos
439 1738 498 1771 pro
528 1732 672 1771 tempore
697 1718 863 1760 existentes
877 1753 884 1767 ,
913 1726 944 1758 in
966 1726 1034 1758 alii's

295 1791 370 1814 vero
395 1781 541 1814 omnibus
565 1786 595 1813 et
619 1781 752 1823 singulis
775 1779 970 1824 provinciiis,
986 1790 1035 1812 re-

295 1835 374 1878 gnis,
400 1835 586 1876 civitatibus,
601 1835 734 1878 oppidis,
760 1834 869 1868 castris
895 1838 925 1868 et
948 1834 1034 1876 locis,

296 1893 360 1920 tam
385 1888 442 1921 sub
466 1890 575 1922 nostra
592 1893 622 1921 et
638 1888 736 1922 dictae
760 1888 847 1921 Sedis
871 1898 964 1931 quam
985 1899 1037 1920 cu-

296 1941 392 1974 iusvis
420 1942 548 1974 alterius
572 1941 724 1985 principis
740 1941 873 1977 ditione,
892 1951 1036 1984 compre-

299 1994 412 2035 hensis,
425 1994 577 2038 privative
590 1995 692 2038 quoad
707 2004 826 2036 omnes,
841 1994 934 2026 etiam
949 2004 1038 2037 supe-

297 2048 399 2081 riores
415 2048 648 2091 religiosorum,
663 2048 803 2091 ipsisque
821 2047 1038 2090 superioribus

297 2102 422 2146 penitus
446 2102 590 2145 exclusis,
615 2102 654 2134 ad
677 2101 859 2134 Ordinarios
885 2101 1038 2140 locorum,

299 2155 430 2188 ubilibet
443 2166 517 2188 vero
533 2155 677 2188 locorum
694 2154 787 2188 ctiam
805 2154 843 2186 ad
863 2154 1039 2186 haereticae

300 2209 462 2251 pravitatis
479 2209 680 2253 inquisitores
701 2213 841 2252 spectare
859 2208 1021 2247 volumus;

346 2263 361 2306 ἓ
385 2262 414 2296 6.
441 2263 619 2296 Mandantes
643 2262 764 2295 dilectis
783 2261 856 2294 filiis
880 2261 994 2294 nostris
1012 2266 1042 2293 et

302 2316 404 2349 dictae
427 2316 515 2350 Sedis
545 2316 583 2349 de
613 2317 711 2349 latere
742 2315 853 2358 legatis
878 2319 908 2348 et
930 2325 1039 2348 eorum

304 2365 482 2413 vicelegatis
499 2375 528 2402 et
545 2369 742 2413 praesidibus
767 2368 936 2412 praedictis
959 2379 1042 2401 nunc

304 2430 335 2457 et
356 2434 414 2468 pro
438 2429 581 2467 tempore
605 2423 819 2463 existentibus,
847 2432 969 2455 necnon
993 2433 1043 2454 ve-

303 2477 495 2511 nerabilibus
520 2476 670 2509 fratribus
694 2476 899 2520 patriarchis,
925 2475 1044 2508 archie-

305 2530 443 2575 piscopis
467 2535 497 2563 et
521 2529 686 2574 episcopis,
704 2530 836 2572 singulis
854 2529 997 2561 videlicet
1014 2529 1042 2561 in

306 2583 371 2616 suis
395 2583 518 2617 civitate
542 2588 573 2616 et
596 2582 750 2622 dioecesi,
775 2586 822 2624 et,
848 2582 950 2626 quoad
976 2582 1043 2615 loca

307 2637 388 2671 intra
409 2637 489 2671 fines
512 2637 644 2670 alicuius
667 2636 820 2670 dioecesis
850 2646 913 2670 non
941 2642 1042 2670 {anien

1053 284 1091 316 de
1107 281 1243 316 dioecesi
1262 280 1434 321 existentia,
1453 279 1593 323 ipsarum
1611 277 1791 311 dioecesum

1054 336 1136 369 intra
1159 346 1292 379 quarum
1315 334 1393 367 fines
1410 332 1517 366 eadem
1536 332 1604 365 loca
1624 330 1791 373 extiterint,

1054 400 1116 434 quo
1133 400 1207 422 vero
1232 388 1271 421 ad
1292 400 1327 422 ea
1348 398 1429 432 quae
1453 392 1539 420 extra
1562 386 1640 419 fines
1660 384 1792 418 alicuius

1054 443 1206 477 dioecesis
1231 443 1414 482 consistunt,
1441 439 1641 474 vicinioribus
1666 448 1793 472 eorum-

1055 496 1126 529 dem
1144 496 1286 529 locorum
1304 494 1486 534 Ordinariis,
1502 504 1538 527 ac
1558 493 1650 526 etiam
1670 491 1795 535 inquisi-

1057 549 1176 583 toribus
1201 548 1379 592 praedictis‚
1397 553 1549 590 quatenus
1565 547 1603 579 ad
1618 545 1794 579 instantiam

1056 602 1193 635 cuiusvis
1217 601 1284 634 fisci
1312 601 1359 634 vel
1385 600 1621 639 denuntiatoris,
1642 610 1678 631 ac
1702 599 1794 631 etiam

1056 666 1093 688 ex
1110 666 1222 689 eorum
1240 654 1353 696 osticio,
1368 663 1533 686 causarum
1551 651 1731 684 huiusmodi
1749 661 1796 683 co-

1056 709 1212 751 gnitiones
1232 707 1448 750 suscipientes,
1466 706 1593 750 praevisi
1618 705 1711 737 etiam
1729 715 1797 737 avo-

1056 762 1178 795 catione
1202 772 1219 794 a
1243 760 1406 805 quibusvis
1431 759 1498 792 aliis
1529 769 1622 802 supra
1652 768 1714 791 non
1740 767 1795 790 ex-

1056 815 1173 859 pressis
1196 825 1255 848 nec
1279 825 1296 847 a
1320 814 1412 847 nobis
1437 813 1613 857 specialiter
1638 810 1798 853 delegatis,

1057 870 1089 902 in
1109 868 1212 902 causis
1232 869 1308 912 ipsis
1325 867 1420 901 modo
1432 867 1612 910 praemisso
1628 864 1799 909 procedant

1058 923 1204 957 omnibus
1221 922 1298 955 iuris
1311 927 1341 954 et
1358 921 1427 954 sacti
1443 920 1590 954 remediis
1603 918 1799 963 opportunis,

1059 977 1204 1011 invocato
1229 976 1322 1009 etiam
1347 974 1462 1008 auxilio
1487 973 1608 1006 brachii
1633 971 1799 1010 secularis,

1104 1031 1118 1074 ᾖ
1144 1030 1172 1063 7.
1197 1030 1378 1063 Inhibentes
1399 1029 1528 1072 insuper
1547 1031 1607 1060 tam
1625 1025 1751 1059 decanis
1771 1029 1802 1058 et

1060 1084 1205 1129 capitulis
1218 1083 1423 1117 ecclesiarum
1437 1081 1675 1121 cathedralium,
1690 1084 1803 1112 metro-

1060 1139 1271 1184 politanarum
1306 1143 1336 1171 et
1370 1135 1649 1180 patriarchalium,
1680 1142 1802 1167 necnon

1061 1193 1245 1237 quorumvis
1269 1191 1421 1225 Ordinum
1451 1194 1481 1224 et
1505 1190 1645 1222 locorum
1678 1187 1803 1231 regula-

1063 1247 1144 1279 rium
1170 1245 1353 1279 societatum
1374 1249 1405 1276 et
1425 1243 1637 1275 institutorum
1656 1251 1691 1273 ac
1709 1241 1801 1273 etiam

1064 1299 1227 1342 hospitalis
1244 1297 1479 1342 praedictorum
1494 1294 1721 1339 superioribus,
1734 1303 1805 1327 con-

1065 1353 1207 1386 ventibus
1232 1357 1262 1384 et
1292 1350 1456 1390 fratribus,
1481 1348 1679 1392 quantumvis
1704 1358 1805 1380 exem-

1066 1406 1137 1450 ptis,
1154 1416 1203 1445 ne,
1233 1404 1290 1437 sub
1315 1403 1498 1447 privationis
1523 1401 1750 1434 beneficiorum
1776 1406 1805 1433 et

1065 1459 1241 1491 officiorum
1260 1466 1534 1500 (piorumcumque
1555 1465 1611 1499 per
1631 1465 1685 1487 cos
1702 1464 1806 1498 respe-

1065 1511 1374 1551 ctiveobtentorum,
1391 1520 1427 1542 ac
1444 1509 1586 1542 similiter
1604 1507 1806 1540 inhabilitatis

1067 1566 1105 1598 ad
1130 1566 1189 1598 alia
1214 1565 1245 1597 in
1270 1565 1411 1597 futurum
1446 1562 1631 1604 obtinenda,
1659 1561 1807 1604 vocisque

1067 1619 1186 1652 activae
1211 1624 1241 1651 et
1264 1618 1420 1662 passivae,
1445 1626 1567 1649 necnon
1592 1613 1807 1648 exeommuni-

1067 1673 1198 1706 cationis
1215 1673 1293 1705 latae
1314 1670 1483 1704 sententiae
1501 1681 1538 1703 eo
1556 1669 1622 1713 ipso
1648 1669 1808 1702 incurren-

1067 1727 1114 1759 dis
1138 1726 1262 1770 poenis,
1288 1724 1469 1758 Ordinarios
1493 1724 1658 1763 locorum,
1684 1731 1807 1755 necnon

1068 1780 1197 1823 legatos,
1216 1789 1271 1812 seu
1296 1778 1494 1821 vicelegatos,
1519 1777 1658 1820 aliosque
1682 1775 1807 1819 praedi-

1069 1840 1134 1867 ctos
1148 1834 1179 1866 in
1197 1832 1298 1866 causis
1311 1831 1491 1865 huiusmodi
1512 1830 1716 1874 procedentes
1733 1839 1809 1872 quo-

1069 1887 1228 1932 quomodo
1253 1886 1427 1930 impedirc,
1449 1885 1624 1925 molestare,
1656 1894 1710 1916 seu
1735 1893 1808 1927 per-

1071 1941 1198 1975 turbare
1215 1940 1360 1980 audeant,
1375 1940 1422 1971 vel
1440 1942 1639 1982 praesumant
1645 1948 1652 1977 3
1667 1947 1702 1969 ae
1715 1936 1809 1969 etiam

1071 1994 1266 2033 mandantes,
1286 1998 1329 2035 ut,
1355 1992 1478 2036 quoties
1503 1991 1541 2024 ad
1567 1991 1595 2023 id
1620 1990 1736 2023 suerint
1759 1999 1809 2022 re-

1072 2047 1177 2091 quisiti
1192 2073 1199 2086 ‚
1224 2046 1390 2088 religiosos
1415 2045 1508 2088 ipsos,
1534 2043 1654 2077 etiamsi
1678 2042 1810 2075 alieuius

1073 2101 1133 2133 loci
1156 2100 1312 2143 regularis
1333 2099 1512 2143 superiores
1530 2103 1599 2130 actu
1614 2096 1740 2137 suerint,
1754 2095 1810 2129 Or-

1073 2153 1213 2193 dinariis,
1240 2152 1360 2195 legatis,
1386 2163 1440 2185 scu
1464 2150 1657 2193 vicelegatis,
1683 2160 1718 2182 ac
1743 2149 1810 2181 aliis

1074 2206 1251 2250 praedictis,
1269 2216 1324 2238 seu
1343 2205 1456 2249 quibus
1476 2205 1568 2237 iidem
1586 2202 1810 2242 mandaverint,

1074 2261 1259 2303 consignent
1272 2270 1344 2292 cuin
1363 2258 1528 2302 scripturis
1544 2263 1575 2291 et
1591 2257 1675 2298 actis,
1693 2256 1717 2289 si
1732 2255 1809 2300 qua¹

1075 2314 1153 2347 facta
1177 2313 1272 2346 fuisse
1296 2313 1505 2357 reperiantur.

1122 2368 1136 2410 ἓ
1161 2366 1189 2399 8.
1215 2366 1328 2410 Sicque
1348 2371 1377 2399 et
1393 2376 1455 2399 non
1472 2365 1561 2399 aliter
1578 2365 1610 2397 in
1629 2363 1811 2407 praemissis
1838 2395 1841 2399 ,
1857 2368 1967 2390 Deerotum
1983 2373 2008 2389 ικ-

1827 2396 1898 2416 ritans.

1076 2431 1133 2464 per
1148 2430 1364 2464 (plosctu‘nque
1385 2419 1503 2452 iudices
1531 2417 1706 2451 ordinarios
1731 2416 1811 2449 dele-

1076 2480 1163 2518 gatos
1187 2480 1217 2507 et
1241 2472 1483 2513 commissarios,
1501 2484 1536 2505 ac
1553 2471 1646 2504 etiam
1671 2480 1811 2504 camerae

1076 2527 1267 2571 apostolicae
1291 2527 1423 2559 clericos
1447 2525 1670 2569 praesidentes,
1690 2534 1812 2557 necnon

1077 2591 1242 2614 causarum
1260 2579 1365 2624 palatii
1385 2579 1547 2623 apostolici
1563 2583 1593 2611 et
1612 2577 1718 2612 curiae
1736 2577 1814 2612 eius-

1115 2647 1123 2671 1
1144 2644 1213 2671 Edit.
1229 2643 1311 2671 Maia.
1328 2643 1391 2679 legit
1406 2650 1479 2677 quae
1491 2642 1532 2677 (n.
1550 2642 1597 2675 T.).

1691 219 1755 254 ⁵213
1800 229 1849 257 An.
1871 229 1901 257 G.
1925 228 1987 257 1631

1865 1034 1964 1055 inhibitio
1980 1036 2002 1054 et

1816 1067 1898 1087 poenae
1927 1062 2001 1082 contra

1817 1089 1940 1111 turbantes.
1969 1088 2001 1107 vet

1817 1121 1857 1136 nan
1877 1114 2001 1135 obedientes

1818 1141 1923 1162 iudicibus
1940 1145 2001 1166 lirae-

1817 1169 1886 1190 dictis.
2009 1168 2015 1173 ‘
