2248 3229
92 224 151 253 ‘Am
170 223 199 252 G.
220 223 288 252 ¹635

143 1187 247 1211 Hebraeus
261 1187 288 1208 ad

105 1215 224 1237 instantiam
235 1214 289 1235 chri-

105 1242 220 1263 ntiauomm
242 1246 289 1262 crir-

105 1267 289 1290 emtisalimenia

104 1294 211 1321 praestarl
232 1299 289 1315 man-

135 2358 233 2381 clausula
250 2356 294 2378 nd>-

112 2386 161 2406 leta.

907 221 1050 247 canimus

296 271 441 306 stantiam
457 270 651 305 creditorum
669 270 915 304 christianorum
936 281 1038 304 carce-
1054 279 1055 282 ¹

296 324 389 365 ratis,
413 334 471 368 per
495 324 622 358 eosdem
655 324 827 358 creditores
852 323 1038 357 christianos

296 387 358 411 non
391 387 467 411 esse·
491 377 782 417 subministranda;
814 377 1057 424 decretumque!

296 429 477 464 huiusmodi
496 430 577 464 idem
604 431 717 463 Paulus
739 431 1038 474 praedecessor'ap-

297 483 478 527 probaverit
495 489 523 516 et
548 484 587 516 ab
612 483 758 517 omnibus
783 484 920 517 eiusdem
947 483 1038 517 L'rbis

297 537 508 570 tribunallbus
526 537 645 570 servari
671 537 873 571 mandaverit:
888 537 1036 581 quoniam

298 595 403 624 tamen
423 590 454 623 in
479 595 565 624 rotae
590 591 755 633 auditorio,
773 596 969 635 proponente
982 591 1038 624 bo-

299 653 356 676 nae
380 643 552 676 memoriae
577 644 737 687 Alplionso
763 644 942 688 patriarcha
967 643 1038 677 Hie-

300 696 525 741 rosolymitano
539 697 679 730 eiusdem
693 701 780 731 rotae
798 698 1038 737 locumtenente,

300 748 440 783 decisum
466 749 522 783 suit
547 755 575 783 et
601 750 783 790 iudicatum,
801 751 944 784 hebraeis
968 761 1041 795 pau-

301 803 430 848 peribus
447 804 615 837 carceratis
631 805 779 837 alimenta
796 804 860 837 sive
885 804 1040 844 victualia,

301 858 417 890 attenta
442 857 519 891 iuris
543 858 720 891 communis
737 857 953 902 dispositione,
974 867 1040 890 esse

301 917 319 940 a
339 907 549 942 creditoribus
567 909 658 942 etiam
685 909 862 942 christianis
886 914 1041 953 praestan-

302 961 358 1001 da;
383 961 544 996 decretum
562 973 637 996 vero
655 962 852 996 visitatorum
870 961 1043 1006 praedicto-

302 1025 373 1048 rum
410 1015 514 1050 locum
550 1015 709 1050 dumtaxat
745 1015 882 1056 habere,
918 1015 1042 1060 quando

303 1068 450 1102 alimenta
486 1069 646 1114 praedicta
686 1079 792 1103 coram
828 1069 1061 1103 visitatoribus:

304 1132 466 1156 carcerum
484 1122 663 1156 huiusmodi
681 1127 843 1167 petuntur:

349 1175 365 1219 ᾖ
387 1175 416 1208 1.
442 1175 571 1219 Idcirco,
592 1176 630 1209 ad
654 1177 869 1212 contentiones
893 1178 974 1210 inter
998 1177 1043 1210 di-

304 1239 393 1264 versa
411 1229 550 1263 eiusdem
568 1230 660 1263 Urbis
685 1230 851 1264 tribunalia
875 1219 1063 1271 evitandas,l

305 1287 402 1327 utque
418 1282 610 1328 pauperibus
626 1283 771 1316 hebraeis
788 1284 969 1318 huiusmodi
987 1284 1043 1317 ali-

304 1346 367 1380 quo
392 1336 495 1378 modo,
514 1346 552 1369 ne
569 1341 709 1380 pereant,
735 1337 948 1374 subveniatur.
973 1347 1062 1381 pro-.

305 1389 411 1423 videre
431 1391 581 1431 volentes,
601 1395 686 1424 motu
704 1391 844 1434 proprio,
862 1397 891 1424 et
909 1402 944 1424 ex
959 1393 1044 1424 certa
1060 1392 1063 1422 ξ

306 1443 434 1477 scientia
458 1454 493 1477 ac
518 1446 641 1478 matura
665 1444 889 1478 deliberatione
919 1438 1063 1486 nosti¹is,f

306 1507 385 1531 onus
405 1497 544 1531 solvendi
558 1497 718 1541 praedicta
734 1498 881 1531 alimenta
898 1498 1044 1542 pauperi-

305 1549 364 1585 bus
376 1550 531 1592 hebraeis,
547 1550 585 1583 ad
602 1551 847 1584 christianorum
867 1551 1044 1584 instantiam

306 1603 494 1644 carceratis,
523 1603 739 1637 communitati
770 1604 951 1638 eorumdem
983 1605 1041 1638 he-

305 1654 475 1689 braeorum
497 1655 535 1689 de
549 1655 642 1696 Urbe,
660 1656 832 1700 apostolica
849 1657 1044 1697 auctoritate,

305 1713 413 1743 tenore
438 1708 667 1754 praesentium,
692 1709 884 1753 imponimus
893 1721 900 1750 3
934 1710 1046 1753 ipsam-

307 1773 366 1808 que
380 1762 636 1796 communitatem
655 1762 692 1796 ad
718 1763 904 1806 praestanda
920 1764 1046 1798 realiter

307 1820 337 1848 et
365 1826 436 1850 cum
469 1814 605 1849 effectu¹
630 1816 777 1849 alimenta
808 1817 870 1850 sive
903 1817 1046 1851 victualia

306 1868 498 1914 pauperibus
513 1868 657 1902 hebraeis
674 1870 842 1903 carceratis
867 1871 1046 1904 huiusmodi

307 1933 366 1967 per
389 1922 514 1956 eosdem
541 1922 727 1964 visitatores,
746 1923 879 1956 aliorum
897 1935 1048 1967 quorum-

307 1986 442 2020 cumque
466 1976 565 2020 ipsius
581 1975 673 2009 [Ji-bis
698 1975 899 2010 tribunalium
918 1978 1046 2020 iudices,

307 2030 357 2063 via
381 2029 568 2074 exequutiva
586 2034 615 2062 et
632 2040 727 2063 manu
752 2030 839 2073 regia
865 2031 934 2074 cogi
956 2042 1046 2075 posse

307 2080 472 2114 volumus:
505 2086 664 2114 reservato
696 2086 799 2114 tamen
839 2082 907 2115 iure
945 2082 1046 2116 eidem

308 2134 524 2168 communitati
552 2134 779 2175 hebraeorum,
804 2145 862 2179 pro
882 2135 1047 2170 alimento-

307 2199 380 2222 rum
404 2188 468 2222 sire
492 2188 673 2222 victualium
697 2189 932 2233 praedictorum
958 2200 1065 2223 recu-¹

310 2241 602 2286 peratione,contra
628 2242 811 2276 eorumdem
837 2240 1067 2280 hebraeorqu

310 2301 542 2329 carceratorum
557 2295 638 2329 bona
655 2307 705 2329 res
722 2302 751 2329 et
771 2296 840 2329 iura
859 2297 981 2340 agendi.

355 2350 372 2391 ἔ
396 2347 426 2382 3.
442 2348 651 2382 Decernentes
668 2349 722 2390 sic,
743 2354 773 2383 et
788 2359 850 2384 non
871 2349 972 2391 aliter,
994 2361 1049 2394 per

311 2413 526 2448 quoscumque
551 2403 670 2436 iudices
701 2403 878 2437 ordinarios
907 2408 936 2437 et
960 2403 1046 2437 dele·
1067 2441 1069 2451 7

311 2461 418 2501 gatos,
445 2458 536 2491 etiam
563 2467 728 2491 causarum
757 2457 862 2502 palatii
888 2457 1068 2501 apostolici⁴

311 2510 480 2552 auditores,
502 2511 594 2545 etiam
620 2516 745 2545 sanctae
767 2511 925 2544 Romanae
950 2511 1069 2568 Ecclc-;

312 2564 375 2598 siae
399 2565 581 2608 cardinales,
595 2565 716 2599 sublata
741 2564 785 2598 eis
808 2570 838 2598 et
862 2575 972 2598 eorum
989 2564 1070 2612 cui-1

348 2630 360 2656 1
381 2627 452 2656 Male
466 2629 531 2658 edit.
548 2629 626 2657 Main.
642 2628 708 2665 legit.
719 2629 850 2665 effectum
867 2630 902 2665 (n.
918 2631 970 2664 τ.).
1067 2618 1070 2650 i

1073 221 1120 246 rr.
1147 220 1203 246 vm
1713 209 1770 243 501

1071 260 1146 303 libet
1169 269 1278 313 quavis
1301 268 1390 302 aliter
1415 266 1572 301 iudicandi
1597 272 1626 300 et
1654 267 1810 311 interpre-

1072 322 1156 355 tandi
1181 322 1325 356 facultate
1350 327 1379 355 et
1399 321 1600 363 auctoritate,
1625 320 1757 354 iudicari
1782 325 1812 352 et

1073 376 1196 409 definiri
1221 376 1357 415 debere3
1383 386 1418 409 ac
1441 375 1564 408 irritum
1591 379 1620 407 et
1644 374 1757 414 inane,
1786 373 1811 406 si

1072 439 1161 462 secus
1185 439 1281 473 super
1306 429 1354 462 his
1378 439 1394 461 a
1419 439 1577 472 quoquam
1592 455 1599 469 ‚
1624 427 1732 471 quavis
1757 437 1812 460 au-

1073 482 1225 523 ctoritate,
1243 482 1376 515 scienter
1397 482 1443 514 rel
1463 482 1652 524 ignoranter,
1677 480 1813 523 contige-

1073 535 1114 567 rit
1129 535 1284 568 attentari.

1118 588 1132 631 ἓ
1156 587 1185 620 4.
1211 588 1278 621 Non
1304 587 1500 621 obstantibus
1527 586 1730 632 praemissis,
1755 597 1811 626 ac,

1073 646 1226 684 quatenus
1251 651 1330 685 opus
1355 641 1404 681 sit,
1422 641 1530 683 regula
1556 642 1663 674 nostra
1687 639 1725 673 de
1745 639 1813 672 iure

1074 694 1216 736 quaesito
1240 704 1302 727 non
1328 694 1475 735 tollendo,
1501 693 1634 739 aliisque
1663 692 1813 727 constitu-

1075 747 1211 781 tionibus
1232 753 1262 781 et
1286 747 1538 782 ordinationibus
1563 747 1751 791 apostolicis,
1769 757 1815 779 ce·

1076 801 1212 844 terisque
1229 801 1394 835 contrariis
1411 801 1669 845 quibuscumque.

1120 855 1230 888 Datum
1241 855 1369 896 Romae,
1380 855 1464 899 apud
1478 855 1506 888 S.
1517 854 1645 888 Mariam
1655 853 1815 893 Maiorem,

1076 908 1134 941 suh
1151 907 1267 941 annulo
1285 907 1468 948 piscatoris,
1494 907 1543 941 die
1575 917 1654 942 xvm
1678 906 1816 941 octobris

1077 970 1244 1002 uncxxxv,
1270 961 1470 1005 pontificatus
1489 961 1588 995 nostri
1616 971 1698 994 anno
1726 969 1792 995 xm.

1114 1023 1170 1050 Dat.
1189 1023 1231 1051 die
1246 1024 1279 1051 18
1296 1024 1413 1052 octobris
1430 1023 1508 1059 1635,
1529 1023 1623 1060 pontif.
1645 1031 1714 1051 anno
1734 1029 1790 1050 xm.

1822 218 1872 244 An.
1895 217 1923 244 C.
1942 217 2009 245 1635

1898 596 2011 622 Derogauo

1828 624 1988 646 contrarlorum.

1396 1141 1513 1176 Dxxx.

1078 1211 1263 1245 Declaratio
1288 1212 1455 1246 nullitatis
1484 1211 1681 1246 venditionis
1705 1215 1734 1244 et
1757 1222 1818 1246 em-

1123 1265 1244 1308 ptionis
1261 1264 1441 1308 officiorum
1466 1265 1628 1298 cruciatae
1642 1274 1818 1308 reynerum
1849 1275 1851 1279 ¹

1125 1317 1281 1351 Castellae
1305 1322 1333 1350 et
1357 1318 1509 1361 Leqionis
1523 1318 1542 1350 ¹.

1286 1388 1420 1416 Urbanus
1441 1389 1518 1423 Papa
1538 1389 1614 1422 vm,

1220 1435 1254 1460 ad
1275 1433 1407 1460 futuram
1426 1433 1472 1461 rel
1491 1433 1669 1460 memoriam¹

1123 1495 1137 1538 §
1155 1495 1183 1527 l.
1198 1495 1280 1528 Alias
1298 1505 1363 1537 nos⁷
1382 1495 1569 1530 dilectorum
1587 1495 1725 1530 filiorum
1743 1496 1818 1529 cleri
1860 1501 1959 1523 Crbanm
1972 1500 2017 1521 V¹¹1

1800 1549 1804 1554 ,
1833 1534 1858 1549 na
1867 1530 1985 1548 notariatus
1991 1527 2018 1548 os-

1080 1557 1251 1591 regnorum
1275 1548 1424 1582 Castellae
1443 1553 1472 1582 et
1497 1548 1643 1591 Legionis
1669 1548 2018 1605 indemn¹·[!{{,²ffi⁰',‚⁰0⁰js²‡32

1080 1601 1132 1635 tati
1150 1601 1235 1634 iuxta
1253 1601 1405 1636 creditum
1430 1602 1521 1635 nobis
1541 1601 1678 1647 desuper
1697 1607 1819 1646 aposto·
1833 1597 1963 1629 mandavit*

1079 1654 1156 1688 licae
1168 1655 1326 1689 servitutis
1340 1655 1477 1689 officium
1488 1655 1653 1689 consulere
1670 1655 1820 1695 volentes,

1080 1708 1249 1742 venerabili
1285 1709 1374 1742 fratri
1406 1709 1571 1742 Laurentio
1595 1709 1744 1753 episcopo
1769 1708 1821 1743 Se-

1079 1762 1284 1805 nogalliensi,
1309 1768 1417 1796 nostro
1453 1766 1482 1796 et
1514 1762 1710 1806 Apostolicac
1734 1761 1822 1796 Sedis

1080 1815 1110 1847 in
1124 1815 1229 1859 regnis
1243 1815 1464 1860 Hispaniarum
1481 1816 1606 1858 nuncio,
1625 1826 1682 1860 per
1701 1821 1824 1849 nostras

1081 1869 1112 1902 in
1136 1869 1230 1902 simili
1255 1871 1355 1904 forma
1380 1870 1487 1903 Brevis
1520 1869 1680 1914 expeditas
1704 1869 1823 1904 litteras

1081 1923 1314 1957 commissimus
1325 1929 1354 1957 et
1367 1923 1593 1965 mandavimus,
1604 1928 1649 1964 ut,
1658 1923 1740 1957 inter
1752 1923 1822 1964 alia,

1081 1977 1334 2010 commissarium
1348 1978 1504 2011 cruciatae
1517 1977 1702 2010 auctoritate
1715 1977 1823 2010 nostra

1082 2035 1233 2070 moneret,
1257 2040 1295 2063 nc
1324 2030 1498 2063 notariatus
1527 2030 1628 2063 officia
1656 2028 1822 2069 cruciatae,

1082 2082 1211 2115 subsidii
1237 2087 1266 2116 et
1291 2083 1411 2126 primae
1435 2083 1576 2116 decimae
1593 2081 1731 2116 excusati
1747 2091 1823 2115 nun-

1082 2135 1202 2180 cupati,
1228 2146 1299 2169 cum
1332 2136 1544 2170 ecclesiastica
1575 2135 1676 2169 officia
1707 2135 1777 2177 sint,
1806 2146 1823 2168 a

1083 2189 1233 2222 ministris
1258 2190 1353 2233 regiis
1377 2189 1466 2223 vendi
1499 2200 1554 2223 seu
1586 2189 1714 2222 alienari
1745 2200 1823 2233 quo-

1082 2254 1144 2287 quo
1162 2242 1256 2276 modo
1273 2243 1484 2287 permitteret,
1504 2243 1671 2287 minusque
1697 2247 1824 2285 cogeret

1083 2297 1202 2331 clerum
1221 2297 1258 2329 ad
1283 2297 1472 2330 solutionem
1489 2296 1625 2339 aliquam
1652 2295 1824 2328 faciendam

1084 2351 1147 2391 eis,
1172 2350 1225 2394 qui
1251 2349 1351 2383 officia
1376 2349 1579 2390 huiusmodi,
1607 2359 1661 2382 seu
1691 2349 1825 2382 alterum

1084 2414 1204 2445 eorum,
1218 2402 1365 2436 emisset³
1379 2403 1442 2436 sire
1460 2408 1534 2435 tunc
1553 2401 1702 2445 temporis
1720 2401 1825 2434 sorsan

1085 2457 1122 2490 de
1143 2458 1221 2490 sacto
1243 2457 1405 2496 emissent;
1427 2467 1557 2500 nosque,
1575 2455 1632 2488 sub
1647 2447 1825 2488 excommu-

1085 2510 1248 2545 nicationis
1263 2510 1343 2544 latae
1360 2510 1530 2544 sententiae
1553 2511 1656 2553 poena
1680 2519 1738 2554 per
1755 2519 1825 2542 con-

1124 2585 1131 2609 l
1151 2581 1187 2609 Ex
1204 2581 1310 2618 Regest.
1327 2581 1354 2609 in
1373 2581 1474 2609 Secret.
1492 2581 1627 2609 Brevium.

1119 2628 1135 2655 Ξ
1150 2628 1220 2655 Puto
1234 2626 1378 2664 legendum
1391 2628 1519 2655 emerent
1534 2627 1572 2662 (a.
1589 2627 1637 2661 τ.),
