2248 3229
734 66 777 116 ’ἓ

226 191 276 217 An.
297 189 408 219 c.1631
456 178 520 215 232

426 236 515 272 electi
540 236 767 277 cubicularios,
792 243 914 269 necnon
948 233 1164 268 marchionem

425 289 464 324 de
480 290 617 324 Tavanes
638 288 868 322 maresciallum
882 286 996 331 campi,
1012 286 1165 320 marchio-

426 353 497 377 nem
512 342 550 375 de
566 343 825 376 Nerestanensem
842 340 1053 374 colonnellum
1073 339 1165 373 unius

427 394 604 439 regimem,
616 399 645 427 et
654 393 806 427 baronem
820 392 858 426 de
868 393 1062 436 Aiguebona,
1072 392 1165 426 etiam

426 447 638 482 colonnellum
663 446 756 479 unius
777 445 943 489 regimenti
963 450 993 478 et
1009 445 1165 488 guberna-

426 506 526 535 torem
552 499 589 532 de
614 498 786 532 Brianzone
805 509 863 543 pro
881 498 991 532 eodem
1009 498 1165 532 Ludovico

427 564 500 597 rege
520 552 644 586 obsides
665 552 763 594 datos,
781 553 926 597 excipere
946 551 1166 586 custodiendos

426 611 456 639 et
479 605 543 639 suis
568 605 637 639 loco
655 610 685 638 et
701 610 846 650 tempore
874 604 1083 639 restituendos
1111 614 1167 637 seu

428 658 618 699 tradendos,
650 659 735 691 iuxta
759 663 902 692 tenorem
932 658 1165 703 praedictarum

429 712 645 746 conditionum
663 722 717 745 seu
734 712 915 756 pactionum
930 722 948 745 a
960 712 1044 746 dicto
1057 711 1167 746 nuntio

427 770 536 800 nostro
566 769 596 799 et
619 765 773 809 deputatis
801 775 855 798 seu
884 764 1167 810 plenipotentiariis

428 818 595 864 praedictis
608 818 867 863 subscriptarum,
882 818 920 852 de
934 818 1063 863 speciali
1075 818 1168 851 huius

429 878 552 906 sanctae
575 871 662 905 Sedis
687 872 878 915 benignitate
903 872 1123 915 dignaremur:

473 926 488 969 ξ
512 925 541 958 t.
567 925 687 958 Idcirco
711 935 784 967 nos,
807 925 869 969 qui,
895 935 952 968 pro
977 924 1168 968 perficienda

428 989 504 1023 pace
528 979 719 1019 huiusmodi,
748 983 777 1011 et
800 979 927 1022 publica
951 978 1168 1022 componenda

429 1033 542 1077 quiete,
556 1036 586 1066 et
598 1031 759 1075 religionis
773 1031 943 1065 catholicae
956 1031 1049 1072 bono,
1063 1036 1168 1075 partes

428 1090 551 1119 nostras
567 1085 745 1118 nullatenus
758 1085 929 1118 desiderari
949 1085 1033 1129 passi
1050 1095 1167 1127 sumus,

429 1138 704 1183 circumspectioni
734 1143 803 1171 tuae
829 1148 886 1181 per
910 1143 1091 1181 praesentes
1115 1138 1165 1170 in-

429 1192 597 1235 iungimus,
615 1196 658 1232 ut,
674 1191 756 1224 iuxta
773 1191 905 1224 formam
926 1191 1080 1224 dictarum
1098 1201 1170 1224 con-

428 1246 582 1279 ditionum
601 1256 655 1278 seu
675 1246 854 1289 pactionum
873 1245 911 1277 ab
932 1244 1042 1278 eodem
1060 1248 1168 1278 nostro

428 1299 537 1332 nuntio
561 1304 591 1332 et
615 1298 771 1342 deputatis
804 1307 856 1330 seu
888 1297 1169 1342 plenipotentiariis

430 1353 599 1398 praedictis
624 1352 889 1396 subscriptarum,
915 1352 1040 1386 obsides
1064 1351 1170 1385 huius-

430 1407 514 1441 modi
540 1406 674 1450 recipias
699 1406 785 1449 (non
809 1405 898 1450 prius
923 1410 1049 1446 tamen,
1074 1415 1168 1449 quam

429 1459 616 1498 commorati
639 1459 756 1492 suerint
779 1459 884 1502 aliquo
901 1459 932 1492 in
948 1459 1018 1492 loco
1043 1458 1098 1491 tibi
1115 1457 1169 1491 be-

429 1513 556 1556 neviso,
585 1512 735 1557 quamdiu
763 1512 939 1546 iudicentur
967 1512 1011 1546 sic
1043 1521 1169 1545 omnem

431 1566 584 1600 amovisse
609 1576 626 1598 a
643 1576 675 1599 se
699 1565 802 1599 morbi
827 1565 999 1609 contagiosi
1019 1564 1169 1609 suspicio-

429 1630 511 1663 nem,
530 1625 622 1663 atque
640 1619 682 1652 ita
702 1619 869 1663 completa,
883 1625 917 1652 ut
938 1620 1032 1662 vulgo
1045 1619 1168 1660 dicitur,

430 1675 633 1718 quarantemi,
654 1684 715 1717 qua
739 1673 871 1706 durante
895 1673 1020 1707 obsides
1044 1672 1169 1717 praedi-

431 1732 497 1761 ctos
514 1727 545 1760 in
569 1732 708 1760 nostram
734 1726 829 1759 sidem
853 1726 994 1770 recipere
1017 1732 1046 1759 et
1070 1726 1100 1758 in
1121 1736 1170 1759 cu-

431 1780 530 1815 stodia
548 1780 666 1813 habere
690 1789 752 1813 non
772 1779 971 1820 intendimus,
988 1789 1088 1823 neque
1105 1780 1170 1813 ullo

432 1834 526 1867 modo
546 1833 585 1866 ad
604 1833 758 1867 rationem
783 1833 821 1865 de
845 1843 955 1866 eorum
980 1832 1170 1866 discessione

432 1889 478 1922 vel
503 1888 577 1931 suga
603 1887 797 1920 reddendum
828 1885 954 1920 obnoxii
979 1897 1046 1919 esse
1078 1887 1170 1920 volu-

431 1952 522 1982 mus,
547 1940 667 1973 etiamsi
699 1940 737 1972 ad
769 1950 878 1973 eorum
914 1940 1032 1973 bonum
1056 1944 1169 1972 statum

432 1994 616 2028 valetudinis
650 1994 849 2037 probandum
882 1998 915 2026 ut
940 1994 1033 2036 vulgo
1057 1993 1171 2026 dicitur

433 2052 658 2093 quarantenam
684 2051 776 2090 agant
804 2053 835 2080 ct
858 2047 1007 2080 excubiae
1036 2047 1170 2080 militum

432 2099 520 2132 iussu
540 2103 593 2132 tuo
614 2098 838 2139 adhibeantur,
863 2097 1116 2142 quandoquidem
1138 2097 1172 2130 il-

433 2153 480 2185 lae
505 2162 541 2185 eo
566 2152 725 2185 dumtaxat.
749 2151 810 2184 fine
834 2156 976 2194 agentur,
997 2156 1031 2184 ut
1047 2151 1171 2184 obsides

433 2210 463 2238 et
486 2205 538 2237 alii
562 2204 712 2248 praedicti
739 2204 768 2237 in
793 2204 875 2237 dicta
901 2203 1084 2237 valetudinis
1102 2214 1172 2248 pro-

433 2258 557 2292 batione
575 2269 629 2291 seu
649 2259 841 2301 quarantcna
862 2262 927 2291 tuto
944 2258 1171 2302 permaneant),

434 2312 564 2356 expletis
595 2316 699 2345 autem
731 2311 926 2355 praemissis,
952 2317 981 2345 et
1004 2310 1172 2355 praedictis

434 2366 596 2400 obsidibus
619 2365 658 2398 ad
689 2366 791 2399 locum
826 2365 884 2409 ipsi
915 2365 1031 2398 civitati
1062 2364 1173 2398 Ferra-

436 2421 530 2454 riensi
550 2420 592 2454 ita
612 2420 758 2461 vicinum,
779 2420 898 2464 tibique
914 2419 1107 2461 benevisum,
1123 2418 1173 2452 de-

436 2474 546 2515 ductis,
555 2478 589 2509 ut
602 2474 711 2508 eodem
725 2473 785 2515 die,
796 2474 953 2507 celebrato
967 2478 1071 2507 tamen
1084 2472 1172 2517 prius

263 2535 304 2556 Eos
322 2539 347 2555 ue
358 2534 421 2563 mar-
435 2528 624 2571 receptionis
660 2527 843 2561 eorumdem
877 2527 1022 2561 obsidum
1051 2526 1169 2559 instru-

237 2567 282 2582 Cssm
317 2566 420 2581 ffl‘l'ffl'len-

237 2593 280 2610 sem
293 2587 411 2610 transferat·
436 2586 552 2623 mento,
570 2581 601 2614 in
621 2591 735 2625 arcem,
757 2592 822 2624 scu,
838 2587 872 2616 ut
896 2581 1019 2626 dicitur,
1037 2580 1172 2616 cittadel-

261 941 347 966 'Legata
364 941 413 961 Fer-

229 968 317 988 rariensi
334 985 337 991 ,
392 969 414 987 ut

230 994 330 1017 obsides,
357 996 412 1020 pest-

231 1027 292 1046 quau]
302 1022 413 1047 quarante-

230 1053 276 1067 nam
318 1048 413 1067 consecet

230 1076 277 1097 riui,
291 1074 394 1100 recipiam

1004 184 1184 211 BULLARIUM
1208 185 1363 212 ROMANUM

1949 185 1998 213 An.
2020 184 2046 212 C.
2066 183 2128 213 1531

1197 233 1260 266 lam
1278 232 1418 267 eiusdem
1441 232 1574 267 civitatis
1596 232 1806 268 Ferrariensis
1829 238 1932 267 transe

1199 285 1273 319 ferri
1298 290 1328 318 et
1351 285 1502 320 custodiri
1527 286 1664 330 possint,
1680 291 1713 320 tu
1738 287 1807 321 illos
1827 291 1935 321 nostro

1199 344 1229 373 et
1253 338 1392 372 eiusdem
1418 342 1542 373 sanctae
1565 338 1653 372 Sedis
1676 339 1803 373 nomine
1826 340 1859 372 in
1886 350 1936 373 cu-

1199 392 1332 427 stodiam
1357 393 1487 428 traditos
1512 393 1659 437 excipias,
1685 403 1721 426 ac
1743 393 1878 438 desuper
1894 394 1936 426 in-

1199 451 1410 479 strumentum
1424 446 1613 490 receptionis
1627 445 1808 479 huiusmodi
1825 446 1935 480 confici

1200 503 1229 532 et
1253 499 1407 532 celebrari
1431 509 1531 540 cures,
1553 509 1623 532 cum
1652 498 1821 532 insertione
1845 498 1938 532 dicta-

1200 561 1271 585 rum
1288 551 1503 585 conditionum
1517 562 1534 584 a
1550 551 1660 585 nuntio
1680 556 1789 585 nostro
1806 550 1939 585 subscri-

1200 609 1336 648 ptarum,
1348 614 1383 637 ac
1394 604 1606 648 praesentium
1620 604 1806 644 litterarum,
1816 609 1847 637 et
1855 603 1940 636 iuxta

1202 658 1328 691 illorum
1355 662 1384 690 et
1416 657 1541 690 illarum
1570 662 1705 698 tenores,
1731 662 1761 690 et
1783 667 1846 690 non
1865 656 1941 689 alias·

1201 720 1258 744 nec
1285 710 1347 743 alio
1374 709 1479 751 modo,
1507 709 1585 742 nihil
1613 709 1739 754 penitus
1766 710 1940 749 immutato,

1201 764 1260 797 nisi
1285 764 1337 797 illa
1363 761 1542 797 conditione
1566 763 1604 796 de
1633 773 1760 796 accessu
1784 763 1940 797 dictorum

1202 817 1347 851 obsidum
1373 817 1410 850 ad
1440 817 1740 851 Civitatemveterem
1767 819 1797 850 et
1826 816 1941 849 almam

1203 870 1319 904 Urbem
1342 875 1495 911 nostram,
1515 880 1648 914 quarum
1674 869 1764 910 loco,
1792 874 1827 902 ut
1857 868 1942 913 ipsos

1202 923 1358 957 uberioris
1382 923 1501 967 gratiae
1517 923 1621 956 favore
1637 931 1879 966 prosequamur,
1895 931 1943 955 ar-

1203 988 1270 1011 cem
1296 978 1389 1021 vulgo
1418 977 1532 1010 dictam
1557 976 1745 1009 cittadellam
1766 975 1942 1008 Ferrarien-

1203 1041 1269 1064 sem
1293 1036 1323 1064 et
1339 1031 1398 1064 alia
1414 1031 1482 1064 loca
1498 1030 1658 1075 praedicta
1677 1029 1895 1072 subrogamus.

1247 1083 1303 1127 {⁶2-
1320 1084 1470 1117 Volumus
1486 1087 1600 1125 autem,
1614 1088 1648 1116 ut
1664 1087 1696 1115 tu
1714 1082 1838 1128 obsides
1853 1091 1941 1126 prae·
1983 1095 2084 1124 ,tramae
2102 1100 2138 1115 02-

1203 1138 1301 1172 dictos
1318 1138 1495 1182 praedictae
1512 1138 1593 1171 arcis
1609 1137 1820 1171 Ferrariensis
1836 1136 1941 1170 castel·
1955 1122 2045 1169 332?ssss
2060 1126 2139 1169 111ιαῖῗῖ

1203 1190 1284 1232 lano,
1310 1192 1357 1224 vel
1382 1191 1426 1224 illi
1455 1191 1504 1225 cui
1529 1191 1671 1224 eiusdem
1695 1190 1775 1223 arcis
1800 1190 1940 1224 custodia

1204 1243 1405 1284 incumberit‚
1431 1249 1558 1288 recepto
1582 1243 1670 1287 prius
1693 1243 1732 1276 ab
1756 1253 1792 1277 eo
1818 1244 1855 1277 de
1880 1244 1940 1277 illis

1204 1296 1415 1330 custodiendis
1438 1307 1495 1340 per
1519 1296 1761 1330 instrumentum
1777 1296 1939 1340 publicum

1203 1349 1412 1393 promissione
1436 1354 1466 1382 et
1490 1349 1677 1390 iuramento,
1694 1349 1751 1382 sub
1768 1350 1835 1382 tuta
1851 1354 1881 1382 et
1898 1359 1942 1382 se-

1203 1403 1280 1435 cura
1310 1402 1452 1436 custodia
1488 1401 1658 1435 servandos
1694 1401 1820 1442 tradas,
1848 1411 1942 1446 super

1203 1455 1318 1499 quibus
1342 1454 1488 1489 omnibus
1512 1460 1542 1488 et
1565 1454 1707 1497 singulis,
1730 1464 1766 1486 ac
1790 1453 1884 1487 etiam
1903 1454 1941 1487 ad

1204 1507 1256 1541 illa
1280 1518 1377 1541 unum
1394 1518 1449 1541 seu
1465 1508 1572 1552 plures
1593 1517 1665 1540 cum
1681 1506 1776 1540 simili
1800 1507 1848 1540 vel
1864 1506 1943 1540 limi-

1204 1563 1266 1596 tata
1290 1562 1435 1595 facultate
1458 1565 1488 1596 et
1511 1565 1665 1605 potestate
1688 1559 1896 1594 substituendi
1912 1565 1943 1593 et

1204 1614 1454 1659 subdelegandi¹,
1468 1614 1605 1658 plenam,
1616 1614 1749 1646 liberam
1762 1618 1793 1646 et
1805 1613 1942 1657 amplam

1204 1669 1382 1702 facultatem
1397 1672 1428 1701 et
1447 1667 1676 1709 auctoritatem,
1701 1666 1874 1711 apostolica
1891 1676 1942 1700 au-

1204 1723 1358 1765 ctoritate,
1375 1727 1485 1756 tenore
1501 1720 1725 1766 praesentium,
1742 1720 1942 1755 concedimus

1204 1781 1234 1809 et
1257 1775 1465 1820 impartimur.
1835 1764 1844 1774 ’

1249 1830 1263 1873 g
1287 1828 1316 1862 3.
1342 1829 1410 1862 Non
1443 1827 1638 1862 obstantibus
1667 1827 1943 1862 constitutionibus
1984 1837 2142 1860 osmanna-

1205 1888 1235 1916 et
1257 1882 1509 1916 ordinationibus
1533 1881 1713 1926 apostolicis
1727 1909 1735 1924 ,
1768 1881 1942 1926 ceterisque
1957 1863 2034 1887 ''¹⁰²⁰‘'

1205 1935 1371 1969 contrariis
1392 1934 1654 1979 quibuscumque.

1249 1990 1361 2023 Datum
1390 1989 1517 2029 Romae,
1537 1988 1619 2032 apud
1642 1987 1670 2021 S.
1695 1987 1824 2021 Mariam
1847 1987 1942 2021 Maio-

1206 2053 1283 2085 rem,
1314 2042 1371 2076 sub
1403 2042 1518 2083 annulo
1550 2041 1736 2081 Piscatoris,
1757 2041 1807 2074 die
1833 2052 1853 2075 x
1876 2041 1943 2075 iulii

1206 2106 1353 2139 mcxxxi,
1378 2095 1576 2140 pontificatus
1597 2094 1696 2129 nostri
1716 2104 1798 2128 anno
1818 2104 1883 2128 viu.

1242 2159 1302 2187 Dat.
1318 2159 1361 2187 die
1378 2158 1411 2186 10
1424 2157 1482 2185 iulii
1503 2156 1581 2191 1631,
1601 2156 1697 2193 pontif.
1714 2164 1783 2185 anno
1799 2163 1854 2184 vm.

1521 2282 1593 2316 CDV
1596 2282 1632 2316 11.

1208 2362 1465 2400 communicatio
1499 2367 1529 2396 et
1554 2362 1695 2396 extensio
1719 2361 1945 2407 indulqentiae

1250 2417 1396 2451 ecclesiae
1419 2416 1451 2451 S.
1477 2416 1604 2450 Mariae
1619 2408 1822 2461 Anyelorum
1837 2416 1944 2451 Assis-

1250 2471 1365 2504 sz'ensis
1391 2475 1530 2515 tempore
1550 2471 1649 2515 pestis
1658 2469 1678 2503 ³.

1241 2542 1254 2569 1
1271 2541 1343 2569 Edit.
1359 2541 1440 2570 Main.
1455 2541 1538 2569 habet
1551 2541 1751 2576 subdeleyendi
1765 2541 1806 2576 (R.
1821 2541 1870 2575 τ.).

1240 2587 1256 2615 2
1271 2587 1309 2615 Ex
1323 2587 1432 2623 aegest.
1446 2586 1474 2615 in
1487 2587 1591 2616 secret.
1607 2586 1687 2614 Brev.
