2221 3224
202 216 256 244 An.
276 216 390 245 01698
435 208 478 242 '18

399 266 543 308 stibriees,
565 265 668 307 erigas
693 270 723 298 et
748 263 903 304 aedifices,
930 264 1143 306 construique,

401 319 558 357 tal-ricari,
577 318 666 360 erigi,
687 316 845 350 aedificari
871 326 962 349 cures
983 320 1012 348 et
1030 315 1142 356 sacias;

260 385 318 409 eum
335 386 376 405 vnit
445 373 459 415 ξ
484 372 513 404 3.
539 374 580 404 Ac
607 375 833 410 constructum,
858 369 1055 409 fabricatum,
1079 379 1144 401 ere-

191 412 377 460 fflllx'Z-llt}ss¹.{¹'⁰*¹'¹'
402 432 486 458 etum
504 430 531 457 et
546 425 754 463 aedificatum,
768 422 875 462 armis,
889 421 1050 462 militibus,
1062 432 1144 455 com-

403 483 519 515 meatu,
544 477 722 519 aeweribus,
748 475 856 517 fossis,
882 475 1014 519 aliisque
1046 472 1145 518 o'peri-

402 532 461 563 lius
486 536 512 562 et
540 528 740 561 immimentis
765 538 801 561 ac
825 527 922 561 rebus
958 527 1144 561 necessariis

403 590 432 615 et.
457 582 643 626 opportunis
675 581 819 624 munias,
846 580 1005 615 custodias
1028 585 1058 614 et
1082 580 1140 614 de-

394 637 508 669 fendas.
660 669 664 671 μ

212 732 215 733 ⁷
237 704 321 724 manaa
338 708 379 722 un-
440 691 454 733 ξ
479 689 507 721 ιίι.
529 689 567 721 [t
589 693 692 720 antem
719 687 825 721 onmia
851 692 882 720 et
906 687 1039 730 singula,
1064 697 1142 731 quae

197 730 380 777 ¹1¹.3.'',¹1¹‚115.¹³¹tl'{”1531
399 744 436 775 ad
462 742 633 786 praeniissa
657 741 827 785 pertinent,
848 742 883 773 ea
902 751 963 784 qua
980 740 1069 773 decet
1093 751 1144 773 au-

197 784 380 837 ssiiie¹sii¹1i1f⁹⁰¹¹¹
402 796 544 829 ctoritate
570 794 813 838 praecipiantur,
831 799 861 826 et
887 793 957 837 pari
984 793 1143 827 celeritate

403 849 523 881 debitae
538 847 740 891 exequutioni
753 847 992 887 demandentur,
1006 846 1044 879 ad
1056 857 1143 890 prae-

399 902 567 934 missorum
586 906 615 933 et
635 900 800 933 cuiuslibet
816 900 960 944 ipsorum
982 899 1143 932 dumtaxat

401 956 556 995 eflectum,
583 963 801 1000 quoscqmque
831 953 1012 992 civitatum,
1041 957 1141 985 terra-

403 1020 472 1042 rum
491 1015 520 1041 et
536 1010 678 1041 locorum
697 1008 799 1041 Status
816 1006 915 1040 nostri
932 1006 1143 1039 Ecclesiastici

403 1063 650 1106 gubernatores,
682 1061 881 1105 superiores,
912 1064 1143 1104 exequutores,

402 1117 542 1159 aliosque
567 1115 715 1148 olticialcs
740 1120 770 1147 et
794 1114 956 1147 ministros
991 1123 1143 1156 quocum-

403 1181 462 1213 que
480 1170 606 1202 nomine
631 1173 840 1212 nuncupatos,
857 1177 980 1200 necnon
996 1167 1143 1208 barones,

403 1223 596 1263 domicellos,
610 1223 770 1267 principes
791 1222 961 1262 civitatum,
984 1225 1144 1254 terrarum

403 1283 430 1310 et
456 1278 598 1309 loe-orum
623 1276 859 1319 praedictorum
885 1274 1142 1317 communitates,

404 1330 622 1363 universitates
647 1334 676 1362 et
701 1329 855 1368 homines,
881 1339 916 1361 ac
941 1328 1025 1361 viros
1049 1327 1146 1360 resor-

404 1383 519 1416 matos¹
547 1388 643 1415 status
668 1382 831 1422 libertatis
857 1391 979 1415 necnon
1003 1381 1145 1424 regimen

405 1439 505 1481 ipsum
525 1437 625 1469 dietae
652 1436 785 1469 civitatis
808 1435 1012 1469 Bononiensis
1035 1434 1144 1467 eadem

405 1490 588 1523 auctoritate
614 1489 775 1532 requiras,
799 1494 833 1521 ut
858 1488 913 1520 tibi
942 1488 973 1520 in
997 1487 1147 1530 praemis-

406 1544 447 1576 sis
484 1544 629 1575 omnibus
664 1549 693 1575 et,
729 1542 860 1584 singulis
897 1540 1086 1585 peragendis
1119 1546 1148 1573 et

408 1596 596 1639 exequendis
620 1599 766 1639 prompte
796 1600 949 1638 pareant,
973 1594 1094 1626 faveant
1118 1599 1149 1626 et

408 1650 562 1687 assistant,
581 1659 736 1692 opemque
751 1653 780 1681 et
799 1648 960 1689 auxilium,
976 1647 1148 1680 secundum

408 1705 453 1736 rei
479 1709 507 1736 ct
533 1714 621 1736 casus
647 1702 856 1745 exigentiam,
889 1701 975 1735 omni
1001 1701 1147 1734 dilatione

410 1758 591 1801 postposita,
616 1761 782 1800 praestent.

239 1819 394 1856 cumton-«uia
456 1812 470 1851 ,ξ
494 1811 523 1843 5.
550 1812 590 1842 λς
616 1815 678 1842 tam
713 1809 859 1842 omnibus
891 1814 921 1841 et
946 1808 1077 1851 singulis
1102 1817 1151 1839 su-

212 1846 395 1899 ?}ss‡{'¹},¹1722.¹35123‘{1
411 1864 571 1907 pradietis.
591 1874 684 1906 quam
711 1863 963 1908 quibuscumque
987 1861 1151 1901 militibus,

389 1908 393 1912 ⁷
412 1918 504 1950 etiam
522 1917 735 1961 praesidiariis
750 1922 780 1949 et
793 1916 1012 1960 stipendiariis,
1029 1925 1153 1948 necnon

413 1971 595 2003 militiarum
630 1970 860 2003 ordinariarum
893 1969 1025 2002 civitatis
1054 1968 1153 2001 Bono-

412 2025 528 2057 niensis
543 2053 550 2065 ,
575 2025 703 2068 eiusque
727 2023 880 2056 territorii
904 2022 1153 2066 praedictorum,

414 2090 448 2110 ae
481 2078 669 2118 eeneialiter
693 2077 761 2110 aliis
786 2077 1039 2121 quibuscumque
1064 2074 1155 2108 nobis

416 2138 443 2164 et
469 2132 567 2163 eidem
605 2136 727 2164 sanetae
760 2132 919 2164 Romanae
942 2128 1099 2162 Ecclesiae
1123 2128 1154 2160 in

416 2185 643 2229 temporalibus
669 2184 811 2224 subditis,
832 2189 859 2216 et
879 2183 1004 2227 speciali
1031 2184 1107 2216 notit
1127 2186 1156 2215 et

220 2271 254 2292 Mc
268 2244 401 2296 {353ngss
417 2239 617 2282 expressione
635 2238 748 2281 dignis,
763 2237 855 2270 etiam
874 2237 931 2269 sub
949 2236 1081 2269 crimine
1097 2236 1156 2268 lae-

417 2303 468 2324 sae
493 2292 664 2324 maiestatis
688 2292 720 2324 in
743 2291 849 2334 primo
869 2289 979 2333 capite,
997 2299 1032 2322 ac
1055 2288 1155 2321 rebel-

417 2345 529 2383 lionis,
562 2354 684 2377 neenon
720 2342 951 2377 confiscationis
982 2352 1017 2374 ac
1055 2341 1156 2374 devo-

418 2398 544 2430 lutionis
569 2398 739 2438 civitatum,
764 2400 932 2436 terrarum,
961 2400 1156 2436 castrorum,

420 2451 559 2482 locorum
578 2456 605 2482 et
627 2450 784 2483 bonorum
798 2458 1083 2493 quorumcumque,
1100 2457 1157 2491 per

421 2513 473 2534 eos
487 2508 513 2534 et
530 2514 637 2535 eorum
656 2503 828 2546 quemlibet
844 2511 1073 2546 possessorum,
1088 2510 1158 2544 poe-

462 2575 467 2598 t
492 2574 565 2599 quta
586 2574 726 2601 lectionem
750 2582 807 2610 seq.
832 2574 846 2609 §
868 2573 882 2601 7
908 2574 997 2609 potius
1024 2572 1159 2608 legeretur

424 2618 507 2652 viros,
525 2621 728 2652 relermalores
743 2620 783 2654 (R.
795 2621 844 2654 T.).

978 213 1158 240 BULLARIUM
1182 214 1337 240 Romnum

1920 215 1972 242 An.
1993 213 2024 242 C.
2042 214 2110 242 1628

1173 262 1231 303 nis,
1259 261 1329 305 pari
1360 262 1557 304 auctoritate,
1585 262 1676 295 toties
1706 262 1828 306 quoties
1859 261 1915 297 tibi

1176 314 1346 358 expediens
1369 314 1527 348 videbitur
1540 343 1547 356 ,
1575 315 1720 359 iniungas
1733 342 1740 356 ‚
1763 315 1893 349 mandes
1907 343 1914 357 ,

1177 368 1284 401 iubeas
1304 373 1335 401 et
1359 368 1498 411 imperes
1515 369 1621 402 omnia
1641 372 1672 403 et
1698 370 1821 412 singula
1836 380 1917 413 quae

1176 421 1213 454 ad
1238 421 1514 462 constructionem,
1538 422 1700 463 fabricam,
1725 422 1915 455 erectionem

1176 480 1206 508 et
1225 474 1474 507 aedificationem
1499 475 1638 508 fortalitii
1666 485 1721 508 seu
1740 485 1918 520 propugna-

1177 527 1239 560 culi
1263 526 1461 568 huiusmodi,
1481 527 1626 571 illiusque
1649 528 1833 570 custodiam,
1851 538 1916 560 mu-

1175 580 1350 614 nimentum
1367 583 1397 613 et
1412 579 1576 613 tuitionem
1595 580 1771 614 necessaria
1788 585 1818 613 et
1843 591 1916 624 quo-

1176 633 1348 667 modolibet
1371 637 1551 676 opportuna
1569 633 1636 667 sore
1652 633 1850 667 indicaveris.

1221 688 1236 731 g
1253 687 1281 720 6.
1296 687 1359 720 Nos
1373 687 1454 719 enim
1472 686 1538 727 tibi,
1555 687 1592 720 ad
1609 687 1754 720 effectum
1767 686 1917 731 praemis·
1968 701 2114 731 necessarias·

1176 751 1244 774 sum
1259 740 1428 780 dumtaxat,
1443 739 1548 773 omnia
1561 744 1591 772 et
1604 740 1727 783 singula
1743 740 1917 784 praemissa
1931 728 2114 776 ffaiissdd'ffnm'

1176 793 1320 834 saciendi,
1337 792 1471 835 dicendi,
1493 792 1622 835 gerendi
1640 798 1670 825 et
1686 793 1859 836 exequendi
1875 793 1918 826 di-

1176 848 1225 880 cta
1253 846 1438 880 auctoritate
1469 849 1578 879 tenore
1611 845 1825 889 praesentium
1849 846 1917 889 ple-

1175 911 1270 941 nam,
1294 900 1426 933 liberam
1459 904 1488 933 et
1517 900 1653 943 amplam
1684 899 1863 932 facultatem
1887 905 1918 932 et

1176 959 1372 999 potestatem,
1398 953 1600 987 concedimus
1625 957 1655 988 et
1677 953 1886 997 impertimur.

1221 1009 1235 1052 g
1261 1008 1288 1041 7.
1314 1002 1492 1041 Mandantes
1509 1012 1680 1051 propterea
1703 1007 1814 1050 legatis
1831 1011 1861 1041 et
1877 1006 1917 1039 vi-

1178 1061 1326 1104 celegatis
1360 1061 1549 1094 Bononiensi
1581 1065 1611 1093 et
1634 1060 1828 1093 Ferrariensi
1845 1087 1852 1100 ,
1881 1070 1917 1093 ac

1177 1114 1315 1158 praesidi
1341 1119 1371 1147 et
1394 1113 1658 1157 gubernatoribus
1682 1112 1917 1155 Romandiolae,

1178 1168 1375 1212 aliarumque
1391 1167 1627 1212 provinciarum
1645 1167 1772 1200 ditionis
1792 1171 1919 1200 nostrae

1176 1221 1366 1265 praedictae,
1380 1226 1424 1263 ut,
1441 1226 1542 1265 perte
1555 1220 1709 1264 requisiti,
1725 1220 1757 1253 in
1774 1220 1919 1253 omnibus

1178 1274 1232 1307 ubi
1257 1285 1335 1318 opus
1365 1275 1424 1307 erit
1456 1274 1621 1314 assistant,
1654 1273 1920 1316 gubernatoribus

1178 1339 1264 1369 vero,
1283 1328 1443 1362 civitatum
1468 1327 1694 1372 superioribus,
1715 1328 1919 1371 exequutori-

1178 1381 1247 1424 bus,
1269 1381 1464 1422 officialibus,
1482 1381 1644 1421 ministris,
1664 1381 1849 1422 baronibus
1869 1381 1921 1414 do-

1180 1434 1311 1467 micellis
1326 1461 1334 1475 ,
1364 1434 1562 1478 principibus
1577 1460 1584 1474 ,
1624 1433 1921 1473 communitatibus,

1180 1487 1445 1529 universitatibus,
1470 1487 1556 1529 viris,
1580 1487 1851 1528 reformatoribus,
1875 1498 1923 1520 re-

1181 1540 1301 1582 gimini,
1319 1551 1354 1573 ac
1374 1540 1536 1582 militibus,
1558 1540 1690 1584 addisque
1714 1539 1846 1573 subditis
1866 1550 1923 1573 no-

1165 1601 1166 1616 t
1182 1593 1253 1626 stris
1273 1593 1453 1636 praedictis,
1470 1593 1616 1626 omnibus
1635 1597 1665 1627 et
1684 1592 1825 1635 singulis,
1842 1597 1876 1624 ut
1892 1592 1923 1624 in

1181 1647 1362 1690 praemissis
1386 1646 1576 1690 exequendis
1600 1651 1652 1678 tua
1676 1645 1782 1686 iussa,
1805 1645 1924 1679 monita

1183 1704 1212 1734 et
1236 1699 1400 1740 mandata,
1426 1701 1461 1732 ea
1485 1709 1546 1743 qua
1571 1699 1660 1732 decet
1692 1699 1870 1733 obedientia
1894 1704 1925 1732 et

1183 1754 1254 1795 fide,
1279 1758 1474 1797 exequantur
1504 1758 1534 1786 et
1558 1753 1763 1797 adimpleant,
1786 1753 1925 1796 alioquin

1184 1807 1379 1848 sententiam,
1404 1806 1469 1839 sive
1492 1817 1637 1850 poenam,
1655 1816 1750 1850 quam
1768 1806 1827 1840 rite
1851 1806 1927 1839 tule—

1185 1860 1228 1893 ris
1251 1870 1306 1893 seu
1331 1859 1477 1892 statueris
1509 1859 1540 1891 in
1564 1858 1720 1900 rebelles,
1749 1863 1850 1891 ratam
1875 1858 1928 1891 ha-

1185 1914 1344 1954 bebimus,
1369 1918 1399 1946 et
1423 1913 1594 1953 faciemus,
1618 1917 1746 1946 auctore
1772 1912 1927 1952 Domino,

1186 1976 1284 2010 usque
1305 1966 1343 1999 ad
1367 1966 1609 2000 satisfactionem
1626 1965 1814 2008 condignam
1834 1964 1928 1998 invio-

1186 2020 1322 2053 labiliter
1346 2019 1518 2053 observari.

1995 1019 2046 1040 Eius
2061 1020 2116 1040 iusta

1932 1046 1978 1068 sieri
1991 1045 2084 1067 mandat.

1188 2133 1217 2160 et
1230 2127 1480 2161 ordinationibus
1497 2125 1687 2170 apostolicis,
1705 2136 1740 2158 ac
1758 2125 1929 2166 civitatum,

1188 2186 1366 2222 terrarum,
1391 2185 1568 2214 castrorum
1601 2186 1630 2212 ct
1661 2180 1804 2213 locorum
1828 2179 1931 2212 Status

1189 2234 1397 2267 Ecclesiastici
1421 2233 1594 2277 praedicti,
1618 2243 1654 2266 ac
1674 2233 1766 2266 etiam
1791 2233 1932 2266 eiusdem

1173 2288 1352 2331 1regiminis
1366 2287 1500 2321 civitatis
1520 2287 1724 2320 Bononiensis
1744 2286 1932 2331 praedictae,

1189 2342 1282 2374 etiam
1296 2342 1483 2381 iuramento,
1495 2341 1735 2374 confirmatione
1751 2340 1933 2384 apostolica,

1173 2415 1175 2440 t
1190 2396 1237 2428 vel
1255 2395 1363 2438 quavis
1380 2394 1528 2427 firmitate
1549 2395 1609 2427 alia
1626 2393 1794 2435 roboratis,
1811 2393 1933 2426 statutis

1190 2452 1219 2482 et
1239 2447 1529 2487 consuetudinibus,
1541 2446 1717 2490 privilegiis
1737 2456 1874 2490 quoque,
1892 2445 1934 2478 in-

1191 2501 1286 2534 dultis
1303 2506 1332 2534 et
1351 2500 1463 2534 litteris
1480 2500 1660 2544 apostolicis
1684 2500 1717 2532 in
1740 2499 1933 2533 contrarium

1192 2555 1439 2599 praemissorum
1476 2553 1717 2598 quomodolibet
1756 2553 1912 2586 concessis
1925 2576 1933 2591 ‚

1192 2608 1396 2649 confirmatis,
1404 2607 1585 2652 approbatis
1598 2611 1628 2642 et
1640 2606 1793 2641 innovatis
1801 2617 1810 2648 3
1820 2606 1934 2651 quibus

1230 2074 1246 2117 ξ
1271 2073 1299 2106 8.
1332 2073 1400 2107 Non
1430 2072 1625 2106 obstantibus
1653 2071 1929 2106 constitutionibus
1945 2079 2126 2103 Obstantiatoltit.

2201 0 2221 185 -nMfflhe

2207 903 2221 932 ,ψ
2207 849 2221 882 a..
2201 479 2221 834 “unu-Amsann-*qus
2208 382 2221 466 ,ψῃ-λ.
2216 327 2221 335 t
2217 297 2221 306 ,
