2248 3229
163 217 212 250 An.
235 216 264 245 C.
285 216 353 245 1638

188 864 249 886 tacu
263 866 337 886 uertet.

973 217 1114 243 vnnxxt‘s
1138 217 1194 241 vm
1219 217 1266 241 1¹1³.

405 264 522 299 clesiae
549 265 757 310 Hispalensis
780 276 800 299 a
824 267 967 299 censuris
991 267 1027 299 ob
1052 277 1099 299 re-

405 329 518 352 cursus
535 330 641 352 corum
661 320 801 359 nomine,
824 320 894 353 sine
907 324 1015 352 lamen
1031 320 1100 353 ullo

405 382 516 405 eorum
539 372 581 406 ad
604 373 639 406 id
662 373 834 414 nzarzduto,
864 373 950 406 alitis
977 374 1100 416 finctum

405 425 447 458 acl
472 425 594 460 iudices
619 426 717 461 laicos
732 427 750 460 ¹.

383 513 497 542 Dilecto
529 515 592 542 filio
623 516 766 551 magistro
802 515 961 544 Francisco
990 515 1101 543 Mariae

396 560 543 588 Ghislerio
558 563 733 595 cappellano
753 565 867 596 nostro,
880 568 1038 590 causarum
1053 568 1101 589 sa-

395 605 439 633 cri
457 606 564 640 palatii
586 607 744 641 apostolici
764 606 910 639 auditori,

573 660 710 688 Urbanus
722 661 801 696 Papa
814 661 888 689 vul.

635 731 751 759 Dilecto
771 731 825 762 fili,

396 775 526 804 salutem
548 779 580 804 οι
601 778 797 811 apostolicam
816 775 1066 804 benedictionem.

405 855 420 898 §
445 855 474 888 1.
500 856 607 900 Nuper
627 866 685 900 pro
709 859 797 900 parte
821 856 1008 889 dilectorum
1027 854 1104 888 silio-

363 918 434 940 rum
459 908 580 949 decani,
604 910 841 949 canonicorum,
862 915 891 942 et
913 908 1039 952 capituli
1057 918 1104 941 ee-

363 961 476 995 clesiae
501 962 692 1006 Hispalensis
716 963 808 996 nobis
833 962 1008 1006 expositum
1033 961 1102 1001 fuit,

362 1015 447 1059 quod
471 1015 509 1048 ad
534 1016 618 1060 ipsos
635 1026 672 1049 ex
697 1015 915 1060 antiquissima
940 1020 969 1048 et
994 1015 1103 1047 imme-

363 1068 509 1101 morabili
534 1068 759 1102 consuetudine
776 1068 824 1101 ius
844 1067 1038 1112 percipiendi
1055 1067 1105 1100 de-

363 1121 460 1154 cimas
477 1132 513 1154 ex
539 1121 692 1154 fructibus
709 1121 850 1154 omnium
865 1124 893 1154 et
906 1120 1103 1163 singulorum

365 1174 593 1218 praediorum,
622 1184 701 1218 quae
726 1174 808 1206 intra
840 1174 918 1207 fines
953 1174 1105 1207 dioecesis

365 1227 559 1272 Hispalensis
575 1227 777 1271 possidentur
794 1237 810 1259 a
827 1227 1047 1271 praebendatis
1064 1227 1106 1259 di-

363 1285 431 1313 ctae
455 1280 616 1321 ecclesiae,
641 1280 826 1324 praesertim
852 1290 927 1313 vero
958 1290 1107 1324 quorum-

363 1333 435 1366 dam
460 1333 623 1366 vinearum
648 1338 679 1366 et
702 1333 837 1366 aliorum
863 1332 1019 1366 bonorum
1050 1344 1106 1377 per

364 1386 513 1420 dilectum
539 1386 639 1419 silium
665 1386 844 1420 Odoardum
862 1386 989 1420 Pereira
1005 1384 1106 1420 dictae'

364 1439 515 1472 ccclesiae
545 1439 731 1472 canonicum
758 1439 788 1471 in
814 1439 950 1472 termino
981 1439 1041 1472 loci
1068 1439 1106 1472 de

364 1492 473 1526 Cumas
497 1497 526 1526 et
551 1493 642 1526 vittae
659 1492 688 1526 S.
708 1492 808 1526 Pontii
828 1492 929 1525 dictae
953 1492 1106 1526 dioecesis

364 1555 606 1589 possessorum,
631 1549 751 1589 spectat
775 1551 805 1578 et
829 1546 983 1589 pertinet,
1016 1545 1106 1589 prior

365 1608 439 1632 vero
464 1603 494 1631 et
518 1604 690 1632 conventus
714 1598 743 1631 S.
762 1598 873 1631 Isidori
899 1597 1024 1631 Ordinis
1039 1608 1107 1630 san-

364 1651 404 1685 cti
426 1651 608 1696 Hieronymi
631 1662 731 1696 prope
749 1657 779 1684 et
803 1657 891 1684 extra
908 1662 1017 1684 muros
1034 1652 1107 1685 cixi-

365 1705 434 1738 tatis
451 1705 654 1749 Hispalensis,
672 1705 912 1749 praetendentes
926 1705 1008 1738 dieta
1024 1705 1106 1738 bona

365 1758 396 1790 in
421 1769 478 1792 suo
503 1758 647 1792 districtu
665 1759 723 1792 sita
739 1759 884 1800 existere,
905 1758 1028 1802 sibique
1044 1768 1106 1792 non

365 1816 470 1844 autem
495 1812 631 1855 capitulo
661 1811 842 1845 huiusmodi
872 1811 998 1844 illorum
1024 1811 1107 1845 dcci-

366 1874 432 1897 mas
449 1864 569 1905 deberi,
594 1865 699 1897 litem’
716 1864 851 1909 desuper
869 1875 975 1898 coram
993 1864 1107 1898 dilecto

366 1917 431 1951 sitio
454 1923 564 1951 nostro
581 1923 610 1950 ct
627 1917 715 1951 Sedis
732 1918 929 1961 Apostolicae
949 1917 980 1950 in
1002 1918 1107 1961 regnis

366 1970 586 2015 Hispaniarum
604 1971 720 2004 nuncio
737 1974 953 2004 commorante
971 1971 1109 2004 introdu-

366 2029 496 2064 xerunt,
515 2035 532 2057 a
547 2035 610 2068 quo
635 2035 705 2057 cum
730 2024 884 2068 praefatas
908 2024 1046 2057 decimas
1070 2024 1107 2057 ad

366 2078 506 2122 priorem
531 2082 561 2112 et
586 2082 773 2111 conventum
803 2077 983 2110 huiusmodi
1009 2077 1107 2120 perti-

367 2142 442 2165 nere
466 2132 670 2172 declaratum,
692 2136 721 2163 et
745 2141 762 2163 a
790 2130 871 2163 dicta
897 2130 1108 2163 declaratione

367 2185 406 2216 al·
433 2185 492 2218 alia
517 2190 605 2228 parte
630 2185 819 2228 appellatum
843 2183 960 2224 suisset,
981 2183 1106 2227 quidam

368 2237 552 2270 Franciscus
577 2238 692 2271 Sum-ez
709 2237 868 2279 Arguvllu,
886 2247 961 2269 usus
982 2236 1108 2269 nominc

369 2291 510 2334 ipsorum
529 2291 762 2334 exponentium,
776 2290 862 2322 nullo
877 2294 980 2321 tamen
998 2299 1108 2321 eorum

368 2343 511 2384 legitimo
536 2343 682 2376 mandato
699 2343 736 2375 ad
756 2343 785 2374 id
811 2342 965 2383 suffultus,
982 2352 1107 2385 compa-

369 2406 441 2428 rens
467 2396 496 2428 in
522 2396 611 2439 regio
635 2395 766 2429 consilio
792 2394 879 2438 petiit
911 2394 1049 2428 ordinari
1071 2394 1109 2425 ei-

369 2449 443 2481 dem
463 2449 587 2491 nuncio,
605 2454 638 2481 ut
655 2448 895 2492 appellationem
913 2447 956 2481 sic
974 2451 1007 2481 ut
1023 2458 1110 2491 prae-

369 2503 468 2535 fertur
490 2502 706 2546 interpositam
731 2501 918 2542 admitteret,
945 2511 980 2534 ae
1005 2501 1109 2534 omnia

406 2576 415 2600 1
436 2573 472 2599 Ex
491 2573 597 2607 Regest.
615 2573 640 2599 in
656 2573 757 2599 Secret.
780 2573 861 2599 Brev.

403 2618 419 2644 Ξ
436 2616 501 2644 state
516 2617 580 2644 edit.
593 2616 672 2645 Maia.
690 2617 753 2652 legit
767 2617 835 2645 item
852 2624 899 2652 pro
915 2616 992 2646 litem
1007 2616 1046 2653 (n.
1060 2617 1107 2652 τ.).

1772 206 1834 239 659
1881 214 1930 243 An.
1951 214 2071 244 &1638

1134 271 1221 309 gesta
1234 270 1395 298 revocaret
1408 275 1415 305 ;
1429 264 1595 298 consilium
1610 273 1685 297 vero
1699 273 1771 296 cum
1790 273 1874 296 man-

1133 319 1237 352 dasset
1267 319 1327 352 hoc
1358 318 1473 351 dilecto
1504 318 1569 351 silio
1600 316 1720 360 ignatio
1745 316 1873 350 Velasco

1134 372 1208 405 dicti
1232 371 1338 405 nuncii
1363 371 1486 405 notario
1510 370 1676 412 notificari,
1702 370 1768 404 viso
1793 381 1872 414 pro·

1135 437 1234 467 cessit,
1263 426 1365 459 dictus
1393 425 1529 468 ignatius
1558 425 1656 465 dixit,
1678 425 1780 468 ipsum
1800 433 1876 456 nun-

1135 479 1217 512 cium
1245 479 1305 511 vim
1331 489 1393 512 non
1419 479 1552 517 int”er1·e;
1575 478 1745 521 habitaque
1765 477 1875 510 notitia

1134 543 1192 576 per
1206 542 1259 565 eos
1276 537 1466 576 exponentes
1483 531 1521 564 dc
1539 531 1718 564 huiusmodi
1733 540 1875 570 recursu,

1134 586 1172 619 ab
1197 586 1258 619 illis
1284 586 1479 630 improbatus
1503 586 1570 619 suit,

1179 640 1194 683 ἓ
1218 639 1247 672 ’2.
1273 640 1348 673 Cum
1373 645 1488 679 autem,
1503 639 1704 672 sieuteadem
1721 638 1876 682 expositio
1901 652 2076 679 cipitutissizpa-

1135 692 1354 736 subiungebat,
1380 692 1453 725 dicti
1479 698 1687 736 exponentes,
1718 692 1789 725 licet
1813 691 1878 725 exi·
1892 680 1956 701 ¹⁰⁰⁵*
1969 682 2052 706 ΨΜ·

1136 746 1262 779 stiment
1288 757 1319 779 se
1344 746 1430 779 nullo
1452 746 1490 778 ad
1520 745 1549 778 id
1567 745 1604 778 al]
1629 745 1674 778 eis
1699 744 1770 778 dato
1796 755 1878 777 man-

1136 799 1208 833 dato
1226 800 1256 832 in
1273 810 1422 832 censuras
1447 799 1674 832 ecclesiasticas
1698 798 1877 831 nullatenus

1137 852 1291 891 incidisse,
1317 852 1540 893 nibilominus,
1565 852 1603 885 ad
1635 862 1762 885 omnem
1787 852 1878 885 dubi-

1138 906 1221 939 tandi
1247 906 1408 939 materiam
1426 917 1442 938 e
1460 905 1562 938 medio
1588 905 1822 945 removendam,
1843 916 1878 938 ac

1137 964 1170 992 ut
1196 959 1253 1003 ipsi
1280 959 1347 991 iura
1369 970 1424 991 sua
1442 958 1471 991 in
1496 969 1586 992 sacro
1608 960 1703 991 Rotae
1721 959 1878 992 Romanae

1137 1012 1302 1051 auditorio,
1319 1013 1348 1044 in
1373 1023 1437 1056 quo
1462 1011 1499 1044 lis
1525 1011 1705 1044 huiusmodi
1726 1022 1832 1045 coram
1849 1015 1878 1046 te

1139 1066 1254 1110 pendet
1279 1066 1424 1105 indecisa,
1451 1076 1639 1109 promovere
1663 1066 1803 1105 valeant,
1828 1075 1879 1098 no-

1139 1119 1186 1152 bis
1210 1119 1381 1163 supplicari
1408 1119 1548 1151 fecerunt
1562 1118 1579 1159 ¹,
1601 1122 1634 1151 ut
1658 1118 1702 1151 eis
1726 1119 1758 1150 iu
1782 1128 1876 1161 prae-

1140 1173 1241 1205 missis
1272 1173 1310 1205 de
1341 1178 1520 1216 opportuno
1551 1172 1758 1205 absolutionis
1783 1172 1879 1204 bene—

1140 1226 1210 1259 ficio
1224 1225 1264 1258 ob
1283 1235 1445 1258 recursum
1463 1224 1636 1268 praefatum
1658 1224 1825 1269 providere
1841 1223 1879 1257 de

1139 1278 1331 1321 benignitate
1355 1277 1527 1321 apostolica
1553 1277 1774 1320 dignaremur:

1183 1330 1240 1375 53.
1258 1332 1320 1364 Nos
1339 1331 1444 1374 igitur,
1463 1330 1588 1364 cosdem
1608 1336 1798 1374 exponentes
1814 1340 1880 1374 spe-

1139 1385 1271 1418 cialibus
1297 1384 1454 1417 saxoribus
1476 1389 1505 1416 et
1529 1384 1638 1426 gratiis
1662 1383 1810 1427 prosequi
1831 1394 1881 1417 vo-

1140 1439 1257 1480 lentes,
1287 1441 1449 1471 eteorum
1483 1436 1658 1479 singulares
1688 1446 1840 1480 personas
1863 1447 1880 1469 a

1139 1491 1301 1536 quibusvis
1325 1490 1658 1524 excommunicationis
1673 1517 1680 1530 ,
1705 1490 1882 1534 suspensio-

1140 1545 1187 1578 nis
1201 1550 1231 1578 et
1249 1544 1416 1584 interdicti,
1433 1544 1565 1587 aliisque
1581 1543 1800 1577 ecclesiasticis
1816 1553 1882 1575 sen-

1141 1599 1244 1632 tentiis
1269 1599 1410 1632 censuris
1435 1604 1465 1631 et
1488 1599 1608 1642 poenis,
1633 1610 1649 1631 a
1678 1598 1746 1630 iure
1771 1598 1818 1630 vel
1843 1598 1881 1630 ab

1141 1653 1277 1692 bomine,
1295 1652 1404 1696 quavis
1421 1652 1586 1685 occasione
1611 1652 1658 1684 vel
1683 1652 1777 1684 causa
1801 1651 1881 1691 latis,

1141 1706 1304 1752 siquibus
1335 1705 1578 1749 quomodolibet
1608 1705 1774 1738 innodatae
1811 1705 1878 1737 exi-

1141 1763 1234 1799 stunt,
1259 1759 1296 1791 ad
1322 1758 1467 1791 effectum
1493 1758 1706 1802 praesentium
1721 1758 1883 1790 dumtaxat

1141 1811 1414 1855 consequendum,
1441 1811 1553 1843 harum
1580 1810 1659 1842 serie
1685 1810 1883 1843 absolventes

1143 1870 1171 1897 et
1185 1865 1344 1897 absolutas
1358 1865 1423 1897 sore
1435 1869 1608 1901 censentes,
1620 1863 1798 1896 huiusmodi
1811 1874 1883 1906 sup-

1142 1917 1362 1961 plicationibus
1388 1917 1536 1956 inclinati,
1553 1917 1607 1950 tibi
1626 1927 1682 1960 per
1701 1921 1882 1960 praesentes

1142 1971 1368 2003 committimus
1382 1975 1411 2002 et
1425 1970 1620 2010 mandamus,
1634 1975 1884 2014 quate1u1s‚con-

1142 2023 1215 2056 stito
1240 2023 1295 2055 tibi
1322 2023 1460 2065 legitime
1485 2023 1522 2055 de
1546 2023 1737 2066 praemissis,
1755 2022 1883 2055 eosdem

1143 2079 1333 2119 exponentes
1358 2079 1388 2108 et
1412 2086 1521 2108 corum
1548 2075 1706 2117 singulos,
1731 2074 1756 2107 si
1781 2075 1842 2108 boe
1866 2085 1883 2107 a

1144 2134 1171 2160 te
1196 2128 1358 2160 humiliter
1378 2128 1533 2171 petierint,
1552 2127 1698 2171 imposita
1714 2127 1790 2171 ipsis
1810 2138 1883 2171 pro-

1143 2187 1211 2224 pter
1236 2181 1409 2224 praemissa
1434 2181 1565 2214 arbitrio
1591 2185 1644 2214 tuo
1670 2181 1774 2224 aliqud
1806 2191 1882 2224 poe-

1143 2234 1272 2267 nitentia
1298 2234 1438 2274 salutari,
1456 2234 1702 2278 renunciatoque
1723 2233 1810 2277 prius
1827 2244 1883 2277 per

1143 2298 1196 2319 eos
1221 2287 1472 2330 quibuscumque
1493 2287 1676 2319 recursibus
1704 2292 1734 2319 et
1757 2290 1883 2319 attenta-

1144 2340 1181 2372 tis
1201 2350 1308 2373 coram
1334 2339 1587 2383 quibuscumque
1616 2339 1772 2372 iudicibus
1796 2338 1883 2372 laicis

1143 2393 1278 2437 desuper
1295 2392 1532 2436 quomodolibet
1553 2392 1649 2434 sactis,
1667 2403 1684 2425 a
1701 2391 1883 2436 quibusvis'

1143 2446 1286 2480 censuris
1311 2451 1339 2479 et
1366 2446 1474 2490 poenis
1495 2446 1724 2489 ecclesiasticis,
1750 2456 1806 2490 per
1830 2455 1884 2479 eos

1143 2500 1379 2545 quomodolibet
1405 2501 1508 2532 forsan
1534 2499 1678 2542 incursis,
1698 2499 1883 2533 auctoritate

1912 1342 2042 1366 Commissio,
2052 1342 2078 1363 de

1895 1375 1937 1397 qua
1953 1370 1973 1390 in
1985 1369 2079 1390 rubrica.

1181 2572 1189 2598 l
1209 2571 1337 2606 Legercm
1354 2571 1476 2605 fecerint
1491 2571 1526 2605 (n,
1539 2571 1587 2603 T.).

1177 2615 1194 2642 2
1209 2615 1278 2642 Edit.
1294 2614 1373 2642 Maia.
1391 2614 1454 2650 legit
1469 2615 1572 2649 quibus
1585 2615 1622 2648 (n.
1639 2616 1688 2648 τ.).
