2248 3229
270 255 316 282 An.
336 257 364 282 (ἑ.
385 257 451 284 1638
499 248 562 280 640

332 1005 445 1026 (ἶήιιινειιίις

263 1032 357 1055 derogat.

1055 255 1230 278 ceruicula

466 305 628 339 absolvere
649 304 776 336 omnino
801 303 927 335 debeat:
950 313 985 334 ac
1002 302 1206 335 decernentes

467 361 645 401 praesentes
670 356 787 388 litteras
814 355 938 396 validas,
965 355 1072 387 tirmas
1094 360 1119 386 et
1146 355 1207 387 effi-

466 421 553 443 caces
579 409 710 441 existere
735 414 764 440 et
790 409 864 449 fore,
887 418 1022 451 suosque
1046 408 1206 451 plenarios

465 469 491 494 vt
520 463 659 503 integros
684 461 811 494 effectus
832 461 937 493 sortiri
955 467 984 493 et
1002 461 1154 501 obtinere,
1171 472 1205 494 ac

465 515 503 546 ab
528 514 674 547 omnibus
699 517 728 546 et
753 513 895 556 singulis,
919 513 957 545 ad
982 524 1060 557 quos
1086 519 1203 557 spectat

464 573 489 599 et
525 577 582 611 pro
615 572 755 609 tempore
787 566 959 609 spectabit,
985 566 1206 600 inviolabiliter

463 626 493 651 et
517 620 701 652 inconcusse
724 618 900 658 observari,
918 619 1024 662 sicque
1042 631 1099 662 per
1117 630 1205 662 quos·
1221 641 1223 653 2

465 683 600 716 cumque
628 673 864 705 commissarios
897 677 926 704 et
955 672 1081 716 quosvis
1106 673 1204 713 alios,

463 726 572 768 quavis
596 726 779 758 auctoritate
808 726 992 767 fungentes,
1019 725 1150 758 iudicari
1176 730 1205 758 et,

463 778 584 811 definiri
610 778 746 818 debere,
773 789 807 811 ac
838 778 961 810 irritum
987 784 1016 811 et
1042 779 1153 818 inane,
1179 779 1202 811 si

462 832 537 875 quid
562 842 651 864 secus
676 843 770 876 super
795 832 842 865 liis
867 843 883 864 a
908 843 1078 876 quoquam,
1095 833 1221 876 quarist

461 885 657 925 auctoritate,
682 886 816 918 scienter
843 886 887 917 vel
917 886 1108 928 ignoranter,
1134 896 1203 919 eon-

462 939 569 982 tigerit
593 939 746 971 attentari.

505 993 520 1036 §
548 992 575 1025 5.
602 993 669 1025 Non
700 992 895 1025 obstantibus
927 992 1202 1026 constitutionibus

461 1051 491 1078 et
515 1046 765 1079 ordinationibus
790 1045 970 1089 apostolicis
985 1072 992 1086 ‚
1019 1056 1054 1078 ac
1078 1045 1202 1078 Ordinis

461 1105 489 1131 et
505 1100 684 1142 provinciae
699 1099 890 1137 huiusmodi,
905 1099 996 1132 etiam
1015 1100 1200 1140 iuramento,

461 1153 699 1186 confirmatione
724 1153 909 1196 apostoliea,
937 1153 982 1184 rel
1008 1153 1115 1196 quavis
1140 1153 1201 1185 tir-

462 1206 577 1239 mitatis
602 1207 660 1239 alia
686 1207 853 1247 roboratis,
877 1207 999 1239 statutis
1025 1211 1053 1240 et
1074 1217 1218 1239 consue—³

462 1260 637 1301 tudinibns‚
662 1260 836 1304 privilegiis
860 1271 996 1304 quoqne,
1021 1260 1149 1292 indultis
1173 1264 1201 1294 et,

460 1313 570 1346 litteris
595 1313 784 1356 apostolicis,
801 1314 962 1356 quibusris
987 1313 1058 1345 dien
1077 1313 1200 1346 Ordinis

460 1373 487 1399 ct
513 1366 692 1410 provinciae
716 1366 897 1399 huiusmodi
927 1366 1146 1410 superioribus
1171 1372 1200 1399 et,

459 1419 623 1462 personis,
654 1419 711 1451 sub
744 1419 996 1462 quibuscumque
1031 1419 1218 1452 verborumi

461 1471 621 1504 tenoribus
653 1476 683 1504 ct
714 1471 846 1512 formis,
871 1482 906 1504 ac
935 1482 1005 1505 cum
1039 1471 1200 1515 quibusvis

460 1525 552 1557 etiarn
578 1525 849 1567 derogatoriarum
875 1525 1094 1567 derogatoriis,
1119 1524 1200 1557 aliis-

459 1589 520 1621 que
552 1578 780 1612 efficacioribus
813 1582 841 1612 et
874 1579 1005 1611 insolitis
1031 1579 1198 1620 clausulis⁷

460 1631 719 1676 irritantibusque
736 1637 765 1665 et
781 1632 849 1664 aliis
870 1632 1013 1672 decretis,
1032 1633 1061 1664 in
1083 1642 1198 1674 genere

459 1685 506 1717 vel
532 1685 562 1717 in
588 1685 701 1728 specie,
728 1685 821 1718 etiam
847 1686 931 1726 alifis7
950 1685 979 1717 in
1005 1685 1216 1718 contrarium,

459 1738 707 1781 praemissorum
747 1738 983 1781 quomodolibet
1019 1737 1197 1777 concessis,

459 1790 651 1823 confirmatis
672 1796 700 1822 et
726 1790 895 1829 innovatis3
917 1790 1031 1833 quibus
1053 1791 1215 1824 omnibus.

459 1848 488 1875 ct
508 1843 649 1885 singulis,
668 1843 792 1875 illorum
811 1843 951 1875 omnium
972 1848 1094 1875 tenores
1111 1854 1198 1886 prae-

459 1895 599 1928 sentibus
624 1906 682 1938 pro
704 1896 795 1938 plene
815 1901 845 1927 et
865 1896 1054 1928 sutticienter
1075 1907 1215 1942 expres-¹

459 1949 500 1981 sis
518 1949 677 1988 habentes,
697 1949 757 1980 illis
775 1949 849 1980 alias
870 1949 900 1980 in
918 1959 974 1981 suo
995 1949 1109 1981 robore
1130 1950 1215 1992 per-t

458 2003 635 2043 mansuris,
662 2003 719 2035 hac
745 2002 809 2034 viee
835 2002 995 2034 dumtaxat,
1020 2002 1215 2045 specialiterj

458 2060 487 2086 et
512 2065 657 2098 expresse
689 2055 894 2097 derogaturi&
921 2055 1093 2098 ceterisspie
1122 2051 1214 2098 con-J

459 2108 560 2140 trariis
586 2108 845 2151 quibuscumque.

504 2162 610 2194 Datum
623 2162 838 2204 Romae,1qiud
849 2162 877 2193 S.
888 2162 1025 2201 Petrum,
1036 2161 1196 2194 subannn-
1213 2204 1214 2208 Ἰ

459 2216 487 2247 lo
509 2215 684 2257 Piscatoris,
702 2215 751 2248 die
769 2225 807 2248 xv
826 2215 974 2247 februarii
994 2225 1195 2255 iincxxxrin,
1213 2209 1214 2214 ¹

458 2269 657 2312 pontificatus
674 2269 772 2302 nostri
791 2280 872 2301 anno
890 2280 940 2301 xv.

494 2331 550 2357 Dat.
569 2331 610 2357 die
631 2332 660 2358 15
676 2331 804 2358 februarii
828 2331 904 2365 tttssss,
927 2331 1018 2366 pontif.
1037 2340 1106 2357 auno
1124 2338 1167 2357 xv.

750 2457 899 2489 lJXCl'lll.

460 2536 552 2568 Circa
571 2537 721 2569 lectorum
740 2537 968 2570 iubilationem
982 2537 1123 2579 fratrum
1139 2536 1196 2568 Mi-
1213 2574 1214 2578 Ἰ

503 2599 616 2621 norum
636 2589 673 2621 «le
688 2590 898 2624 Obserranti'a
917 2591 1135 2622 cismonlccmie
1148 2590 1196 2631 fa-
1213 2595 1214 2598 ’

505 2641 625 2675 miliae.
1212 2636 1214 2678 l

1258 253 1410 277 ROMANUM

1444 301 1579 328 Urbanus
1601 303 1678 336 Papa
1698 303 1778 337 VIII,

1384 346 1420 373 ad
1440 346 1571 373 futuram
1590 347 1633 374 rei
1653 348 1830 375 memoriam.

1285 406 1299 450 ἓ
1325 407 1352 439 1.
1373 407 1459 449 Cum,
1477 407 1557 440 sicut
1573 408 1761 451 accepimus,
1779 419 1815 441 ex
1835 409 1977 453 frequen-

1241 459 1358 492 tissima
1380 460 1598 503 immeritaque
1623 461 1776 494 lectorum
1797 461 1977 496 iubilatione

1222 531 1223 536 =
1241 513 1270 545 in
1289 513 1483 546 cismontana
1501 514 1618 546 familia
1635 515 1758 548 Ordinis
1779 516 1909 548 fratrum
1928 517 1977 549 Mt-

1222 573 1223 577 ’
1239 577 1353 599 norum
1387 567 1484 600 sancti
1515 568 1671 600 Francisci
1704 568 1742 601 de
1773 569 1975 602 Observantia

1239 626 1492 664 nnncupatonun
1511 622 1714 664 quamplures
1732 622 1889 665 querelae,
1903 623 1978 655 mul-

1240 677 1330 716 taque
1358 679 1387 705 et
1411 673 1556 716 graviora
1582 674 1780 707 incommoda
1808 675 1839 706 in
1868 675 1976 708 eadem

1220 726 1356 757 ‘tamilia
1388 726 1610 768 redundarint,
1636 738 1671 759 ac
1700 728 1737 760 de
1766 728 1906 761 remedio
1932 730 1975 761 in·

1239 779 1413 812 commodis
1430 779 1611 812 huiusmodi
1625 780 1811 823 adhibendo,
1826 792 1896 814 cum
1915 782 1977 825 pri-

1238 844 1323 864 mum
1350 833 1403 865 illa
1426 833 1465 865 ad
1489 833 1592 867 dilecti
1618 834 1672 865 filii
1698 834 1797 867 nostri
1820 835 1976 868 Francisci

1237 886 1265 919 S.
1284 886 1442 919 Laurentii
1463 887 1494 918 in
1511 887 1643 919 Damaso
1664 887 1786 920 diaconi
1812 888 1976 921 cardinalis

1248 940 1398 972 larberini
1416 940 1595 983 nuncupati,
1609 944 1732 974 sanctae
1747 941 1906 974 Romanae
1923 943 1977 974 Ec-

1218 992 1349 1026 ‘clcsiae
1382 993 1649 1033 vicecancellarii,
1674 993 1771 1026 nostri
1805 994 1975 1027 secundum

1236 1056 1362 1079 carnem
1389 1057 1424 1079 ex
1450 1048 1544 1080 t'ratre
1569 1057 1721 1089 germano
1742 1047 1873 1090 nepotis,
1891 1047 1977 1080 dicti-

1235 1110 1296 1142 que
1321 1099 1445 1132 Ordinis
1470 1099 1552 1142 apud
1578 1109 1633 1132 nos
1658 1105 1688 1132 et
1713 1100 1824 1133 Sedem
1849 1106 1975 1144 aposto-

1217 1154 1219 1176 t
1236 1152 1327 1184 licam
1352 1153 1553 1195 protectoris,
1571 1163 1662 1185 aures
1679 1158 1899 1196 pervenerunt,
1918 1158 1976 1186 tra<

1236 1209 1351 1236 clatum
1377 1205 1486 1237 suerit:

1279 1258 1293 1300 ἓ
1318 1258 1347 1290 2.
1374 1259 1456 1299 Nos,
1489 1258 1540 1301 qui
1575 1259 1796 1301 religiosorum
1822 1259 1973 1292 Ordinum

1234 1320 1344 1353 pacem
1370 1316 1399 1342 et
1424 1311 1573 1343 unitatem
1600 1312 1730 1344 sinceris
1760 1311 1974 1345 desideramus

1234 1362 1405 1405 affectibus,
1425 1368 1457 1395 ut
1481 1364 1617 1407 querelis
1642 1369 1671 1396 et
1696 1365 1902 1398 incommodis
1921 1365 1975 1397 liu-

1235 1416 1369 1449 iusmodi
1395 1417 1518 1449 obviam
1546 1422 1643 1457 eatur,
1669 1422 1756 1450 motu
1780 1418 1920 1461 proprio,
1945 1424 1975 1451 et

1235 1480 1271 1501 ex
1297 1471 1382 1502 certa
1407 1469 1535 1502 scientia
1568 1480 1603 1502 ac
1634 1473 1721 1502 mera
1750 1470 1974 1505 deliberatione

1234 1523 1359 1564 nostris⁷
1386 1522 1486 1566 deque
1511 1523 1702 1567 apostolieae
1727 1524 1888 1567 potestatis
1912 1525 1975 1569 plc-

1233 1575 1392 1617 nitudine,
1418 1581 1527 1609 tenore
1553 1577 1764 1620 praesentium
1790 1578 1973 1621 statuimus,

1215 1633 1266 1662 tut
1298 1630 1431 1662 lectores
1463 1630 1582 1663 iubilati
1618 1630 1702 1662 iuxta
1739 1631 1972 1675 praescriptum

1233 1682 1408 1715 litterarum
1434 1683 1532 1715 felicis
1557 1684 1782 1717 recordationis
1806 1685 1973 1718 Clementis

1233 1735 1334 1779 Papae
1354 1736 1417 1768 t‘ltl
1442 1736 1693 1779 praedecessoris
1713 1738 1828 1778 nostri,
1850 1748 1972 1771 necnon

1233 1789 1427 1829 generalium
1460 1789 1532 1821 dicti
1562 1789 1685 1822 Ordinis
1716 1790 1972 1824 constitutionum

1233 1841 1351 1884 pluries
1377 1847 1607 1883 renovatarum,
1626 1853 1661 1874 ac
1686 1849 1847 1886 postremo
1871 1844 1902 1876 in
1927 1855 1973 1877 ca-

1232 1894 1331 1937 pitulo
1361 1895 1499 1936 generali
1532 1894 1605 1927 dicti
1634 1895 1757 1928 Ordinis
1789 1896 1819 1928 in
1849 1897 1972 1929 cii-itate

1231 1948 1377 1980 'l'oletana
1403 1948 1570 1988 celebrato,
1590 1948 1802 1989 instituantur,
1824 1951 1864 1982 ita
1888 1951 1971 1993 quod

1232 2001 1336 2032 nullus
1355 2002 1484 2043 posthac
1500 2001 1537 2033 ad
1552 2001 1764 2035 iubilationem
1779 2002 1970 2042 admittatur,

1231 2055 1306 2097 quin
1326 2055 1413 2098 prius
1438 2056 1571 2097 logicam
1598 2061 1627 2088 et
1652 2056 1883 2100 philosophiam
1910 2062 1971 2089 tres

1213 2118 1338 2152 3aunos,
1364 2119 1399 2140 ac
1425 2108 1613 2151 theologiam
1635 2108 1743 2141 decem
1768 2109 1885 2152 absque
1909 2110 1970 2142 ulla

1232 2161 1465 2194 intermissione
1491 2161 1661 2201 edocuerit,
1680 2163 1736 2201 vel,
1754 2162 1779 2194 si
1804 2162 1967 2195 intermitti

1231 2214 1408 2256 contigerit,
1426 2214 1590 2247 duodecim
1616 2225 1713 2247 annos
1739 2215 1970 2258 tlieologifiele-

1212 2273 1298 2300 etor
1324 2268 1477 2302 extiterit:

1275 2321 1289 2364 ξ
1313 2321 1342 2353 3,
1369 2321 1506 2363 Singulis
1530 2321 1706 2365 quibusque
1731 2322 1820 2354 annis
1845 2322 1969 2365 publiea

1212 2374 1256 2405 1et
1291 2374 1468 2406 authentica
1502 2374 1657 2407 attestatio
1689 2385 1705 2406 a
1737 2375 1909 2417 guardiano
1941 2379 1969 2408 et

1230 2427 1395 2468 discretis,
1420 2438 1529 2460 eorum
1555 2438 1649 2460 manu
1674 2428 1805 2472 propria
1828 2433 1858 2460 et
1884 2428 1967 2461 inra-

1212 2475 1213 2485 ’
1231 2488 1336 2514 mento
1361 2482 1494 2522 firmata,
1515 2487 1749 2525 conventusque
1771 2481 1873 2524 sigillo
1889 2481 1968 2514 obsi-

1231 2541 1333 2577 gnata,
1351 2535 1544 2576 conficiatur,
1562 2540 1587 2567 et
1609 2535 1638 2567 in
1656 2535 1781 2578 publico
1799 2538 1968 2568 conventus

1231 2589 1370 2621 archivio
1396 2594 1547 2629 serretur,
1566 2589 1637 2629 ubi,
1659 2599 1728 2621 cum
1753 2599 1832 2632 opus
1856 2588 1967 2627 fuerit,

1232 2642 1422 2684 reperiatur3
1447 2647 1481 2674 ut
1506 2641 1679 2684 theologiae
1702 2641 1793 2673 lectio
1811 2641 1841 2673 in
1858 2641 1967 2673 ordine

1993 254 2040 280 An.
2058 255 2087 280 C.
2110 254 2174 281 ¹638

2018 423 2105 444 Metita.

2020 1271 2120 1291 Lectores
2142 1277 2172 1291 iu-

1989 1297 2050 1318 lnlati
2064 1299 2173 1317 instituan-

1990 1326 2022 1344 tur
2040 1325 2096 1345 iuxta
2112 1323 2172 1343 Ordi-

1990 1356 2038 1371 nuin
2074 1352 2173 1371 constitu—

1991 1379 2065 1398 tiones,
