2226 3235
96 234 145 260 An.
165 232 194 259 C.
213 231 280 259 ¹628

120 506 195 528 Eidem
212 506 278 526 cotie-

94 534 129 558 gio
144 534 220 553 eteius
232 538 279 559 pei·-

94 560 152 580 sonis
167 560 278 586 privilegia

95 586 159 606 studii
175 587 279 613 generatis

95 612 158 633 Urbis
187 618 279 634 commu-

95 640 159 660 nicat.

160 1359 281 1380 plenariam

97 1391 182 1412 quoque
214 1386 282 1406 indul-

97 1415 189 1438 gentiam
209 1413 230 1433 in
247 1413 280 1432 ilie

98 1439 204 1464 ingressus
213 1442 233 1459 et
242 1439 283 1459 exi·

98 1468 144 1489 ius,
160 1466 191 1486 vet
210 1467 282 1485 mortis

99 1493 118 1512 'in
139 1492 196 1511 dicto
217 1492 282 1512 cotie-

112 1519 138 1542 io,
145 1518 224 1538 eisdem
233 1524 281 1538 coii-

106 1546 158 1565 essis
171 1547 190 1565 et
202 1551 281 1565 eucari-

97 1572 138 1591 stia
157 1571 240 1592 refectis
260 1577 280 1592 e-

97 1598 191 1623 iai-gitur.

904 230 1047 254 URBANUS
1072 230 1127 253 vm
1152 230 1200 253 1²1².

293 278 403 324 patriis
421 277 634 322 providendis,
653 278 779 311 eosdem
797 279 941 311 alumnos
965 278 1033 310 aliis

294 331 449 374 omnibus,
469 331 581 364 ceteris
606 331 745 374 paribus,
761 335 824 365 tam
842 331 873 363 in
892 331 1033 364 Romana
1050 358 1051 362 ,

294 386 382 419 curia
407 395 500 429 quam
526 385 558 417 in
583 384 722 417 ecclesiis
747 385 811 417 suis
828 384 1051 427 originalibus}

1050 459 1051 469 i
1068 436 1187 469 doliliet
1207 436 1405 480 pertinentia,
1420 446 1437 467 a
1450 435 1532 468 dicta
1550 434 1588 467 de
1605 434 1809 477 Propagandzi

293 438 446 483 praeferri
470 438 615 472 volumus
639 442 669 472 et
692 438 901 471 decernimus.

338 492 353 536 ξ
377 492 428 524 14.
454 493 555 535 Atque
575 491 703 535 insuper
720 491 836 524 eisdem
855 490 988 534 collegio
1005 495 1034 523 et

294 545 491 579 scholaribus
512 545 689 578 rectoribus
713 551 743 577 ct
767 544 1035 587 gubernatoribus

294 598 400 631 omnia
424 603 453 630 et
478 608 695 642 quaecumque
724 598 906 642 privilegia,
932 607 1035 629 exem-

293 651 427 695 ptiones,
448 651 609 685 libertates
634 657 663 684 et
688 651 816 691 indulta,
837 650 950 694 quibus
970 655 1035 682 stu-

294 704 382 738 dium
417 704 564 748 generale
593 704 693 737 almae
725 704 817 738 Urbis
848 709 974 736 nostrae
1006 708 1036 735 et

294 757 378 790 illius
408 761 547 791 rectores
569 757 778 802 doctoresque
795 757 826 789 in
843 767 879 790 eo
896 757 1035 799 legentes

294 811 404 855 quovis
429 811 524 845 modo
548 816 687 854 utuntur,
712 810 874 855 potiuntur
903 814 932 842 et
959 820 1054 859 gau-s

294 865 377 907 dent,
395 875 431 898 ac
448 865 502 905 uti,
527 865 622 909 potiri
647 870 678 897 et
701 864 839 907 gaudere
858 868 988 907 possunt
1007 868 1037 895 et

294 922 442 962 poterunt
459 917 696 962 quomodolibet
719 917 751 949 in
774 917 927 956 futurum,
945 915 986 948 ita
1004 921 1036 948 ut

295 970 464 1014 collegium
500 976 530 1003 et
566 970 725 1004 scholares
761 980 796 1003 ac
832 975 971 1003 rectores
1007 975 1036 1002 et

295 1024 526 1068 gubernatores
550 1023 730 1056 huiusmodi
758 1023 818 1056 illis
843 1033 906 1055 nou
934 1023 1053 1059 solumi

294 1077 333 1111 ad
354 1088 464 1116 eorum
481 1077 579 1110 instar
596 1077 650 1110 sed
666 1077 881 1121 parisormiter
894 1082 923 1110 et
937 1087 1035 1120 aeque

294 1130 514 1175 principaliter
530 1131 585 1172 uti,
602 1131 697 1174 potiri
714 1136 743 1164 et
763 1130 901 1174 gaudere
916 1131 1036 1175 possint

294 1189 324 1218 et
340 1185 462 1217 valeant
483 1184 513 1217 in
530 1184 677 1217 omnibus
701 1190 729 1217 et
754 1195 811 1228 pei·
835 1184 950 1227 omnia,
977 1184 1036 1217 eis-

295 1237 366 1271 dem
384 1237 569 1271 auctoritate
587 1243 616 1270 ct
636 1242 744 1271 tenore
766 1237 910 1271 similiter
925 1248 1036 1281 perpe-

295 1296 349 1324 tuo
375 1291 657 1325 communicamus.

341 1345 355 1388 ξ
379 1345 431 1378 15.
457 1345 495 1378 Ut
520 1355 594 1378 vero
618 1344 846 1388 temporalibus
863 1344 1037 1378 commodis

296 1398 472 1442 spiritualia
497 1408 628 1431 munera
652 1408 778 1442 quoque
798 1398 1037 1441 coniungamus,

298 1451 413 1494 quibus
430 1451 570 1484 fidelium
588 1451 712 1485 devotio
727 1457 756 1484 ct
770 1452 881 1484 merita
895 1462 1037 1485 crescere

297 1504 398 1547 magis
421 1509 451 1537 et
475 1505 583 1547 augeri
601 1505 732 1549 possint,
753 1505 791 1537 de
812 1505 951 1538 eiusdem
970 1515 1035 1538 om-

296 1557 468 1601 nipotentis
491 1558 546 1590 Dei
571 1558 789 1591 misericordia
813 1569 848 1591 ae
871 1558 1035 1590 beatorum

295 1610 379 1643 Petri
393 1614 421 1644 et
435 1611 521 1643 Pauli
538 1612 752 1654 apostolorum
770 1611 836 1644 eius
854 1611 1037 1645 auctoritate

295 1663 420 1706 confisi,
446 1664 593 1698 omnibus
614 1670 644 1697 et
668 1665 799 1708 singulis
825 1665 1036 1707 scholaribus,

294 1717 472 1751 rectoribus
497 1723 526 1751 et
551 1718 714 1759 ministris,
740 1720 793 1763 qui
819 1719 851 1752 in
870 1719 954 1752 idem
972 1720 1036 1753 col-

294 1772 412 1815 legium
436 1772 555 1816 recepti
579 1772 704 1813 suerint,
730 1773 761 1805 in
786 1773 855 1817 ipso
880 1773 1035 1816 ingressu,

294 1831 324 1859 et
348 1825 460 1858 deinde
485 1826 516 1858 in
541 1826 635 1866 exitu,
661 1826 685 1859 si
704 1826 829 1870 quidem
856 1827 989 1860 confessi
1007 1833 1036 1860 et

294 1880 421 1913 contriti
446 1879 678 1913 sanctissimum
696 1881 910 1914 Eucharistiae
932 1892 1035 1914 sacra-

294 1937 434 1966 mentum
448 1933 650 1976 sumpserint,
664 1938 757 1976 atque
773 1933 876 1975 etiam,
889 1933 930 1967 si⁴
944 1935 974 1966 in
988 1945 1036 1967 eo-

293 1987 363 2020 dem
389 1986 522 2029 collegio
556 1986 708 2020 decedere
740 1997 793 2020 eos
823 1987 862 2020 ab
889 1988 1036 2021 humanis

293 2040 477 2083 contigerit,
504 2040 535 2073 in
559 2040 671 2074 mortis
696 2041 828 2074 articulo
860 2041 1033 2085 plenariam

293 2094 434 2127 omnium
460 2098 489 2128 et
513 2094 712 2137 singulorum
737 2101 941 2139 peccatorum
967 2106 1036 2129 suo-

240 2147 246 2150 ’
294 2158 364 2180 rum
389 2147 616 2191 indulgentiam
642 2153 673 2181 et
696 2149 916 2181 remissionem
940 2149 1034 2182 mise-

141 2317 279 2338 Constantio·

95 2349 132 2364 nes
140 2344 167 2364 ad
183 2343 278 2365 eiusdem

95 2370 178 2395 collegii
208 2376 278 2391 cui-am

95 2402 108 2417 a
129 2396 279 2423 Congregaiio-

96 2428 122 2444 ne
145 2423 172 2444 de
199 2424 278 2449 Propa-

96 2449 164 2475 ganda
172 2449 225 2471 Fide
235 2450 279 2471 edi·
308 2470 313 2475 ,

96 2478 129 2496 tas
139 2476 247 2497 conrii-mai
259 2479 280 2497 et

97 2502 205 2524 observari
252 2504 278 2524 ab

96 2529 192 2551 omnibus
219 2536 280 2551 maii-

96 2554 140 2577 dat».

293 2201 462 2235 ricorditer
486 2202 517 2234 in
541 2202 675 2236 Domino
693 2203 895 2236 concedimus
909 2209 937 2237 et
958 2205 1037 2237 elar—

294 2265 410 2298 gimu1·.

338 2309 353 2352 ἓ
377 2307 430 2342 16.
455 2309 617 2344 Postremo
634 2321 848 2355 quascumque
865 2311 990 2355 regulas
1007 2317 1035 2345 et
1052 2335 1053 2346 i

295 2362 533 2397 constitutiones
542 2363 580 2396 ad
591 2364 731 2398 eiusdem
745 2365 879 2408 collegii,
890 2365 1035 2409 illiusque

294 2427 515 2461 personarum,
539 2428 646 2450 rerum
663 2423 693 2451 et
710 2419 869 2452 bonorum
893 2419 1036 2463 spiritua-

294 2470 371 2503 lium
405 2476 434 2502 et
465 2471 688 2514 temporalium
713 2483 841 2513 curam,
870 2473 1034 2515 regimen,

294 2523 494 2567 gubernium,
520 2523 726 2558 directionem
748 2530 778 2558 et
794 2525 1036 2559 administratio-

331 2640 341 2666 t
358 2638 425 2668 Male
440 2638 505 2667 edit.
522 2638 602 2667 Maia.
619 2639 683 2676 legit.
697 2640 815 2669 etiamsi
830 2640 865 2676 (fi.
883 2642 931 2676 iu).

1734 216 1775 250 39

1067 288 1137 309 neni
1154 304 1161 317 ‚
1188 287 1222 308 ac
1247 276 1447 309 alumnorum
1473 274 1685 318 praefatorum
1715 284 1805 306 reee-

1067 330 1218 373 ptioiieiii,
1243 329 1477 367 admissionem,
1504 327 1631 366 victum,
1649 327 1808 363 amictum„

1068 383 1317 419 instructionem,
1342 381 1540 425 disciplinam
1559 386 1589 413 et
1605 380 1664 412 alia
1681 390 1811 424 quonio-

1069 488 1142 521 Fide
1160 488 1404 531 congregatione
1414 488 1462 519 die
1473 498 1536 519 xxv
1548 487 1663 519 mensis
1677 492 1809 530 septem-

1068 542 1134 575 bris
1156 542 1227 574 anni
1253 541 1375 574 Domini
1401 551 1545 573 iiocxxni
1570 540 1685 581 editas,
1717 540 1809 573 etiam

1070 599 1222 640 perpetuo
1247 595 1459 638 approbamus
1477 600 1503 626 et
1523 595 1759 634 confirmanius,
1779 594 1811 626 il-

1051 640 1053 678 i
1070 649 1176 692 lasque
1190 648 1228 680 ab
1240 648 1387 681 omnibus
1408 647 1631 680 inviolabiliter
1647 647 1809 680 observari

1051 706 1053 725 ³
1070 703 1215 736 volumus
1241 707 1268 734 et
1295 701 1487 733 mandamus.

1115 757 1129 799 g
1152 756 1197 788 17.
1223 756 1432 788 Decernentcs
1453 756 1627 799 praeniissa
1652 756 1757 788 omnia
1782 761 1812 790 et

1070 810 1208 853 singula,
1229 821 1264 842 ac
1289 809 1413 842 easdem
1432 815 1622 853 praesentes,
1640 811 1726 843 nullo
1747 822 1812 843 um-

1070 874 1163 907 quam
1178 869 1321 907 tempore
1339 874 1375 896 ex
1393 863 1645 907 quibuscumque
1660 864 1762 896 causis
1774 865 1811 897 de

1070 917 1281 960 subreptionis
1299 917 1346 949 vel
1365 916 1559 960 obreptionis
1585 927 1639 949 seii
1662 917 1812 951 nullitatis

1071 971 1155 1011 vitio,
1176 974 1228 1004 aut
1249 970 1430 1002 intentionis
1446 975 1571 1002 nostrae
1592 970 1639 1002 vel
1665 981 1812 1012 quocum-

1070 1034 1131 1067 que
1149 1024 1210 1056 alio
1232 1023 1352 1056 defectu
1373 1023 1485 1063 notari,
1504 1023 1694 1066 impugnari,
1716 1029 1812 1056 retra-

1071 1078 1166 1118 ctari,
1192 1088 1247 1110 seu
1272 1077 1365 1109 ctiam
1391 1076 1543 1118 revocari,
1570 1077 1738 1121 suspendi,
1768 1089 1813 1110 re-

1071 1131 1192 1174 stringi,
1217 1131 1356 1171 limitari,
1370 1137 1421 1163 aut
1439 1132 1470 1164 in
1489 1131 1535 1163 iiis
1560 1132 1606 1163 vel
1632 1136 1813 1164 controver-

1071 1185 1147 1218 siam
1173 1185 1288 1227 vocari,
1314 1195 1368 1217 seu
1386 1184 1423 1216 ad
1444 1185 1596 1217 terminos
1612 1185 1688 1218 iuris
1707 1186 1813 1219 reduci

1071 1250 1181 1283 posse,
1206 1250 1263 1272 nec
1288 1249 1479 1282 quemquam
1505 1239 1542 1271 ad
1568 1239 1693 1272 easdem
1722 1250 1813 1283 prae-

1072 1298 1175 1325 sentes
1193 1293 1224 1325 in
1241 1294 1366 1325 camera
1392 1292 1573 1336 apostoliea,
1600 1293 1684 1326 iuxta
1705 1295 1816 1326 consti-

1072 1346 1225 1379 tutionem
1261 1346 1331 1389 piae
1364 1346 1535 1378 memoriae
1566 1346 1610 1378 Pii
1648 1346 1748 1389 Papae
1777 1347 1814 1379 lv

1072 1400 1164 1432 etiam
1176 1399 1429 1443 praedecessoris
1436 1400 1534 1432 nostri
1544 1399 1681 1443 desuper
1690 1400 1815 1441 editam,

1071 1459 1124 1486 aut
1146 1454 1221 1486 alias
1247 1452 1511 1496 quandocumque
1536 1453 1816 1496 praesentandum,

1072 1506 1293 1539 insinuandum
1318 1511 1346 1538 et
1380 1506 1543 1548 registrari
1573 1506 1748 1539 faciendum
1776 1512 1818 1541 te-

1070 1560 1149 1600 neri,
1174 1570 1276 1603 neque
1300 1559 1544 1603 proptei·ea.illa
1571 1560 1705 1592 invalida
1730 1571 1815 1603 esse,

1072 1613 1125 1646 sed
1146 1613 1231 1646 omni
1256 1613 1351 1645 niodo
1378 1613 1497 1652 valere,
1524 1601 1608 1646 ac‘si
1634 1614 1815 1647 constitutio

1071 1668 1230 1711 praedicta
1256 1673 1285 1700 et
1309 1668 1368 1700 alia
1393 1668 1550 1701 contraria
1570 1668 1698 1701 minime
1724 1679 1812 1701 eina-

1071 1726 1214 1761 luissent,

1117 1775 1130 1818 ἓ
1160 1775 1206 1807 18.
1233 1774 1346 1818 Sieqiie
1370 1785 1426 1818 per
1455 1785 1670 1818 quoscumque
1696 1775 1814 1808 iudices

1071 1828 1249 1861 ordinarios
1279 1833 1307 1860 et
1341 1828 1522 1871 delegatos,
1547 1829 1640 1861 etiam
1671 1839 1813 1861 camerae

1070 1882 1260 1925 apostolicae
1278 1881 1493 1925 praesidentes
1515 1882 1655 1923 clericos,
1675 1893 1709 1915 ac
1735 1882 1814 1915 eius-

1070 1934 1140 1967 dem
1174 1940 1298 1967 sanctac
1329 1935 1486 1967 Romanae
1519 1935 1676 1967 Ecclesiae
1709 1946 1813 1968 caine-

1070 1989 1200 2029 rariuni,
1223 1989 1502 2022 vicecamerarium
1524 1995 1553 2022 et
1578 2000 1743 2022 causarum
1762 2000 1813 2034 pa-

1071 2042 1135 2075 latii
1157 2042 1320 2085 apostolici
1346 2042 1526 2084 auditores,
1551 2053 1586 2075 ac
1611 2043 1689 2075 alios
1713 2043 1813 2076 dictae

1070 2097 1228 2129 Romanae
1247 2095 1402 2128 Ecclesiae
1423 2096 1608 2137 cardinales,
1623 2096 1744 2128 sublata
1759 2097 1812 2132 eis.

1070 2155 1100 2181 et
1125 2160 1234 2182 eorum
1261 2149 1398 2190 cuilibet,
1417 2149 1526 2193 quavis
1544 2149 1633 2181 aliter
1654 2149 1812 2182 iudicandi

1070 2208 1099 2235 et
1124 2202 1350 2246 interpretandi
1378 2203 1522 2236 facultate
1551 2208 1579 2234 et
1605 2202 1812 2241 auctoritate,

1070 2255 1202 2289 iudicari
1229 2261 1257 2288 et
1283 2256 1408 2288 deliniri
1433 2255 1558 2297 debere,
1584 2256 1708 2288 irritum
1734 2267 1812 2299 quo-

1070 2319 1130 2353 que
1155 2314 1183 2342 et
1211 2309 1300 2342 inane
1327 2309 1480 2353 quidquid
1501 2320 1591 2342 secus
1611 2320 1706 2353 super
1726 2309 1774 2341 liis
1796 2320 1812 2342 a

1070 2376 1239 2409 quoquam,
1260 2365 1369 2409 quavis
1394 2365 1590 2406 auctoritate,
1612 2365 1747 2397 scienter
1764 2365 1812 2397 vel

1070 2419 1263 2462 ignoranter,
1289 2419 1455 2461 contigerit
1477 2418 1633 2451 attentari.

1113 2473 1128 2515 ἓ
1152 2472 1203 2506 19.
1229 2472 1381 2511 Quocirca
1407 2472 1508 2505 eidem
1529 2472 1638 2505 nuntio
1654 2477 1684 2504 et
1698 2472 1812 2506 dilecto

1069 2525 1134 2558 silio
1152 2536 1319 2558 causarum
1334 2525 1439 2558 curiae
1457 2535 1600 2558 camerae
1618 2525 1810 2568 apostolicae

1070 2578 1207 2621 generali
1241 2577 1398 2617 auditori,
1423 2588 1458 2610 ac
1490 2578 1593 2611 abbati
1624 2578 1809 2622 praedicto,

1069 2637 1156 2665 motu
1180 2632 1249 2676 pari
1272 2642 1329 2676 per
1353 2632 1525 2676 apostolica
1550 2632 1666 2677 scripta
1684 2632 1810 2665 manda-

1823 226 1873 252 An.
1893 225 1920 251 C.
1941 225 2006 251 ¹628

1827 766 1935 786 Clausulas
1951 771 2011 792 prae·

1827 796 1945 814 >ruamus
1971 800 2012 819 ap-

1828 822 1895 846 punit.

1860 1784 1920 1803 &liter
1933 1784 2014 1803 iudica-

1831 1816 1845 1829 ri
1863 1810 1968 1835 prohibei.

1866 2479 2012 2506 Exequutorcs

1827 2505 1889 2525 butus
1918 2509 2012 2535 sanctio-

1827 2538 1858 2552 nis
1875 2535 1972 2552 instituit.
