2248 3229
221 225 269 254 An.
286 226 315 255 C.
337 226 406 256 1634

246 1195 299 1215 Alia<
309 1195 342 1215 tm-
352 1195 403 1215 Pon-

222 1221 270 1241 tifex
304 1222 402 1241 nonnulla

222 1248 328 1268 constituit
347 1248 403 1267 circa

222 1274 346 1294 electionem
362 1280 404 1294 nta-

222 1307 254 1324 μιιι
264 1301 356 1322 ιιιιιιέΝῐί
366 1301 403 1321 liu·

222 1333 252 1347 iu<
268 1328 362 1348 militiaev

252 2153 290 2172 Prs-
304 2152 363 2171 cuius
379 2154 407 2171 ta*

224 2180 290 2198 ritmri
317 2184 409 2204 exeqiiu-

224 2206 280 2225 tiano
290 2205 353 2225 edidit
363 2210 408 2224 var*-

225 2232 339 2251 muniunto
374 2232 407 2251 lm·

224 2259 363 2283 sulm—quens,

450 218 514 253 446

420 281 504 309 tutae
529 275 665 316 munitis,
683 274 790 307 eadem
816 283 947 318 prorsus
969 273 1047 319 tides
1068 275 1098 306 in
1116 275 1158 307 iu-

419 328 501 363 dicio
531 334 560 362 et
591 333 677 361 extra
709 328 827 372 ubique
860 327 1053 369 adhibeatur,
1079 338 1159 372 quae

420 382 494 426 ipsis
515 381 720 424 originalibus
744 381 856 414 litteris
887 380 1090 414 adhiberetur
1105 409 1112 422 ,
1134 381 1159 414 si

419 435 520 468 forent
538 434 694 468 exhibitae
711 435 759 468 vel
785 439 935 468 ostensae.

461 489 571 522 Datum
596 489 628 521 in
649 489 728 522 Arce
752 488 946 533 Gandulplii,
973 488 1159 522 Albanensis

418 542 580 583 dioecesis,
606 542 665 575 sub
694 542 809 575 annulo
834 542 1013 583 piscatoris,
1031 542 1081 575 die
1105 552 1159 576 xtx

418 595 556 630 octobris
572 605 742 638 MDCXXXIV,
757 596 957 640 pontificatus
978 596 1076 629 nostri
1099 607 1157 630 an-

418 659 458 682 no
484 659 538 683 ΧΠ.

453 711 511 738 Dat.
533 711 575 738 die
597 712 629 739 19
646 711 763 740 octobris
779 711 859 745 1634,
875 711 971 748 pontif.
989 719 1059 740 anno
1074 720 1122 740 xn.

711 827 855 861 CDXCVI.

417 897 583 941 Praefixio
596 903 624 932 et
638 899 828 943 approbatio
842 899 1088 933 caeremonialis
1098 910 1158 944 pro

462 951 612 984 electione
621 953 736 995 maqm'
744 953 898 995 maqistrz·
908 953 1079 996 hospitalis
1089 963 1160 986 san-

462 1005 506 1037 cti
523 1005 660 1038 Ioannis
678 1005 974 1048 Hierosolymam?
987 1006 1006 1039 ¹.

622 1076 758 1103 Urbanus
780 1077 857 1110 Papa
877 1077 958 1109 VIII,

543 1120 579 1147 ad
595 1124 770 1154 perpetuam
790 1121 833 1148 rei
853 1121 1034 1148 memoriam.

463 1181 621 1214 Militantis
647 1182 803 1215 Ecclesiae
829 1183 986 1225 regimini,
1011 1193 1073 1216 non
1098 1193 1160 1216 me-

420 1234 488 1267 ritis
513 1236 628 1268 nostris
654 1236 707 1269 sed
732 1236 926 1269 inscrutabili
959 1236 1081 1270 divinae
1105 1247 1159 1270 vo-

420 1287 546 1322 luntatis
582 1289 778 1332 providentia
816 1290 937 1331 vocati,
975 1295 1005 1322 ct
1044 1292 1159 1323 attenta

420 1341 532 1374 mentis
546 1342 612 1374 acie
627 1342 870 1384 considerantes,
886 1344 1041 1387 hospitale
1062 1344 1158 1377 sancti

420 1394 543 1428 loannis
564 1395 836 1440 Hierosolvmitani
858 1397 889 1429 in
910 1397 1009 1430 insula
1029 1397 1158 1439 Melitae,

419 1448 562 1481 Doctoris
579 1448 723 1482 Gentium
747 1450 909 1483 miraculis
927 1451 1092 1492 celebrata,
1111 1451 1160 1484 fir-

419 1501 869 1546 missimum,tutissimumque
879 1503 1070 1548 reipublicae
1081 1504 1161 1537 cliri-

421 1554 536 1588 stianae
554 1555 703 1589 adversus
723 1556 810 1600 impii
828 1557 1001 1590 Turcarum
1024 1558 1159 1602 tyramni

420 1607 595 1642 invasiones
619 1610 893 1653 propugnaculum
915 1611 1059 1652 existere,
1078 1612 1159 1644 eius-

420 1671 480 1704 que
497 1661 609 1695 fratres
621 1663 745 1705 milites,
759 1668 919 1707 tamquam
943 1674 1033 1697 veros
1047 1665 1159 1698 Christi

421 1714 560 1757 athletas,
586 1726 643 1758 pro
668 1716 740 1749 fidei
766 1717 936 1750 catholicae
957 1717 1137 1750 defensione
1152 1745 1159 1757 ,

422 1767 515 1800 nullis
547 1768 626 1801 vitae
658 1769 808 1812 periculis
832 1770 1010 1813 parcendo,
1043 1771 1160 1813 iugiter

420 1820 581 1861 laborare,
606 1822 755 1864 dignum,
781 1822 854 1866 quin
885 1823 988 1866 potius
1021 1823 1159 1856 debitum

420 1879 615 1918 reputamus,
640 1882 673 1908 ut
698 1886 743 1917 ea,
769 1887 848 1921 quae
873 1887 934 1920 per
957 1882 1080 1910 nostras
1104 1878 1156 1909 lit-

422 1933 512 1970 teras⁷
541 1934 628 1962 motu
652 1930 784 1973 proprio
809 1931 979 1975 expeditas,
1004 1932 1078 1964 alias
1104 1937 1162 1964 sta-

422 1981 538 2014 tuimus
552 1988 582 2014 et
598 1982 810 2016 ordinavimus
834 1994 891 2027 pro
909 1984 999 2024 felici,
1012 1987 1160 2028 rectaque

423 2035 526 2077 magni
552 2036 692 2078 magistri
718 2037 791 2070 dicti
813 2037 973 2081 hospitalis
997 2038 1160 2079 electione,

424 2099 513 2121 suum
539 2088 677 2121 debitum
706 2090 876 2123 sortiantur
902 2091 1056 2124 effectum.

467 2143 482 2185 ἓ
506 2143 534 2175 l.
559 2143 707 2186 Cumque,
728 2154 785 2187 pro
804 2143 933 2177 faciliori
955 2145 1095 2188 ipsarum
1116 2146 1162 2178 lit-

425 2200 562 2228 terarum
576 2201 755 2229 nostrarum
767 2198 983 2241 exequutione,
997 2199 1160 2242 proprium

424 2251 651 2283 caeremoniale
676 2261 732 2293 per
750 2252 918 2283 nonnullos
938 2251 1095 2285 Romanae
1113 2263 1162 2285 eu-

424 2302 488 2335 riae
508 2304 673 2346 praelatos,
692 2304 853 2346 religionis
879 2306 958 2347 zelo,
985 2305 1161 2348 prudentia,

425 2357 505 2398 fide,
530 2357 690 2398 doctrina,
715 2368 821 2390 rerum
847 2359 1056 2401 gerendarum
1081 2370 1160 2399 usu,

423 2411 554 2455 aliisque
590 2412 724 2455 egregiis
757 2413 925 2445 virtutibus
955 2413 1160 2457 conspicuos,

423 2465 538 2507 sutilius
563 2466 724 2509 negotium
750 2466 927 2500 huiusmodi
958 2467 1160 2501 commisera-

460 2548 470 2572 1
490 2547 559 2573 Alias
575 2547 648 2582 leges
664 2547 785 2575 ediderat
799 2557 846 2584 pro
863 2549 1014 2576 huiusmodi
1031 2549 1160 2576 electione

424 2589 467 2617 hic
481 2590 551 2617 idem
568 2591 686 2619 Pontifex
701 2592 791 2619 Const.
808 2599 899 2620 ccxcvi
917 2595 964 2631 tal.
978 2593 1041 2629 0269)
1056 2593 1090 2620 In
1105 2601 1161 2629 spe-

425 2635 500 2668 cula,
516 2638 580 2662 tom.
596 2642 652 2670 xm,
667 2644 728 2671 pag.
744 2636 805 2663 67⁶2.

995 225 1177 252 BULLARIUM
1195 225 1351 251 Romnum

1193 284 1274 314 mus,
1292 273 1443 316 diligenti,
1463 276 1497 305 ut
1513 282 1563 306 res
1581 274 1770 318 postulabat,
1790 272 1930 309 adhibito

1194 327 1346 368 examine,
1371 326 1558 369 confectum,
1579 330 1610 359 et
1626 336 1643 358 a
1661 327 1751 361 nobis
1774 328 1930 373 approba-

1192 385 1258 413 tum
1279 380 1388 420 suerit;
1413 384 1448 413 ut
1471 379 1547 412 illud
1573 388 1645 412 cum
1663 379 1810 414 omnibus
1824 385 1854 414 et
1869 381 1930 414 sin-

1193 434 1274 478 gulis
1286 435 1317 467 in
1329 444 1365 468 eo
1379 434 1533 468 contentis
1547 433 1768 468 inviolabiliter
1779 440 1932 478 perpetuo

1193 488 1377 522 observetur
1394 498 1430 522 ex
1454 493 1562 522 nostro
1582 487 1748 532 pastoralis
1772 487 1866 521 officii
1883 488 1933 522 de·

1193 541 1258 575 bito
1283 542 1524 586 providendum,
1540 551 1576 575 ac
1594 546 1720 576 nostrae
1744 541 1932 586 apostolicae

1193 596 1440 629 confirmationis
1452 596 1627 640 patrocinio
1644 595 1849 629 muniendum
1864 605 1933 629 cen-

1194 649 1323 683 suimus.

1237 704 1339 736 Tenor
1363 708 1466 737 autem
1488 703 1571 737 illius
1591 707 1647 737 est:

1238 756 1349 799 Magno
1370 756 1522 799 magistro
1543 756 1605 789 vita
1626 756 1740 798 functo,
1763 765 1933 800 congrege-

1195 812 1254 849 tur,
1269 819 1361 852 quam
1385 809 1524 853 primum
1538 808 1606 842 fieri
1620 809 1747 853 poterit,
1765 809 1930 842 consilium

1194 867 1302 903 status,
1319 862 1383 896 sive
1403 863 1606 906 completum,
1625 873 1642 895 a
1658 873 1730 907 quo,
1748 862 1830 895 inter
1850 867 1931 896 cete-

1194 926 1255 956 ros,
1272 916 1442 960 praecipue
1467 915 1679 960 infrascripti¹
1705 915 1799 948 siant:

1238 971 1258 1003 Ι.
1284 971 1417 1015 Deputet
1446 971 1509 1003 sive
1541 970 1635 1013 eligat
1667 970 1932 1004 locumtenentem

1195 1024 1278 1057 iuxta
1292 1025 1424 1058 sormam
1441 1028 1627 1057 statutorum
1643 1033 1698 1057 seu
1712 1023 1934 1057 stabilimento-

1193 1088 1263 1110 rum
1282 1078 1354 1111 dieti
1372 1077 1534 1121 hospitalis
1557 1078 1731 1121 apostolica
1749 1077 1933 1111 auctoritate

1194 1131 1463 1171 confirmatorum,
1480 1131 1544 1174 qui,
1562 1131 1645 1164 iuxta
1666 1131 1842 1164 litterarum
1861 1130 1933 1164 San-

1193 1184 1321 1217 ctissimi
1339 1184 1461 1217 Domini
1484 1184 1583 1216 nostri
1606 1184 1720 1216 Urbani
1745 1184 1846 1228 Papae
1867 1183 1933 1216 VIII

1194 1237 1329 1282 desuper
1354 1242 1570 1270 emanatarum
1594 1237 1775 1270 huiusmodi
1800 1237 1933 1281 disposi-

1193 1290 1322 1331 tionem,
1335 1300 1371 1323 ea
1385 1290 1546 1323 dumtaxat
1563 1300 1709 1323 exercere
1727 1290 1841 1323 valebit
1853 1299 1933 1333 quae

1193 1343 1231 1376 ad
1257 1354 1376 1376 meram
1401 1343 1549 1376 iustitiam
1567 1344 1736 1387 pertinent,
1753 1353 1815 1376 non
1829 1348 1933 1376 autem

1194 1407 1264 1429 cum
1291 1397 1401 1440 quovis
1426 1396 1522 1429 fratre
1547 1396 1645 1429 milite
1661 1396 1734 1429 dieti
1759 1395 1933 1440 hospitalis,

1194 1460 1247 1482 seu
1273 1450 1333 1482 alia
1357 1450 1465 1494 quavis
1490 1451 1624 1494 persona
1644 1449 1682 1482 ad
1699 1449 1840 1482 habitum
1865 1449 1930 1482 sra-

1193 1509 1276 1536 trum
1291 1504 1364 1537 dicti
1380 1503 1541 1548 hospitalis
1555 1503 1677 1536 admitti
1691 1508 1824 1547 petente,
1840 1513 1934 1548 super

1194 1558 1419 1601 cuiuscumque
1437 1558 1561 1600 generis
1575 1557 1799 1601 impedimento
1824 1557 1872 1590 vel
1885 1557 1935 1590 de-

1194 1612 1284 1653 fectu,
1311 1612 1403 1644 etiam
1428 1612 1460 1643 in
1485 1611 1548 1643 vim
1573 1621 1847 1655 quorumcumque
1871 1611 1919 1654 pri

1195 1665 1382 1708 vilegiorum
1409 1675 1465 1697 seu
1496 1665 1676 1697 facultatum
1704 1664 1787 1697 dieta
1819 1668 1929 1697 aucto—

1195 1718 1283 1751 ritate
1320 1728 1542 1752 concessorum
1575 1728 1630 1751 seu
1654 1717 1911 1752 confirmatorum

1194 1772 1385 1815 dispensare,
1406 1782 1508 1815 neque
1522 1782 1592 1804 cum
1608 1771 1717 1804 eodem
1733 1770 1864 1804 consilio
1878 1775 1935 1804 sta-

1195 1830 1243 1858 tus
1257 1831 1284 1857 et
1303 1825 1412 1869 quovis
1433 1830 1598 1869 praetextu
1623 1824 1698 1857 alias
1712 1825 1828 1867 gratias
1841 1824 1934 1858 etiam

1194 1880 1314 1919 faeere,
1338 1884 1373 1911 ut
1397 1883 1468 1924 sunt
1498 1878 1641 1911 habitum
1669 1878 1742 1911 dicti
1772 1877 1934 1922 hospitalis

1195 1933 1366 1965 concedere
1390 1937 1443 1964 aut
1467 1931 1615 1965 exhibere
1640 1932 1688 1965 vel
1713 1931 1842 1974 similia,
1868 1931 1933 1964 mi-

1195 1996 1314 2029 nusque
1327 1986 1446 2018 litteras
1455 1985 1641 2029 apostolicas
1656 1995 1770 2028 magno
1783 1984 1934 2028 magistro

1195 2039 1418 2082 praedefuncto
1443 2038 1578 2071 directas
1595 2037 1794 2081 exequutioni
1809 2038 1934 2071 deman-

1195 2092 1282 2133 dare,
1300 2097 1352 2125 aut
1371 2092 1448 2124 alios
1465 2091 1590 2135 quosvis
1615 2096 1702 2124 actus
1717 2090 1850 2134 gratiam
1865 2101 1935 2124 con-

1196 2148 1358 2179 cernentes
1383 2145 1496 2185 sacere,
1523 2144 1579 2177 sub
1597 2146 1708 2188 poena,
1733 2144 1764 2176 in
1789 2144 1935 2177 omnibus

1196 2199 1241 2231 vel
1261 2198 1390 2241 singulis
1415 2198 1539 2231 casibus
1554 2197 1733 2242 praedictis,
1750 2197 1934 2242 privationis

1196 2252 1279 2285 vocis
1304 2252 1421 2285 activae
1446 2262 1482 2285 eo
1508 2252 1575 2295 ipso
1600 2251 1799 2292 incurrenda,
1825 2257 1855 2285 et
1877 2262 1934 2295 per

1195 2305 1361 2337 consilium
1376 2298 1582 2348 praedictum,
1597 2305 1724 2338 excluso
1738 2305 1805 2349 ipso
1818 2306 1935 2339 locum-

1195 2363 1328 2399 tenente‚
1346 2358 1543 2397 declaranda3
1565 2364 1595 2392 et
1611 2358 1814 2392 nihilominus
1829 2358 1933 2392 omnia

1195 2417 1224 2445 et
1249 2412 1371 2455 singula
1397 2423 1453 2456 per
1485 2423 1556 2445 eum
1586 2417 1695 2446 contra
1719 2412 1931 2456 praesentium

1196 2471 1335 2500 tenorem
1372 2467 1610 2510 quomodolibet.
1645 2471 1750 2510 gesta,
1784 2466 1872 2499 irrita
1904 2470 1933 2498 et

1195 2521 1306 2562 inania,
1325 2521 1505 2565 nulliusque
1522 2521 1648 2554 roboris
1664 2526 1694 2554 et
1709 2520 1858 2554 momenti
1873 2519 1932 2553 exi-

1231 2593 1240 2618 =1
1261 2592 1402 2620 videretur
1424 2593 1566 2629 legendum
1590 2601 1607 2620 α
1631 2600 1702 2628 quo,
1729 2592 1805 2620 inter
1825 2595 1931 2626 cetera,

1190 2638 1346 2672 praecipue
1359 2638 1548 2674 infrascripta
1562 2638 1634 2673 fiant
1649 2637 1686 2672 (R.
1703 2638 1752 2671 τ.).

1942 226 1993 254 An.
2008 226 2037 256 C.
2058 226 2127 256 1635

2001 770 2030 791 De
2045 776 2131 796 congra-

1948 797 2014 823 gando
2030 797 2130 823 capitulo.
2183 811 2187 815 .

1986 986 2015 1006 De
2031 986 2131 1006 locumte-

1948 1013 2015 1033 noniiz
2028 1013 2132 1033 electione

1948 1042 1967 1060 et
1983 1039 2091 1060 facultate.
