2248 3229
161 207 211 235 An.
226 207 256 234 C.
281 207 346 235 1637

360 362 547 405 visitatione,
561 374 654 407 quam
670 364 751 397 ultra
767 364 946 408 quindecim
960 364 1026 397 dies
1039 374 1100 397 non

358 416 473 459 poterit
498 417 702 460 protrahere,
728 422 756 451 et
781 417 805 450 si
832 417 1016 458 vocabitur,
1048 422 1100 450 aut

358 469 527 502 necessitas
551 470 707 514 requiret,
726 470 853 503 iubente
874 470 1030 513 generali,
1047 480 1100 514 po-

358 523 429 555 terit
453 523 568 556 nedum
601 524 697 556 semel
731 524 761 556 in
794 534 897 563 anno,
923 523 976 556 sed
1010 515 1117 575 toties}

356 576 479 620 quoties
513 577 682 619 collegium
719 577 855 609 visitare.
883 576 1011 615 Quoties
1043 587 1117 626 ρο]ιῇἸ

357 629 485 662 modum
510 629 636 673 hospitii
662 630 692 662 in
718 629 852 672 collegio
880 630 960 671 erit,
989 629 1098 672 prior,

355 683 411 716 etsi
435 693 546 716 omnes
571 682 648 716 alios
673 682 883 727 provinciales
908 682 938 715 in
963 682 1115 726 collegio¹

1114 732 1115 754 ²
1132 736 1223 775 ciat-n,
1241 736 1339 770 donec
1362 743 1485 782 tempus
1503 738 1698 781 ingrediendi
1717 739 1873 773 licentiam

1114 789 1316 830 advenerit,
1348 801 1387 823 ne
1420 791 1554 834 longiori
1585 795 1674 825 mora
1705 793 1873 836 collegium

355 736 532 780 praecedat,
553 736 596 769 illi
627 742 731 770 tamen
760 736 1014 780 praecedentiam
1043 736 1096 769 da-

355 790 409 822 bit.
428 790 462 822 In
479 792 534 823 sua
553 790 729 823 visitatione
749 791 853 822 annua
872 789 950 822 nihil
968 790 1096 823 omnino

353 848 478 886 praeter
502 842 617 877 victum
644 843 842 876 moderatum
868 848 968 876 sumet
993 853 1010 875 a
1035 837 1115 887 col-‚5

1112 895 1338 936 studentibus,
1363 902 1391 930 et
1417 902 1450 930 ut
1475 899 1567 930 etiam
1595 898 1653 942 ipsi
1676 899 1872 933 baccalaurei

353 896 454 939 legio,
486 896 640 940 siquidem
665 896 771 929 omnia
795 895 912 929 babere
935 896 1052 940 poterit
1079 906 1096 929 a

353 951 408 982 sua
433 950 598 994 provincia
623 955 653 983 et
678 962 695 982 a
720 955 875 983 conventu
901 949 1095 983 Sanctissimi

352 1003 564 1044 Sacramenti,
590 1003 621 1036 in
645 1013 708 1047 quo
732 1003 866 1047 poterit,
893 1003 918 1036 si
943 1004 1094 1046 voluerit,

352 1056 505 1097 residere;
526 1057 551 1089 si
571 1060 675 1090 tamen
700 1056 765 1100 ipse
785 1055 911 1089 aliunde
933 1056 1095 1090 vocabitur

351 1109 390 1142 ad
415 1109 608 1143 visitationes
632 1108 921 1150 extraordinarias,
946 1109 1093 1143 viaticum

351 1163 490 1197 solvetur
513 1174 530 1196 a
555 1163 689 1206 collegio
709 1168 850 1204 vocante,
868 1169 901 1196 ut
922 1163 1020 1196 moris
1038 1169 1092 1197 est.

394 1227 468 1250 xxv.
493 1216 612 1250 Prioris
636 1216 775 1250 officium
801 1216 861 1249 erit
885 1221 982 1250 totam
1004 1217 1095 1250 colle-

350 1270 393 1314 gii
418 1269 549 1303 domum
582 1280 695 1313 regere
720 1275 749 1302 et
773 1269 995 1303 administrare
1020 1281 1092 1303 cum

350 1324 442 1368 plena
467 1323 672 1365 auctoritate,
690 1333 762 1356 cum
787 1322 963 1355 assistentia
989 1328 1093 1356 tamen

351 1382 381 1409 et
405 1376 635 1410 consultatione
672 1382 799 1420 patrum
831 1386 849 1409 a
877 1376 1030 1417 consilio,
1055 1376 1093 1410 de

350 1430 465 1475 quibus
485 1440 592 1474 supra.
618 1429 761 1463 Officium
788 1429 966 1474 subprioris
991 1430 1022 1462 in
1041 1430 1094 1463 ab·

351 1484 448 1517 sentia
473 1483 589 1528 prioris
613 1483 673 1516 erit
705 1483 772 1516 eius
797 1483 879 1517 vices
903 1493 1036 1526 gererc;
1062 1484 1092 1516 in

349 1538 448 1570 choro
472 1542 577 1570 autem
603 1542 633 1569 et
657 1536 859 1579 regularitate
884 1537 977 1569 ctiam
999 1548 1111 1581 prae--

348 1595 435 1624 sente
459 1590 566 1634 priore
592 1600 684 1623 suum
709 1590 847 1623 officium
878 1590 977 1624 libere
1001 1601 1091 1624 exer-

348 1643 438 1678 cebit.
459 1643 604 1677 Primarii
630 1643 770 1686 regentis
793 1643 826 1676 in
850 1644 996 1677 omnibus
1021 1645 1094 1678 acti-

348 1698 406 1732 bus
426 1697 615 1738 studiorum,
632 1701 666 1732 ut
682 1702 754 1730 sunt
775 1697 937 1738 lectiones,
955 1698 1092 1742 disputa-

349 1752 458 1793 tiones,
483 1757 554 1792 etc.‚
578 1755 648 1795 post
672 1750 812 1795 priorem
839 1751 878 1794 (si
903 1751 955 1784 hic
982 1751 1092 1785 adesse

349 1805 506 1848 voluerit)
538 1804 720 1848 praesidere
737 1831 744 1844 ,
769 1803 997 1848 disputationes
1022 1815 1090 1838 mo-

348 1857 468 1898 derari,
497 1857 600 1890 theses
624 1857 820 1901 approbare,
849 1863 877 1890 et
902 1858 1007 1891 onmia
1031 1858 1091 1891 alia

347 1921 453 1954 agere,
471 1921 550 1954 quae
563 1910 688 1944 nonnisi
706 1921 723 1943 a
740 1910 869 1944 doctore
883 1911 951 1944 sieri
965 1911 1091 1945 decreta

347 1975 455 1998 sacrae
480 1964 634 1998 facultatis
658 1964 835 2008 imperant;
852 1965 970 1997 nullam
988 1969 1091 1999 tamen

349 2018 504 2052 licentiam
523 2018 722 2051 studentibus
735 2018 829 2051 eundi
847 2024 934 2051 extra
957 2029 1091 2052 conven-

349 2077 424 2113 tum,
441 2072 488 2105 vel
513 2071 676 2112 redeundi,
697 2076 749 2104 aut
770 2071 905 2105 similem
929 2072 1089 2105 concedet.

348 2125 509 2160 Monitoris
522 2125 660 2159 officium
675 2126 734 2158 erit
751 2135 860 2159 omnes
877 2126 990 2159 fratres
1003 2136 1090 2170 prae-

348 2180 456 2213 sertim
483 2179 622 2214 iuniores
646 2179 785 2223 dirigere
808 2184 838 2213 et
863 2179 1036 2223 invigilare,
1057 2185 1091 2212 ut

348 2244 474 2278 semper
499 2233 529 2266 in
554 2233 599 2267 eis
624 2233 748 2277 pietatis
772 2233 921 2273 studium,
939 2234 1090 2267 orationis

347 2292 378 2320 et
401 2286 549 2320 scientiae
575 2286 723 2331 mysticae
747 2296 837 2320 amor
862 2286 983 2330 vigeam
1008 2287 1090 2320 idco-

347 2350 407 2384 que
421 2339 557 2372 visitabit
570 2350 690 2380 omnes,
705 2339 937 2374 exhortationes
951 2340 1087 2382 habebit,
1105 2367 1106 2375 1

347 2394 454 2438 culpas
479 2393 593 2434 audiet,
613 2393 673 2426 nisi
693 2404 745 2426 eas
769 2393 903 2427 audierit
927 2394 1016 2438 prior
1042 2395 1106 2438 vel⁸

347 2447 508 2491 subprior,
525 2447 646 2491 aliaque
667 2447 772 2480 omnia
797 2452 868 2489 aget
893 2447 976 2481 iuxta
996 2458 1086 2491 regu-

348 2502 393 2533 las
418 2500 583 2534 monitoris
607 2510 623 2532 a
649 2500 925 2534 constitutionibus
951 2502 1087 2535 traditas.

391 2565 477 2589 xxvr.
501 2555 698 2599 Quicumque
722 2555 846 2598 singulo
870 2565 952 2589 anno
977 2556 1090 2589 exami—

327 2614 437 2645 .natus
467 2620 484 2642 a
509 2615 597 2653 patre
632 2609 816 2653 provinciali
849 2610 1025 2647 Tui-oniae.
1056 2614 1089 2644 ut

447 2672 524 2699 Butc.
542 2672 624 2699 Itum.
697 2673 751 2699 t'vt.
774 2672 847 2698 A'lt‘.
994 2673 1027 2699 75

968 208 1110 234 caninus
1137 209 1192 233 vni
1218 209 1264 234 rr.

407 264 490 288 xxiv.
516 255 719 290 Provincialis
731 256 886 290 Turoniae
912 257 942 290 in
967 258 1120 301 collegio]

359 309 519 342 ordinarie
536 319 598 343 non
615 311 877 351 commorabitur,
890 311 949 344 nisi
970 311 1101 344 durante
1118 343 1119 365 ¹

1136 257 1373 291 commissarius
1392 257 1557 301 generalis,
1574 267 1590 291 a
1608 258 1726 302 priore,
1743 260 1876 301 regenti-

1136 311 1203 351 bus,
1229 317 1258 344 et
1279 312 1378 345 tribus
1393 316 1447 346 aut
1465 318 1601 357 quatuor
1617 312 1806 346 consiliariis
1820 323 1877 357 per

1135 365 1213 398 duos
1235 376 1333 399 annos
1357 366 1485 399 studens
1509 376 1573 400 non
1597 366 1792 410 profecerit¹‚
1810 366 1876 399 sine

1135 419 1224 450 mora
1261 418 1291 450 in
1325 430 1412 451 suam
1449 419 1644 463 provinciam
1677 418 1875 458 remittetur;

1135 469 1208 502 item
1233 471 1286 514 qui
1312 476 1382 515 post
1415 472 1494 506 duos
1529 483 1626 506 annos
1657 472 1876 517 philosophiae

1134 528 1163 555 et
1187 530 1323 567 quatuor
1347 525 1524 568 theologiae
1555 526 1729 570 completos
1752 537 1876 570 promo-

1134 576 1250 609 tionem
1276 587 1293 609 a
1318 579 1458 620 generali
1495 589 1558 612 non
1589 579 1782 620 obtinuerit,
1814 591 1875 624 qua

1133 629 1226 662 etiam
1251 630 1390 671 obtenta,
1408 632 1510 665 statim
1529 643 1563 665 ac
1581 632 1805 667 baccalaureus
1830 644 1876 667 re—

1133 689 1241 727 ceptus
1259 684 1361 726 suerit,
1379 685 1559 718 remittetur
1575 686 1612 718 ad
1637 696 1724 719 suam
1749 687 1875 730 provin-

1131 848 1291 883 oneretur,
1317 849 1346 876 et
1370 848 1403 878 ut
1428 844 1554 878 interim
1579 845 1666 879 locus
1691 846 1782 880 detur
1806 847 1874 879 aliis

1131 955 1256 993 tempus
1281 950 1424 984 licentiae
1449 957 1648 995 expectantes
1666 953 1730 986 suis
1749 953 1873 998 provin-

1130 1003 1186 1035 ciis
1212 1003 1334 1036 valeant
1366 1004 1539 1038 inservire:
1566 1005 1657 1045 item,
1682 1006 1873 1050 quicumque

1129 1055 1209 1090 duos
1234 1066 1333 1089 annos
1349 1057 1492 1090 licentiae
1513 1058 1696 1102 expleverit,
1713 1059 1772 1092 nisi
1793 1059 1873 1093 inter

1129 1109 1208 1143 duos
1233 1120 1357 1144 menses
1374 1111 1611 1154 inaugurandus
1628 1111 1677 1153 sit,
1694 1112 1872 1146 rediturus*

1130 1168 1233 1197 tamen
1251 1175 1348 1208 quum
1374 1165 1482 1198 laurea
1503 1165 1685 1199 doctoratus
1709 1166 1872 1200 donandus

1128 1217 1200 1258 erit,
1214 1229 1275 1262 qua
1293 1218 1460 1262 insignitus
1474 1219 1599 1252 recedet
1612 1220 1714 1254 statim
1733 1219 1765 1252 in
1781 1230 1870 1254 suam

1128 1271 1333 1315 provinciam,
1350 1271 1410 1305 nisi
1435 1272 1473 1304 ad
1497 1272 1625 1316 aliquod
1649 1272 1774 1315 collegii
1802 1273 1871 1307 osti-

1128 1325 1211 1357 cium
1237 1325 1372 1369 eligatur
1396 1325 1490 1359 modo
1510 1336 1573 1370 quo
1597 1336 1702 1370 supra.
1720 1326 1821 1367 Prior,
1841 1332 1871 1360 et

1128 1378 1299 1422 primarius
1323 1389 1439 1422 regens
1471 1379 1553 1412 ultra
1578 1379 1769 1421 triennium,
1797 1380 1871 1413 sub-

1127 1431 1226 1475 prior,
1247 1437 1277 1464 et
1301 1432 1397 1465 ceteri
1422 1432 1576 1475 officiarii,
1595 1432 1777 1475 consiliarii,
1799 1443 1871 1466 con-

1127 1485 1317 1528 cionatores,
1336 1486 1532 1520 consessores
1557 1491 1587 1519 et
1611 1485 1682 1519 laici
1706 1487 1790 1519 ultra
1805 1497 1870 1520 sex-

1127 1539 1254 1572 ennium
1285 1550 1448 1583 nunquam
1472 1539 1709 1584 protrahentur.
1737 1540 1870 1583 Diligen-

1127 1598 1237 1636 terque
1261 1592 1424 1626 advertant
1441 1593 1496 1634 illi,
1513 1593 1628 1637 quibus
1645 1593 1768 1637 collegii
1794 1604 1870 1626 cura

1127 1646 1297 1679 commissa
1317 1646 1421 1687 suerit,
1439 1647 1520 1680 ultra
1537 1647 1749 1690 regularitatis
1762 1652 1791 1680 et
1808 1647 1869 1691 pie-

1127 1699 1200 1732 tatis
1224 1699 1396 1732 domestica
1420 1699 1577 1742 exercitia,
1603 1699 1653 1732 vix
1677 1700 1747 1740 alia,
1775 1710 1868 1743 quam

1126 1753 1287 1786 doctrinae
1313 1753 1424 1795 studia,
1446 1753 1541 1786 veluti
1562 1753 1593 1786 in
1611 1753 1745 1796 collegio
1761 1753 1868 1796 vigere

1125 1806 1254 1839 debere:
1276 1806 1420 1850 ideoque,
1434 1806 1570 1850 demptis
1590 1811 1727 1850 quatuor
1751 1807 1869 1840 conses-

1125 1860 1216 1893 sariis
1241 1860 1420 1901 ordinariis,
1436 1871 1508 1893 cum
1533 1860 1601 1893 aliis
1626 1860 1796 1901 officiariis,
1814 1861 1867 1904 qui

1107 1913 1236 1946 ‹diebus
1260 1913 1347 1946 sestis
1364 1913 1579 1947 consessiones
1596 1913 1678 1946 intra
1702 1913 1867 1947 ecclesiam

1125 1966 1309 1999 monasterii
1334 1966 1443 2000 audire
1476 1972 1645 2010 poterunt,
1671 1971 1701 2000 et
1724 1977 1788 2000 uno
1815 1972 1868 2000 aut

1125 2020 1224 2053 altero
1257 2019 1500 2059 concionatore,
1532 2019 1695 2053 rarissime
1730 2025 1761 2053 et
1785 2030 1866 2053 nun-

1124 2083 1229 2117 quam,
1254 2073 1313 2106 nisi
1339 2083 1375 2105 ex
1401 2074 1543 2106 extrema
1566 2073 1767 2114 necessitate,
1794 2074 1867 2106 mit-

1124 2131 1230 2159 tentur
1253 2126 1291 2158 ad
1316 2136 1430 2169 aegros
1454 2126 1633 2160 invisendos
1657 2126 1695 2159 ad
1719 2126 1867 2160 visitatio-

1123 2189 1178 2212 nes
1203 2179 1370 2219 faciendas,
1395 2184 1425 2211 et
1448 2179 1573 2221 similia,
1591 2190 1671 2224 quae
1687 2190 1705 2213 a
1724 2190 1788 2214 non
1806 2186 1867 2214 stu-

1123 2233 1269 2267 dentibus
1294 2237 1413 2267 tantum
1438 2233 1553 2266 debent
1577 2234 1728 2268 exerceri.

1167 2296 1265 2319 xvvn.
1279 2287 1370 2320 Prior
1383 2287 1507 2330 collegii
1521 2287 1560 2320 de
1577 2288 1709 2321 consilio
1722 2287 1866 2332 subprio-

1123 2339 1176 2382 ris,
1202 2339 1341 2373 doctoris
1365 2340 1508 2384 primarii
1523 2368 1531 2381 ,
1551 2344 1686 2384 quatuor
1717 2341 1865 2374 clavario-

1123 2404 1192 2427 rum
1211 2399 1239 2426 et
1258 2394 1394 2434 lectoris,
1415 2393 1453 2426 de
1473 2394 1562 2427 cuius
1581 2395 1680 2427 classe
1701 2395 1865 2438 unusquis-

1122 2457 1182 2491 que
1199 2447 1269 2487 erit,
1287 2447 1447 2480 studentes
1472 2447 1610 2481 discolos
1627 2453 1657 2480 et
1673 2447 1863 2491 irregulares

1122 2500 1349 2544 cuiuscumque
1370 2500 1550 2544 provinciae
1575 2506 1623 2533 ter
1641 2500 1786 2543 monitos,
1804 2502 1862 2534 nisi

1160 2573 1167 2598 t
1186 2572 1256 2599 Mate
1272 2572 1336 2599 edit.
1353 2572 1432 2600 lttain.
1449 2572 1532 2600 habet
1543 2573 1700 2608 perfecerit
1713 2574 1752 2608 (a.
1768 2575 1817 2610 τ.).

1156 2618 1172 2644 2
1188 2617 1253 2645 Male
1270 2617 1334 2644 edit.
1352 2617 1430 2644 Μαίη.
1447 2617 1510 2653 legit
1526 2618 1694 2646 redditurus
1709 2619 1747 2654 (n.
1764 2620 1813 2654 7.).

1781 200 1844 234 577
1893 210 1939 238 An,
1959 209 1988 238 c.
2009 209 2078 237 1637
