2226 3235
111 210 161 238 An.
178 210 208 237 C.
229 210 295 237 1699

186 1341 299 1367 Derogatto

117 1369 276 1389 contrariorum.

102 2352 105 2353 ⁷
146 2353 266 2375 Exordium.

927 209 1068 234 URBANUS

310 267 372 291 non
407 257 623 299 committent,
648 267 750 301 neque
782 258 1068 292 committentilms'

311 310 514 354 praestabunt
538 310 699 353 auxilium,
718 311 884 344 consilium
903 311 950 344 vel
967 312 1051 344 favo-

310 374 387 405 rem,
402 363 434 396 in
451 364 553 396 forma
568 363 708 396 ciusdem
723 364 880 398 Romanae
894 365 1051 398 Ecclesiae

311 418 471 458 consueta,
492 417 524 449 in
541 421 676 460 utroque
693 418 771 460 soro,
790 428 911 451 necnon
926 418 1052 461 quibus-

311 469 355 502 vis
369 469 563 509 criminibus,
578 470 757 515 excessibus
771 476 801 503 et
816 471 946 512 delictis,
957 471 1049 503 etiam

312 523 342 555 in
351 523 475 556 casibus
483 523 554 557 Sodi
566 524 763 567 Apostolicae
774 524 950 565 reservatis,
958 524 1050 556 etiam

312 577 341 609 in
367 577 478 610 litteris
502 577 553 610 die
576 577 697 611 Coenae
723 578 845 611 Domini
866 577 927 621 legi
953 578 1069 610 solitist

311 631 474 673 contentis,
502 630 641 663 iniuncta
666 631 710 664 eis
735 636 765 664 et
789 642 898 664 eorum
925 630 1053 664 cuilibet

311 695 368 727 pro
393 684 488 718 modo
508 684 618 729 culpae
644 685 836 729 poenitentia
861 685 999 726 salutari,
1023 689 1053 717 et

311 737 379 770 aliis
405 738 605 781 iniungendis
629 744 724 782 prout
749 749 858 772 eorum
885 737 974 772 saluti
1004 748 1054 770 ex-

311 792 421 836 pedire
450 792 652 835 cognoveris,
685 793 717 825 in
744 793 813 826 soro
846 792 1053 825 conscientiae

311 845 483 887 dumtaxat,
500 846 686 880 auctoritate
706 848 812 880 nostra
837 846 1001 879 absolvere
1024 851 1053 878 et

311 899 457 941 liberare,
478 910 594 943 eosque
614 899 736 943 gremio
762 899 902 932 eiusdem
929 904 1053 931 sanctae

312 952 469 986 Romanae
490 953 646 986 Ecclesiae
671 958 701 986 et
723 952 829 985 unioni
851 952 990 985 fidelium
1010 963 1055 985 rc-

313 1005 491 1047 conciliare,
516 1011 682 1050 ceteraque
701 1006 730 1038 in
748 1005 931 1049 praemissis
951 1017 1055 1039 ueces-

313 1059 396 1092 saria
420 1065 449 1092 et
473 1064 650 1103 opportuna
675 1060 788 1100 facere,
806 1059 922 1101 dicere,
941 1070 1054 1103 gerere

313 1119 342 1146 et
358 1113 468 1157 exequi
492 1113 590 1146 libere
608 1118 638 1146 et
657 1113 741 1145 licite
765 1113 867 1156 possis
892 1118 921 1145 et
942 1113 1053 1155 valeas,

313 1167 485 1211 apostolica
498 1167 694 1207 auctoritate,
708 1171 816 1199 tenore
831 1167 1055 1211 praesentium,

313 1220 492 1254 facultatem
513 1225 543 1253 et
563 1220 781 1253 auctoritatem
807 1220 1010 1254 concedimus
1028 1224 1057 1254 et

313 1274 523 1318 impertimur.

360 1329 374 1372 ξ
398 1328 427 1361 3.
453 1328 521 1361 Non
553 1327 750 1360 obstantibus
781 1327 1057 1361 constitutionibus

316 1387 346 1414 et
363 1381 614 1415 ordinationibus
631 1381 820 1425 apostolicis,
837 1381 1013 1425 ceterisque
1027 1381 1057 1414 in

317 1435 511 1468 eontrarium
536 1435 720 1468 facientibus
745 1435 1007 1479 quibuscumque.

362 1489 472 1522 Datum
498 1489 625 1532 Romae,
651 1489 733 1533 apud
758 1489 786 1522 S.
813 1489 940 1522 Mariam
966 1488 1059 1522 Maio-

316 1553 393 1585 rem,
416 1542 473 1576 sub
498 1544 614 1576 annulo
639 1543 818 1583 Piscatoris,
843 1543 893 1576 dic
924 1553 955 1576 1v
984 1543 1056 1575 maii

315 1605 467 1636 Mncxmx,
492 1596 693 1639 pontificatus
717 1595 816 1629 nostri
842 1606 923 1629 anno
950 1606 990 1628 vt.

351 1658 408 1685 Dat.
426 1658 469 1686 die
484 1660 500 1686 4
516 1659 577 1686 maii
596 1659 672 1693 1629,
694 1659 788 1695 pontif.
809 1667 879 1687 anno
895 1666 931 1686 vi.

602 1802 772 1836 CCCXXXI.

315 1883 512 1923 Prohibitio,
526 1893 566 1916 ne
582 1883 799 1923 ecclesiastici,
816 1887 882 1916 tam
899 1883 1058 1915 seculares

360 1947 460 1980 quam
484 1936 665 1979 requisites,
683 1937 915 1979 Neapolitani,
941 1947 997 1969 nec
1022 1937 1058 1969 in

360 1990 494 2023 aedibus
506 1991 584 2030 suis,
603 1991 707 2023 necin
720 1990 869 2030 ecclesiis,
883 1990 931 2023 vel
945 2000 1058 2022 earum

359 2043 505 2083 ambitu,
535 2044 684 2076 lectiones
710 2043 834 2087 leqmn,
865 2043 1054 2083 medicinae,

361 2097 410 2130 vel
434 2097 582 2130 aliarum
605 2097 730 2130 artium
757 2097 946 2130 liberalium
970 2096 1060 2130 eccle—

361 2150 502 2183 siasticis
523 2151 770 2194 prohibitarum
796 2150 933 2193 leffium?

521 2230 657 2258 Urbanus
678 2231 756 2264 Papa
775 2230 854 2263 vul,

461 2275 497 2301 ad
517 2275 651 2302 futuram
670 2276 714 2302 rei
734 2275 915 2302 memoriam.

364 2344 447 2378 Inter
457 2348 576 2379 ceteras
589 2345 777 2389 apostolicae
787 2345 945 2379 servitutis
957 2356 1059 2387 curas,

320 2399 352 2431 in
377 2399 461 2431 illam
486 2399 601 2442 iugiter
625 2399 852 2441 incumbimus,
878 2404 912 2432 ut
935 2398 1060 2442 publica

320 2453 480 2497 gymnasia
494 2452 532 2485 ad
546 2453 740 2486 iuventutem
754 2453 931 2486 liberalium
947 2453 1060 2486 artium

320 2505 494 2549 disciplinis
526 2506 729 2539 excolendam
760 2506 900 2540 instituta
932 2505 1062 2539 feliciter

321 2559 511 2603 dirigantu1·;
532 2564 723 2604 quapropter
748 2570 784 2593 ea
808 2570 887 2604 quae
911 2560 993 2595 felici
1011 2571 1063 2594 eo-

358 2625 370 2650 1
388 2622 426 2651 Ex
441 2623 549 2659 Regest.
566 2622 593 2651 in
606 2622 708 2651 Secret.
725 2622 800 2651 Brev.

1094 210 1149 233 vni
1174 210 1222 233 PP.
1758 199 1798 231 59

1086 269 1155 290 rum
1181 256 1346 290 directioni
1372 256 1498 296 obesse,
1524 261 1574 288 aut
1602 256 1826 299 impedimento

1086 321 1154 344 esse
1179 315 1324 354 possent,
1350 314 1501 353 quantum
1527 309 1558 341 in
1584 308 1675 341 nobis
1692 314 1748 349 est,
1772 320 1825 341 re-

1087 375 1250 397 movemus
1276 369 1305 396 et
1330 363 1546 407 probibemuS,
1568 363 1597 395 in
1622 362 1745 404 ltoetlue
1772 363 1828 394 sol-

1086 417 1256 450 licitudinis
1282 422 1406 450 nostrae
1436 421 1540 460 partes
1573 416 1706 448 libenter
1732 415 1827 448 inter-

1086 462 1249 514 poni-mus,
1274 476 1368 515 prout
1398 471 1608 515 conspicimus
1641 470 1670 502 in
1695 469 1827 502 Domino

1086 525 1253 558 salubriter
1277 525 1433 568 expedire.

1131 580 1145 622 ξ
1170 579 1198 611 ’1.
1217 580 1292 612 Cum
1314 578 1428 621 itaque,
1447 578 1525 611 sicut
1545 590 1603 622 pro
1619 583 1707 621 parte
1721 578 1825 610 dilecti

1087 632 1141 664 tilii
1163 632 1278 665 nobilis
1293 632 1350 664 viri
1368 632 1493 664 Antonii
1516 631 1694 663 Fen-nandez
1712 631 1749 662 (le
1769 631 1824 663 To-

1088 685 1157 718 ledo
1182 685 1271 718 ducis
1296 685 1334 717 (le
1358 686 1449 725 Alva,
1474 685 1564 727 regni
1589 686 1734 729 Neapolis
1760 696 1830 729 pro-

1089 740 1190 782 regis,
1216 739 1307 772 nobis
1334 750 1434 783 nuper
1462 739 1638 783 expositum
1673 739 1736 780 suit,
1765 739 1829 782 ipse

1089 804 1146 836 pro
1168 793 1249 825 felici
1272 793 1474 836 [niblicorum
1501 793 1677 825 studiorum
1697 792 1830 824 civitatis

1088 846 1310 890 Neal‘tolitanac
1335 846 1508 879 directione
1534 857 1590 889 per
1614 857 1670 879 uos
1696 851 1725 878 ut
1751 846 1828 877 int'ra

1088 899 1249 943 provideri
1268 910 1471 943 summopere
1489 899 1658 932 attentet-et:
1674 910 1740 935 nos,
1755 899 1831 930 eius-

1089 953 1159 986 dem
1172 953 1297 987 Antonii
1308 953 1397 986 ducis
1408 958 1437 986 ct
1451 953 1596 996 proregis
1609 953 1686 985 rotis
1702 954 1731 984 in
1746 964 1832 996 prae—

1090 1006 1202 1047 missis,
1228 1011 1379 1050 quantum
1401 1017 1472 1039 cum
1496 1005 1627 1038 Domino
1654 1016 1830 1049 possumus,

1089 1070 1238 1101 annuere,
1256 1070 1475 1104 prosperoque
1497 1064 1527 1091 et
1548 1059 1626 1091 l'eliei
1647 1059 1831 1091 eoi-uni‹l‹1=rn

1090 1114 1265 1147 studiorum
1282 1113 1428 1157 regimini
1449 1120 1477 1146 et
1496 1113 1650 1156 gubernio
1668 1114 1832 1146 consulere

1091 1169 1240 1209 volentes,
1258 1167 1538 1212 supplicationilms
1551 1167 1624 1200 dieti
1643 1167 1767 1200 Antonii
1781 1167 1835 1199 du-

1091 1223 1136 1255 cis
1155 1227 1185 1255 ct
1209 1222 1354 1265 pror‘egis
1379 1222 1505 1254 nomine
1539 1220 1628 1253 nobis
1654 1232 1748 1263 super
1774 1220 1833 1253 boc

1091 1275 1253 1307 humiliter
1273 1274 1427 1318 porrectis
1454 1274 1610 1314 inclinati,
1636 1284 1673 1305 ne
1702 1274 1733 1305 in
1762 1273 1833 1305 eiri-

1093 1334 1153 1361 tatc
1178 1329 1383 1372 Neapolitana
1413 1328 1634 1367 ecclesiastici,
1665 1333 1725 1360 tam
1751 1338 1834 1360 sccu-

1092 1384 1173 1415 larcs
1202 1394 1295 1426 quum
1326 1383 1462 1416 cuiusvis
1491 1382 1615 1415 Ordinis
1645 1388 1675 1414 et
1703 1382 1833 1414 instituti

1093 1436 1264 1479 regulares,
1282 1436 1400 1478 absque
1425 1435 1512 1467 Sedis
1529 1435 1725 1477 Apostolicae
1743 1435 1835 1467 licen<

1094 1489 1145 1529 tia,
1163 1489 1193 1520 in
1217 1488 1346 1520 aedibus
1373 1488 1447 1530 suis,
1474 1499 1530 1520 nec
1556 1488 1586 1519 in
1611 1488 1761 1527 eeclesiis,
1783 1492 1835 1521 aut

1094 1542 1124 1574 in
1149 1542 1354 1575 ecclesiarum
1389 1542 1530 1585 ipsarum
1556 1541 1693 1581 ambitu,
1722 1552 1779 1573 nec
1806 1542 1836 1573 in

1094 1595 1292 1629 monasteriis
1316 1601 1369 1628 aut
1393 1595 1539 1628 domibus
1564 1595 1773 1638 regularibus,
1792 1596 1835 1627 le-

1093 1660 1179 1692 gum,
1205 1649 1390 1689 medicinae,
1412 1650 1459 1682 vel
1477 1649 1609 1681 aliarum
1629 1649 1742 1681 artium
1762 1649 1837 1681 libe-

1094 1703 1218 1743 ralium,
1232 1703 1451 1735 ecclesiasticis
1469 1713 1486 1735 a
1504 1703 1571 1735 iure
1592 1703 1834 1746 prohibitarum,

1094 1757 1243 1789 lectiones
1269 1757 1382 1799 legant,
1401 1767 1502 1800 neque
1523 1767 1580 1800 per
1604 1767 1836 1799 quemcumque

1093 1814 1122 1844 et
1147 1821 1254 1843 coram
1279 1810 1533 1854 quibuscumque
1558 1810 1619 1852 legi
1645 1810 1835 1853 permittant,

1093 1864 1279 1907 praesertim
1292 1869 1445 1907 tempore,
1463 1874 1525 1907 quo
1543 1863 1669 1896 eaedem
1686 1864 1836 1895 let-tiones·

1094 1918 1123 1949 iu
1143 1917 1277 1961 publicis
1303 1917 1418 1950 scholis
1437 1917 1537 1949 dletae
1563 1917 1695 1950 civitatis
1712 1917 1837 1959 publice

1094 1970 1249 2012 legentur,
1275 1970 1333 2003 sub
1358 1970 1692 2008 excomnmnicationis
1716 1976 1743 2002 et
1770 1970 1838 2001 aliis

1094 2034 1149 2067 per
1164 2024 1353 2057 modernum
1374 2029 1401 2057 ct
1416 2035 1474 2067 pro
1494 2030 1634 2067 tempore
1652 2023 1835 2056 existentem

1094 2082 1236 2110 nostrum
1251 2081 1280 2111 ct
1301 2078 1401 2110 dietae
1422 2077 1509 2110 Sedis
1527 2077 1669 2110 mintium
1691 2077 1721 2109 in
1741 2087 1837 2119 regno

1094 2131 1240 2175 Neapolis
1255 2142 1313 2174 pro
1332 2136 1475 2174 tempore
1492 2136 1742 2164 commorantem
1762 2130 1838 2162 inlli-

1095 2185 1204 2227 gcndis
1222 2195 1277 2218 seu
1297 2184 1493 2217 declarandis
1518 2185 1636 2228 poenis,
1659 2185 1706 2217 cui
1727 2195 1839 2227 oppor-

1096 2243 1200 2270 tunam
1220 2238 1258 2270 ad
1279 2238 1338 2271 boc
1363 2237 1533 2271 tribuimus
1559 2238 1747 2276 facultatem,
1769 2248 1839 2280 apo-

1095 2291 1205 2324 stolica
1237 2292 1442 2332 auctoritate,
1469 2297 1576 2325 tenore
1602 2291 1838 2336 pra·.=sentium‚

1096 2345 1313 2378 interdicimus
1339 2350 1368 2379 et
1392 2345 1609 2389 probibeu‘tus.

1141 2400 1155 2442 ξ
1180 2399 1208 2432 2.
1236 2400 1304 2432 Non
1333 2399 1531 2433 obstantibus
1563 2398 1839 2432 constitutionilms
1856 2409 2032 2450 1-‹t..-i1‘]›¹'⁴i.‘”}1¹,'⁴

1097 2458 1126 2485 et
1141 2453 1392 2486 ordinationibus
1413 2453 1605 2497 apostolicis,
1620 2457 1649 2484 et
1666 2452 1839 2495 quibusvis,

1097 2506 1189 2540 etiam
1204 2506 1392 2547 iuramento,
1406 2505 1644 2539 confirmatione
1655 2506 1838 2549 apostoliea,

1097 2560 1145 2592 vel
1168 2559 1276 2603 quavis
1305 2559 1365 2592 alia
1389 2559 1557 2599 roboratis,
1578 2559 1700 2591 statutis
1721 2564 1750 2591 et
1771 2569 1841 2591 cou-

1098 2612 1326 2655 suetudinibus,
1336 2612 1509 2658 privilegiis
1522 2623 1658 2657 quoque,
1670 2612 1797 2646 indultis
1811 2618 1841 2645 et

1847 230 1850 233 ,
1888 208 1938 234 .C.
1960 208 2025 234 1699

1867 589 1992 611 probibitio,
2003 589 2029 609 ilo

1845 622 1885 642 qun
1899 622 1918 636 tn
1935 616 2027 636 rubrica.
