2248 3229
113 243 163 270 An.
182 241 212 269 C.
230 241 298 270 1635

126 891 208 912 Causae
219 891 296 911 tacien-

113 918 153 947 dae
168 918 297 939 commissio-

113 950 152 965 nis.

131 1745 260 1769 Commissio.
269 1746 294 1766 de

112 1778 153 1799 qua
168 1774 188 1794 in
201 1773 293 1794 rubrica>

302 986 413 1027 'terras
438 987 468 1015 et
491 982 560 1016 loca
585 981 643 1015 sibi
674 982 707 1015 in
738 981 955 1026 spiritualibus
979 982 1052 1015 sub-

922 243 1065 268 canamus

653 290 713 322 DV.

312 379 562 423 Archiepiscopo
597 379 875 413 Thessalonicensi
908 390 1008 413 comm
1017 381 1055 413 it-

358 431 450 470 titur,
476 436 511 464 ut
536 431 663 475 deputet
694 432 892 465 visitatorem
918 433 952 465 in
979 433 1053 465 locis

356 485 604 530 patriarchatus
643 486 865 529 Aquileiensis
908 481 1073 519 Romano

358 539 549 583 imperatori
569 539 600 571 in
621 539 854 583 temporalibus
878 539 1052 572 subiectis¹.
1072 557 1073 563 κ

313 629 417 656 Vener.
431 628 519 656 fratri
537 628 764 662 archiepiscopo
781 628 1053 659 Thessalonicensi,
1070 643 1072 648 ·

505 681 644 709 Urbanus
679 682 758 716 Papa
790 683 865 710 vul.

529 744 718 772 Venerabilis
729 745 835 779 frater,

347 789 476 817 salutem
501 793 532 816 et
552 789 748 823 apostolicam
767 789 1016 818 benedictionem.

356 873 455 916 Cum,
478 874 558 908 sieut
589 874 792 919 accepimus,
823 873 1053 918 patriarchatus

312 927 522 972 Aquileiensis
548 928 704 962 civitatem
730 933 761 961 et
786 928 884 961 multa
916 928 1052 972 oppida,

311 1035 391 1069 iecta
415 1034 671 1080 comprehendat,
696 1046 832 1079 quorum
856 1036 960 1080 aliqua
985 1036 1054 1070 cha-

311 1089 436 1123 rissimo
453 1089 484 1122 in
501 1089 623 1123 Clu·isto
640 1089 706 1123 filio
729 1095 838 1123 nostro
855 1089 1052 1124 Ferdinando

311 1144 526 1177 Romanorum
544 1143 613 1187 regi
637 1143 669 1176 in
694 1142 919 1186 imperatorem
943 1143 1052 1185 electo,

310 1197 414 1241 aliqua
439 1207 514 1231 vero
544 1197 666 1230 dilectis
696 1196 769 1230 filiis
793 1196 953 1231 nobilibus
979 1197 1071 1231 viris*

309 1251 381 1284 duci
406 1256 437 1284 et
456 1250 650 1295 reipublicae
667 1250 867 1284 venetiarum
884 1251 916 1284 in
934 1255 1052 1296 tempo-

309 1304 428 1338 ralibus
441 1304 564 1338 subdita
581 1309 664 1345 sunt,
682 1315 699 1337 a
716 1304 823 1338 multis
840 1309 944 1338 autem
964 1305 1052 1338 annis
1068 1310 1071 1325 ³

310 1369 356 1399 ea,
373 1368 454 1402 quae
472 1358 505 1391 in
528 1357 718 1391 Ferdinandi
735 1358 951 1392 Romanorum
969 1359 1052 1402 regis
1069 1359 1070 1370 ³

310 1411 342 1444 in
365 1412 591 1456 imperatorem
615 1411 705 1446 electi
738 1411 909 1456 supradicti
935 1411 1052 1446 ditione

310 1464 476 1509 temporali
501 1465 658 1506 existunt,
683 1465 722 1498 ab
750 1465 901 1499 ecelesiae
926 1466 1051 1510 Aquile-

310 1519 405 1552 iensis
436 1519 582 1563 praesule
614 1518 735 1552 visitata
767 1529 830 1552 non
865 1519 997 1562 fuerint,
1023 1526 1052 1554 et

311 1572 497 1607 venerabilis
531 1573 629 1606 frater
664 1572 836 1607 modernus
874 1573 1051 1617 patriarcha

310 1625 519 1671 Aquileiensis
543 1626 637 1660 certis
662 1637 698 1660 ex
724 1626 826 1660 causis
855 1626 945 1661 nobis
970 1628 1051 1662 notis

310 1691 346 1714 ea
367 1681 520 1714 hactenus
545 1680 673 1714 minime
698 1680 887 1715 visitaverit:

354 1736 370 1780 ξ
393 1735 422 1769 2.
448 1736 522 1776 Nos,
545 1745 584 1768 ne
608 1735 759 1769 ecclesiae
776 1735 899 1779 aliaque
914 1736 983 1769 loca
1000 1736 1051 1780 pia

310 1790 342 1822 in
365 1788 534 1834 praedictis
557 1788 635 1822 loeis
668 1789 831 1823 existentia
845 1816 853 1830 ,
877 1799 1052 1834 eorumque

310 1842 502 1876 habitatores
522 1847 551 1875 et
575 1842 706 1885 incolae,
724 1843 829 1887 aliqua
853 1843 884 1876 in
909 1843 1052 1888 spiritua-

310 1896 392 1930 libus
417 1900 447 1930 et
471 1895 696 1940 temporalibus
719 1896 907 1930 detrimenta
930 1898 1051 1941 patian-

310 1956 371 1991 tur,
388 1960 425 1984 ex
442 1949 550 1983 debito
567 1949 667 1983 nostri
691 1949 858 1993 pastoralis
875 1950 969 1984 officii
982 1961 1052 1995 pro·
1063 1959 1071 2008 J

309 2004 415 2038 videre
432 2003 581 2046 volentes,
600 2003 787 2037 fraternitati
804 2007 874 2038 tuae
890 2014 948 2048 per
965 2015 1051 2048 prae-

309 2061 412 2092 sentes
444 2056 672 2091 committimus
709 2060 739 2091 et
774 2057 984 2099 mandamus,
1018 2063 1052 2091 ut

309 2110 519 2145 venerabilem
551 2110 683 2144 fratrem
719 2110 901 2155 episcopum
937 2103 1069 2145 Secco?

309 2165 447 2199 viensem
472 2166 504 2198 in
528 2165 670 2199 omnium
693 2170 723 2198 et
743 2165 941 2208 singulorum
966 2162 1071 2199 loco-'

310 2230 381 2253 rum
398 2218 632 2264 praedictorum
654 2219 737 2253 dicto
763 2219 960 2252 Ferdinando
984 2220 1071 2263 regi·

310 2273 342 2306 in
372 2273 598 2317 imperatorem
630 2273 730 2307 electo
765 2273 797 2306 in
826 2263 1070 2317 temporalibus'

310 2327 525 2362 subiectorum
556 2327 748 2361 visitatorem
781 2327 967 2361 auctoritate
997 2338 1071 2372 ι]ο-ιΙ

311 2382 377 2415 stra
401 2380 546 2425 deputes,
566 2380 604 2414 ad
617 2380 794 2422 effectum,
818 2386 866 2421 ut,
892 2386 1051 2426 tamquam
1068 2380 1071 2419 s

311 2434 453 2468 visitator
484 2434 675 2478 apostolicus
693 2462 700 2476 ,
726 2434 851 2469 easdem
884 2425 1071 2484 ecclesias„¹

310 2498 460 2533 personas
485 2491 514 2522 et
537 2488 606 2522 loca
628 2488 786 2532 praedicta
806 2488 918 2530 visitet,
935 2494 965 2522 et
989 2489 1070 2534 quo}

311 2541 349 2574 ad
382 2551 418 2576 ea
455 2551 536 2585 quae
570 2541 769 2586 disciplinam
806 2528 1070 2579 eeclesiasticam!

1066 2580 1070 2645 Ι

348 2659 359 2684 1
381 2656 420 2686 Ex
439 2656 546 2693 Regest.
567 2657 596 2686 in
615 2657 715 2687 Secret.
736 2657 813 2686 Brev.
1067 2648 1070 2697 ξ

1090 242 1146 267 vm
1170 243 1218 267 rr.

1089 295 1282 325 concernunt
1299 297 1329 324 et
1345 291 1568 325 reformatione
1592 290 1744 334 indigent,
1764 301 1831 324 cor-

1089 344 1170 387 rigat
1202 350 1231 376 et
1264 344 1422 378 reformet.
1447 345 1510 378 Nos
1540 344 1623 378 enim
1648 343 1749 377 eidem
1774 353 1831 388 per

1089 402 1117 429 te
1149 397 1329 441 deputando
1359 408 1484 432 omnem
1519 396 1766 431 iurisdictionem
1803 403 1828 430 et

1089 456 1274 494 potestatem
1292 452 1500 485 necessariam
1519 456 1548 485 et
1566 455 1775 495 opportunam
1793 451 1830 484 ad

1089 509 1231 537 nostrum
1257 510 1284 537 et
1312 504 1399 537 Sedis
1423 505 1621 548 Almstolicae
1652 504 1831 548 beneplaci—

1070 562 1164 598 ,tum‚
1192 563 1218 589 et
1246 557 1312 590 sine
1337 558 1531 601 praeiudicio
1557 568 1830 602 quorumcumque

1071 605 1203 644 ¹iurium
1238 612 1401 645 ambarum
1432 612 1593 656 partium,
1618 612 1736 646 scilicet
1767 617 1830 645 tam

1070 664 1276 698 xFerdinandi
1308 666 1391 708 regis
1424 666 1454 698 in
1487 666 1709 710 imperatorem
1742 667 1829 700 electi

1070 724 1182 760 Jquam
1207 719 1397 762 reipublicae
1422 719 1664 763 praedictorum,
1691 719 1830 753 concedi-

1070 767 1158 804 'mus
1183 777 1211 805 et
1237 772 1448 816 impertimur.

1132 826 1147 868 g
1179 824 1208 858 3.
1240 827 1307 859 >Non
1339 827 1533 861 obstantibus
1566 828 1761 871 praemissis,
1794 840 1829 861 ac

1088 878 1251 921 quibusvis
1283 881 1558 914 constitutionibus
1592 886 1622 916 et
1657 882 1828 916 ordinatio-

1087 931 1179 964 nibus
1205 933 1394 976 apostolicis,
1411 944 1543 974 necnon,
1564 935 1656 968 etiam
1677 935 1830 968 iuramen-

1088 989 1139 1027 to,
1165 986 1404 1020 confirmatione
1430 988 1619 1031 apostolica,
1642 990 1689 1022 rel
1721 989 1829 1033 quavis

1086 1039 1236 1073 firmitate
1269 1041 1330 1073 alia
1355 1041 1522 1081 roboratis,
1547 1042 1670 1075 statutis
1696 1048 1725 1075 et
1749 1053 1825 1076 con-

1069 1093 1314 1140 suetudinibus,
1339 1095 1512 1138 privilegiis
1536 1106 1677 1139 quoque,
1704 1096 1829 1129 indultis

1087 1152 1116 1179 et
1141 1146 1252 1180 litteris
1277 1148 1456 1191 apostolicis
1477 1148 1508 1180 in
1532 1149 1724 1182 contrarium
1743 1160 1830 1193 prae-

1088 1200 1258 1234 missorum
1272 1202 1510 1245 quomodolibet
1530 1203 1697 1245 concessis,
1714 1203 1828 1236 confir-

1087 1254 1178 1287 matis
1191 1282 1198 1295 ,
1233 1256 1417 1299 approbatis
1448 1260 1475 1289 et
1508 1256 1679 1297 innovatis,
1713 1257 1828 1301 quibus

1087 1305 1232 1340 omnibus
1250 1314 1279 1341 et
1299 1308 1441 1352 singulis,
1457 1309 1583 1342 illorum
1601 1315 1726 1344 tenores
1743 1322 1829 1355 prae-

1086 1362 1227 1395 sentibus
1240 1373 1299 1406 pro
1314 1363 1404 1406 plene
1419 1368 1448 1396 ct
1462 1363 1652 1397 sufficienter
1675 1365 1829 1408 expressis

1086 1425 1120 1448 ae
1141 1415 1179 1448 de
1203 1416 1300 1450 verbo
1317 1416 1356 1449 ad
1378 1417 1509 1450 verbum
1526 1417 1652 1451 insertis
1668 1418 1828 1460 habentes,

1068 1469 1146 1512 ¹¹illis
1170 1470 1245 1503 alias
1271 1470 1301 1502 in
1326 1481 1382 1503 suo
1408 1471 1522 1504 robore
1547 1472 1775 1515 permansuris,
1791 1473 1829 1506 ad

1085 1523 1331 1566 praemissorum
1344 1523 1500 1566 effectum,
1519 1525 1577 1558 bae
1591 1525 1657 1558 rice
1671 1525 1829 1559 dumtaxat

1086 1576 1263 1620 specialiter
1276 1583 1305 1610 et
1320 1588 1466 1621 expresse
1483 1577 1686 1622 derogamus,
1705 1580 1829 1612 ceteris-

1086 1641 1146 1674 que
1171 1631 1336 1664 contrariis
1361 1632 1623 1676 quibuscumque,

1130 1685 1388 1728 Datum‘Romae,
1404 1687 1487 1730 apud
1505 1687 1533 1720 S.
1552 1687 1690 1728 Petrum,
1705 1689 1762 1721 sub
1779 1699 1830 1721 an-

1085 1740 1159 1773 nulo
1184 1739 1369 1782 Piscatoris,
1388 1740 1437 1773 die
1454 1751 1498 1773 ΧΠ
1516 1741 1647 1774 ianuarii
1666 1751 1827 1782 uncxxxv,

1086 1792 1286 1837 pontificatus
1310 1794 1409 1826 nostri
1435 1803 1516 1827 anno
1534 1804 1586 1828 x11.

1121 1857 1178 1885 Dat.
1198 1857 1240 1885 die
1259 1857 1289 1884 12
1305 1857 1419 1885 ianuarii
1439 1857 1515 1890 1635,
1535 1858 1627 1894 pontif.
1646 1867 1714 1886 auno
1731 1865 1777 1886 xit.

1420 1992 1492 2025 Dw.

1068 2090 1070 2096 ,
1088 2063 1179 2103 Quod
1191 2064 1309 2106 fratres
1325 2063 1459 2098 Ordinis
1472 2065 1745 2098 Praedicatorum
1759 2076 1830 2110 pro-

1129 2116 1206 2158 fessi
1230 2116 1265 2149 in
1290 2117 1494 2150 cont-entibus
1526 2128 1584 2161 pro
1616 2118 1829 2153 novitiatibus

1130 2180 1193 2202 non
1211 2169 1389 2213 desc'ynatis
1402 2170 1598 2215 simpliciter
1611 2172 1761 2206 emittant
1779 2184 1831 2207 no-

1129 2234 1203 2256 ram
1231 2224 1457 2266 professionem
1482 2225 1551 2258 sine
1575 2227 1657 2259 ηουᾰ
1685 2227 1825 2269 fratrum

1132 2276 1290 2310 vocalium
1318 2278 1533 2321 acceptatione
1547 2278 1564 2310 ¹.

1124 2393 1134 2420 1
1153 2392 1249 2421 Neritii
1265 2393 1291 2420 in
1307 2393 1406 2430 quibus
1427 2394 1494 2422 loeis
1514 2394 1567 2421 sint
1585 2395 1735 2431 reeipiendi
1755 2396 1825 2423 desi-

1085 2437 1175 2473 gnauit
1190 2437 1314 2464 Clemens
1329 2438 1391 2465 VIII
1408 2438 1435 2465 in
1457 2438 1547 2466 Const.
1565 2445 1679 2466 ccnxmx
1698 2440 1748 2476 (al.
1765 2440 1826 2475 268)

1086 2483 1250 2517 Reqalaris,
1263 2486 1326 2510 tom.
1338 2492 1363 2516 x,
1380 2491 1440 2519 pag.
1459 2483 1520 2511 709.
1539 2484 1635 2511 Nox-itii
1652 2484 1765 2512 fratrum
1777 2486 1828 2513 Or-

1086 2526 1155 2554 dinis
1170 2527 1392 2554 Praedicatorum
1413 2528 1438 2554 in
1455 2528 1567 2555 articulo
1582 2529 1678 2556 mortis
1691 2528 1718 2556 in
1738 2529 1827 2557 mani—

1086 2571 1137 2599 bus
1152 2571 1333 2607 praelatorum
1348 2576 1410 2600 ante
1433 2576 1541 2609 tempus
1564 2573 1685 2609 regulam
1706 2575 1827 2609 profiteri

1086 2621 1206 2651 possunt,
1223 2620 1252 2643 ut
1266 2616 1292 2643 in
1308 2616 1398 2644 Const.
1411 2623 1490 2645 chxl
1507 2618 1553 2653 (at.
1568 2618 1628 2653 152)
1645 2618 1683 2646 Pii
1699 2619 1728 2654 V,
1745 2619 1826 2648 Sum-

1086 2662 1136 2696 mi,
1153 2666 1218 2690 toni.
1236 2668 1282 2697 vu,
1298 2670 1359 2697 pag.
1378 2661 1438 2690 849.

1731 232 1795 267 463
1842 243 1893 271 An.
1912 243 1940 271 c.
1959 245 2027 272 1635

1934 844 2024 865 rrognllf

1844 873 1854 885 ι’
1865 870 1889 886 ⁴¹1¹
1896 874 2003 888 RIUVWUUY.
