2226 3235
84 238 132 264 An.
153 237 183 264 G.
201 237 271 264 1629

110 566 230 587 Exordium*

111 1153 226 1174 lustanuae
237 1153 268 1173 fa-

84 1182 131 1200 ctae
173 1180 268 1201 Pontifici

100 1212 122 1226 ro
144 1206 206 1227 huius
230 1213 268 1227 viri

100 1233 251 1254 certificatione.

896 234 1038 257 Ulmanus
1066 234 1118 256 vllt
1145 234 1191 256 1¹1⁸,

327 283 458 318 dullum
475 283 659 317 celebrandi
680 283 810 317 missam
832 288 859 317 e!
884 282 1023 326 officium

326 337 364 370 de
381 336 488 371 eodem
511 335 675 369 recitandi
686 336 702 367 ¹.

490 426 626 453 Urbanus
644 426 721 458 Papa
737 426 816 454 VIII.

395 472 430 498 ad
446 474 623 505 perpetuam
638 470 683 496 rei
703 470 883 497 memoriam.

326 550 360 583 ln
384 549 462 583 Sede
488 549 643 593 Principis
668 547 905 593 apostolorum,
931 547 1025 581 nullis

283 604 355 637 licet
374 602 491 636 nostris
508 602 753 645 suffragantibus
772 602 902 642 meritis,
920 601 1025 634 divina

283 656 480 701 providentia
505 656 687 698 constituti,
713 656 752 688 ad
780 667 816 689 ea
852 666 909 700 per
945 665 1025 699 quac

283 721 447 744 servorum
472 710 585 744 Christi
611 710 770 744 veneratio
791 710 822 743 in
840 709 932 742 terris
956 719 1025 752 pro-

283 770 458 807 moveatur,
479 769 509 798 et
532 765 677 798 laudetur
694 764 845 798 Dominus
862 763 892 796 in
910 762 1025 795 sanctis

282 819 357 859 suis,
374 818 540 863 pastoralis
557 818 698 851 muneris
714 818 813 851 nostri
831 822 935 861 partes
951 827 1024 860 pro-

282 872 389 916 pensis
413 871 524 904 studiis
549 871 772 915 impendimus,
798 875 892 914 prout
911 869 962 913 pia
980 879 1027 901 ca-

284 925 475 959 tholicorum
493 936 606 968 regum
626 931 656 958 et
671 924 849 969 principum
879 923 1026 956 aliorum-

283 989 343 1022 que
357 978 609 1012 christifidelium
627 983 656 1011 et
672 975 875 1022 praesertimq
891 981 960 1010 rota
976 987 1026 1009 ex-

283 1038 426 1076 poscunt,
450 1043 571 1076 nosque
603 1031 816 1075 conspicimus
837 1030 868 1063 in
893 1030 1026 1064 Domino

284 1086 453 1119 salubriter
467 1085 625 1130 expedire.
867 1065 895 1098 ι

327 1140 342 1183 ἓ
367 1140 397 1173 1.
426 1139 505 1173 Sane
529 1139 658 1172 nomine
681 1138 870 1171 dilectorum
887 1138 1025 1171 filiorum

283 1193 454 1238 praepositi
472 1193 628 1236 generalis
645 1198 675 1226 et
690 1192 951 1235 Congregationis
963 1191 1027 1225 Cle-

282 1247 422 1281 ricorum
440 1246 643 1290 Regularium
663 1246 889 1279 Theatinorum
910 1255 1027 1279 nuncu-

282 1307 428 1345 patorum
442 1301 535 1334 nobis
548 1311 651 1344 nuper
664 1300 840 1343 expositum
855 1299 922 1340 fuit,
932 1299 1026 1342 quod,

282 1356 363 1388 sacta
386 1365 488 1398 nuper
510 1365 568 1398 per
591 1354 723 1387 dilectos
743 1353 837 1386 etiam
859 1352 940 1385 lilios
959 1363 1027 1385 cau-

283 1419 388 1442 sarum
413 1408 522 1452 palatii
552 1407 716 1452 apostolici
749 1406 909 1439 auditores
934 1406 1026 1439 nobis

283 1462 435 1496 relatione
448 1461 486 1495 de
505 1461 717 1506 processibus,
731 1460 901 1504 apostolica
920 1464 1026 1492 aueto-

284 1516 375 1549 ritate
388 1515 560 1554 fabricatis
578 1526 673 1558 super
690 1514 853 1547 sanctitate
875 1513 954 1545 servi
972 1513 1026 1545 Dei

284 1569 421 1603 Caietani
445 1568 592 1601 Thienaei
610 1567 726 1601 nobilis
741 1567 858 1610 patritii
874 1566 1025 1599 Vicentini

283 1622 384 1656 dictae
419 1621 677 1664 Congregationis
708 1620 902 1661 fundatoris,
927 1620 1027 1663 iisque

283 1676 315 1709 in
347 1675 593 1718 congregatione
630 1674 856 1708 venerabilium
892 1674 1025 1706 fratrum

282 1734 464 1764 nostrorum
479 1734 602 1762 sanctae
619 1729 777 1762 Romanae
788 1728 944 1761 Ecclesiae
961 1738 1027 1760 car-

284 1783 436 1816 dinalium
471 1783 569 1815 sacris
600 1782 714 1815 ritibus
749 1782 1002 1826 praepositorum
1018 1810 1025 1824 ,

283 1836 321 1870 de
346 1836 492 1869 mandato
516 1840 635 1876 nostro,
657 1846 713 1879 per
733 1836 839 1880 plures
860 1835 1024 1876 sessiones,

253 1921 260 1928 ,
284 1889 377 1923 citato
402 1889 495 1922 etiam
521 1889 559 1921 ad
583 1889 643 1922 hoc
663 1894 693 1921 et
717 1889 823 1922 audito
843 1894 1026 1932 promotore

283 1943 366 1984 fidei,
391 1943 430 1976 ad
454 1943 639 1976 relationem
657 1943 761 1976 dilecti
779 1942 833 1975 filii
852 1943 950 1975 nostri
968 1944 1026 1975 An-

285 1997 361 2030 tonii
385 1997 414 2030 S.
440 1997 555 2030 Mariae
580 1997 612 2029 in
635 1996 755 2040 Aquiro
779 1996 903 2028 diaconi
929 1996 1027 2029 cardi-

283 2051 362 2083 nalis
386 2050 548 2083 Barberini
573 2050 762 2093 nuncupati,
786 2050 886 2082 nostri
915 2061 1026 2082 seeun-

284 2104 359 2137 dum
385 2115 512 2138 carnem
538 2115 573 2137 ex
598 2105 695 2137 fratre
719 2115 871 2147 germano
892 2105 1025 2147 nepotis,

284 2157 438 2190 acerrime
454 2158 614 2200 discussis,
629 2158 755 2201 cognito
774 2157 913 2201 primum
933 2168 1027 2201 super

287 2210 443 2245 validitate
467 2211 624 2244 dictorum
657 2222 864 2255 processuum
881 2238 888 2251 ,
913 2211 1026 2244 deinde

285 2275 381 2309 super
404 2265 574 2298 virtutihus
598 2265 745 2306 heroicis5
767 2276 803 2297 ac
827 2265 955 2298 demum
973 2276 1025 2299 su·

321 2381 332 2407 1
351 2379 438 2407 Huius
453 2379 674 2414 congregationis
689 2379 802 2407 institut.
818 2380 905 2407 habes
920 2381 946 2407 in
959 2382 1026 2409 Con-

284 2425 339 2452 stit.
360 2432 377 2452 x
397 2424 544 2452 Clementis
565 2425 627 2459 Vll,
653 2425 770 2460 Eoeponi
793 2426 881 2459 nobis,
904 2430 966 2453 tom.
989 2433 1024 2461 vl,

284 2478 346 2505 pag.
369 2469 412 2497 73.

319 2514 336 2540 2
352 2513 461 2540 Videtur
476 2513 633 2541 addendum
648 2516 860 2550 reliyiosormm
879 2517 919 2543 vel
936 2517 1026 2551 legen-

284 2557 350 2584 dum
365 2566 425 2585 cum
440 2557 605 2586 Cherubinio
617 2563 707 2594 prout
717 2561 768 2594 pia
783 2560 1024 2595 christifidelium,

283 2604 311 2630 et
325 2603 499 2637 praesertim
518 2604 725 2632 catholicorum
745 2613 847 2640 regum
867 2608 893 2632 et
908 2605 1023 2640 princi-

280 2654 355 2683 pum
368 2649 433 2676 voca
448 2653 487 2682 tn.
502 2648 548 2684 T.).
1001 2636 1013 2647 ’

1711 222 1764 254 lll

1058 293 1114 325 per
1140 280 1301 314 miraculis
1326 281 1357 312 in
1383 279 1444 312 vita
1470 284 1498 313 ct
1522 284 1591 323 post
1609 284 1741 312 mortem
1760 279 1801 312 in-

1060 334 1248 367 tercessione
1281 333 1354 367 dicti
1386 333 1466 366 servi
1497 332 1549 366 Dei
1579 332 1617 365 ab
1643 333 1801 365 Altissimo

1061 387 1210 431 patratis,
1238 387 1330 420 iidem
1357 387 1530 420 cardinales
1561 387 1700 419 unanimi
1728 396 1800 419 con-

1060 451 1154 473 sensu
1181 446 1380 480 censuerunt,
1397 447 1462 473 tuto
1476 452 1577 484 posse,
1592 440 1802 483 quandocum-

1060 505 1121 537 que
1146 493 1236 526 nobis
1263 494 1426 537 placuerit,
1452 494 1489 526 ad
1515 494 1686 526 solemnem
1713 504 1802 526 eano-

1060 547 1248 580 nizationem
1274 547 1348 579 dicti
1373 548 1453 579 servi
1482 548 1534 580 Dei
1559 548 1694 581 Caietani
1715 547 1802 580 Thio-

1061 601 1129 633 naei
1154 601 1303 633 devenit-i.
1325 601 1425 639 Quare
1441 612 1497 644 pro
1515 607 1601 644 parte
1620 612 1681 634 nou
1699 602 1800 634 solum

1061 654 1234 698 praepositi
1259 655 1415 696 generalis
1436 661 1465 686 et
1490 655 1682 688 tilcricorum
1708 666 1801 698 prae-

1061 708 1230 748 dictorum,
1257 718 1365 740 verum
1383 708 1474 740 ctiam
1494 708 1752 742 charissimorum
1772 709 1801 740 iu

1061 761 1185 795 Christo
1200 761 1337 794 filiorum
1352 767 1532 795 nostrorum
1546 762 1733 794 Fcrdiuandi
1747 763 1803 796 nt»-

1061 826 1227 848 manorum
1243 815 1326 857 regis
1342 814 1390 847 in¹
1406 815 1630 858 imperatorem
1650 817 1748 855 electi,
1767 827 1801 849 ac

1062 868 1210 901 Ludovici
1224 868 1417 902 Francorum
1436 868 1520 911 regis
1541 869 1801 909 christianissimi,

1061 933 1183 956 necnon
1208 922 1396 956 dilectorum
1422 922 1560 955 tiliorum
1586 923 1740 956 nobilium
1763 924 1803 956 ri-

1061 987 1171 1010 rorum
1197 976 1287 1009 ducis
1312 981 1342 1009 et
1363 976 1564 1020 Reipublicae
1590 977 1802 1017 Venetorum,

1060 1030 1260 1074 aliorumque
1285 1030 1530 1063 christianorum
1555 1031 1733 1074 principum
1751 1042 1804 1065 no-

1060 1083 1107 1116 bis
1127 1083 1185 1117 suit
1202 1084 1364 1117 humiliter
1382 1085 1603 1128 supplicatum,
1618 1090 1649 1117 ut
1668 1085 1803 1126 interim,

1063 1138 1161 1171 donec
1186 1137 1224 1170 ad
1249 1138 1421 1170 solemnem
1447 1139 1715 1171 canonizationem
1730 1138 1803 1172 dicti

1061 1191 1142 1224 servi
1173 1192 1227 1225 Dei
1262 1192 1399 1225 Caietani
1430 1192 1576 1224 Thienaci
1610 1191 1803 1232 deveniatur‚

1061 1246 1142 1278 idem
1160 1256 1269 1278 servus
1286 1245 1338 1278 Dei
1361 1245 1524 1278 Caietanus
1539 1246 1713 1278 Thienaeus
1733 1246 1803 1278 Rea<

1062 1304 1109 1333 tus
1126 1300 1314 1343 nuncupari,
1340 1305 1433 1343 atque
1451 1299 1588 1332 ossicium
1607 1303 1635 1333 ct
1653 1299 1746 1332 missa
1765 1300 1801 1332 dc

1061 1364 1108 1393 ee,
1134 1359 1167 1385 ut
1192 1353 1282 1393 infra,
1308 1353 1461 1385 celebrari
1487 1353 1594 1396 possit.

1106 1407 1120 1450 ξ
1141 1407 1169 1439 2.
1187 1407 1259 1446 Nos,
1277 1406 1335 1450 piis
1353 1406 1541 1439 Ferdinandi
1560 1407 1643 1450 regis
1661 1407 1690 1439 in
1709 1408 1804 1452 impe-

1061 1467 1198 1494 ratorem
1224 1461 1324 1502 electi,
1342 1471 1378 1493 ac
1394 1461 1541 1494 Ludovici
1568 1461 1661 1504 regis,
1681 1472 1803 1496 necnon
1819 1454 1852 1493 ΞΜ

1062 1515 1150 1547 ducis
1174 1520 1204 1547 et
1229 1514 1430 1558 reipublicae,
1457 1515 1654 1558 aliorumque
1679 1516 1799 1559 prinei-

1061 1578 1145 1611 pum,
1165 1578 1200 1601 ac
1221 1568 1393 1612 praepositi
1415 1573 1444 1600 et
1469 1568 1658 1601 clericorum
1684 1569 1803 1613 praedi-

1061 1627 1183 1655 ctorum
1209 1622 1287 1655 rotis
1318 1622 1525 1661 huiusmodi,
1554 1629 1705 1666 quantum
1731 1634 1802 1656 cum

1061 1676 1194 1709 Domino
1219 1686 1396 1720 possumus,
1425 1675 1561 1718 benigne
1587 1687 1725 1710 annuere
1751 1689 1803 1711 vo-

1061 1730 1173 1771 lentes,
1200 1730 1380 1762 huiusmodi
1406 1730 1689 1774 suppsticatiofflhus
1714 1732 1802 1765 incli-

1060 1784 1135 1824 nati,
1156 1784 1193 1816 de
1219 1784 1401 1817 eorumdem
1428 1785 1632 1818 cardinalium
1660 1787 1801 1829 consilio,

1061 1842 1094 1868 ut
1118 1837 1185 1880 ipse
1210 1837 1265 1869 Dei
1298 1848 1407 1870 servus
1443 1838 1605 1872 Caietanus
1629 1839 1803 1873 Thienaeus

1060 1890 1266 1933 imposterum
1292 1891 1403 1924 Beatus
1427 1892 1621 1935 nuncupari,
1647 1898 1738 1936 atquc
1763 1894 1802 1926 al»

1060 1943 1205 1976 omnibus
1222 1944 1350 1977 Clericis
1367 1945 1577 1987 Regularibus
1604 1946 1718 1989 ubique
1743 1947 1803 1980 exi<

1060 1997 1211 2030 stentibus
1236 1998 1373 2031 officium
1400 1998 1437 2031 de
1463 1999 1622 2031 communi
1643 2000 1803 2034 Consesso·

1062 2051 1103 2082 ris
1127 2061 1189 2083 non
1218 2051 1377 2084 pontificis
1402 2053 1432 2084 in
1457 2052 1507 2084 (lie
1532 2053 1598 2085 cius
1624 2053 1727 2086 obitus
1752 2065 1801 2087 re-

1061 2103 1150 2135 citari
1180 2109 1209 2136 et
1234 2104 1328 2136 missa
1353 2105 1517 2145 celebrari,
1544 2106 1628 2138 iuxta
1655 2107 1801 2140 breviarii

1061 2163 1090 2190 et
1115 2158 1248 2190 missalis
1277 2159 1400 2192 romani
1431 2160 1593 2201 rubricas,
1624 2161 1716 2194 etiam
1746 2173 1802 2205 per

1061 2212 1239 2245 sacerdotes
1256 2214 1418 2256 regulares
1443 2219 1473 2246 et.
1498 2215 1656 2247 seculares
1681 2215 1718 2247 ad
1749 2226 1801 2249 eo-

1061 2277 1130 2297 rum
1149 2267 1295 2298 eeclesias
1313 2267 1521 2305 confluentem
1541 2268 1571 2300 in
1588 2269 1710 2302 civitate
1727 2280 1801 2302 xero

1062 2319 1231 2361 Yieeutina,
1250 2319 1303 2352 ubi
1324 2324 1424 2360 natus,
1442 2326 1471 2352 et
1493 2321 1521 2352 iu
1539 2321 1662 2354 civitate
1680 2323 1785 2365 Neapo

1060 2372 1164 2413 litana,
1186 2373 1239 2404 ubi
1257 2384 1381 2406 sacrum
1401 2374 1467 2406 cius
1488 2385 1602 2418 corpus
1621 2375 1800 2418 requiescit,

1060 2425 1091 2458 in
1120 2426 1266 2459 omnibus
1295 2427 1456 2469 eeclesiis,
1489 2433 1551 2460 tam
1583 2428 1798 2472 regularium,

1060 2490 1153 2523 quam
1190 2480 1400 2521 secularium,
1426 2481 1553 2513 missam
1585 2487 1615 2514 et
1640 2482 1800 2523 osticium,

1060 2538 1092 2565 ut
1117 2544 1221 2577 supra,
1243 2534 1416 2577 respective
1441 2535 1594 2567 celebrari
1619 2540 1649 2568 et
1674 2536 1799 2569 recitari

1058 2587 1172 2623 valeat;
1193 2597 1238 2627 ac,
1260 2598 1318 2630 pro
1343 2588 1498 2631 praesenti
1524 2599 1605 2621 anno
1630 2589 1798 2633 dumtaxat,

1096 2651 1105 2676 1
1123 2650 1222 2685 Praep.
1238 2649 1271 2677 in
1286 2658 1334 2678 nos
1350 2649 1475 2678 addimus
1489 2651 1528 2687 (a.
1546 2652 1595 2686 r.).

1817 232 1867 258 Au.
1887 233 1914 258 ί).
1933 233 2000 259 16:⁷9

1841 1466 1905 1494 *llt‘rtss*
1918 1481 1929 1493 U
1962 1481 1980 1493 ΙΙΙ

1819 1506 1855 1520 «ae
1881 1503 1899 1520 rt

1819 1530 1879 1553 prwut
1896 1528 1936 1547 hic.
