2248 3229
148 194 201 223 An.
221 194 251 223 C.
268 193 338 223 1632

195 1220 330 1242 Gestautibus

146 1248 209 1268 talem
228 1247 330 1271 habitum,

147 1275 257 1295 terminum
279 1274 331 1294 assi-

147 1303 195 1326 gnat
218 1301 245 1322 ad
274 1301 330 1322 illum

146 1327 300 1354 deponendum.

185 1969 330 1996 Exequutorcs

147 1997 242 2023 deputat.

955 192 1096 218 URBANUS
1120 191 1176 217 vm
1199 192 1248 217 PP.

345 242 493 288 proprio,
519 246 549 275 et
573 251 610 275 ex
635 241 721 275 certa
747 241 875 276 scientia
901 252 936 275 ac
961 244 1085 275 matura

346 295 573 330 deliberatione
603 295 739 337 nostris,
772 296 872 340 deque
897 296 1086 341 apostolicae

344 349 507 394 potestatis
524 349 727 394 plenitudine,
745 350 891 384 omnibus
911 356 941 384 et
955 350 1086 393 singulis
1103 368 1104 371 =

345 404 497 437 fratribus
520 403 696 438 Carmelitis
727 404 876 439 Calecatis
907 405 946 438 de
974 404 1086 438 Obser-

346 457 448 491 vantia
471 457 658 502 nuncupatis
682 458 859 501 praedictis,
884 458 941 491 sub
966 467 1087 491 excom-

346 511 567 546 municationis
592 511 720 545 maioris
744 511 825 545 latae
849 511 1031 552 sententiae,
1051 521 1087 544 ac

346 565 532 610 privationis
557 565 642 600 vocis
667 563 785 598 actiiae
809 569 839 600 et
862 564 1020 609 passivae,
1043 569 1086 604 et,

346 619 449 663 quoad
475 619 601 652 illorum
626 619 816 663 superiores,
842 618 935 652 etiam
960 628 1088 662 suspen-

346 672 444 706 sionis
467 671 506 704 ab
531 672 642 706 officiis
666 683 723 716 per
748 683 801 706 eos
831 671 986 713 obtentis,
1017 671 1087 715 ipso

346 726 428 759 facto
452 726 652 759 incurrendis
676 726 805 771 poenis,
831 725 972 758 districte
994 735 1087 768 prae-

346 779 492 823 cipiendo
503 779 698 820 mandamus,
707 785 741 813 ut
754 779 894 812 habitum
908 779 1086 822 regularem

345 831 546 873 uniformem,
571 838 601 866 et
624 843 681 876 per
705 843 758 866 eos
782 837 872 866 antea
896 837 1087 876 susceptum,

346 885 431 919 iuxta
447 885 707 929 Congregationis
734 885 918 919 eorumdem
944 885 1089 919 Carmeli-

346 943 448 974 tarum
473 939 687 973 Calceatorum
706 939 743 972 de
760 938 963 972 Observantia
980 938 1088 971 huius-

345 993 430 1027 modi
441 990 615 1026 communi¹
627 996 751 1033 statuta,
762 992 914 1032 deserant,
927 1002 985 1025 nee
998 991 1086 1025 illum

345 1047 410 1080 ullo
435 1056 573 1091 unquam
600 1051 743 1089 tempore
763 1051 886 1079 mutare
900 1046 947 1079 vel
966 1046 1088 1079 variare

346 1100 480 1134 audeant
502 1100 550 1132 vel
574 1104 790 1144 praesumant,
818 1099 936 1143 absque
960 1100 1087 1144 speciali

345 1154 439 1187 huius
463 1153 593 1186 Sanctae
617 1152 706 1187 Sedis
730 1152 865 1186 licentia.

389 1208 405 1252 g
427 1207 456 1241 3.
482 1207 522 1240 lis
538 1217 623 1249 vero,
642 1207 695 1251 qui
725 1207 870 1240 eumdem
891 1207 1034 1240 habitum
1055 1212 1089 1240 ut

345 1272 440 1306 supra
472 1266 654 1302 mutarunt,
686 1262 733 1294 vel
765 1272 892 1305 quoquo
917 1262 1011 1295 modo
1036 1273 1087 1294 va-

345 1316 477 1356 riarunt,
502 1315 559 1348 sub
580 1315 697 1348 eisdem
719 1316 860 1349 censuris
880 1321 910 1349 et
926 1316 1035 1360 poenis
1056 1322 1089 1349 ut

345 1370 522 1415 praefertur
547 1369 745 1402 incurrendis
760 1397 767 1410 ,
793 1370 937 1403 similiter
962 1370 1088 1403 manda-

345 1434 425 1464 mus,
443 1428 487 1464 ut,
511 1423 592 1456 intra
617 1423 754 1456 duorum
772 1423 927 1456 mensium
950 1424 1086 1467 spatium

344 1482 417 1521 post
436 1476 682 1520 publicationem
697 1477 921 1520 praesentium,
940 1477 1087 1510 eumdem

345 1531 496 1570 habitum,
516 1536 612 1574 prout
628 1535 719 1563 antea
735 1531 927 1571 deferebant,
945 1536 976 1563 et
994 1541 1087 1575 quem

345 1584 523 1618 communis
539 1583 641 1626 usus⁹,
659 1585 744 1617 iuxta
761 1584 949 1618 universalia
975 1590 1088 1618 statuta

345 1637 601 1682 congregationis
613 1638 747 1671 fratrum
768 1639 1006 1673 Carmelitarum
1026 1639 1089 1674 Cal-

346 1697 506 1726 ceatorum
520 1691 557 1725 de
570 1691 775 1726 Observantia
796 1693 987 1735 huiusmodi,
1002 1704 1087 1726 reas-

346 1756 472 1780 sumere
506 1746 636 1780 omnino
671 1746 806 1780 debeant
842 1752 872 1780 et
902 1751 1086 1789 teneantur,

344 1810 447 1844 neque
471 1811 504 1834 se
527 1800 710 1834 Carmelitas
741 1801 930 1834 reformatos
961 1807 1085 1836 sanctae

345 1853 513 1887 Theresiae
536 1854 585 1886 vel
609 1853 718 1887 beatae
736 1854 904 1888 Theresiae
923 1855 1087 1888 nominent

346 1907 393 1940 vel
417 1906 629 1940 subscribant.

389 1961 404 2005 ἓ
421 1960 451 1993 4.
465 1961 618 2001 Quocirca
631 1960 862 1994 venerabilibus
877 1961 1028 1995 fratribus
1041 1972 1087 1995 ar-

345 2015 556 2060 chiepiscopis
581 2021 611 2048 et
627 2015 794 2060 episcopis,
812 2015 987 2060 ceterisque
1004 2016 1087 2049 loco-

344 2079 415 2102 rum
451 2069 644 2111 Ordinariis,
681 2069 712 2102 in
747 2069 917 2113 praedietis
953 2074 983 2102 ct
1018 2070 1086 2103 aliis

344 2123 515 2167 provinciis
540 2128 570 2156 et
593 2122 681 2163 locis,
706 2123 760 2155 ubi
785 2133 863 2166 opus
888 2123 991 2163 suerit,
1017 2133 1087 2156 con-

345 2176 480 2219 stitutis,
505 2187 562 2221 per
585 2182 766 2220 praesentes
799 2177 1025 2210 committimus
1057 2182 1086 2209 et

345 2230 541 2272 mandamus,
551 2235 704 2274 quatenus
718 2230 787 2274 ipsi,
797 2241 854 2274 per
864 2241 906 2271 se,
917 2231 963 2263 vel
978 2230 1084 2272 alium,

346 2295 400 2318 seu
425 2285 513 2327 alios,
526 2290 706 2328 praesentes
719 2285 848 2325 litteras,
862 2290 891 2318 et
908 2285 939 2317 in
957 2285 1001 2317 eis
1014 2295 1086 2318 con-

346 2343 429 2372 tenta
452 2349 685 2383 quaecumque,
710 2339 764 2372 ubi
796 2345 825 2372 et
856 2339 982 2383 quando
1006 2350 1086 2383 opus

344 2391 448 2432 suerit,
462 2396 492 2426 et
504 2392 626 2435 quoties
643 2391 778 2436 desuper
801 2393 917 2426 suerint
934 2392 1085 2437 requisiti,

345 2445 528 2479 solemniter
552 2445 763 2488 publicantes,
787 2457 823 2479 ac
848 2446 879 2479 in
904 2446 1085 2490 praemissis

345 2499 480 2533 efficacis
506 2499 696 2532 defensionis
719 2500 876 2543 praesidio
896 2501 1084 2543 assistentes,

382 2575 393 2600 1
411 2572 521 2600 Videtur
535 2571 679 2607 legendum
695 2573 860 2599 communia
874 2573 911 2607 (n.
929 2574 977 2608 τ.).

380 2617 396 2644 ⁶2
411 2618 493 2645 Deest
508 2617 620 2645 verbum
630 2618 815 2653 praescribit,
832 2621 876 2646 aut
890 2618 978 2646 simile
992 2619 1084 2656 (fl.T.).

428 2671 507 2700 Ball.
527 2672 610 2700 Rom.
631 2687 665 2693 —
684 2672 741 2700 Vol.
758 2671 833 2701 XIV.
979 2673 1012 2701 39

1771 178 1837 213 305
1882 189 1932 217 Αη.
1952 187 2065 217 &1632

1120 242 1233 275 fratres
1243 240 1402 275 Calceatos
1416 238 1454 272 de
1467 237 1670 273 Observantia
1683 237 1866 271 huiusmodi

1120 296 1157 328 ad
1172 300 1356 340 praesentes
1370 294 1489 327 litteras
1507 293 1675 336 omniaque
1693 297 1723 325 et
1743 292 1866 335 singula

1120 349 1151 381 in
1188 349 1249 381 illis
1281 354 1315 380 ut
1351 358 1448 392 supra
1484 351 1629 380 contenta
1661 351 1691 379 et
1720 345 1863 379 ordinata

1119 402 1211 446 plene
1236 401 1431 435 observanda
1452 406 1483 433 et
1500 399 1709 444 adimplenda,
1723 399 1780 432 sub
1793 409 1866 444 poe-

1120 456 1168 488 nis
1189 454 1369 499 praedictis,
1384 457 1498 497 cogant
1514 458 1544 485 ct
1561 453 1762 497 compellant,
1780 452 1865 485 invo-

1121 514 1189 541 cato
1214 508 1307 541 etiam
1333 507 1371 539 ad
1394 507 1466 547 hoc,
1481 507 1506 540 si
1523 517 1603 551 opus
1626 506 1730 549 suerit,
1748 506 1865 540 auxillo

1121 561 1243 595 brachii
1269 560 1429 594 secularis.

1166 615 1180 659 §
1199 615 1227 648 5.
1245 615 1456 648 Decernentes
1476 613 1600 646 easdem
1618 618 1799 658 praesentes
1816 613 1866 648 lit·
1882 627 1991 657 causulas
2004 632 2067 653 pm-

1121 674 1214 709 teras,
1232 668 1326 702 etiam
1345 678 1379 701 ex
1398 678 1435 701 eo
1455 667 1540 712 quod
1558 667 1709 701 interesse
1727 668 1758 700 in
1775 678 1866 712 prae·
1881 657 1998 703 {iiss‘w'ffi
2028 660 2068 681 ¹'⁰'

1122 722 1224 756 missis
1241 723 1392 756 habentes
1405 721 1443 754 ad
1461 721 1492 754 id
1507 721 1616 763 vocati,
1631 721 1714 756 citati
1729 726 1758 755 et
1768 722 1867 755 auditi

1121 787 1185 810 non
1210 776 1348 816 suerint,
1374 776 1421 809 vel
1450 775 1544 816 alias,
1568 775 1679 820 quovis
1703 780 1868 820 praetextu

1122 831 1170 863 vel
1195 832 1300 870 eausa,
1317 830 1356 863 de
1372 829 1585 874 subreptionis
1609 830 1657 862 vel
1674 829 1868 874 obreptionis

1123 893 1178 917 seu
1198 883 1350 916 nullitatis
1368 883 1454 922 vitio,
1471 889 1524 916 aut
1542 883 1723 916 intentionis
1739 888 1867 918 nostrae

1123 937 1171 970 vel
1196 937 1258 970 alio
1283 937 1432 981 quopiam
1458 936 1579 970 defectu
1609 937 1731 978 notari,
1756 938 1868 982 impu—

1123 991 1223 1034 gnari,
1241 991 1415 1032 retractari,
1438 996 1491 1023 aut
1507 990 1537 1023 in
1558 991 1607 1023 ius
1624 991 1671 1024 vel
1689 996 1868 1024 controver-

1123 1046 1200 1078 siam
1216 1045 1320 1078 vocari
1337 1045 1516 1078 nullatenus
1530 1055 1668 1088 unquam
1686 1055 1795 1089 posse,
1813 1045 1867 1078 sed

1123 1099 1191 1132 illas
1224 1109 1350 1144 semper
1378 1099 1509 1139 validas,
1539 1099 1648 1132 firmas
1672 1102 1702 1133 et
1726 1099 1867 1132 efficaces

1123 1154 1256 1186 existere
1284 1158 1314 1186 et
1341 1153 1424 1194 sore,
1450 1158 1543 1196 atque
1571 1152 1610 1185 ab
1641 1152 1803 1194 omnibus,
1828 1151 1866 1185 ad

1122 1218 1201 1251 quos
1225 1212 1361 1251 spectat,
1387 1206 1610 1240 inviolabiliter
1634 1207 1815 1247 observari3

1167 1261 1182 1304 g
1207 1260 1235 1293 6.
1262 1260 1391 1304 Sicque‚
1417 1265 1447 1293 et
1470 1270 1533 1294 non
1559 1260 1664 1301 aliter,
1693 1271 1751 1305 per
1775 1270 1867 1305 quos-

1123 1324 1260 1358 cumque
1284 1314 1403 1347 iudices
1428 1314 1607 1347 ordinarios
1632 1320 1661 1347 et
1686 1314 1868 1347 commissa-

1123 1368 1187 1401 rios
1212 1368 1321 1411 quavis
1345 1368 1529 1401 auctoritate
1554 1368 1740 1410 fungentes,
1771 1368 1866 1402 etiam

1123 1431 1290 1454 causarum
1316 1420 1423 1464 palatii
1449 1421 1617 1465 apostolici
1642 1421 1812 1463 auditores,
1830 1432 1866 1455 ac

1122 1476 1151 1509 S.
1176 1475 1211 1508 R.
1237 1476 1269 1508 E.
1296 1476 1492 1516 cardinales,
1523 1476 1616 1510 etiam
1641 1476 1679 1509 de
1704 1476 1801 1509 latere
1825 1477 1867 1510 le-

1122 1535 1233 1573 gatos,
1258 1540 1294 1562 ac
1318 1530 1405 1563 Sedis
1429 1530 1629 1574 Apostolicae
1660 1530 1810 1571 nuntios,
1834 1531 1867 1563 in

1122 1583 1230 1627 quavis
1255 1586 1347 1617 causa
1373 1589 1403 1617 et
1427 1584 1591 1624 instantia,
1613 1584 1734 1617 sublata
1759 1584 1804 1618 eis
1836 1590 1867 1618 et

1122 1648 1232 1671 eorum
1259 1637 1387 1672 cuilibet
1411 1638 1520 1682 quavis
1545 1638 1636 1671 aliter
1661 1638 1818 1672 iudicandi
1836 1644 1867 1673 et

1122 1692 1350 1736 interpretandi
1373 1692 1519 1725 facultate
1537 1697 1566 1725 et
1583 1693 1779 1733 auctoritate,
1801 1693 1866 1726 ubi-

1122 1756 1183 1789 que
1203 1745 1335 1778 iudicari
1350 1751 1380 1778 et
1393 1745 1516 1778 definiri
1534 1745 1668 1785 debere,
1688 1755 1723 1778 ac
1740 1745 1865 1778 irritum

1121 1805 1152 1833 et
1176 1800 1277 1840 inane,
1303 1799 1327 1832 si
1353 1809 1443 1832 secus
1469 1810 1566 1844 super
1586 1799 1634 1832 his
1652 1810 1669 1832 a
1694 1810 1863 1844 quoquam,

1121 1854 1229 1898 quavis
1242 1854 1440 1895 auctoritate,
1455 1854 1590 1888 scienter
1605 1855 1651 1887 vel
1669 1854 1864 1898 ignoranter,

1121 1908 1289 1951 contigerit
1308 1908 1463 1941 attentari.

1166 1962 1181 2005 g
1199 1961 1226 1994 7.
1252 1961 1319 1995 Non
1333 1961 1530 1995 obstantibus
1545 1961 1821 1996 constitutionibus
1835 1967 1865 1997 et

1121 2014 1374 2048 ordinationibus
1398 2015 1598 2060 apostolicis,
1628 2026 1685 2056 ac,
1710 2022 1865 2060 quatenus

1121 2079 1202 2112 opus
1223 2069 1282 2109 sit,
1308 2068 1434 2102 Ordinis
1458 2069 1634 2113 praedicti,
1659 2070 1753 2103 etiam
1779 2070 1864 2104 iura-

1122 2127 1237 2163 mento,
1248 2121 1489 2155 confirmatione
1500 2123 1683 2167 apostolica,
1697 2124 1744 2157 vel
1755 2124 1864 2168 quavis

1120 2175 1268 2208 firmitate
1292 2176 1353 2208 alia
1378 2176 1551 2218 roboratis,
1585 2177 1709 2210 statutis
1733 2183 1763 2210 et
1788 2188 1864 2212 con-

1121 2229 1349 2271 suctudinibus,
1375 2231 1550 2274 privilegiis
1574 2242 1709 2276 quoque,
1736 2231 1863 2266 indultis

1120 2289 1150 2317 et
1170 2284 1281 2316 litteris
1297 2285 1488 2328 apostolicis,
1514 2285 1664 2318 fratribus
1687 2286 1862 2320 Carmelitis

1120 2338 1268 2373 Calceatis
1292 2339 1452 2383 praefatis,
1477 2339 1668 2383 illorumque
1687 2340 1861 2384 superiori-

1120 2394 1179 2426 bus
1203 2398 1233 2426 et
1258 2394 1417 2438 personis,
1443 2404 1479 2427 ac
1499 2394 1662 2438 quibusvis
1686 2394 1775 2435 aliis,
1801 2393 1860 2429 sub

1119 2449 1370 2492 quibuscumque
1384 2448 1545 2482 tenoribus
1561 2454 1590 2481 et
1604 2448 1723 2489 formis,
1737 2459 1773 2482 ac
1787 2460 1860 2482 cum

1119 2502 1291 2546 quibusvis,
1317 2502 1409 2534 etiam
1435 2501 1710 2544 derogatoriarum
1731 2501 1861 2545 deroga-

1118 2556 1225 2595 toriis‚
1250 2556 1381 2600 aliisque
1414 2555 1645 2589 efficacioribus
1669 2560 1699 2588 et
1723 2555 1857 2590 insolitis

1119 2609 1277 2651 clausulis,
1297 2620 1333 2643 ac
1354 2609 1551 2643 irritantibus
1574 2613 1604 2643 et
1620 2609 1689 2642 aliis
1713 2608 1857 2652 decretis,

1946 1272 2065 1294 Clausulam

1882 1299 1962 1322 sublati
1977 1299 2043 1320 addit.

1906 1969 2017 1992 Contraria
2026 1974 2065 1993 au·

1879 1996 1925 2019 tert.
