2248 3229
157 229 207 257 An.
228 227 258 255 c.
279 227 347 256 1639
967 227 1109 252 unnsxrs
1132 227 1188 252 vm
1212 228 1260 252 rr.
1767 217 1830 252 7215

356 275 471 308 tumvis
501 275 706 320 privilegiatis
741 281 770 309 et
801 276 976 320 supremis,
1001 276 1093 309 etiam
1110 279 1112 295 ³
1128 286 1252 309 necnon
1277 275 1399 315 domus,
1424 274 1536 315 scalae,
1557 274 1712 308 molae-et
1737 275 1869 308 turricu-

357 329 484 373 speciali
516 335 547 362 et
572 329 729 362 individua
758 330 957 374 expressione
982 329 1093 372 dignis,
1129 330 1175 362 lae
1199 328 1379 362 huiusmodi
1401 328 1439 361 ab
1465 328 1508 361 eis
1532 337 1706 372 possessae,
1723 337 1779 360 seu
1799 337 1869 360 con-

358 388 468 423 motas,
492 383 663 427 pendentes
687 386 716 416 et
742 383 903 423 indecisas,
922 383 952 416 in
977 383 1094 416 eisdem
1112 382 1251 422 ductae,
1277 382 1394 416 directe
1419 382 1467 415 vel
1492 382 1657 422 indirecte,
1682 381 1720 414 ad
1744 381 1869 426 quasvis

357 440 438 469 statu
462 442 491 469 et
516 436 669 477 terminis,
692 437 722 470 in
746 437 860 480 quibus
884 436 921 469 ad
947 446 1095 480 praesens
1112 435 1113 444 ¹
1130 447 1300 480 personas,
1333 436 1532 480 quantumvis
1567 435 1800 480 privilegiatas,
1834 445 1870 468 ac

356 488 567 532 reperiuntur,
584 495 698 522 statum
723 500 831 523 earum
852 490 1031 522 huiusmodi
1051 500 1096 522 ve·
1112 528 1113 537 ἵ
1130 490 1224 522 etiam
1249 489 1392 523 basilicas
1409 495 1439 522 et
1455 488 1580 532 quasvis
1605 489 1761 528 ecclesias,
1777 488 1869 522 etiam

356 541 473 574 riorem
506 548 536 574 et
561 549 681 575 certum
696 570 703 583 ,
728 554 763 576 ac
788 543 899 576 merita
922 547 951 577 et
977 553 1095 583 causas,
1111 573 1114 582 ,
1131 543 1339 586 parochiales,
1364 543 1530 586 cappellus,
1549 542 1726 585 religiones,
1748 551 1871 585 praece-

355 594 548 638 nominaque
573 601 599 628 et
627 596 814 639 cognomina
845 596 994 635 iudicum,
1012 601 1097 629 nota·
1112 586 1114 600 '
1131 596 1261 640 ptorias,
1279 607 1333 629 seu
1352 596 1566 636 commendas,
1584 595 1784 635 monasteria,
1802 604 1872 628 con-

356 646 488 686 riorum,
513 658 547 680 ac
572 649 812 692 collitigantium
841 655 871 682 et
895 650 1096 683 dominorum
1112 648 1113 675 l
1131 655 1251 690 ventus,
1269 650 1445 693 hospitalia,
1463 649 1746 689 confraternitates,
1763 652 1793 681 et
1813 647 1872 680 alia

357 700 525 742 molarum,
543 702 709 743 scalarum,
726 703 892 736 domorum
911 708 940 735 et
965 702 1097 735 turricu-
1112 693 1114 724 l
1132 702 1182 746 pia
1206 703 1285 742 loca,
1301 703 1395 735 etiam
1414 702 1557 745 insignia,
1575 707 1604 735 et
1621 701 1690 745 pari
1707 700 1872 745 privilegio

358 752 460 786 larum
487 754 674 796 huiusmodi⁷
700 756 897 799 aliorumque
915 766 1040 789 causam
1059 755 1097 787 ab
1131 756 1266 797 sulfulta,
1281 766 1316 789 ac
1331 757 1422 789 etiam
1437 756 1475 788 ad
1492 766 1708 799 quoscumque
1726 753 1872 798 pupillos,

357 805 402 839 eis
418 806 612 848 habentium,
626 809 747 842 etiamsi
766 809 921 850 basilicae,
936 809 1096 848 ecclesiae,
1132 809 1270 842 minores
1295 814 1325 841 et
1349 809 1474 850 viduas,
1500 814 1530 841 et.
1554 817 1771 852 quoscumque
1795 806 1873 839 alios

357 861 558 903 monasteria,
577 863 859 903 contraternitates,
879 862 1044 906 hospitalia
1068 866 1097 895 et
1132 862 1332 906 quantumvis
1349 861 1554 906 amplissimis
1572 860 1746 905 privilegiis
1763 858 1872 892 sufful-

357 912 417 945 alia
441 913 509 947 loca
534 914 596 958 pia,
613 926 648 948 ac
669 915 761 948 etiam
788 916 910 955 viduae,
935 915 1048 959 pupilli
1068 919 1097 946 et
1133 919 1189 954 tos,
1214 915 1307 947 etiam
1333 915 1459 958 speciali
1486 914 1644 947 mentione
1669 913 1790 956 dignos,
1808 922 1874 956 spe-

359 965 516 1009 minores,
544 968 658 1011 aliique
683 968 884 1012 quantumvis
909 967 1096 1011 privilegiati
1114 962 1115 993 3
1132 970 1281 1011 ctarent),
1309 978 1431 1001 necnon
1456 969 1548 1001 etiam
1575 968 1605 1000 in
1631 966 1748 1000 eisdem
1773 966 1874 999 causis

359 1019 500 1060 existant,
519 1021 736 1064 praesentibus
756 1032 815 1065 pro
833 1021 1024 1054 sufficienter
1045 1031 1097 1054 ex·
1114 1051 1115 1059 ,
1132 1026 1162 1053 et
1193 1021 1318 1062 litibus,
1343 1032 1380 1054 ac
1410 1021 1535 1054 illarum
1561 1021 1716 1065 qualibet,
1742 1019 1874 1063 singulis

358 1073 476 1116 pressis
490 1074 650 1114 habentes,
667 1074 705 1107 ad
723 1085 780 1108 nos
800 1075 912 1107 harum
931 1075 1012 1108 serie
1029 1085 1099 1108 avo·
1114 1090 1116 1119 ς
1133 1074 1243 1107 diebus
1273 1080 1303 1108 et
1334 1075 1420 1107 horis
1434 1102 1442 1115 ,
1473 1080 1694 1118 praeterquam
1720 1073 1750 1106 in
1774 1073 1873 1107 hono-

360 1136 486 1166 camus;
1114 1125 1200 1175 }rem
1226 1128 1280 1161 Dei
1305 1128 1434 1169 feriatis,
1460 1127 1652 1168 summarie,
1677 1127 1874 1170 exequutive,

404 1180 419 1224 ξ
443 1180 472 1213 4.
499 1181 630 1225 lllasque
650 1182 694 1215 sic
712 1188 866 1222 avocatas,
883 1193 919 1216 ac
936 1192 1099 1226 quascum-
1115 1178 1117 1207 ἶ
1133 1182 1318 1225 simpliciter
1343 1187 1374 1215 et
1397 1193 1492 1215 manu
1518 1182 1605 1225 regia
1620 1208 1627 1222 ,
1652 1181 1718 1214 siue
1743 1180 1875 1225 strepitu

359 1244 420 1278 que
437 1234 512 1267 alias
528 1235 648 1268 ratione
674 1236 921 1279 praemissorum
939 1236 976 1269 de
994 1241 1099 1269 cetero
1114 1228 1117 1239 ⁴
1133 1240 1163 1268 et
1188 1236 1290 1279 ligura
1316 1236 1442 1277 iudicii,
1471 1236 1524 1269 sed
1558 1236 1625 1269 sola
1650 1235 1721 1267 sacti
1746 1234 1875 1267 veritate

1876 227 1924 254 An.
1947 227 1976 255 C.
1996 227 2066 256 1639

199 1192 344 1217 Annonnqno

160 1217 262 1248 praefecti
282 1217 344 1247 judi·

159 1249 199 1291 τε.
211 1246 343 1265 ευιιιωιὶιιιιι·

360 1288 546 1330 movendas,
572 1289 686 1322 dilecto
711 1290 776 1322 silio
801 1290 953 1322 moderno
983 1295 1013 1322 et
1042 1279 1117 1333 proi

362 1346 504 1385 tempore
528 1342 671 1375 existenti
689 1352 830 1375 annonae
850 1343 1018 1386 praefecto,
1038 1342 1100 1385 pri-

361 1394 460 1427 vative
496 1395 599 1438 quoad
637 1406 746 1428 omnes
782 1396 859 1429 alios
895 1401 925 1429 ct
959 1396 1119 1438 singulos>

361 1446 518 1480 Romanae
543 1448 649 1481 euriae
680 1449 819 1489 iudices,
845 1449 1046 1491 magistratus
1071 1453 1100 1481 et

360 1500 538 1538 tribunalia,
569 1502 805 1539 committimus,
831 1502 938 1545 illique
963 1503 1119 1546 plenam,.·

359 1553 491 1588 liberam
516 1560 546 1588 et
575 1555 750 1588 absolutam
784 1556 961 1588 facultatem
986 1561 1016 1588 et
1040 1558 1119 1602 au-]

361 1606 548 1647 etot-itatem,
574 1618 631 1651 per
657 1618 710 1649 se,
739 1608 786 1641 vel
811 1608 918 1649 alium,
944 1619 999 1641 seu
1023 1608 1119 1652 alios]

1135 1288 1273 1332 inspecta
1289 1317 1296 1330 ,
1321 1293 1350 1322 et
1373 1289 1448 1321 alias
1481 1293 1577 1332 prout
1608 1287 1709 1321 cidem
1734 1296 1875 1319 annonae

1134 1342 1291 1385 praefecto
1317 1347 1348 1375 et
1371 1342 1409 1374 ab
1434 1352 1471 1375 eo
1495 1341 1683 1386 deputandis
1707 1339 1876 1385 praedictis

1135 1406 1170 1428 ac
1195 1395 1368 1429 secundum
1394 1395 1439 1428 rei
1461 1399 1490 1429 et
1506 1405 1597 1428 casus
1621 1394 1810 1438 exigentiam
1836 1393 1876 1426 vi-

1134 1459 1204 1482 sum
1231 1449 1324 1482 fucrit
1348 1448 1507 1493 expedire,
1526 1448 1611 1482 omni
1630 1452 1659 1482 et
1676 1456 1877 1492 quacumque

1135 1503 1353 1546 appellatione,
1367 1501 1589 1546 provocatione
1604 1507 1634 1534 et
1650 1511 1781 1534 recursu
1797 1504 1877 1544 post-

1136 1555 1254 1599 positis,
1274 1555 1475 1599 procedendi,
1490 1566 1562 1588 cum
1588 1555 1733 1588 facultate
1757 1553 1876 1597 pariter

1135 1609 1285 1642 avocandi
1311 1608 1344 1642 et*
1365 1608 1583 1642 reassumendi
1608 1607 1784 1652 praedictas
1807 1607 1878 1640 lites

359 1660 398 1694 ab
424 1671 460 1694 eo
485 1661 692 1704 deputandos,
719 1662 871 1704 privative
897 1661 998 1705 quoad
1024 1662 1101 1694 alios
1117 1655 1119 1708 ᾖ
1135 1667 1166 1695 et
1189 1672 1299 1695 causas
1324 1667 1424 1695 motas
1441 1667 1471 1695 et,
1496 1661 1676 1702 movendas,
1693 1671 1727 1694 ae
1747 1660 1877 1705 quibus-

360 1724 577 1758 quoscumque
603 1714 737 1755 iudices,
763 1716 965 1758 magistratus
997 1721 1027 1748 et
1051 1716 1102 1748 tri·
1117 1709 1119 1753 l
1136 1716 1181 1748 vis
1195 1716 1350 1749 iudicibus
1368 1716 1577 1749 tribunalibus
1595 1721 1625 1748 et
1642 1714 1878 1758 magistratibus

360 1766 496 1807 bunalia,
525 1768 617 1800 etiam
643 1778 809 1812 supremos
833 1773 863 1801 et
887 1779 1044 1812 suprema,
1066 1779 1101 1802 ae
1118 1763 1119 1807 ἲ
1136 1769 1355 1802 ecclesiasticis
1376 1773 1406 1802 et
1430 1769 1636 1808 secularibus,
1654 1769 1747 1801 etiam
1772 1767 1877 1800 curiae

361 1821 487 1864 speciali
521 1821 678 1854 mentione
703 1827 735 1854 et
757 1823 958 1865 expressione
989 1816 1304 1864 dignoslcausarum
1337 1832 1481 1855 camerae
1517 1821 1707 1865 apostolicae
1738 1820 1877 1864 generali

361 1878 391 1906 et
403 1873 508 1916 digna,
527 1874 748 1916 cognoscendi,
769 1874 933 1908 decidendi
949 1880 980 1908 et
996 1874 1102 1908 debito
1118 1868 1119 1904 l

361 1925 423 1959 fine
444 1927 631 1960 terminandi
649 1937 759 1960 omnes
783 1933 813 1960 et
837 1929 976 1971 singulas
993 1938 1102 1961 causas
1118 1905 1119 1961 i

361 1979 543 2013 huiusmodi
569 1986 669 2013 motas
694 1986 721 2013 et
749 1981 930 2021 movendas,
957 1986 991 2013 ut
1014 1976 1119 2024 prae-¹

361 2032 481 2073 fertur,
511 2043 582 2066 cum
611 2033 760 2067 omnibus
784 2037 814 2067 et
838 2033 969 2076 singulis
993 2044 1120 2074 carum3

363 2085 591 2128 incidentibus,
612 2086 881 2130 dependentibus,
913 2087 1120 2129 emergenti-1

362 2139 429 2181 bus,
459 2141 588 2173 annexis
612 2146 642 2172 et
667 2141 814 2174 connexis
839 2142 888 2183 (ac
913 2140 1006 2174 etiam
1031 2151 1121 2174 cum:

362 2193 514 2234 clausula,
539 2204 633 2237 quam
659 2199 687 2226 et
713 2193 821 2238 quas*⁷
848 2194 969 2227 etiamsi
994 2193 1119 2227 contra*

362 2246 446 2290 ipsos
470 2246 704 2281 universitatem
734 2253 763 2280 et
788 2248 931 2280 homines
955 2250 1120 2290 ageretur}

363 2305 393 2333 et
416 2300 642 2344 procederetur
667 2301 774 2343 vigore
799 2301 1026 2343 obligationum
1052 2296 1121 2353 ezr}

364 2353 528 2386 meralium
560 2353 736 2387 iuramento
769 2354 952 2387 vallatarum
977 2358 1006 2388 et
1032 2364 1121 2387 cum:

364 2408 512 2450 expressa
529 2407 763 2441 renunciatione
781 2408 957 2452 praesentis
982 2407 1102 2449 indulti⁷

402 2497 412 2523 ¹
432 2495 517 2524 Verba
531 2505 619 2532 quam
635 2500 660 2524 et
674 2505 743 2532 quas
759 2500 866 2533 praeter
890 2505 946 2525 rem
963 2497 1104 2525 interiecta
1118 2450 1120 2538 ξ

365 2545 437 2576 sunt,
460 2541 500 2568 vel
524 2541 613 2577 aliqua
635 2541 749 2572 desunt:
775 2551 807 2568 ex
828 2550 854 2577 g.
876 2551 909 2569 ac
933 2543 1020 2570 eliam
1038 2551 1103 2569 cum

364 2586 492 2613 clausula
510 2590 536 2614 ec
551 2588 698 2621 clausulis,
715 2596 804 2622 quam
825 2590 850 2615 et
871 2594 940 2622 quas
955 2587 1102 2621 addimus,
1119 2619 1120 2623 Ἰ

365 2630 481 2662 etiamsi
497 2635 548 2659 etc.
563 2634 602 2666 (a.
619 2631 669 2666 τ.).
1119 2632 1122 2660 l

1136 1875 1282 1916 auditori,
1299 1881 1327 1908 et
1345 1875 1506 1919 quibusvis
1523 1875 1592 1907 aliis
1611 1874 1766 1908 iudicibus
1783 1873 1876 1906 etiam

1137 1929 1295 1973 supremis
1330 1940 1366 1963 ac
1398 1929 1603 1973 privilegiatis
1639 1934 1668 1962 et
1699 1927 1877 1961 necessario

1137 1982 1361 2026 exprimendis,
1379 1992 1501 2015 necnon
1526 1981 1671 2015 omnibus
1696 1986 1726 2014 et
1746 1980 1878 2023 singulis

1137 2035 1348 2079 supradictis,
1373 2040 1403 2068 et
1427 2035 1505 2076 aliis,
1531 2034 1645 2078 quibus
1670 2044 1748 2078 opus
1773 2033 1876 2074 fuerit,

1137 2088 1194 2121 sub
1219 2088 1330 2132 poenis
1355 2087 1544 2132 pecuniariis
1562 2093 1592 2120 et
1609 2086 1761 2127 censuris,
1775 2086 1877 2119 eidem

1137 2151 1279 2174 annonae
1303 2141 1475 2185 praefecto,
1502 2146 1531 2174 et
1555 2141 1593 2173 ab
1619 2152 1656 2174 eo
1681 2140 1876 2185 deputandis,

1136 2195 1260 2239 placitis
1284 2201 1314 2228 et
1338 2195 1513 2238 henevisis,
1546 2195 1730 2234 inhibendi,
1756 2194 1878 2237 aliaque

1137 2249 1242 2282 onmia
1267 2255 1297 2282 et
1327 2249 1450 2292 singula
1474 2249 1506 2282 in
1535 2248 1715 2293 praemissis
1739 2253 1770 2281 et
1795 2247 1878 2281 circa

1137 2311 1173 2334 ea
1196 2301 1433 2345 quomodolibet
1457 2301 1633 2335 necessaria
1653 2306 1683 2334 ct
1702 2305 1878 2344 opportuna

1137 2354 1284 2395 faciendi,
1314 2355 1443 2398 gerendi
1472 2360 1502 2387 ct
1533 2354 1706 2398 exequendi
1733 2353 1877 2388 concedi-

1138 2419 1216 2442 mus.
1439 2414 1441 2417 '

1182 2463 1196 2505 ᾖ
1221 2462 1249 2495 5.
1288 2462 1498 2496 Deccrnentes
1539 2466 1720 2506 praesentes
1760 2461 1879 2495 litteras

1137 2516 1223 2549 nullo
1256 2527 1405 2560 umquam
1438 2522 1580 2561 tempore
1612 2527 1648 2550 ex
1679 2525 1879 2560 quocumque

1137 2570 1237 2613 capite
1255 2571 1300 2603 vel
1319 2572 1413 2604 causa
1431 2571 1468 2603 dc
1486 2570 1698 2615 subreptionis
1718 2570 1766 2603 vel
1791 2569 1881 2603 obre-

1138 2624 1263 2667 ptionis,
1280 2630 1333 2658 aut
1350 2624 1500 2658 nullitatis
1519 2625 1605 2665 vitio,
1626 2635 1681 2658 seu
1700 2623 1880 2659 intentionis

1922 2467 2033 2489 neci-otum
2049 2467 2078 2487 tr-

1895 2496 1966 2516 ritans.
