2248 3229
105 228 156 256 An.
173 227 201 255 C.
220 226 287 256 ¹636

127 399 185 419 Pani«
198 398 214 417 V
231 398 286 418 litte·

100 431 134 447 us
149 426 220 446 reteri.

127 1304 206 1326 Paulus
222 1304 239 1323 V
255 1304 284 1324 nt-

100 1331 170 1352 fletum
182 1331 208 1352 (ιι-
219 1331 284 1352 buta

101 1358 203 1379 nemu
233 1364 284 1377 nnn-

101 1386 162 1406 iwlln
185 1390 205 1405 iu
232 1384 284 1405 luci«

100 1412 185 1433 roe-itari
223 1418 284 1437 posse

101 1442 247 1463 contenent,

914 228 1057 254 canimus
1082 228 1138 253 vin
1163 228 1211 253 ιφ,
1728 218 1793 253 545

1061 277 1254 328 Jcardinales
1280 276 1376 310 saeris
1402 276 1514 309 ritibus
1538 275 1731 320 praefectos,
1757 277 1823 321 qui-

1061 329 1136 375 {hus
1171 342 1240 362 eam
1273 331 1511 363 examinandam
1542 331 1821 371 mandaveramus,

346 385 361 427 ξ
391 384 414 417 l.
440 384 522 418 Alias
547 395 563 416 a
584 384 682 417 felicis
700 384 929 416 recordationis
948 384 1044 430 Paulo
1080 389 1200 415 mature
1225 384 1377 423 discussa,
1402 384 1440 415 ile
1466 384 1649 416 eorumdem
1672 384 1818 417 cardina-

301 438 383 481 Papa
409 438 430 469 V
454 437 696 482 praedecessore
723 443 833 469 nostro
858 442 1045 469 emanarunt
1079 436 1154 468 lium
1181 437 1312 469 consilio
1338 437 1517 469 huiusmodi
1537 438 1821 481 supplicationibus

301 491 422 524 litterae
447 491 564 524 tenoris
589 490 819 534 subsequentis,
846 490 1006 524 videlicet:
1079 489 1228 529 iuelinati,
1255 497 1286 522 ut
1312 490 1444 531 singulis
1464 491 1552 523 annis
1575 492 1605 524 in
1629 492 1678 523 ‹lie
1699 491 1821 535 deposi-

345 546 473 580 Paultaes
490 546 585 589 Papa
611 544 639 584 Γ,
654 544 698 577 acl
715 548 902 588 perpetuam
920 545 967 576 rei
981 555 1044 577 me-
1079 543 1171 575 tionis
1196 543 1296 576 (lit-tae
1330 543 1437 576 beatae
1467 544 1654 581 'flieresiae,
1678 545 1821 578 videlicet

300 600 450 632 moriam.
1077 597 1126 629 die
1153 607 1170 629 v
1198 597 1314 629 mensis
1340 596 1500 633 octobris,
1526 597 1556 629 in
1581 598 1729 630 omnibus
1755 609 1821 632 mo-

344 653 377 686 ln
390 662 542 696 supremo
559 652 753 695 apostolatus
771 652 859 692 solio⁷
879 651 997 684 meritis
1011 651 1044 684 li-
1078 651 1222 683 nasteriis
1239 657 1267 683 et
1287 650 1428 683 ecelesiis
1449 650 1523 683 dieti
1544 650 1668 683 Ordinis
1690 652 1821 685 fratrum

300 712 347 739 cet
372 705 633 738 insufficientibus
648 733 655 744 ,
681 705 784 738 divina
809 705 1043 749 dispensatione
1077 705 1316 738 Citrinelitarum
1337 705 1600 738 Disealeraloruiu
1619 705 1658 736 ab
1675 706 1822 739 omnibus

300 759 476 800 constituti,
501 758 538 791 ad
561 770 612 797 ea,
638 770 694 803 per
719 770 798 803 quae
823 770 987 792 servorum
1013 765 1043 792 et
1059 794 1061 810 Ι
1077 758 1216 791 eiusdem
1234 758 1358 792 Ordinis
1379 758 1535 799 religiosis
1550 758 1713 802 utriusque
1731 769 1823 792 sexus

300 813 486 847 ancillarum
511 813 625 846 Christi
651 813 752 846 honos
777 817 806 847 et
832 813 991 846 veneratio
1013 813 1042 846 in
1077 812 1214 845 officium
1233 817 1263 844 et
1283 812 1377 844 missa
1395 812 1432 843 (le
1452 812 1540 845 beata
1566 811 1714 844 'flieresia
1736 822 1822 856 prae·

299 866 393 900 terris
417 872 657 910 promoventur,
678 866 760 899 iuxta
781 866 934 899 creditum
953 866 1043 900 nobis
1076 865 1158 899 (licta
1184 871 1343 908 tamquam
1362 865 1399 897 de
1421 867 1481 898 uua
1504 865 1636 907 virgine,
1650 875 1773 900 necnon
1791 866 1821 899 in

299 919 436 964 desuper
456 920 648 964 apostolicae
665 920 825 953 servitutis
842 920 993 960 ollieium,
1011 921 1044 952 li-
1076 919 1194 963 oppido
1231 920 1326 952 Alvae
1357 919 1570 952 Salmantinae,
1601 919 1754 951 dioecesis
1790 919 1821 953 in

299 974 410 1007 beuter
423 973 624 1014 intendimus,
641 979 671 1006 et
687 973 940 1007 christifidelium
957 984 1044 1017 prae-
1078 972 1270 1006 monasterio
1295 978 1325 1005 et
1349 972 1494 1012 ecelesia,
1513 973 1543 1005 in
1563 983 1624 1016 qua
1642 984 1757 1016 corpus
1779 973 1822 1006 di-

300 1028 408 1061 sci-tim
440 1019 669 1062 catholicorum
700 1038 812 1069 regum
840 1027 869 1060 id
893 1033 1043 1071 exoptan-
1059 1064 1061 1081 ι
1077 1031 1144 1059 ctae
1162 1026 1271 1059 beatae
1288 1026 1456 1060 Tlieresiae
1481 1026 1634 1058 asservari
1659 1027 1822 1067 asseritur,

299 1082 377 1114 tium
403 1081 483 1115 votis
509 1081 642 1114 libenter
667 1080 850 1121 annuimus,
876 1092 974 1125 eaque
999 1081 1042 1113 sa-
1076 1080 1115 1112 ab
1140 1079 1288 1112 omnibus
1318 1079 1509 1124 presbyteris
1538 1085 1600 1112 tam
1626 1080 1823 1114 secularibus

496 276 634 305 Urbanus
669 277 747 312 Papa
781 277 856 312 vul,

446 323 481 348 nd
503 321 636 349 futuram
658 323 703 349 rei
723 323 903 350 memoriam.

301 1135 428 1169 voribus
460 1136 684 1180 prosequimur
711 1136 916 1180 opportunis,
948 1142 1059 1179 prout¹

300 1189 513 1233 conspicimus
538 1189 569 1222 in
594 1189 727 1222 Domino
755 1189 924 1222 salubriter
950 1200 1043 1233 expe-

300 1242 378 1276 dire.
407 1243 490 1276 Alias
514 1243 670 1287 siquidem
698 1243 826 1276 nomine
854 1239 1059 1276 dilectorunr

300 1296 440 1330 filiorum
465 1297 608 1330 omnium
635 1296 857 1339 religiosorum
880 1297 974 1329 totius
991 1296 1060 1345 Or->

300 1349 382 1383 dinis
409 1351 543 1383 fratrum
569 1350 810 1388 Carmelitarum
837 1350 1043 1383 Disealeeato-

300 1413 371 1436 rum
400 1403 511 1436 Beatae
544 1403 657 1436 Mariae
695 1403 732 1436 de
765 1404 866 1436 Monte
900 1404 1042 1436 Carmelo

300 1457 391 1490 nobis
424 1457 589 1501 exposito.
621 1457 706 1501 quod
738 1457 838 1490 bonae
871 1457 1043 1490 memoriae

300 1510 448 1543 Tlieresia
464 1521 481 1543 a
500 1511 577 1551 lesu,
595 1510 668 1543 dieti
683 1510 808 1543 Ordinis
824 1511 957 1543 fratrum
974 1511 1044 1545 Car-

299 1564 478 1596 melitarum
503 1564 766 1598 Discaleeatorum
787 1565 954 1604 fundatrix,
979 1570 1041 1597 tam
1059 1606 1061 1610 .

300 1618 406 1651 multis
430 1623 459 1650 et
484 1617 607 1650 eximiis
631 1618 781 1651 virtutum
811 1623 841 1651 et
868 1618 1041 1660 gratiarum

299 1682 335 1705 ac
352 1671 579 1704 miraculorum
604 1671 694 1704 donis
708 1682 724 1703 a
738 1671 871 1705 Domino
889 1671 1042 1704 illustrata
1058 1674 1059 1715 ᾗ

300 1726 410 1766 fuerat,
425 1731 458 1758 ut
472 1735 586 1768 magna
603 1725 722 1759 ideirco
747 1735 823 1768 erga
840 1725 907 1758 eius
924 1736 1041 1759 nomen
1058 1746 1059 1785 1

300 1785 329 1812 et
353 1779 816 1813 memoriani·christifidelium
845 1779 971 1813 devotio
996 1780 1040 1812 vi-

300 1837 404 1876 geret,
430 1838 460 1866 et
484 1838 651 1876 propterea
667 1843 730 1866 non
748 1833 850 1866 solum
877 1833 1059 1868 universus

300 1887 384 1925 Ordo
408 1887 603 1931 praedictus,
632 1887 686 1920 sed
715 1887 807 1920 etiam
837 1887 1059 1921 charissimus

300 1941 330 1974 in
355 1941 479 1975 Christo
503 1940 586 1973 lilius
611 1946 718 1974 noster
743 1940 906 1984 Philippus
929 1942 1059 1991 Hispa-¹

299 1995 423 2029 niarum
448 2005 501 2027 rex
528 1994 719 2035 catholicus,
745 2005 779 2027 ac
809 1994 950 2027 omnium
977 1995 1040 2028 fere

299 2048 521 2092 Hispaniarum
540 2058 710 2090 regnorum
725 2048 966 2092 archiepiscopi,
980 2048 1041 2091 epi-

300 2103 404 2147 scopi,
427 2102 606 2146 principes,
633 2111 755 2135 necnon
789 2102 1040 2143 communitates,

301 2156 516 2190 universitates
541 2160 570 2190 et
593 2166 703 2189 omnes
728 2156 818 2189 nobis
836 2156 953 2188 iteratis
972 2166 1042 2199 pre-

300 2210 387 2244 cibus
405 2210 567 2243 humiliter
580 2210 750 2254 supplicari
768 2210 916 2249 fecerant,
933 2216 975 2247 ut,
990 2210 1041 2243 do-

299 2274 356 2297 nec
391 2263 636 2296 canonizationis
665 2263 767 2296 lionor
797 2263 836 2295 ab
861 2263 1057 2307 Apostoliea,

299 2317 377 2351 Sede
402 2317 502 2350 dietae
526 2317 691 2350 Tlieresiae
716 2317 904 2355 haberetur,
928 2328 1036 2351 saero-
1056 2308 1057 2331 ἶ

299 2377 440 2405 sanctum
462 2371 571 2405 Missae
589 2371 780 2404 sacrificium
798 2377 826 2404 et
845 2372 983 2404 ollio-ium
1001 2373 1040 2404 ab

1076 1144 1170 1176 quam
1204 1133 1403 1175 regularibus
1435 1133 1664 1177 cuiuscumque
1697 1133 1823 1167 Ordinis

1078 1187 1108 1220 in
1133 1187 1216 1219 dieta
1241 1187 1290 1221 die
1309 1198 1326 1219 v
1347 1187 1486 1220 octobris
1512 1193 1643 1223 tantum,
1670 1187 1764 1219 missa
1790 1187 1822 1221 in

1078 1241 1108 1273 in
1126 1242 1279 1274 bonorem
1295 1240 1434 1274 eiusdem
1453 1241 1561 1273 beatae
1578 1240 1745 1274 'flieresiae
1762 1252 1822 1284 pro

1077 1305 1187 1327 eorum
1213 1295 1379 1327 devotione
1409 1295 1493 1328 iuxta
1523 1295 1648 1336 regulas
1672 1294 1821 1331 breviarii

1077 1354 1106 1381 et
1132 1349 1265 1381 missalis
1296 1349 1417 1381 romani
1450 1349 1575 1381 recitari
1607 1353 1636 1382 et
1668 1349 1820 1382 celebrari

1078 1401 1250 1445 respective
1276 1407 1399 1445 posset,
1424 1402 1640 1434 concessimus
1664 1407 1693 1434 et
1718 1402 1821 1434 indul-

1077 1455 1184 1488 simus.
1211 1455 1248 1488 Ei
1273 1455 1403 1487 subinde
1419 1482 1426 1495 ,
1451 1455 1488 1487 de
1514 1455 1607 1487 simili
1633 1456 1820 1494 eorumdem

1078 1510 1209 1541 fratrum
1236 1509 1379 1549 consilio,
1404 1514 1438 1541 ut
1462 1519 1499 1541 ox
1526 1513 1598 1542 tune
1623 1508 1653 1541 in
1679 1510 1820 1543 futurum

1078 1563 1107 1595 in
1128 1563 1278 1596 omnibus
1303 1563 1443 1596 ecelesiis
1459 1574 1733 1606 quarumcumque
1751 1564 1823 1597 civi-

1077 1622 1174 1649 tatum
1189 1623 1218 1650 et
1234 1617 1413 1651 dioecesum
1430 1617 1517 1659 regni
1539 1617 1688 1650 Castellae
1708 1618 1822 1651 veteris

1077 1677 1196 1703 tantum
1223 1672 1316 1704 missa
1335 1677 1363 1703 et
1381 1671 1520 1704 officium
1538 1670 1575 1703 de
1597 1671 1706 1703 eadem
1729 1672 1821 1704 beata

1075 1725 1223 1757 'flieresia
1248 1725 1279 1757 in
1304 1725 1354 1757 die
1378 1724 1445 1757 eius
1471 1723 1677 1767 depositionis
1695 1724 1821 1768 praedi-

1076 1781 1125 1813 cta
1154 1779 1337 1819 dumtaxat,
1373 1778 1456 1811 iuxta
1492 1778 1636 1810 rubricas
1672 1778 1820 1811 breviarii

1076 1833 1210 1873 romani,
1227 1844 1244 1865 a
1264 1832 1517 1876 quibuscumque
1543 1832 1707 1875 utriusque
1728 1842 1822 1865 sexus

1076 1888 1219 1931 personis
1253 1887 1494 1927 ecelesiasticis,
1527 1888 1649 1919 servata
1682 1887 1757 1919 alias
1790 1887 1820 1919 in

1076 1941 1223 1974 omnibus
1253 1947 1283 1974 et
1312 1952 1369 1984 per
1393 1941 1499 1973 onmia
1523 1946 1704 1973 nostrarum
1726 1951 1822 1984 super

1076 1994 1191 2038 prioris
1224 1994 1343 2037 gratiae
1373 1994 1577 2027 concessione
1603 1993 1820 2037 expeditarum

1077 2048 1254 2080 litterarum
1281 2048 1381 2081 forma
1404 2053 1433 2080 et
1459 2052 1584 2086 tenore,
1610 2047 1766 2080 celebrari
1791 2051 1821 2081 el

1077 2101 1201 2133 recitari
1217 2101 1388 2145 respective
1405 2101 1504 2133 libere
1522 2106 1627 2144 posset
1645 2106 1674 2133 et
1693 2101 1820 2141 valeret,

1076 2155 1289 2188 concessimus
1304 2160 1334 2188 et
1350 2154 1546 2194 indulsimus,
1561 2155 1710 2198 aliasque,
1725 2160 1819 2197 prout

1076 2208 1105 2240 in
1131 2208 1262 2241 (liversis
1288 2208 1404 2241 nostris
1425 2208 1454 2240 in
1481 2207 1574 2240 simili
1594 2208 1693 2240 forma
1713 2207 1819 2241 Brevis

1075 2263 1211 2306 desuper
1229 2262 1382 2306 expeditis
1401 2262 1522 2303 litteris,
1540 2272 1674 2306 quarum
1694 2268 1819 2295 tenores

1075 2316 1293 2361 praesentibus
1311 2327 1370 2360 pro
1390 2316 1582 2349 sufficienter
1599 2317 1754 2360 expressis
1769 2317 1818 2349 lia-

1076 2371 1142 2403 lwri
1169 2371 1331 2404 volumus.
1358 2370 1479 2413 plenius
1510 2369 1716 2402 continenti-¹.
1742 2370 1817 2403 Cum

1838 228 1888 261 An.
1908 229 1936 256 C.
1955 228 2025 258 ¹686

1869 1466 1928 1491 Quod
1946 1466 2023 1488 deindo

1838 1494 1865 1514 :id
1895 1496 1959 1514 totum
1987 1499 2024 1513 re-

1838 1527 1898 1544 ssnuui
1917 1520 2023 1541 mutellae

1839 1547 2026 1569 sciurisexteudit.

1898 2376 2018 2404 nurumqu-

1834 2403 1859 2424 :ul
1889 2409 1958 2424 omnia
1983 2410 2020 2425 ro-

299 2425 445 2460 omnibus
471 2430 499 2457 et
525 2424 657 2467 singulis
680 2424 753 2458 dicti
779 2424 903 2459 Ordinis
928 2426 1040 2458 utrius·
1074 2431 1189 2463 autem,
1214 2425 1293 2457 sieut
1317 2424 1443 2456 nomine
1469 2423 1626 2456 (lictorum
1654 2424 1818 2466 religioso-
1834 2437 1881 2455 unm
1908 2430 2018 2457 Herauia-

298 2490 359 2524 que
372 2489 464 2512 sexus
481 2478 636 2521 religiosis
654 2479 797 2522 personis
814 2478 852 2511 de
866 2479 948 2511 dieta
965 2480 1041 2512 Tlie-
1056 2522 1057 2539 χ

1075 2490 1144 2512 rum
1170 2478 1259 2510 nobis
1284 2488 1386 2521 nuper
1411 2477 1523 2509 iterum
1550 2478 1724 2520 expositum
1750 2478 1817 2518 fuit,

299 2534 390 2575 resia,
409 2539 567 2577 tamquam
588 2532 626 2565 de
651 2534 713 2565 una
732 2532 820 2566 beata
840 2533 971 2575 virgine,
989 2534 1038 2576 agi
1056 2548 1057 2574 l
1075 2539 1136 2565 lain
1157 2532 1318 2575 l'liilippus
1333 2542 1397 2569 rev,
1412 2542 1505 2573 ipiam
1521 2531 1614 2563 etiam
1629 2530 1712 2564 Ordo
1728 2542 1818 2575 prae-

300 2593 329 2620 et
347 2587 470 2621 recitari
490 2587 661 2631 respective
680 2592 798 2630 posset:
816 2597 883 2627 nos,
901 2598 933 2619 re
953 2587 1040 2630 prius
1074 2586 1147 2619 dieti
1164 2613 1170 2625 ,
1203 2587 1319 2617 attenta
1352 2584 1518 2617 universali
1551 2584 1716 2618 devotione
1741 2595 1817 2628 erga

299 2652 356 2685 per
381 2641 575 2674 venerabiles
600 2641 712 2673 fratres
738 2645 863 2673 nostros
890 2641 919 2674 5.
948 2640 981 2672 R.
1007 2638 1058 2681 ΕΛ

385 2703 463 2732 Bau.
484 2703 566 2732 Rom.
585 2719 616 2723 —
636 2703 695 2730 l'ol.
712 2703 750 2730 >11
760 2703 786 2731 V.
953 2702 988 2729 69

1112 2651 1121 2676 l
1139 2648 1213 2680 Quae
1227 2647 1254 2674 in
1271 2647 1404 2674 Bullart'o
1421 2655 1474 2674 non
1489 2650 1552 2674 sunt
1567 2647 1603 2681 (a.
1616 2647 1663 2681 τ.).

1834 2463 1889 2482 suin,
1904 2460 1944 2479 otc.
