2248 3229
126 226 174 254 An.
191 225 219 253 C.
241 225 309 253 1632

172 2097 239 2117 Unam
254 2096 311 2116 deei-

127 2129 181 2144 main
194 2130 217 2143 nc
226 2123 311 2143 nullium

127 2150 251 2170 ducatorum
279 2154 311 2169 su-

127 2182 165 2202 per
215 2176 312 2196 omnihus

128 2203 245 2223 redditibus
277 2207 311 2222 ec·

127 2229 253 2249 ctesiasticis
275 2229 311 2249 im-

127 2258 193 2281 ponit.

932 217 1073 243 uniamus

324 271 380 306 filii
405 271 505 305 nostri
529 268 717 303 Ferdinandi
742 269 957 303 Romanorum
982 267 1065 311 regis

325 326 356 359 in
380 325 604 369 imperatorem
618 323 707 357 electi
723 322 857 356 ditiones
875 321 1066 366 temporales

325 379 364 413 ab
388 378 507 412 eisdem
531 377 699 411 haereticis
723 376 1008 421 oppugnarentur),
1034 378 1068 409 ut

325 433 462 477 aliquam
487 432 589 466 eidem
614 431 811 465 Ferdinando
836 430 902 474 regi
921 430 952 463 in
971 429 1067 473 impe-

326 492 464 521 ratorem
481 486 582 520 electo
596 491 625 519 et
643 485 787 528 religioni
805 484 977 519 catholicae
990 482 1067 516 inibi

326 540 516 586 periclitanti
535 550 629 584 opem
654 539 821 580 1011011105,
838 538 1005 573 nonnullas
1018 536 1068 570 de-

327 596 424 629 cimas
432 604 528 638 super
537 592 765 627 beneficiorum
783 592 1067 626 ecclesiasticorum

327 647 481 681 fructibus
506 646 537 679 in
561 646 707 679 universa
740 646 826 680 ltalia
855 645 948 679 certis
972 643 1067 677 modo

328 706 358 733 et
381 700 483 733 forma
502 699 767 743 imposuerimus3
785 704 824 739 et,
845 697 935 732 sicuti
953 697 1068 730 charis·
1085 711 1086 720 1

327 753 425 786 simus
449 753 480 786 in
505 752 628 787 Christo
658 752 742 785 silius
772 757 879 785 noster
903 749 1068 794 Philippus

328 805 549 850 Hispaniarum
574 815 629 838 rex
652 804 826 838 catholicus
850 803 941 838 nobis
968 813 1068 847 nuper

326 859 442 905 exponi
459 859 540 900 feeit,
554 859 631 904 ipse,
644 868 703 903 pro
717 858 799 892 avito
813 856 1024 890 defendendae
1038 861 1068 890 ct

326 912 551 958 propagandae
575 912 715 946 eiusdem
740 910 903 955 religionis
927 911 1003 953 zelo,
1029 909 1068 943 ei-

326 966 398 1000 dem
418 965 619 1000 Ferdinando
634 965 666 998 in
683 965 744 998 hoe
763 964 946 998 calamitoso
959 974 1067 996 rerum

326 1025 408 1053 statu
431 1019 610 1053 nullatenus
626 1018 735 1052 deesse
755 1017 838 1058 velit,
855 1017 907 1050 sed
929 1027 1069 1051 commu-

326 1084 398 1107 nem
422 1073 618 1118 reipublicae
642 1071 832 1105 christianae
850 1081 975 1104 causam
996 1081 1069 1115 qua-

326 1137 461 1171 cumque
485 1126 663 1170 opportuna
687 1124 808 1158 ratione
832 1124 948 1169 poterit
976 1124 1068 1158 susti-

325 1191 401 1215 nere
425 1185 456 1213 et
479 1179 628 1212 adiuvare
654 1178 759 1223 cupiat
773 1189 780 1218 3
806 1178 956 1222 quoniam
981 1188 1066 1221 vero,

325 1244 383 1279 pro
421 1232 563 1266 eiusdem
593 1231 667 1264 fidei
700 1231 874 1264 catholicae
906 1231 999 1264 etiam
1036 1231 1068 1263 in

325 1286 432 1320 multis
456 1285 525 1318 aliis
548 1284 721 1329 provinciis
745 1284 924 1317 defensione
943 1289 971 1317 et
991 1295 1067 1328 pro-

325 1339 501 1384 pagatione,
518 1338 596 1371 adeo
614 1337 721 1381 gravia
745 1347 954 1382 expensarum
971 1347 1067 1371 onera
1084 1346 1086 1360 ³

326 1394 476 1426 haetenus
502 1391 609 1425 subire
633 1395 760 1426 coactus
784 1392 841 1424 suit
865 1396 896 1424 et
919 1391 957 1424 ad
981 1401 1068 1435 prae-

327 1457 398 1480 sens
422 1446 557 1489 cogitur,
581 1450 616 1478 ut
639 1455 701 1479 non
726 1445 828 1478 solum
846 1444 1023 1478 ordinarios
1039 1448 1079 1478 et

327 1500 595 1534 extraordinarios
618 1509 791 1542 regnorum
816 1508 946 1531 suorum
968 1497 1068 1530 reddi-

325 1560 385 1595 tus,
410 1563 519 1586 verum
546 1552 638 1586 etiam
664 1552 770 1586 onmia
793 1552 920 1585 illorum
946 1551 1067 1584 aeraria

324 1608 389 1640 sere
405 1606 595 1647 exhauserit,
620 1611 650 1639 et
673 1610 842 1650 propterea
859 1604 949 1638 nobis
966 1603 1068 1637 humi-

325 1660 396 1693 liter
421 1659 592 1703 supplicari
616 1658 734 1701 fecerit,
752 1663 785 1691 ut
801 1668 896 1702 super
921 1657 1067 1691 ecclesia-

324 1724 396 1747 rum
413 1713 445 1746 in
470 1711 619 1746 dominiis
636 1712 734 1756 ipsius
751 1711 889 1756 Philippi
906 1711 991 1754 regis
1008 1711 1068 1744 exi-

325 1766 474 1800 stentium
498 1765 634 1810 peculio,
658 1764 837 1809 Christique
861 1764 995 1805 Domini,
1016 1775 1068 1798 cu-

324 1820 373 1853 ius
393 1829 486 1853 causa
503 1819 616 1862 agitur,
633 1818 835 1862 patrimonio,
850 1818 977 1862 ali-quod
998 1818 1068 1851 sub-

325 1873 440 1907 sidium
465 1873 497 1905 in
520 1872 619 1916 ipsius
647 1872 784 1916 Philippi
809 1872 892 1914 regis
921 1871 1066 1905 catholici

325 1926 563 1961 subventionem
588 1926 689 1959 cidem
719 1925 916 1959 Ferdinando
942 1926 1009 1969 regi
1034 1925 1066 1958 in

326 1981 549 2024 imperatorem
567 1979 667 2012 electo
684 1978 879 2022 erogandum
902 1978 1066 2022 imponere
1083 2002 1084 2005 η

326 2033 364 2067 de
387 2032 579 2076 benignitate
600 2032 772 2076 apostolica
797 2031 1021 2075 dignaremur:

371 2087 386 2131 ξ
410 2087 438 2120 ⁶2.
457 2087 529 2127 Nos,
549 2096 609 2130 pro
634 2087 681 2126 ea,
702 2095 797 2129 quam
815 2085 852 2118 de
870 2085 970 2130 ipsius
991 2085 1066 2118 Fer-

326 2139 453 2173 dinandi
470 2140 554 2183 regis
571 2140 602 2172 in
619 2139 845 2184 imperatorem
866 2139 967 2180 electi,
988 2138 1066 2172 eius-

327 2204 388 2238 que
411 2193 564 2227 ditionum
588 2192 811 2237 temporalium
836 2192 875 2226 ab
899 2192 1065 2227 haereticis

326 2251 580 2292 oppugnatarum
595 2246 734 2289 tuitione,
752 2247 956 2291 praeeipuam
974 2246 1066 2279 habe-

327 2311 397 2333 mus
411 2299 681 2340 sollicitudinem¹‚
700 2299 856 2333 laudabile
874 2305 903 2333 et
920 2300 983 2333 Deo
1004 2310 1065 2332 ma·

327 2355 408 2387 xime
433 2358 557 2397 gratum
577 2352 651 2386 dicti
677 2353 814 2398 Philippi
839 2353 923 2397 regis
947 2353 1065 2386 deside-

326 2408 421 2448 rium,
445 2411 596 2451 quantum
620 2407 711 2440 nobis
735 2417 771 2440 ex
787 2407 849 2441 alto
870 2407 1063 2450 conceditur,

326 2461 474 2494 adiuvare
488 2460 636 2502 volentes,
654 2460 747 2494 etiam
764 2460 861 2504 ipsius
875 2460 1064 2493 Ferdinandi

325 2514 410 2558 regis
434 2513 465 2547 in
489 2513 716 2558 Imperatorem
741 2513 829 2548 electi
863 2514 1061 2558 contempla-

362 2587 374 2612 1
391 2585 489 2621 Aptius
500 2585 694 2620 praecipuam
709 2585 856 2620 habemus,
868 2585 1064 2614 sollicitudine

326 2630 365 2666 (11.
380 2631 427 2664 1.).

444 2683 523 2712 Bull.
539 2683 619 2714 Rom.
636 2698 671 2705 —
691 2683 748 2711 Vol.
765 2683 839 2711 XIV.
985 2685 1019 2713 35

1100 216 1155 242 VIII
1179 216 1227 242 PP.

1101 267 1184 300 tione
1210 271 1236 299 et
1264 265 1387 305 intuitu,
1413 273 1448 297 ac
1466 261 1748 307 supplicationiluts
1765 262 1839 294 dicti

1101 320 1235 364 Philippi
1260 319 1343 361 regis
1375 317 1503 351 1101111110
1534 316 1623 350 nobis
1654 326 1751 359 super
1782 316 1843 348 1100

1099 373 1263 406 humiliter
1275 371 1430 416 porrectis
1448 370 1602 410 inclinati,
1619 369 1656 402 de
1674 369 1843 403 attributae

1101 426 1192 459 nobis
1209 436 1225 458 a
1245 424 1379 458 Domino
1397 424 1586 468 apostolieae
1600 423 1762 467 potcstatis
1780 423 1840 466 plc-

1101 478 1252 517 nitudinc,
1267 483 1375 511 tenore
1392 477 1615 521 praesentium,
1631 476 1795 509 indicimus
1813 482 1843 508 01

1102 532 1295 576 imponimus
1327 541 1420 563 unam
1454 531 1550 563 semel
1577 536 1601 563 et
1631 531 1661 563 in
1685 530 1842 574 praesenti

1102 594 1183 618 anno
1208 583 1447 629 persolvendam
1466 583 1630 626 decimam,
1649 594 1728 627 quae
1749 584 1780 617 in
1801 589 1842 617 to-

1103 644 1168 672 tum
1183 638 1221 671 ad
1234 647 1390 671 summam
1405 641 1623 671 sexcentorum
1642 637 1776 670 millium
1791 637 1843 670 du-

1103 697 1245 726 catorum
1267 696 1413 725 monetae
1436 691 1600 735 Hispaniae
1625 691 1780 732 ascendat,
1796 691 1842 724 iu-

1102 751 1153 779 xta
1170 751 1270 779 ratam
1288 756 1305 778 a
1328 744 1501 778 venerabili
1524 744 1618 777 fratre
1643 745 1774 777 Caesare
1794 755 1843 788 pa-

1102 798 1239 832 triarcha
1253 797 1459 838 Antiocheno,
1480 803 1587 830 nostro
1603 803 1630 830 et
1645 798 1842 841 Apostolieac

1102 851 1190 886 Sedis
1215 852 1247 884 in
1272 852 1378 895 regnis
1403 851 1624 895 Hispaniarum
1654 853 1779 892 nuncio,
1798 857 1843 884 ta-

1102 905 1245 946 xandam,
1270 905 1411 938 omnium
1446 905 1622 947 fructuum,
1652 905 1843 945 reddituum,

1102 964 1326 1004 proventuum,
1351 959 1479 999 iurium,
1504 959 1742 1000 obventionum,
1761 970 1844 993 emo-

1102 1015 1318 1048 lumentorum
1344 1024 1380 1046 ac
1404 1012 1660 1046 distributionum
1687 1014 1841 1058 quotidia-

1101 1078 1215 1102 narum
1240 1067 1381 1102 omnium
1403 1066 1610 1100 ecelesiarum
1636 1067 1844 1111 archiepisco-

1103 1121 1231 1166 palium,
1256 1120 1494 1165 epiffiopalium,
1519 1120 1768 1162 collegiatarum,
1793 1130 1845 1165 pa-

1102 1173 1312 1215 rochialium,
1345 1183 1403 1206 nec
1428 1183 1489 1207 11011
1516 1174 1779 1207 monasteriorum
1816 1180 1846 1208 et.

1102 1232 1335 1267 conventuum,
1361 1237 1395 1260 ac
1421 1227 1514 1260 etiam
1545 1238 1724 1260 mensarum
1751 1227 1846 1260 abba-

1084 1280 1244 1322 'tialium,
1270 1281 1501 1325 capitularium,
1528 1287 1589 1313 tam
1616 1281 1846 1314 cathedralium

1102 1340 1131 1367 et
1152 1334 1480 1378 metropolitanarum,
1506 1344 1600 1377 quam
1621 1345 1844 1378 quarumcum-

1102 1398 1162 1431 que
1193 1388 1430 1431 collegiatarum
1464 1388 1692 1429 eeclesiarum,
1723 1398 1845 1422 necnon

1102 1441 1366 1482 conventualium,
1391 1441 1591 1484 prioratuum
1605 1452 1740 1485 quoque,
1759 1453 1845 1485 prae-

1101 1495 1328 1538 positurarum,
1353 1494 1656 1538 praeceptm'iai‘um,
1682 1496 1844 1529 canoniea-

1101 1554 1190 1581 tuum
1215 1553 1245 1581 et
1268 1547 1530 1592 praebendarum,
1546 1548 1745 1590 dignitatum,
1771 1560 1845 1592 per-

1101 1606 1280 1641 sonatuum,
1300 1600 1618 1642 administratiomtm,
1640 1602 1732 1634 etiam
1754 1602 1847 1635 sabri-

1101 1664 1166 1696 cae,
1191 1660 1221 1687 et
1245 1654 1435 1695 ciliciorum,
1460 1660 1704 1699 ceterorumque
1731 1656 1846 1688 beneti-

1101 1709 1223 1742 010111111
1237 1708 1535 1751 ecclesiasticorum,
1550 1719 1621 1741 011111
1640 1710 1716 1742 cura
1731 1715 1761 1743 et
1778 1710 1845 1743 sine

1101 1763 1188 1803 cura,
1213 1761 1414 1802 secularium,
1440 1772 1475 1795 ac
1496 1763 1524 1795 S.
1544 1761 1712 1805 Benedicti,
1730 1764 1759 1796 S.
1786 1764 1843 1796 Au-

1101 1815 1227 1859 gustini,
1252 1815 1474 1858 Cluniaeensis,
1505 1815 1730 1857 Cisterciensis,
1756 1817 1845 1850 Prae-

1100 1869 1348 1910 monstratensis‚
1363 1879 1399 1902 ac
1414 1879 1688 1913 quorumcumque
1709 1871 1843 1904 aliorum

1101 1922 1252 1956 Ordinum
1277 1922 1443 1966 utriusque
1468 1930 1578 1963 sexus,
1610 1923 1702 1955 etiam
1728 1924 1843 1957 Mendi-

1100 1976 1237 2010 cantium
1262 1986 1383 2009 annuos
1409 1975 1549 2009 redditus
1567 1976 1760 2019 habentium,
1783 1982 1844 2012 tam

1100 2030 1242 2064 virorum
1267 2040 1363 2074 quam
1389 2030 1581 2071 mulierum,
1615 2041 1737 2064 necnon
1763 2042 1840 2065 con-

1100 2083 1320 2126 gregationum
1346 2083 1552 2126 regularium,
1578 2083 1792 2118 institutorum
1815 2090 1845 2118 et

1100 2136 1295 2177 societatum,
1320 2136 1414 2170 ctiam
1432 2137 1595 2171 Societatis
1614 2138 1692 2179 10511,
1711 2144 1740 2171 01
1757 2149 1843 2182 prac-

1099 2195 1184 2223 terea
1209 2189 1422 2234 hospitalium,
1448 2200 1570 2223 neenon
1596 2191 1704 2224 beatae
1729 2192 1843 2224 Mariae

1099 2244 1378 2285 'l‘lieutonicorum,
1404 2244 1502 2278 saneti
1530 2245 1632 2278 iacobi
1653 2246 1690 2278 dc
1716 2245 1842 2289 Spatha,

1098 2298 1273 2339 Alcantara,
1294 2298 1464 2340 Calatrava,
1489 2299 1528 2331 de
1548 2299 1619 2332 Aris
1637 2304 1667 2331 et
1682 2299 1842 2339 Montcsia,

1098 2361 1220 2385 necnon
1245 2353 1340 2386 sancti
1366 2353 1472 2385 Lazari
1494 2358 1524 2385 et
1543 2353 1675 2385 aliarum
1697 2363 1842 2396 quarum-

1099 2415 1234 2449 cumque
1259 2404 1441 2438 militiarum
1468 2406 1616 2449 (exceptis
1638 2410 1756 2438 tantum
1775 2417 1842 2439 san-

1099 2463 1165 2494 etae
1188 2460 1344 2493 Romanae
1369 2459 1525 2492 Ecclesiae
1551 2459 1774 2500 cardinalibus,
1805 2471 1840 2493 ac

1097 2513 1250 2546 fratribus
1263 2512 1415 2546 militibus
1426 2513 1589 2557 hospitalis
1604 2513 1700 2545 sancti
1715 2514 1840 2547 Ioannis

1099 2567 1383 2611 Hierosolymitani,
1398 2567 1462 2610 qui,
1480 2577 1539 2611 pro
1553 2567 1600 2600 sui
1617 2567 1712 2600 tutela
1730 2573 1839 2601 eontra

1098 2621 1214 2655 Turcas
1239 2625 1270 2654 et
1293 2620 1371 2655 alios
1395 2620 1556 2663 infideles,
1581 2620 1691 2655 alienis
1716 2621 1839 2656 auxiliis

1748 204 1811 237 ⁶273
1859 214 1907 241 An.
1923 213 1950 240 c.
1974 210 2040 241 1632
