2221 3224
196 221 247 249 An.
261 221 290 247 C.
313 220 380 248 1628
425 211 446 244 6

226 548 332 573 nauperes
348 551 383 566 ec-

199 574 330 604 clesiasticos
349 578 382 593 ex-

200 603 258 627 cipit.

230 1183 363 1204 Exactionem
375 1187 386 1201 a

205 1211 254 1230 solis
269 1210 313 1229 sieri
330 1209 388 1228 iubet

205 1236 367 1257 ecclesiasticis

243 1766 393 1786 praesentium-

212 1798 252 1818 que
260 1794 394 1817 transumptis

213 1819 278 1839 credi.

394 269 462 310 bus,
481 278 589 301 eorum
614 272 738 300 tenores
761 265 976 310 praesentibus
996 275 1055 308 pro
1076 275 1130 297 ex-

395 321 512 365 pressis
535 320 698 361 habentes,
716 319 775 351 illis
798 318 872 350 alias
892 318 922 350 in
943 328 999 350 suo
1017 317 1134 350 robore

396 375 691 418 perinansui·is,‹hac
705 373 770 405 viee
784 372 944 404 dumtaxat
957 371 1133 415 specialiter

397 432 427 460 et.
443 438 588 471 expresse
604 427 803 469 derogamus,
824 425 1000 469 ceterisque
1014 430 1135 458 contra-

397 480 452 513 riis
477 481 736 523 quibuscumque.

442 534 494 576 {7-
509 534 663 573 Ceterum,
679 532 816 564 volentes
832 531 998 575 providere
1011 541 1051 564 ne
1064 541 1135 574 pau-

398 597 489 630 peres
510 585 711 618 ecclesiastici
732 585 770 617 ad
788 584 1051 618 contributioneni
1076 584 1134 616 hu-

398 639 533 672 iusmodi
559 643 742 681 graventur,
768 638 933 671 hortamur
956 643 987 671 te
1010 641 1134 677 attente,

397 692 477 725 acin
490 692 605 725 virtute
618 697 742 725 sanctae
767 692 964 726 obedientiae
981 691 1035 723 tibi
1051 701 1137 723 man-

398 745 517 785 damus,
542 750 694 788 quatenus
719 755 874 788 pauperes
897 744 1135 784 ecclesiasticos,

398 798 450 840 qui
471 798 501 830 in
518 797 691 830 redditibus
711 797 822 830 annuis
838 798 926 837 nihil,
945 801 997 831 aut
1013 807 1136 840 parum,

398 851 490 882 etiam
505 861 603 894 usque
621 851 659 883 ad
676 852 813 884 valorem
836 851 942 883 decem
960 850 1136 889 unciarum,

399 909 485 935 scuta
508 903 617 946 viginti
635 904 774 947 quinque
791 909 934 936 monetae
948 903 1030 935 illius
1047 902 1136 945 regni

399 956 665 997 constituentium,
689 956 839 989 inclusive
863 956 989 996 habent,
1007 956 1044 988 ad
1069 966 1138 988 con-

400 1009 601 1042 tributionem
623 1009 813 1052 praedictam
831 1019 887 1052 per
912 1019 1138 1052 quoscumque,

401 1061 508 1106 quavis
522 1062 706 1095 auctoritate
720 1062 896 1104 fungentes,
906 1061 976 1105 cogi
990 1066 1042 1095 aut
1057 1072 1141 1094 coni-

402 1115 475 1159 pelli
499 1116 585 1148 nullo
611 1115 705 1148 modo
730 1115 903 1159 permittas.

446 1170 461 1212 g
485 1168 513 1201 8.
541 1170 770 1212 Yolumusque,
796 1169 880 1212 quod
905 1168 1024 1202 exactio
1049 1179 1142 1212 pecu-

401 1223 524 1255 niarum
556 1223 736 1256 huiusmodi
765 1223 803 1255 ab
836 1222 1055 1255 ecclesiasticis
1086 1232 1142 1265 per

402 1287 552 1320 personas
580 1277 824 1318 ecclesiasticas,
849 1287 866 1309 a
890 1276 973 1309 dicto
998 1275 1142 1319 Philippo

403 1341 477 1373 rege
502 1341 557 1363 seu
581 1331 752 1363 Francisco
769 1330 847 1363 duce
868 1335 898 1362 et
928 1339 1065 1373 prorege
1092 1339 1144 1361 no-

404 1384 567 1417 minandas
591 1389 621 1417 ct
645 1395 702 1428 per
721 1388 749 1418 te
766 1382 988 1427 deputandas¹,
1006 1382 1074 1415 fieri
1095 1382 1144 1415 de-

404 1437 486 1476 beat,
500 1438 644 1470 invocato
662 1438 755 1469 etiam
769 1437 807 1469 ad
821 1437 891 1477 hoc,
906 1436 930 1468 si
947 1447 1027 1479 opus
1040 1436 1143 1477 suerit,

406 1490 521 1523 auxilio
545 1490 667 1522 brachii
692 1490 863 1529 secularis,
896 1488 979 1532 quod
1005 1488 1029 1520 si
1055 1499 1144 1521 secus

407 1543 437 1575 in
459 1543 563 1586 aliquo
578 1543 825 1586 praemissorum
841 1543 955 1575 factum
973 1541 1076 1581 suerit,
1092 1541 1144 1584 qui

408 1597 668 1637 contravenerint,
694 1595 725 1628 in
749 1605 865 1639 poenas
890 1600 920 1627 et.
940 1604 1088 1626 censuras
1104 1593 1147 1625 in-

409 1654 545 1690 currant,
570 1648 702 1692 perinde
727 1659 762 1681 ac
787 1648 811 1681 si
831 1653 1011 1692 praesentes
1027 1647 1147 1680 litterae

408 1711 471 1734 non
498 1706 706 1741 emanassent;

454 1755 468 1797 ἓ
493 1754 521 1788 9.
547 1755 698 1798 Quodque
723 1754 814 1788 etiam
839 1754 1051 1798 praesentium
1068 1758 1149 1785 tran-

411 1808 555 1851 sumptis,
580 1809 673 1841 etiam
699 1808 875 1851 impressis,
901 1818 994 1840 manu
1019 1807 1149 1839 alicuius

410 1862 523 1895 notarii
549 1862 666 1906 publici
692 1862 887 1905 subscriptis,
913 1865 943 1895 et
966 1861 1069 1903 sigillo
1095 1860 1150 1892 ali-

412 1915 501 1948 cuius
526 1926 680 1959 personae
704 1916 736 1948 in
760 1916 911 1957 dignitate
940 1914 1151 1947 ecclesiastica

413 1969 597 2002 constitutae
622 1969 769 2011 munitis,
791 1969 898 2001 eadem
919 1978 1049 2011 prorsus
1075 1967 1152 1999 fides

412 2022 444 2054 in
468 2022 583 2055 iudicio
608 2028 638 2055 et
663 2028 769 2061 extra,
802 2022 833 2054 in
862 2022 1008 2054 omnibus
1039 2026 1069 2053 et
1097 2031 1153 2064 per

413 2076 528 2115 onmia,
544 2075 739 2115 adhibeatur,
753 2085 833 2118 quae
847 2075 921 2118 ipsis
938 2074 1154 2118 praesentibus

414 2128 637 2169 adhiberetur,
663 2129 688 2161 si
717 2129 819 2161 forent
850 2128 1005 2161 exhibitae
1038 2127 1085 2160 vel
1114 2138 1151 2160 o-

416 2186 547 2214 stensae.

460 2236 570 2268 Datum
581 2236 708 2275 Romae,
717 2236 799 2279 apud
814 2236 842 2269 S.
854 2236 981 2268 Mariam
995 2234 1155 2274 Maiorem,

418 2289 474 2322 sul]
500 2290 615 2322 annulo
640 2290 826 2329 Piscatoris,
858 2289 907 2321 die
944 2299 998 2322 XXI
1033 2287 1156 2331 augusti

418 2352 594 2382 »mcxxv-111,
611 2343 809 2385 pontificatus
825 2342 924 2375 nostri
942 2352 1023 2375 anno
1048 2352 1088 2374 v1.

456 2404 513 2431 Dat.
531 2405 572 2432 die
588 2405 618 2431 21
636 2405 740 2440 augusti
759 2404 842 2439 1628,
860 2404 952 2439 pontif.
970 2412 1039 2431 anno
1055 2411 1092 2430 vl.

457 2494 468 2519 1
487 2492 552 2519 Male
567 2493 661 2520 eadem
677 2493 757 2521 editio
777 2492 841 2528 legit
859 2492 1094 2521 nominandis...
1110 2491 1158 2519 de-

419 2537 558 2572 putandis
574 2538 612 2572 (n.
625 2538 672 2572 iz).

970 217 1149 242 BULLARIUM
1173 216 1328 241 ROMANUM

1489 261 1578 296 CCCI.

1170 343 1317 378 Concedit
1341 342 1472 375 domum
1497 345 1525 374 et
1550 340 1714 374 ecclesiam
1731 340 1762 374 S.
1780 340 1905 374 Mariae

1211 397 1247 429 in
1271 396 1301 429 S.
1327 396 1488 429 [ommino
1505 395 1541 427 in
1563 395 1674 437 Capite
1691 394 1728 427 de
1748 393 1827 427 Urbe
1842 394 1907 437 sra-

1212 450 1315 483 lribus
1335 448 1531 491 Reformalis
1552 447 1687 481 Ordinis
1708 448 1817 480 beatae
1837 447 1907 479 Ma-

1211 503 1282 536 riae
1306 501 1343 535 cle
1367 501 1509 535 Mercede
1532 501 1773 545 Redemptiom's
1805 500 1907 544 capti-

1212 554 1355 589 vorum'.

1381 626 1517 653 Urbanus
1529 626 1607 660 Papa
1617 626 1694 660 VIII,

1311 673 1346 699 ad
1366 671 1499 699 futuram
1518 671 1562 698 rei
1581 670 1762 698 memoriam.

1215 742 1289 776 Cum
1303 769 1310 782 ,
1335 741 1416 775 sicut
1446 741 1578 774 dilectus
1601 740 1684 774 silius
1713 739 1847 773 Didacus
1870 738 1909 771 de
1924 749 2108 799 Goigfffflfflgas

1171 796 1199 829 S.
1231 795 1433 839 Raymundo‚
1457 799 1645 838 procurator
1672 792 1827 836 generalis
1850 792 1911 825 fra-

1171 854 1254 881 trum
1279 849 1533 894 Reformatorum
1550 852 1803 891 nuncupatorum
1820 845 1910 879 Ordi—

1171 902 1219 934 nis
1230 901 1337 934 beatae
1351 901 1465 934 Mariae
1476 900 1513 933 de
1523 899 1663 933 Mercede
1676 898 1911 943 Redemptionis

1173 955 1369 999 captivorum
1394 953 1648 998 congregationis
1672 953 1910 997 Hispaniarum,

1173 1008 1264 1041 nobis
1287 1019 1389 1052 nuper
1411 1008 1523 1051 exponi
1540 1007 1622 1048 secit,
1639 1007 1713 1039 alias
1733 1006 1864 1039 dilectae
1880 1005 1912 1037 in

1174 1061 1297 1096 Christo
1321 1062 1404 1094 filiae
1432 1061 1587 1094 abbatissa
1614 1065 1644 1093 et
1669 1059 1821 1092 moniales
1845 1069 1913 1105 nio-

1175 1116 1303 1149 nasterii
1332 1116 1360 1149 S.
1391 1115 1531 1149 Silvestri
1564 1115 1595 1147 in
1627 1111 1732 1158 Capite
1762 1113 1800 1146 de
1831 1112 1913 1146 Urbe

1175 1180 1267 1202 usum
1297 1168 1448 1202 ecclesiae
1478 1173 1508 1201 et
1536 1167 1648 1201 domus
1683 1167 1711 1199 S.
1740 1166 1855 1199 Mariae
1882 1165 1914 1197 in

1177 1223 1205 1255 S.
1220 1222 1371 1255 ioannino
1388 1226 1586 1265 nuncupatae
1603 1221 1635 1253 in
1652 1219 1782 1262 regione
1795 1219 1915 1252 Colum-

1177 1286 1235 1308 nae
1260 1275 1317 1307 sub
1349 1274 1542 1318 proprietate
1570 1274 1644 1306 dicti
1673 1272 1855 1306 monasterii
1887 1277 1917 1305 et

1178 1328 1261 1372 apud
1276 1328 1359 1361 illius
1376 1328 1559 1360 viridarium
1575 1326 1752 1360 existentis’
1768 1325 1917 1358 fratribus

1177 1382 1335 1425 praefatis,
1353 1386 1513 1414 reservato
1536 1386 1646 1414 nostro
1670 1385 1700 1413 et
1726 1379 1814 1413 Sedis
1838 1380 1919 1423 Apo-

1179 1435 1306 1467 stolicae
1329 1434 1545 1478 beneplacito,
1570 1432 1798 1474 concesserint,
1824 1436 1919 1475 prout

1179 1488 1301 1531 plenius
1318 1488 1496 1522 continetur
1512 1488 1543 1520 in
1566 1487 1693 1531 publico
1710 1487 1918 1519 instrumento

1180 1541 1317 1584 desuper
1342 1541 1483 1574 consecto
1498 1568 1505 1581 ,
1529 1541 1648 1574 tenoris
1672 1540 1725 1583 qui
1756 1539 1919 1582 sequitur,

1180 1593 1336 1626 videlicet:
1353 1593 1392 1626 In
1409 1594 1540 1626 nomine
1557 1593 1699 1632 Domini,
1717 1597 1785 1632 etc.,
1799 1591 1856 1624 sub
1870 1590 1920 1623 die

1181 1657 1199 1679 x
1224 1646 1348 1689 augusti
1363 1656 1525 1688 Mocxxvn,
1542 1656 1600 1689 per
1620 1649 1687 1679 acta
1703 1644 1797 1678 Marci
1810 1644 1919 1686 Angeli

1181 1699 1259 1732 Cesii
1283 1693 1397 1732 notarii
1422 1699 1660 1732 eminentissimi
1683 1698 1799 1738 vicarii;
1818 1698 1921 1741 cupiat

1182 1757 1286 1786 autem
1306 1753 1407 1786 dictus
1427 1752 1561 1785 Didacus
1580 1752 1762 1796 praemissa,
1779 1761 1838 1795 pro
1856 1751 1922 1784 illo-

1184 1818 1254 1839 rum
1275 1807 1432 1839 validitate
1452 1811 1482 1839 et
1506 1806 1714 1846 subsistentia,
1734 1804 1923 1848 apostolicae

1184 1865 1309 1893 nostrae
1335 1859 1582 1893 confirmationis
1595 1859 1710 1891 robore
1723 1857 1924 1898 communiri,

1186 1918 1215 1945 et
1239 1914 1314 1945 alias
1338 1913 1483 1956 desuper,
1501 1917 1535 1944 ut
1550 1912 1641 1954 infra,
1665 1922 1723 1955 per
1739 1921 1795 1945 nos
1812 1920 1926 1954 oppor-

1187 1971 1260 1999 tune
1283 1966 1459 2009 provideri:

1233 2019 1289 2062 gl.
1315 2019 1387 2058 Nos,
1402 2018 1553 2051 Didacum
1570 2023 1601 2051 et
1617 2018 1730 2051 fratres
1747 2016 1925 2061 praedictos

1189 2072 1377 2116 specialibus
1401 2072 1561 2105 favoribus
1586 2077 1615 2105 et
1639 2071 1746 2114 gratiis
1776 2069 1926 2115 prosequi

1190 2127 1338 2166 volentes,
1363 2135 1535 2169 eorumque
1553 2125 1727 2167 singulares
1743 2134 1894 2168 personas
1910 2133 1927 2156 a

1190 2179 1353 2222 quibusvis
1378 2178 1723 2218 excommunicationis,
1746 2177 1927 2221 suspensio-

1190 2234 1238 2266 nis
1255 2238 1284 2266 et
1297 2233 1464 2273 interdicti,
1485 2232 1616 2276 aliisque
1633 2231 1851 2265 ecclesiasticis
1865 2240 1930 2264 sen-

1228 2350 1239 2375 1
1262 2348 1376 2376 istorum
1396 2348 1508 2375 fratrum
1533 2347 1673 2383 privilegia
1695 2346 1863 2374 confirmavit
1887 2345 1931 2372 hic

1192 2394 1315 2421 Pontifex
1335 2394 1425 2420 Const.
1442 2400 1546 2427 cccxiv,
1568 2393 1615 2420 Ex
1629 2393 1773 2426 clementi,
1790 2400 1871 2428 quam
1890 2391 1931 2418 in-

1193 2439 1233 2465 fra
1247 2438 1381 2471 dabimus,
1399 2446 1457 2473 pag.
1479 2438 1521 2465 25.
1545 2437 1624 2464 Dedit
1643 2437 1681 2464 eis
1702 2437 1858 2464 facultatem
1877 2435 1931 2463 eri-

1192 2483 1271 2519 gendi
1281 2482 1427 2518 hospitium
1436 2483 1461 2508 in
1474 2482 1598 2517 partibus
1608 2481 1714 2509 Africae
1725 2481 1812 2509 Const.
1826 2486 1930 2514 CCthv,

1192 2529 1273 2556 Inter
1292 2530 1394 2562 cetera,
1416 2532 1480 2555 tom.
1502 2534 1557 2560 xiii,
1578 2536 1639 2563 pag.
1657 2527 1720 2554 604.

1227 2572 1244 2599 2
1258 2572 1307 2598 Vel
1323 2571 1520 2599 escistentium.
1536 2571 1603 2599 Male
1618 2571 1682 2600 edit.
1695 2571 1773 2600 Main.
1790 2571 1854 2606 tegit
1868 2570 1933 2598 esci-

1192 2618 1329 2646 stantibus
1343 2618 1486 2653 fratribus
1500 2620 1540 2653 (n.
1557 2618 1604 2652 12).

1915 212 1967 240 An.
1980 211 2010 240 G.
2029 211 2099 240 1628

1984 2023 2085 2045 Concedit
2102 2024 2125 2043 ut

1941 2052 1962 2072 in
1976 2050 2067 2072 rubrica.
