2248 3229
182 233 233 260 An.
252 231 279 258 C.
297 231 365 259 1630
410 222 474 255 ¹188
960 231 1138 255 Burmanni
1161 231 1315 255 Romnum

380 279 581 313 tionabilibus
597 279 635 313 de
652 280 753 312 causis
778 289 887 312 eorum
913 279 1033 312 animos
1056 289 1119 312 mo-

379 333 543 375 ventibus,
573 333 611 366 de
643 332 804 366 offerendo
840 332 939 365 eidem
972 332 1118 376 Philippo

1905 232 1955 259 An.
1972 232 2001 259 C.
2019 232 2089 261 4630

1151 279 1376 312 committimus
1401 284 1431 311 et
1465 279 1664 322 mandamus,
1688 284 1732 321 ut,
1756 280 1889 314 constito
1906 294 2087 345 {3²2¹3mfffitggg?

224 1356 274 1376 Cum
290 1362 301 1375 a
318 1361 365 1375 con-

182 1383 230 1403 vitio
241 1383 367 1403 lateranen-

182 1417 198 1429 st
214 1415 310 1434 expresse
327 1409 366 1429 hoc

183 1436 268 1461 regibus
279 1438 297 1455 et
311 1442 365 1461 prin-

182 1463 265 1488 cipibus
292 1462 366 1487 proiit<

184 1490 265 1510 beatur.

233 2207 280 2233 Ipse
296 2206 374 2235 Philip-

189 2239 228 2260 pus
252 2234 374 2259 beneplaci-

191 2264 234 2281 tum
274 2260 374 2286 apostoli·

191 2293 237 2308 cum
252 2287 317 2314 petit,

379 386 457 429 regi,
474 396 509 418 ac
527 385 640 418 dilecto
664 385 729 418 filio
746 384 841 418 nobili
866 384 934 418 viro
950 384 1118 418 Francisco

379 438 560 470 Fernandez
585 438 622 470 de
646 438 675 470 la
699 438 799 471 Cueva
831 437 903 471 duci
936 437 974 471 de
998 438 1115 471 Albur-

379 502 531 535 qucrque,
556 491 630 524 dicti
655 491 744 534 regni
770 491 914 535 proregi,
944 495 1044 525 certas
1064 502 1118 535 pe—

381 544 544 577 cuniarum
567 555 715 585 summas,
729 544 909 577 donativum
923 545 1117 578 ordinarium

380 601 589 641 nuncupatas,
615 597 652 629 ad
678 597 859 638 triennium,
884 608 919 631 ac
944 597 1001 630 sub
1026 598 1119 631 certis

380 650 543 690 terminis,
570 650 728 693 modoque
760 656 791 683 et
814 651 915 683 forma
940 650 1119 694 exigendas,

381 704 460 735 iuter
485 714 517 735 se
541 703 763 744 tractaverint,
788 704 983 737 venerabiles
1007 704 1119 737 fratres

379 757 620 801 archiepiscopi,
645 757 796 801 episcopi,
814 768 849 790 ac
869 757 973 791 dilecti
993 758 1050 790 filii
1070 768 1120 790 ar-

380 810 600 851 chimandrita,
618 814 648 844 ct
665 810 743 842 aliae
763 810 991 843 ecclesiasticae
1010 821 1120 854 perso-

379 872 437 895 nae
462 862 536 896 dicti
560 864 660 906 regni,
681 868 798 896 certam
824 867 920 898 ratam
939 869 1049 908 sponte
1064 865 1119 897 sua

379 916 563 949 obtulerunt
595 922 624 949 et
657 917 731 949 dare
764 922 940 950 statuerunt.
963 917 995 950 in
1018 918 1120 962 parla-

379 970 493 1003 mentis
517 970 685 1003 ordinariis
709 970 823 1004 habitis
849 971 887 1004 de
911 981 1018 1004 mense
1046 972 1119 1004 maii

379 1024 523 1067 proxime
542 1024 720 1068 praeteriti,
738 1024 860 1067 ipsique
881 1025 1120 1069 archiepiscopi,

381 1076 529 1121 episcopi,
548 1077 802 1118 archimandrita,
821 1083 850 1110 et
870 1077 948 1110 aliae
972 1077 1119 1111 ecclesia-

381 1130 476 1162 stieae
501 1140 664 1174 personae,
684 1141 794 1163 corum
814 1135 913 1163 ratam
931 1131 1120 1173 huiusmodi,

381 1183 548 1216 accedente
579 1183 617 1215 ad
649 1183 709 1216 hoc
740 1187 848 1217 nostro
873 1188 903 1216 et
926 1184 1121 1227 Apostolicae

381 1236 469 1269 Sedis
493 1236 700 1279 beneplacito,
723 1237 905 1279 persolvere
929 1237 1121 1278 obtulerunt,

382 1293 411 1323 et
427 1289 532 1322 forsan
556 1289 649 1322 etiam
671 1290 900 1333 persolverunt.

426 1343 441 1386 ξ
465 1343 494 1375 Ξ.
515 1343 591 1376 Cum
618 1348 733 1385 autem,
755 1343 835 1376 sicut
857 1343 965 1376 eadem
991 1344 1122 1388 exposi—

383 1396 424 1429 tio
448 1397 665 1440 subiungebat,
686 1407 723 1429 ex
748 1407 784 1430 eo
809 1397 893 1440 quod
921 1407 978 1440 per
1002 1397 1122 1430 Latera-

382 1460 477 1482 nense
494 1450 662 1483 concilium
676 1450 845 1483 novissime
861 1450 1065 1491 celebratum,
1082 1450 1123 1483 di-

384 1514 551 1547 versasque
575 1504 650 1537 alias
675 1504 841 1537 canonicas
861 1503 1048 1544 sanctiones,
1065 1504 1122 1536 sub

383 1557 475 1590 certis
506 1557 647 1590 censuris
684 1561 713 1590 et
747 1557 858 1600 poenis
892 1562 1039 1590 caveatur
1063 1567 1123 1590 ex-

383 1622 501 1654 presse,
519 1622 557 1644 ne
581 1621 683 1653 reges,
699 1610 858 1655 principes
883 1616 910 1644 et
936 1611 988 1643 alii
1013 1616 1123 1654 peten-

383 1669 464 1698 tatus
489 1665 527 1697 ab
552 1665 807 1708 atcl‘iiepiseopis,
832 1665 1004 1708 episcopis,
1029 1664 1123 1697 abba-

385 1718 467 1750 tibus
492 1723 519 1750 et
538 1718 606 1750 aliis
622 1717 766 1761 personis
783 1717 1010 1759 ecclesiasticis,
1031 1717 1123 1750 etiam

385 1777 494 1815 sponte
519 1770 734 1813 offerentibus,
760 1771 896 1814 aliquam
918 1770 1123 1814 pecuniarum

385 1834 541 1857 suminam
577 1824 641 1857 sive
677 1824 913 1857 subventionem
950 1824 1125 1867 recipiant,

385 1877 486 1911 dictus
510 1877 672 1921 Philippus
696 1888 761 1919 rex,
782 1888 817 1910 ac
837 1877 904 1910 eius
928 1877 1018 1920 regni
1043 1877 1125 1910 illius

385 1930 530 1971 ministri,
547 1941 670 1964 necnon
694 1930 795 1963 dictus
819 1930 1004 1964 Franciscus
1017 1931 1077 1964 dux
1097 1936 1126 1963 et

385 1994 513 2028 prorex,
537 1983 689 2026 dubitent,
715 1989 814 2017 ratam
837 1983 1030 2028 praedictam
1055 1989 1126 2017 ante

386 2038 548 2072 obtentum
579 2037 811 2082 beneplacitum
843 2038 1049 2082 apostolicum
1078 2048 1126 2071 re-

388 2091 551 2135 cipiendo,
577 2101 726 2125 censuras
750 2096 780 2125 et
805 2102 921 2136 poenas
945 2092 1126 2125 huiusmodi

389 2145 552 2178 incurrere
577 2150 607 2178 et
630 2146 734 2179 forsan
759 2146 945 2186 incurrisse;

434 2199 448 2242 g
472 2198 501 2231 3.
526 2199 685 2242 Nobisque
710 2201 877 2243 propterea
897 2199 998 2233 dictus
1015 2199 1129 2243 Philip-

390 2263 449 2296 pus
474 2263 527 2285 rex
550 2253 712 2285 humiliter
734 2253 904 2296 supplicari
930 2253 1048 2293 fecerit,
1070 2263 1128 2296 pro

390 2307 446 2339 sua
460 2311 490 2339 et
503 2305 660 2339 dictorum
675 2306 903 2347 ministrorum,
917 2317 952 2339 ac
969 2306 1128 2340 Francisci

390 2359 479 2392 ducis
497 2363 526 2393 et
542 2359 687 2403 proregis
705 2359 913 2393 conscientiae
930 2360 1045 2403 quiete,
1058 2370 1131 2403 qua-

391 2418 481 2447 tenus
508 2413 693 2457 praemissis
720 2419 861 2446 nostram
893 2418 922 2446 et
942 2413 1036 2446 huius
1060 2423 1131 2446 san-

392 2473 459 2500 ctae
472 2466 561 2500 Sedis
574 2467 793 2500 auctoritatem
808 2467 1011 2511 interponere
1027 2466 1132 2510 digna-

1151 332 1207 364 tibi
1224 342 1281 376 per
1297 331 1454 375 legitimas
1467 332 1669 376 probationes
1685 333 1723 367 de
1739 344 1890 378 expresso

1152 385 1281 418 maioris
1297 385 1395 428 partis
1407 385 1493 426 cleri,
1508 385 1627 419 scilicet
1639 386 1890 431 archiepiscopo-

1153 449 1234 478 rum,
1249 438 1470 482 episcoporum
1488 443 1517 471 et
1536 438 1668 472 aliarum
1682 450 1889 483 personarum

1153 491 1434 525 ecclesiasticarum
1469 492 1657 525 secularium
1690 498 1721 525 et
1755 493 1891 526 cuiusvis

1154 545 1278 578 Ordinis
1297 545 1491 587 regularium
1518 545 1591 579 dicti
1617 545 1705 589 regni
1727 556 1891 586 consensu,

1153 605 1183 632 et
1207 599 1290 642 quod
1315 599 1428 642 reliqui
1449 604 1479 632 et
1498 596 1639 643 reliquae
1657 610 1810 643 personae
1829 610 1891 634 non

1153 651 1383 685 consentientes
1408 651 1509 684 vocati
1539 655 1568 685 et
1597 657 1724 685 vocatae
1754 652 1891 692 suerint,

1153 705 1302 739 oblationi
1328 710 1358 738 et
1378 705 1592 749 promissioni,
1609 716 1730 740 necnon
1744 706 1891 740 solutioni

1154 771 1211 804 per
1236 759 1512 803 archiepiscopos,
1538 759 1703 804 episcopos
1735 766 1765 793 et
1792 760 1894 794 archi-

1154 813 1354 853 mandritam,
1379 823 1414 846 ac
1439 813 1516 846 alias
1540 813 1768 847 ecclesiasticas
1787 824 1894 857 perso-

1153 876 1208 899 nas
1231 866 1328 906 sactis,
1354 876 1412 909 pro
1436 865 1496 898 hac
1515 865 1582 898 vice
1600 871 1730 906 tantum,
1750 871 1891 899 nostram

1155 924 1184 952 et
1209 919 1296 952 Sedis
1319 919 1498 963 praedictae
1522 919 1761 959 auctoritatem,
1785 919 1895 961 vigore

1154 972 1376 1016 praesentium,
1403 972 1593 1016 interponas,
1614 972 1762 1016 ipsosque
1779 971 1895 1004 archie-

1154 1026 1309 1070 piscopos,
1335 1026 1499 1069 episcopos
1524 1029 1555 1058 et
1577 1025 1653 1058 alias
1673 1034 1825 1068 personas
1844 1035 1895 1058 ec—

1155 1079 1343 1112 clesiasticas
1357 1079 1549 1120 huiusmodi,
1563 1078 1684 1111 etiamsi
1697 1078 1759 1112 sint
1771 1078 1809 1111 de
1823 1078 1894 1119 illis,

1155 1142 1233 1176 quac
1257 1142 1315 1176 pro
1340 1132 1455 1165 minori
1487 1132 1563 1165 cleri
1594 1137 1683 1175 parte
1712 1131 1895 1175 praemissis

1155 1195 1218 1218 non
1243 1185 1476 1226 consenserint,
1501 1184 1539 1218 ad
1563 1195 1600 1218 ea
1623 1190 1727 1217 tamen
1748 1184 1849 1218 vocati
1867 1190 1893 1217 et

1156 1243 1281 1271 vocatae
1292 1238 1418 1280 suerint,
1433 1238 1471 1271 ad
1485 1239 1673 1272 solutionem
1686 1248 1796 1271 eorum
1810 1243 1896 1271 ratae

1156 1291 1337 1324 huiusmodi
1362 1292 1549 1336 opportunis
1574 1291 1651 1325 iuris
1683 1296 1713 1324 et
1742 1291 1814 1324 facti
1839 1301 1893 1324 re-

1156 1343 1269 1377 mediis
1294 1354 1388 1387 cogas
1403 1349 1433 1377 et
1444 1345 1630 1388 compellas;
1649 1349 1679 1377 et
1690 1344 1897 1377 nihilominus

1156 1397 1413 1441 archiepiscopis,
1425 1398 1583 1442 episcopis
1593 1403 1623 1431 et
1632 1397 1897 1430 archimandritae

1157 1456 1186 1483 et
1203 1451 1271 1484 aliis
1288 1451 1509 1484 ecclesiasticis
1529 1452 1673 1496 personis
1689 1451 1847 1495 praefatis,
1863 1456 1896 1483 ut

1157 1508 1257 1538 ratam
1270 1504 1462 1545 huiusmodi,
1475 1515 1533 1549 per
1547 1515 1610 1546 eos,
1625 1509 1660 1538 ut
1672 1504 1895 1548 praemittitur,

1157 1557 1294 1591 oblatam
1315 1562 1345 1590 et
1368 1559 1568 1602 promissam,
1585 1559 1777 1602 persolvere,
1798 1568 1833 1590 ac
1853 1557 1897 1590 di-

1158 1616 1225 1644 ctus
1240 1611 1402 1655 Philippus
1416 1622 1470 1644 rex
1484 1615 1514 1645 et
1534 1611 1600 1644 eius
1619 1611 1764 1653 ministri,
1780 1611 1896 1645 dictus-

1158 1674 1219 1708 que
1243 1664 1428 1697 Franciscus
1452 1664 1515 1697 dux
1539 1670 1569 1697 et
1599 1674 1731 1708 prorex,
1757 1674 1824 1697 eam
1842 1675 1896 1708 pe-

1159 1722 1224 1750 tere
1244 1722 1274 1750 et
1295 1717 1436 1761 recipere
1453 1717 1572 1761 absque
1587 1717 1797 1751 conscientiae
1814 1728 1898 1751 scru-

1158 1771 1243 1814 pulo,
1268 1781 1321 1804 scu
1345 1781 1550 1804 censurarum
1575 1775 1604 1804 et
1620 1781 1792 1815 poenarum
1810 1781 1898 1815 prae-

1159 1824 1314 1858 dictarum
1338 1824 1478 1866 incursu,
1502 1825 1602 1858 libere
1619 1829 1648 1857 et
1667 1824 1750 1858 licite
1767 1825 1898 1866 valeant,

1160 1879 1346 1912 auctoritate
1369 1880 1477 1912 nostra
1502 1878 1657 1912 concedas
1677 1883 1707 1911 et
1726 1877 1898 1922 indulgeas.

1205 1932 1219 1975 ξ
1234 1931 1262 1964 5.
1288 1932 1437 1976 Ipsosque
1451 1932 1719 1976 archiepiSCOPOS,
1733 1931 1900 1976 episcopos

1161 1990 1191 2019 et
1214 1985 1505 2027 archimandritam,
1530 1989 1559 2020 et
1581 1985 1656 2018 alias
1676 1995 1828 2029 personas
1851 1995 1900 2018 ec-

1161 2039 1360 2080 clesiasticas,
1378 2044 1408 2072 et
1432 2049 1540 2073 earum
1566 2039 1720 2081 singulas,
1745 2042 1900 2082 quatenus

1162 2093 1219 2137 ipsi
1244 2093 1358 2126 dictam
1392 2099 1491 2126 ratam
1522 2093 1583 2125 iam
1614 2091 1819 2136 promiserint
1848 2097 1901 2125 aut

1162 2146 1320 2188 solverint,
1346 2156 1468 2179 necnon
1493 2145 1639 2179 eumdem
1657 2145 1839 2189 Philippum
1856 2156 1902 2179 re-

1162 2210 1233 2242 gem
1248 2226 1255 2240 ‚
1280 2200 1409 2243 eiusque
1434 2198 1615 2238 ministros,
1645 2202 1675 2230 et
1698 2198 1901 2232 Franciscum

1162 2252 1273 2285 ducem
1298 2258 1328 2286 et
1347 2262 1517 2296 prorcgem
1536 2251 1703 2296 praefatos,
1717 2251 1742 2284 si
1759 2251 1902 2284 eamdem

1163 2311 1262 2339 ratam
1288 2306 1349 2339 iam
1374 2305 1595 2350 perceperint,
1628 2305 1666 2338 ab
1696 2305 1842 2338 omnibus
1873 2309 1904 2338 et

1163 2359 1294 2402 singulis
1310 2359 1452 2392 censuris
1465 2363 1495 2392 et
1508 2358 1629 2403 poenis,
1646 2363 1815 2402 propterea
1830 2368 1905 2401 quo-

1164 2412 1335 2446 modolibet
1360 2413 1503 2455 incursis,
1522 2412 1631 2445 eadem
1649 2411 1832 2445 auctoritate
1852 2411 1905 2444 ah-

1164 2466 1276 2506 solvas,
1302 2470 1331 2498 ct
1348 2465 1509 2499 absolutos
1525 2465 1592 2499 sore
1609 2475 1737 2498 censeas
1754 2469 1784 2497 et
1800 2464 1903 2497 decla-

1165 2530 1230 2559 res,
1248 2524 1278 2552 et
1294 2519 1378 2563 quod
1396 2530 1507 2553 omnes
1523 2525 1553 2553 et
1570 2519 1685 2562 singuli
1701 2517 1903 2563 pensionarii‚

1949 1937 2062 1962 Ipsumque
2078 1936 2099 1956 et

1915 1963 2072 1984 ecclesiasticos
2086 1968 2099 1981 a

1915 1990 2008 2011 censuris
2029 1988 2100 2009 absol-

1915 2016 1991 2039 vendi,
2008 2015 2025 2036 si
2047 2015 2098 2041 quid

1915 2044 1957 2064 iam
1992 2042 2100 2068 persolve-

393 2530 517 2552 remur:

194 2577 378 2631 possgssfflffiffffi'g
438 2574 453 2616 ἓ
482 2573 510 2605 lt.
545 2574 624 2613 Nos,
648 2573 828 2606 huiusmodi
853 2573 1132 2617 supplicationibus

196 2632 290 2654 Pontifex
314 2631 379 2653 sacul-
395 2626 543 2666 inclinati,
564 2627 747 2659 fraternitati
776 2632 843 2660 tuae
868 2637 924 2670 per
951 2629 1131 2671 praesentes

1165 2582 1219 2605 seu
1237 2572 1267 2613 ii,
1285 2573 1398 2616 quibus
1414 2572 1502 2606 loco¹
1528 2573 1715 2616 pensionum
1734 2571 1855 2604 fructus
1873 2571 1902 2603 in

1204 2638 1212 2661 1
1237 2635 1302 2664 Male
1321 2635 1384 2663 edit.
1405 2635 1483 2663 main.
1505 2635 1568 2671 legit
1589 2636 1648 2662 loca
1669 2635 1705 2670 (n.
1724 2634 1772 2670 r).
