2248 3229
273 253 322 280 An.
339 253 367 281 c.
390 253 458 282 1636
503 245 567 280 550

471 313 529 336 nos
553 313 607 336 seu
632 312 830 335 successores
853 308 978 335 nostros
997 302 1127 335 forsitan
1154 303 1212 335 im-

470 356 623 399 ponendis
646 355 911 398 quibuscumque,
932 355 1079 396 liberam,
1100 356 1211 389 immu-

471 419 542 441 nem
567 414 596 441 et
620 414 819 451 exemptam,
851 410 915 441 una
947 420 1018 442 eum
1051 413 1145 453 portu
1170 409 1209 442 ad

470 461 549 493 hanc
573 461 687 494 almam
709 461 835 501 Urbem,
853 462 1021 505 quotannis
1046 462 1078 494 in
1098 472 1209 506 perpe-

470 519 558 546 tuum
583 513 715 547 durante
739 514 920 548 huiusmodi
946 521 1060 557 monte,
1088 522 1117 548 et
1138 526 1209 559 pro-

468 567 719 609 portionabiliter
737 579 795 611 pro
813 570 897 609 rata,
923 569 1064 602 videlieet
1083 569 1121 602 de
1136 581 1209 613 qua-

467 619 627 653 drimestri
652 621 682 652 in
702 621 933 664 quadrimestre
957 623 1135 666 anticipatis
1160 634 1208 657 so-

467 672 638 705 lutionibus
650 673 680 705 in
690 674 834 707 manibus
848 685 903 707 seu
916 675 1016 708 banco
1026 676 1206 719 depositarii

467 725 561 759 huius
591 727 707 759 montis
736 728 783 760 vel
813 728 1001 761 thesaurarii
1026 730 1109 762 illius
1132 741 1206 774 pro-

467 779 603 820 vinciae,
629 782 678 814 cui
705 792 911 826 unaquaeque
943 785 1151 818 communitas
1177 790 1207 818 et

467 833 652 867 universitas
676 835 816 868 subiecta
840 842 887 869 est
912 837 958 869 vel
984 838 1052 870 erit.
1071 838 1127 877 Qui
1141 839 1206 883 qui-

466 885 536 919 dem
547 887 727 930 provinciae
737 889 951 923 thesaurarius
963 895 992 925 et
1005 891 1204 934 thesaurarii,

466 940 611 973 volumus
635 947 728 985 atque
753 942 962 985 decernimus,
985 945 1080 987 quod,
1101 946 1138 978 ad
1163 946 1206 978 in-

466 998 530 1026 star
554 1004 687 1027 onerum
713 996 926 1039 cameralium,
950 998 1129 1031 facultatem
1155 999 1206 1031 ha-

463 1046 557 1079 beant
581 1049 724 1090 exigendi
749 1049 848 1083 dictos
881 1051 1023 1094 fruetus,
1057 1053 1204 1097 quodque

465 1099 534 1132 illos
559 1100 597 1133 de
621 1101 763 1134 bimestri
789 1103 820 1135 in
845 1103 993 1137 bimestre
1014 1105 1044 1137 in
1068 1106 1130 1138 sine
1155 1118 1204 1139 cu-

465 1154 589 1186 iuslibet
602 1155 761 1188 bimestris
772 1158 1087 1200 proportionabiliter
1100 1165 1130 1192 et
1146 1171 1204 1203 pro

464 1210 530 1239 rata
555 1207 653 1240 libere
674 1214 701 1240 et
723 1209 854 1251 integre,
880 1211 943 1243 sive
961 1212 1124 1254 exegerint
1140 1213 1204 1246 sive

464 1262 723 1304 non,persolvere
735 1266 898 1296 teneantur
907 1264 1098 1308 depositario
1110 1266 1204 1299 huius

463 1314 577 1347 montis
608 1315 639 1347 iu
670 1315 752 1348 Urbe
785 1322 818 1348 ut
849 1317 929 1350 infra
963 1319 1201 1362 constituendo,

464 1367 574 1406 modis,
599 1368 723 1408 formis,
749 1369 995 1412 obligationibus
1020 1376 1049 1405 et
1074 1373 1202 1405 cautelis

463 1420 493 1452 in
517 1421 725 1455 solutionibus
749 1434 883 1456 onerum
909 1426 1112 1458 eameralium
1145 1427 1202 1470 ipsi

463 1485 606 1509 camerae
630 1477 779 1510 faciendis
805 1478 896 1520 fieri,
921 1480 1039 1512 servari
1065 1486 1094 1513 et
1118 1481 1203 1513 adhi-

463 1529 530 1561 beri
555 1530 674 1572 solitis,
709 1537 738 1563 et.
769 1531 807 1564 ad
838 1532 897 1565 hoc
926 1534 1019 1565 etiam
1045 1534 1074 1565 in
1099 1535 1201 1567 forma

462 1593 606 1616 camerae
623 1590 749 1617 nostrae
766 1586 956 1628 apostolieae
977 1597 1044 1620 sese
1061 1587 1200 1630 obligare

461 1642 635 1669 teneantur.
661 1637 910 1672 Communitates
927 1650 1000 1672 vero
1026 1646 1055 1673 et
1081 1641 1201 1673 univer-

461 1690 566 1724 sitates
580 1691 611 1723 in
626 1692 769 1725 manibus
791 1693 1026 1736 praedictorum
1045 1695 1202 1727 thesaura-

461 1743 580 1776 riorum
598 1755 653 1777 seu
670 1746 804 1778 aliorum
822 1753 1003 1780 exactorum
1020 1748 1202 1790 persolvere

461 1802 490 1828 et
515 1797 695 1838 exbursare,
720 1809 756 1832 ae
781 1805 842 1831 tam
869 1811 927 1843 pro
952 1800 1133 1833 huiusmodi
1156 1812 1202 1834 so-

460 1850 651 1891 lutionibus,
686 1858 717 1884 ut
749 1863 867 1895 supra,
902 1854 1074 1894 faciendis,
1106 1866 1199 1898 quam

460 1904 544 1935 omni
571 1910 601 1936 et
624 1915 822 1949 quacumque
850 1907 1002 1940 evictione
1035 1913 1064 1939 et.
1094 1907 1200 1940 defen-

460 1957 546 1990 sione
560 1959 700 2000 generali
721 1965 750 1991 et
769 1960 950 2003 particulari
974 1961 1101 1994 illorum
1118 1962 1202 1995 loeo-

460 2022 531 2043 rum
556 2012 708 2052 omnium,
733 2024 790 2056 pro
816 2014 929 2056 quibus
955 2015 986 2046 in
1012 2016 1069 2048 hoc
1092 2022 1199 2049 monte

459 2070 550 2096 erunt
567 2069 600 2098 ut
623 2076 718 2108 supra
738 2067 917 2111 participes,
935 2078 990 2111 per
1008 2079 1081 2101 suos
1098 2075 1200 2102 certos

458 2126 679 2160 procuratores
703 2119 735 2151 in
760 2120 886 2163 publico
912 2126 941 2153 et
965 2123 1103 2164 generali
1130 2134 1200 2156 eou-

458 2171 528 2203 silio
548 2171 586 2204 ad
610 2171 640 2204 id
665 2172 830 2215 deputatos
856 2178 885 2207 et
908 2176 1109 2218 approbatos,
1128 2187 1198 2219 pro-

459 2224 592 2265 mittere,
617 2233 859 2270 praesentesque
874 2234 996 2261 nostras
1016 2229 1135 2262 litteras
1154 2241 1199 2262 ra-

460 2277 587 2318 titieare,
602 2289 637 2311 ae
650 2289 717 2312 sese
731 2284 884 2313 eteorum
900 2281 992 2322 bona,
1006 2282 1154 2315 introitus
1168 2288 1198 2315 et

458 2331 525 2363 iura
545 2341 773 2375 quaecumque,
791 2333 884 2365 etiam
902 2333 933 2366 in
951 2335 1097 2378 ampliori
1118 2336 1198 2368 eius-

457 2384 527 2416 dem
552 2396 695 2418 camerae
717 2387 907 2430 apostolieae
927 2388 1042 2430 forma,
1067 2395 1097 2421 et
1120 2388 1195 2421 sub¹

457 2438 642 2481 iuramento,
668 2440 829 2482 obligare,
855 2451 909 2473 seu
933 2441 1195 2483 ratiticationum,

456 2492 700 2534 fii-omissionum
723 2499 753 2526 et
771 2494 999 2537 obligationum
1025 2496 1196 2539 praedicta-

457 2555 525 2577 rum
551 2545 731 2579 huiusmodi
754 2547 879 2590 publica
905 2554 934 2581 et
954 2549 1133 2582 authentica
1155 2549 1196 2581 in-

1056 254 1236 278 nummum
1259 254 1414 280 Romnum

1245 307 1388 335 neantur.
1421 302 1484 336 Nos
1516 304 1600 336 enim
1629 313 1736 337 earum
1760 304 1989 338 ratificationes-

1244 361 1274 388 et
1299 356 1524 398 obligationes,
1549 361 1579 390 et
1602 356 1737 401 desuper
1765 359 1904 397 confecta
1929 358 1980 392 in·-

1245 414 1420 442 strumenta
1439 409 1637 450 huiusmodi,
1659 420 1696 443 ex
1712 420 1812 452 nunc,
1828 417 1922 455 prout
1945 422 1982 445 ex

1245 467 1332 503 tunc,
1357 463 1570 507 approbamus
1595 468 1625 496 et
1649 464 1890 505 confirmamus,
1914 476 1982 498 orn-

1243 526 1361 559 nesque
1386 522 1416 549 et
1440 517 1580 559 singulos
1605 522 1667 550 tam
1692 517 1769 550 iuris
1793 528 1888 561 quam
1910 518 1981 552 facti

1243 569 1392 610 desectus,
1418 570 1443 603 si
1469 571 1522 614 qui
1547 571 1773 604 intervenerint
1792 571 1823 604 in
1847 571 1981 614 eisdem,

1243 623 1435 667 supplemus.
1461 625 1505 657 Ac
1529 624 1654 658 easdem
1680 624 1921 658 communitates
1954 629 1983 659 et

1242 676 1459 710 universitates
1484 688 1594 711 omnes
1619 684 1649 711 et
1673 678 1815 721 singulas
1841 677 1982 722 supradi-

1242 729 1349 771 dietas,
1374 741 1455 774 quae
1480 737 1514 763 ut
1538 742 1633 775 supra
1657 732 1689 764 in
1712 732 1774 765 hoe
1799 737 1904 765 monte
1929 731 1982 764 ad-

1242 783 1355 816 missae
1379 784 1516 824 fuerint,
1545 795 1580 817 ao
1611 785 1812 819 ratifieabunt
1844 790 1874 818 et
1904 784 1982 818 obli-

1241 837 1362 879 gabunt
1396 848 1503 870 earum
1542 838 1644 880 bona,
1677 838 1824 872 introitus
1852 842 1882 872 et
1912 838 1981 871 iura

1242 901 1462 935 quaecumque
1487 891 1663 935 praesentia
1676 897 1706 924 et
1720 892 1826 924 sutura
1850 891 1982 925 ubilibet

1241 944 1412 986 existentia,
1430 955 1488 988 pro
1509 944 1656 977 omnibus
1681 949 1711 977 et
1735 944 1866 987 singulis
1893 955 1982 988 prae-

1241 997 1344 1030 missis
1365 1002 1394 1032 et
1417 998 1665 1041 praemissorum
1686 998 1861 1039 occasione,
1887 998 1980 1030 etiam

1240 1050 1271 1083 in
1295 1051 1397 1084 soi-ma
1412 1062 1556 1085 camerae
1572 1057 1697 1085 nostrae
1712 1052 1902 1096 apostolieae
1918 1063 1981 1085 am-

1239 1104 1331 1146 pliori
1357 1110 1383 1137 et
1410 1105 1543 1148 pleniori
1573 1106 1826 1150 generaliterque
1856 1110 1884 1140 et
1911 1116 1980 1149 spe-

1239 1157 1358 1190 cialiter
1384 1164 1413 1190 et
1438 1169 1586 1202 expresse
1611 1159 1788 1202 oblIgamus
1813 1164 1843 1192 et
1875 1159 1979 1202 hypo-

1239 1211 1412 1253 thecamus,
1433 1216 1463 1246 et
1479 1213 1617 1255 obligata
1636 1219 1666 1246 et
1686 1213 1894 1257 hypotheeata
1912 1222 1978 1245 esse

1240 1266 1384 1298 volumus
1403 1272 1432 1298 et
1446 1266 1662 1299 declaramus:
1688 1276 1886 1309 annuamque
1899 1277 1979 1298 sum-

1238 1330 1320 1351 mam
1346 1330 1403 1362 pro
1428 1319 1581 1352 fructibus
1598 1320 1726 1353 illorum
1744 1321 1898 1360 locorum,
1920 1330 1979 1363 pro

1237 1371 1351 1415 quibus
1384 1372 1415 1404 in
1447 1372 1529 1405 dicto
1554 1378 1660 1406 monte
1693 1379 1785 1406 erunt
1818 1378 1851 1405 ut
1881 1383 1978 1416 supra

1238 1425 1429 1470 participes,
1455 1426 1549 1459 modo
1578 1432 1608 1458 et
1639 1427 1741 1460 forma
1771 1437 1806 1459 ae
1836 1426 1978 1459 terminis

1237 1484 1265 1511 et
1290 1478 1367 1511 locis
1392 1479 1507 1522 quibus
1525 1490 1619 1523 supra
1639 1480 1855 1523 persolvendis
1873 1490 1980 1514 neees-

1236 1532 1362 1573 sariam,
1387 1533 1473 1565 illam
1499 1533 1543 1566 sie
1568 1539 1601 1566 ut
1626 1544 1721 1576 supra
1750 1534 1916 1576 integram,
1941 1533 1978 1565 li-

1236 1585 1429 1629 beramque,
1455 1586 1629 1619 immunem
1655 1593 1685 1619 et
1710 1591 1909 1631 exemptam,
1940 1597 1975 1619 ex

1236 1640 1489 1684 quibuscumque
1515 1651 1624 1673 eorum
1649 1641 1846 1680 introitibus,
1871 1640 1975 1673 reddi—

1237 1693 1318 1726 tibus
1343 1699 1373 1726 et
1396 1694 1600 1737 proventibus
1623 1694 1791 1727 ordInariis
1819 1699 1848 1726 et
1873 1700 1975 1727 extra-

1235 1747 1414 1787 ordinariis,
1432 1748 1526 1780 eertis
1543 1752 1572 1782 et
1592 1748 1729 1788 incertis,
1747 1748 1976 1780 dismembrati-

1237 1804 1280 1833 tes
1305 1805 1334 1832 ct
1359 1806 1560 1844 separantes,
1586 1801 1687 1833 eidem
1717 1801 1816 1834 monti
1845 1801 1975 1844 eiusque

1235 1854 1368 1897 collegio
1394 1860 1423 1887 et
1447 1855 1560 1887 suturis
1585 1854 1796 1888 creditoribus
1826 1859 1855 1888 et
1880 1865 1973 1888 mon-

1236 1907 1314 1939 tistis
1340 1908 1509 1951 praedietis
1530 1914 1683 1952 perpetuo
1700 1909 1906 1951 assignamus,
1924 1919 1976 1952 ap-

1234 1962 1388 2004 plicamus
1402 1968 1431 1994 et
1448 1962 1705 2006 appropriamus,
1720 1968 1759 2003 et,
1773 1962 1876 2006 quoad
1888 1962 1974 1995 illam

1234 2015 1380 2058 illiusque
1405 2016 1538 2048 liberam
1564 2016 1810 2059 perceptionem,
1836 2016 1974 2048 exactio-

1234 2079 1305 2101 nem
1318 2074 1348 2101 et
1359 2069 1640 2112 consignationem,
1652 2070 1683 2102 in
1695 2080 1786 2103 omne
1800 2069 1858 2110 ius,
1868 2070 1973 2102 locum

1234 2126 1263 2155 et
1287 2122 1488 2165 privilegium
1510 2123 1692 2156 earumdem
1711 2123 1972 2156 communitatum

1233 2180 1263 2207 et
1288 2176 1526 2209 universitatum
1555 2176 1723 2220 ponimus,
1755 2176 1973 2209 substituimus

1233 2235 1262 2261 et
1286 2229 1505 2272 subrogamus.
1523 2230 1748 2263 Deiieientibus
1767 2235 1871 2262 autem
1889 2240 1972 2263 eom-

1232 2282 1436 2316 niunitatibus
1461 2288 1490 2315 et
1510 2283 1766 2316 universitatibus
1784 2283 1971 2327 supradietis

1231 2336 1262 2367 in
1287 2336 1495 2370 solutionibus
1520 2337 1559 2370 de
1583 2337 1805 2380 quadrimestri
1831 2337 1863 2369 in
1888 2347 1966 2380 qua-

1231 2388 1397 2422 drimestre
1423 2395 1456 2422 ut
1481 2400 1576 2433 supra
1592 2390 1753 2430 faciendis,
1770 2391 1889 2434 possint
1906 2390 1971 2422 the-

1231 2443 1364 2475 saurarii
1390 2449 1419 2476 et
1444 2454 1554 2476 eorum
1575 2449 1738 2476 exactores
1763 2449 1872 2476 eontra
1896 2443 1968 2476 eos¹

1230 2496 1404 2539 procedere
1429 2508 1499 2530 cum
1526 2497 1643 2530 eisdem
1669 2497 1852 2540 privilegiis,
1871 2496 1969 2529 sacul-

1231 2550 1344 2583 tatibus
1370 2556 1398 2583 et
1421 2551 1667 2594 praerogativis,
1699 2549 1812 2593 quibus
1836 2549 1866 2582 in
1892 2560 1968 2582 exa-

457 2603 629 2630 strumenta
660 2600 692 2631 in
724 2600 839 2633 eisdem
871 2601 947 2634 actis
973 2602 1125 2634 exhibere
1150 2606 1193 2635 te·
1209 2596 1212 2645 ξ
1229 2603 1385 2635 etionibus
1410 2603 1618 2636 cameralibus
1643 2602 1711 2636 fieri
1729 2607 1758 2635 et
1775 2601 1902 2645 procedi
1922 2613 1968 2635 so-

496 2662 499 2684 t
522 2660 666 2694 Perperani
684 2667 709 2687 ut
726 2667 788 2696 puto
803 2663 845 2690 ed.
859 2663 936 2690 Main.
950 2664 1012 2697 legit
1028 2672 1076 2691 suto
1089 2665 1128 2698 (a.
1144 2669 1190 2697 T.).

1266 2667 1272 2687 t
1294 2665 1447 2700 Legeutluiu
1463 2666 1528 2693 soret
1545 2674 1592 2692 cas
1607 2666 1644 2699 (R.
1657 2666 1705 2699 T.).

1996 255 2046 284 An.
2063 255 2092 284 C.
2113 257 2181 285 1636
