2248 3229
236 199 286 228 An.
303 200 331 229 C.
354 202 418 231 1631

466 195 532 228 ⁶224

437 253 646 294 existentium,
673 264 690 286 a
717 244 872 297 periculisv
889 258 920 286 ct
945 253 1174 287 calamitatibus

436 306 617 339 huiusmodi
641 307 796 339 immunes
808 306 958 339 hactenus
972 311 1173 340 conservatae

437 364 467 392 et
489 359 567 391 aliae
591 359 683 392 etiam
708 359 858 391 liberatae
882 359 1011 399 suerint;
1036 369 1113 400 nos,
1139 366 1173 392 ut

436 411 654 444 christifideles
667 411 820 455 praedicti
840 412 1021 445 caelestium
1045 412 1173 445 misera-

435 465 555 497 tionum
576 464 696 497 fructus
713 464 841 497 uberius
859 465 1009 510 consequi
1030 476 1171 498 merean-

436 520 496 555 tur,
522 517 716 560 peramplius
739 517 907 561 providere
927 518 1084 559 volentes,
1111 524 1171 551 tarn

433 569 643 612 praeinsertas
655 580 748 614 quam
767 570 842 603 alias
867 571 1001 604 subinde
1015 572 1172 615 expeditas

433 622 553 655 litteras
576 623 763 666 praedictas,
783 634 855 656 cum
885 624 1032 658 omnibus
1056 630 1087 658 et
1110 626 1172 658 sin-

408 704 410 706 .
434 675 516 717 gulis
540 675 572 707 in
596 675 640 708 eis
665 677 819 710 contentis
850 677 1115 719 concessionibus,
1134 679 1174 711 sa-

434 727 610 770 cultatibus,
636 728 775 769 indultis,
792 729 1004 772 indulgentiis,
1026 731 1173 764 clausulis

434 786 464 813 ct
487 781 642 822 ‹elect-etiS,
674 782 712 814 ad
744 787 808 815 tres
841 793 964 817 menses
991 784 1172 828 proximOS,

434 835 597 876 videlicet,
623 835 721 876 iunii,
747 836 814 869 iulii
838 841 868 870 et
891 838 1035 880 augusti,
1060 838 1174 882 quibus

434 889 629 931 durantibus,
655 889 679 922 si
702 890 809 923 onmia
833 896 864 923 et
888 891 1011 934 singula
1027 892 1059 924 in
1083 903 1173 935 prae-

435 941 559 974 insertis
572 942 683 975 litteris
698 953 846 987 expressa
863 943 937 977 dicti
955 944 1174 978 christifideles

433 995 692 1039 adimpleverint,
717 1007 753 1030 ac
777 997 872 1030 etiam
896 1009 955 1042 pro
987 998 1067 1031 felici
1092 1004 1173 1032 statu

432 1048 594 1091 roligionis
618 1050 790 1083 catholicae
811 1051 843 1083 in
862 1051 1030 1084 Germania
1048 1052 1171 1093 devote,

432 1106 466 1134 ut
488 1103 673 1145 praefertur,
694 1104 864 1144 oraverint,
882 1105 926 1137 illi
944 1116 1053 1138 omnes
1070 1109 1100 1139 et
1114 1106 1173 1139 sin-

389 1160 390 1163 ’
432 1155 521 1197 gulas
544 1155 754 1198 indulgentias
778 1162 808 1189 et
831 1162 1034 1200 peccatorum
1060 1159 1172 1191 remis-

306 2279 419 2304 sternentia

235 2308 387 2327 contrariorum
400 2309 417 2327 el

235 2333 286 2352 lille*
314 2335 418 2354 transum-

235 2361 323 2384 plerum,

432 1208 535 1241 siones
559 1209 744 1251 praedictas,
770 1220 841 1242 cum
867 1210 1011 1243 omnibus
1036 1211 1168 1244 faculta-

432 1260 524 1302 tibus,
550 1261 659 1303 gratiis
677 1266 707 1294 et
726 1262 854 1295 indultis
879 1263 1071 1304 huiusmodi,
1097 1274 1171 1297 eon-

432 1313 520 1357 sequi
534 1314 663 1356 valeant,
678 1315 862 1348 auctoritate
880 1315 1050 1358 praedicta,
1064 1321 1172 1349 tenore

432 1367 796 1410 praesentium,.iterum
824 1369 1021 1401 extendimus
1046 1374 1076 1402 et
1099 1381 1172 1413 pro-

433 1430 599 1462 rogamus,
614 1431 735 1453 necnon
751 1421 796 1462 iis,
812 1421 876 1465 qui,
891 1423 1072 1455 carumdem
1086 1433 1173 1466 prae-

433 1473 621 1506 insertarum
653 1474 848 1516 litterarum,
879 1475 1043 1508 illaruinve
1068 1480 1172 1510 exten-

433 1527 567 1568 sionum,
585 1533 619 1560 ut
636 1539 731 1571 snpra
751 1528 914 1569 saetarum,
935 1530 1058 1572 vigore,
1076 1529 1171 1562 indul-

433 1581 555 1623 gentias
580 1587 605 1614 et
630 1587 831 1625 peccatorum
856 1583 1057 1616 remissiones
1080 1593 1172 1626 prae-

433 1634 530 1667 dictas
556 1635 739 1678 consequuti
766 1635 826 1667 iam
853 1641 933 1676 sunt,
959 1636 984 1668 si
1013 1636 1119 1669 onmia
1143 1642 1172 1669 et

434 1688 556 1730 singula
581 1688 611 1720 in
637 1688 840 1732 praeinsertis
858 1687 970 1721 litteris
990 1689 1171 1722 huiusmodi

434 1746 580 1774 contenta
605 1746 635 1774 et
659 1752 806 1784 expressa
824 1742 923 1774 tribus
941 1742 1100 1775 mensibus
1114 1753 1171 1786 per

433 1800 613 1838 praesentes
645 1795 822 1837 prorogatis
854 1795 1039 1828 durantibus
1067 1796 1171 1828 denuo

434 1847 689 1890 adimpleverint,
715 1858 750 1879 ac
775 1849 868 1880 etiam
895 1859 953 1891 pro
979 1849 1059 1880 l'elici
1092 1854 1171 1881 statu

434 1901 595 1943 religionis
619 1901 790 1933 catholicae
815 1901 845 1933 in
871 1902 1037 1934 Germania
1051 1902 1171 1941 devote,

433 1959 466 1987 ut
491 1956 677 1997 praelertur,
694 1954 861 1993 oraverint,
877 1958 909 1987 ut
927 1955 1049 1986 easdem
1064 1965 1172 1987 omnes

434 2008 630 2050 etsingulas
663 2007 874 2049 indulgentias
906 2014 933 2039 et
968 2013 1170 2051 peccatorum

435 2061 651 2099 remissiones,
678 2072 748 2093 eum
773 2061 921 2094 omnibus
955 2061 1171 2101 lacultatibus,

435 2115 542 2157 gratiis
559 2119 589 2146 et
609 2114 736 2146 indultis
761 2115 940 2157 praedietis,
962 2115 1076 2147 iteruin
1102 2125 1172 2147 eon-

436 2169 524 2211 sequi
542 2169 673 2205 valeant,
699 2168 883 2200 auctoritate
902 2174 931 2200 ct.
953 2174 1060 2200 tenore
1084 2179 1171 2212 prae-

435 2222 525 2254 dietis
550 2221 762 2255 concedimus.

479 2275 535 2319 §3
553 2277 619 2309 Non
634 2275 833 2308 obstantibus
849 2275 994 2308 omnibus
1010 2276 1072 2308 illis
1093 2286 1171 2319 qnae

434 2329 464 2361 in
490 2329 580 2361 dictis
609 2328 721 2360 litteris
752 2329 907 2361 voluimus
938 2339 999 2361 non
1024 2329 1170 2368 obstare,

434 2382 610 2425 ceterisque
646 2382 810 2416 contrariis
841 2382 1100 2425 ‹tpiibuscumque
1136 2382 1172 2414 Ut

434 2440 537 2467 autem
555 2440 735 2479 praesentes
750 2435 871 2467 litterae
891 2435 1012 2468 facibus
1026 2435 1171 2468 omnibus

435 2489 638 2530 innotescant,
658 2489 802 2522 volumus
826 2494 859 2521 ut
883 2489 1066 2521 earumdem
1084 2498 1171 2532 prae-

435 2541 567 2573 sentium
599 2542 823 2585 transumptis,
858 2542 951 2574 etiam
989 2541 1169 2585 impressis,

435 2604 531 2627 manu
556 2595 686 2627 alicuius
706 2595 817 2628 notarii
835 2595 953 2638 publici
971 2594 1170 2637 subscriptis,

1017 205 1196 230 BULLARIUM
1220 205 1374 230 ROMANUM

1956 206 2005 235 An.
2022 207 2050 235 C.
2071 207 2138 236 1631

1208 258 1238 286 et
1258 253 1360 296 sigillo
1383 262 1536 297 personae
1563 255 1596 287 in
1624 255 1773 298 dignitate
1798 255 1945 289 ecelesia-

1207 307 1284 340 stica
1309 306 1495 340 constitutae
1516 307 1655 348 munitis,
1679 309 1787 341 eadem
1811 319 1944 353 prorsus

1207 359 1324 403 ubique
1349 359 1426 392 fides
1451 359 1647 401 adhibeatur,
1665 371 1745 404 quae
1762 362 1838 405 ipsis
1857 372 1946 406 prae-

1207 412 1346 445 sentibus
1371 411 1592 454 adhiberetur,
1618 412 1643 445 si
1667 413 1770 446 forent
1789 414 1945 448 exhibitae

1207 466 1254 498 vel
1279 470 1431 498 ostensae.

1249 518 1376 552 Datum'
1386 520 1513 562 Romae,
1537 519 1619 563 apud
1643 520 1672 553 S.
1697 519 1826 553 Mariam
1851 521 1945 554 Maio-

1208 582 1284 613 rem,
1301 572 1359 604 sub
1377 572 1492 605 annulo
1510 572 1687 613 piscatoris,
1708 573 1758 606 die
1777 583 1854 606 xxix
1871 574 1946 607 maii

1207 635 1355 665 tieexxxl,
1380 625 1580 668 pontificatus
1603 626 1703 659 nostri
1723 636 1804 660 anno
1822 636 1887 660 v111.

1243 688 1301 715 Dat.
1319 687 1362 715 die
1377 687 1410 715 29
1423 687 1487 715 maii
1504 688 1581 722 1631,
1603 688 1698 723 pontif.
1715 697 1785 716 anno
1800 696 1838 717 ix.

1540 830 1611 863 CDI.

1209 910 1396 944 Conmm'ssio
1410 909 1648 952 archiepiscopo
1659 909 1896 951 ⁴Bracltctrcusi⁷
1917 916 1945 943 e!

1251 962 1406 1006 episcopis
1418 962 1643 1006 suffraganeis,
1659 966 1695 995 ut
1713 962 1881 995 inhibeam
1899 963 1946 995 iu-

1251 1015 1377 1048 dicibus
1404 1015 1625 1054 secularibus,
1659 1025 1699 1047 ue
1724 1025 1837 1048 causas
1861 1016 1946 1048 civi—

1251 1068 1294 1101 les
1307 1069 1505 1101 mamutium
1521 1068 1796 1102 monasteriorum
1811 1068 1946 1102 Ordinis

1249 1122 1352 1154 sancti
1375 1121 1554 1161 Benedicti,
1582 1122 1618 1154 in
1653 1122 1720 1154 suis
1754 1121 1946 1155 dioecesibus

1250 1175 1468 1215 eminentium,
1488 1174 1558 1207 ullo
1577 1174 1669 1207 modo
1686 1185 1869 1218 coquoscere
1889 1185 1945 1207 au-

1250 1227 1357 1260 deaut.

1254 1307 1480 1335 Venerabilihus
1501 1308 1646 1336 fratribus
1667 1308 1896 1342 archiepiscopo

1206 1352 1413 1385 macharensi,
1429 1355 1460 1379 et
1479 1352 1627 1386 episcopis
1649 1352 1715 1380 eius
1736 1352 1944 1388 suffraganeis,

1398 1406 1536 1433 Urbanus
1571 1407 1650 1440 Papa
1681 1407 1757 1434 vm.

1412 1468 1606 1496 Venerabiles
1619 1469 1740 1502 fratres,

1254 1513 1382 1540 salutem
1397 1515 1426 1540 et
1442 1513 1636 1547 apostolicam
1649 1513 1898 1542 benedictionem.

1250 1585 1264 1625 ᾗ
1291 1584 1319 1617 l.
1338 1584 1423 1626 (lum,
1445 1584 1525 1617 sicut
1540 1584 1630 1617 nobis
1650 1595 1752 1628 nuper
1769 1585 1883 1628 exponi
1900 1585 1943 1618 se-
1979 1593 2143 1625 Catisaecnnes

1207 1629 1301 1678 cistis,
1320 1638 1350 1669 in
1368 1637 1478 1670 vestris
1503 1637 1699 1670 dioecesibus
1716 1638 1849 1670 existant
1865 1648 1942 1672 non-
1958 1622 2143 1685 {fff'fffiffifflss

1205 1690 1290 1722 nulla
1315 1690 1505 1723 monasteria
1531 1690 1713 1723 monialium
1732 1691 1856 1724 Ordinis
1877 1702 1944 1724 san·
1959 1674 2143 1726 iiiiiililsu'ssighii]

1206 1744 1245 1775 cti
1267 1743 1423 1776 Benedicti
1449 1744 1559 1776 vestris
1584 1744 1851 1777 iurisdictionibus
1881 1750 1944 1778 tani
1959 1727 2081 1748 “chaumr'

1207 1796 1236 1828 in
1272 1797 1485 1840 sl‘iiritnalibns
1517 1807 1611 1840 quain
1642 1797 1868 1840 temporalibus
1892 1808 1944 1831 su-

1208 1850 1306 1882 biecta
1330 1850 1481 1893 privative
1505 1850 1608 1893 quoad
1633 1861 1743 1883 onmes
1774 1851 1859 1884 iuxta
1882 1852 1945 1884 sor·
1982 1885 1989 1891 ,

1207 1913 1289 1935 mam
1318 1903 1397 1935 sacri
1423 1903 1550 1936 Cone-ilii
1575 1904 1747 1936 Tridentini
1772 1909 1801 1937 et
1834 1915 1941 1938 sacro-

1207 1967 1276 1988 rum
1302 1966 1468 1997 canonum,
1494 1962 1524 1988 et
1548 1957 1751 1989 nihilominus
1776 1959 1945 1991 nonnullae

1206 2020 1359 2052 personae
1391 2010 1546 2042 seculares
1578 2010 1762 2042 conveniant
1795 2010 1945 2043 moniales

1208 2063 1471 2095 monasteriorum
1509 2062 1742 2106 praedictorum
1777 2063 1807 2095 in
1844 2064 1945 2097 causis

1206 2116 1366 2155 civilibus,
1392 2117 1423 2148 in
1447 2116 1561 2160 quibus
1586 2116 1671 2159 ipsae
1696 2122 1767 2149 sunt
1791 2128 1874 2157 reae,
1896 2128 1945 2150 co-

1207 2180 1271 2200 ram
1288 2169 1442 2201 iudicibus
1462 2169 1664 2210 secularibus,
1684 2169 1741 2201 sub
1758 2170 1833 2202 salso
1854 2180 1945 2213 prae-

1208 2226 1291 2254 textu
1316 2221 1398 2265 quod
1417 2222 1516 2254 dictae
1538 2222 1689 2254 moniales
1707 2222 1738 2254 in
1754 2222 1802 2254 his
1820 2222 1943 2258 casibus

1206 2285 1267 2307 non
1293 2275 1426 2306 habeant
1450 2275 1629 2318 superiores
1655 2275 1685 2307 in
1710 2285 1808 2317 regno
1838 2275 1945 2307 Portu-

1206 2327 1325 2369 galliae,
1345 2327 1375 2359 in
1391 2327 1561 2359 maximum
1578 2327 1807 2370 praeiudicium
1829 2331 1858 2360 et
1875 2337 1945 2360 eon-

1205 2380 1359 2413 fusionem
1385 2380 1608 2413 iurisdictionis
1633 2380 1876 2413 ecclesiasticae:

1249 2434 1263 2476 ἓ
1287 2434 1315 2465 0.
1343 2434 1415 2473 Nos,
1440 2434 1470 2465 in
1496 2434 1675 2477 praemissis
1695 2438 1846 2477 quantum
1872 2443 1942 2465 cum
1959 2438 2147 2492 sioarulissffligss

1205 2487 1338 2520 [leniino
1369 2498 1537 2530 possumus
1568 2492 1746 2531 opportune
1776 2486 1943 2530 providere
1958 2498 1985 2539 {³2⁰
1997 2492 2145 2544 efrssfflissffiss

1206 2541 1354 2581 volentes,
1380 2541 1663 2584 siq‘qilicationibus
1687 2544 1790 2572 vestro
1815 2539 1943 2572 nomine
1958 2535 2144 2598 {ffirffgaffissgf

1205 2594 1294 2627 nobis
1319 2604 1415 2638 super
1439 2594 1684 2627 hoc‘lnnniliter
1717 2592 1870 2636 porrectis
1894 2592 1942 2625 in·
2141 2587 2146 2592 ”
