2248 3229
123 183 174 212 An.
191 183 220 212 C.
238 183 308 213 1634

146 1108 265 1131 clausulae.

185 1591 300 1621 Derogatio

116 1621 277 1641 contrariorum.

933 184 1076 210 URBANUS

319 234 552 275 cognoscantur
579 230 617 264 ab
645 231 814 266 ordinariis
838 232 1003 275 locorum,
1033 234 1064 267 in

319 284 457 331 secunda
478 294 496 318 a
520 286 781 330 metropolitano,
806 286 837 320 in
862 288 956 321 tertia
981 298 999 321 a
1020 288 1064 322 di-

318 332 400 372 lecto
424 338 490 373 filio
515 339 668 374 moderno
688 345 718 374 ct
746 352 805 385 pro
830 346 974 386 tempore
998 343 1063 376 exi-

319 397 420 426 stent'e
444 393 476 426 in
501 393 584 427 dicto
609 404 708 437 regno
729 394 876 429 Poloniae
893 396 1001 430 nuntio
1019 396 1063 440 (in

318 446 450 491 reliquis
474 447 646 488 instantiis,
675 448 769 481 etiam
798 441 1006 484 restitutionis
1030 450 1062 483 in

318 501 487 544 integrum,
505 505 535 535 et
551 501 583 534 in
600 501 737 535 secunda
762 501 917 544 instantia,
938 503 1063 547 quando

318 554 578 599 metropolitanus
612 555 658 588 uti
694 555 873 589 ordinarius
901 556 932 589 in
959 556 1062 600 prima

319 608 466 642 instantia
491 609 664 652 cognoscit,
693 610 931 643 committemus
950 620 1063 643 causae

318 662 566 707 appellationum
588 663 768 697 nullitatuin
789 675 847 708 per
867 664 1061 707 signaturam

318 716 455 750 iustitiae
480 717 559 750 infra
585 722 707 750 certum
733 723 866 761 tempus,
884 723 913 751 et
933 717 964 750 in
988 728 1079 761 paiz,

319 770 412 811 tibus,
429 770 522 804 alicui
547 781 583 803 ex
609 771 768 815 episcopis
785 772 833 804 vel
854 770 1061 814 suffraganeis

320 823 351 856 in
368 823 479 857 eodem
497 834 596 867 regno
613 835 671 869 pro
689 830 833 869 tempore
847 824 1061 865 existentibus,

319 889 398 922 quos
422 888 532 912 omnes
549 889 608 922 pro
627 878 809 912 huiusmodi
835 879 935 911 causis
960 878 1079 912 cri1ni-=

318 932 441 965 nalibus
466 932 694 976 cognoscendis
718 937 747 966 et
771 932 976 966 terminandis
1000 933 1061 966 lia-

318 986 504 1030 bilitanius),
528 986 700 1030 apostolica
725 986 927 1027 auctoritate,
952 991 1079 1020 ten0re=

318 1040 547 1085 praesentium,
569 1039 771 1073 concedimus
796 1045 825 1072 et
850 1040 1059 1084 indulgemus.

362 1095 377 1139 ἓ
401 1094 430 1128 ⁶2.
448 1094 657 1128 Decernentes
677 1098 861 1138 praesentes
878 1094 997 1127 litteras
1014 1106 1062 1128 va-

317 1149 406 1190 lidas,
423 1149 532 1182 firmas
557 1153 588 1182 et
607 1149 750 1182 efficaces
771 1148 905 1182 existere
929 1154 959 1182 et
982 1149 1059 1192 sore,
1077 1170 1079 1188 ᾗ

316 1213 454 1247 suosque
470 1202 630 1246 plenarios
647 1207 678 1235 et
694 1202 834 1245 integros
852 1202 980 1236 effectus
998 1214 1062 1236 sor-

316 1256 368 1290 tiri
392 1261 423 1290 et
446 1255 601 1298 obtinere,
622 1266 658 1289 ac
677 1256 715 1289 ab
736 1256 883 1289 omnibus
909 1261 938 1288 et
958 1256 1062 1299 singu-

316 1311 364 1352 lis,
382 1311 420 1344 ad
445 1321 524 1354 quos
549 1315 668 1354 spectat
692 1315 722 1344 et
746 1321 804 1354 pro
829 1315 973 1354 tempore
994 1321 1062 1355 spc-

316 1364 420 1406 ctabit,
438 1364 661 1397 inviolabiliter
681 1363 853 1405 observari,
871 1364 1060 1408 irritumque

313 1423 345 1469 et
362 1418 454 1451 inane
471 1418 625 1462 quidquid
649 1428 738 1452 secus
763 1428 857 1462 super
873 1417 922 1451 his
945 1428 962 1450 a
986 1429 1061 1461 quo-

316 1483 420 1516 quam,
435 1472 544 1516 quavis
558 1471 753 1513 auctoritate,
766 1472 901 1505 scienter
914 1472 961 1505 vel
975 1472 1062 1515 igno-

315 1532 432 1567 ranter,
458 1526 626 1569 contigerit
650 1526 806 1560 attentari.

360 1581 375 1624 g
398 1579 428 1613 3.
453 1580 522 1613 Non
548 1578 745 1613 obstantibus
767 1578 928 1622 quibusvis
949 1580 1061 1613 consti—

314 1632 489 1667 tutionibus
519 1636 549 1667 et
578 1632 831 1666 ordinationibus
856 1632 1058 1676 apostolicis,

315 1698 350 1720 ac
367 1697 639 1732 quarumcumque
665 1686 881 1727 ecclesiarum,
901 1686 995 1719 ctiam
1016 1687 1059 1720 iu-

315 1746 458 1775 ramento
473 1768 482 1782 ,
507 1740 748 1774 confirmatione
779 1740 953 1785 apostolica
970 1767 978 1781 ‚
1010 1741 1058 1774 vel

315 1795 424 1839 quavis
448 1795 597 1829 firmitate
614 1795 674 1828 alia
693 1795 861 1836 roboratis,
882 1795 1005 1829 statutis
1029 1800 1076 1830 et¹

315 1849 615 1890 consuetudinibus,
640 1849 815 1893 privilegiis
839 1860 985 1894 quoque,
1011 1850 1058 1882 in-

315 1903 410 1937 dultis
427 1908 457 1936 et
481 1903 593 1937 litteris
618 1903 799 1947 apostolicis
814 1903 845 1937 in
862 1904 1056 1937 contrarium

314 1957 563 2002 praemissorum
602 1957 841 2001 quomodolibet
881 1958 1055 2001 concessis,

315 2010 509 2045 confirmatis
533 2016 563 2044 et
587 2011 760 2051 innovatis,
779 2011 894 2054 quibus
911 2012 1058 2045 omnibus

315 2071 346 2099 et
370 2065 511 2108 singulis,
536 2065 663 2098 illorum
689 2069 814 2099 tenores
839 2066 1057 2109 praesentibus

315 2130 374 2163 pro
399 2119 491 2163 plene
515 2124 545 2152 et
570 2119 762 2152 sufficienter
782 2119 939 2163 expressis
959 2130 994 2153 ac
1018 2120 1075 2159 adj,

316 2172 447 2206 verbum
471 2173 596 2206 insertis
632 2172 804 2214 habentes,
830 2173 890 2206 illis
921 2174 995 2206 alias
1026 2162 1075 2207 in'

315 2237 372 2260 suo
386 2226 501 2260 robore
514 2227 741 2271 permansuris,
755 2227 793 2260 ad
807 2227 1056 2271 praemissorum

315 2281 471 2321 effectum,
492 2280 549 2314 hac
569 2280 636 2314 vice
653 2280 814 2314 dumtaxat
834 2281 1010 2325 specialiter
1027 2277 1073 2329 ct}

315 2345 460 2379 expresse
480 2335 679 2379 derogamus,
697 2335 873 2380 ceterisque
890 2337 1056 2371 contrariis
1071 2373 1072 2390 χ

313 2389 574 2433 quibuscumque.
1070 2391 1073 2433 l

357 2443 468 2476 Datum
483 2443 610 2485 Romae,
628 2443 712 2487 apud
728 2443 756 2477 S.
776 2443 913 2486 Petrum,
932 2444 989 2478 sub
1005 2455 1055 2477 an·
1070 2445 1072 2478 ,¹

312 2497 387 2530 nulo
405 2496 582 2538 piscatoris,
600 2496 651 2529 die
676 2507 695 2529 v
720 2497 864 2538 ianuarii,
885 2508 1053 2540 mcxxxiv,

312 2550 513 2594 pontificatus
527 2550 627 2583 nostri
648 2560 729 2584 anno
747 2561 786 2584 xi.
1069 2547 1071 2575 l

348 2613 407 2641 Dat.
422 2613 465 2641 die
481 2614 497 2641 5
511 2613 626 2641 ianuarii
643 2613 722 2648 1634,
738 2613 833 2649 pontit.
850 2622 919 2643 anno
935 2622 973 2642 xi.
1068 2578 1072 2650 i

398 2667 477 2697 Bull.
498 2668 582 2697 Rom.
625 2668 684 2699 Vol.
704 2668 779 2698 XIV.
951 2669 985 2696 46

1100 184 1158 211 v111
1181 185 1230 210 pr.
1746 177 1805 212 361
1855 185 1908 214 An.
1924 185 1952 215 c.
1971 186 2039 216 ¹634

1383 233 1557 269 CDLXXIV.

1097 307 1283 341 Declaratio
1308 307 1546 341 nonnullorum
1562 307 1760 341 statutorum
1779 318 1839 353 pro

1141 362 1447 405 conflreyate'onz'bus
1475 362 1609 395 Tusciae
1633 366 1662 395 et
1687 361 1839 395 Lombar-

1142 415 1216 448 diae
1240 416 1473 448 monachorum
1499 415 1633 450 Ordinis
1656 416 1839 451 Cistercien—

1141 469 1185 501 sis
1209 472 1436 501 catenatorum
1449 468 1469 502 ¹.

1302 549 1439 577 Urbanus
1460 550 1539 584 Papa
1558 550 1640 584 VIII,

1221 593 1258 621 ad
1273 597 1450 628 perpetuam
1468 594 1512 621 rei
1533 595 1714 623 memoriam.

1141 665 1223 698 Alias
1240 676 1257 698 a
1274 665 1365 699 nobis
1390 672 1576 699 emanarunt
1599 667 1721 701 litterae
1744 673 1835 702 teno-
1886 681 1941 712 Aia<
1957 681 1983 702 ab
1998 681 2039 702 hoe

1096 719 1140 751 ris
1165 719 1403 763 subsequentis,
1428 720 1585 754 videlicet:
1853 707 2039 755 Ῐῗὲἲιιίῃέοοηξιῗῖἶῖ

1144 773 1290 805 Urbanus
1304 773 1401 817 Papa
1418 774 1509 816 VIII,
1527 774 1569 806 ad
1583 779 1775 818 perpetuam
1791 777 1840 809 ret?
1853 762 2039 809 3:353852522251

1098 826 1298 858 memoriam.
1324 826 1358 859 In
1386 827 1464 860 Sede
1489 827 1643 872 Principis
1666 829 1835 872 Apostolo-
1853 814 2038 870 ἓῖἶῖἶιῗὲἑῗιᾞιῖῗὲἶ

1096 890 1167 911 rum
1184 879 1209 920 ἵ,
1234 879 1328 913 nullis
1352 880 1424 913 licet
1448 882 1564 914 nostris
1593 881 1838 925 suffragantibus
1854 870 2039 917 2⁰0¹?'1lltsssslgsstissi

1096 933 1227 975 meritis,
1239 933 1343 966 divin-:1
1360 935 1557 977 providentia
1573 936 1743 977 constituti,
1758 937 1838 970 inter

1096 986 1287 1030 multiplices
1308 988 1474 1031 pastoralis
1497 988 1592 1021 officii
1613 1000 1714 1032 curas,
1736 991 1774 1023 ad
1792 1001 1837 1033 ea,

1096 1051 1153 1084 per
1167 1040 1263 1084 quae³
1274 1041 1429 1083 regularis
1443 1041 1625 1086 disciplinae
1639 1042 1839 1077 observantia

1096 1094 1126 1126 in
1144 1094 1337 1138 quibuslibet
1354 1095 1522 1129 Ordinibus
1540 1101 1569 1130 et
1590 1099 1839 1141 congregationi-

1095 1148 1153 1181 bus
1162 1154 1374 1191 conservetur,
1383 1150 1565 1194 maioraque
1575 1151 1606 1184 in
1616 1151 1681 1185 dies
1691 1153 1840 1197 suscipiat

1096 1202 1308 1244 incrementa,
1338 1204 1557 1238 sollicitudinis
1581 1210 1707 1239 nostrae
1731 1212 1837 1251 partes

1095 1257 1204 1290 sedulo
1229 1257 1430 1299 intendimus,
1451 1263 1481 1291 et
1497 1258 1529 1291 in
1546 1259 1593 1300 iis,
1610 1271 1689 1304 quae
1714 1266 1839 1306 propte-

1095 1321 1148 1343 rca
1168 1311 1218 1355 pie
1236 1316 1265 1344 et
1278 1312 1409 1354 provide
1422 1317 1536 1346 statuta
1553 1319 1633 1356 sunt,
1647 1315 1837 1358 apostolicae

1095 1364 1346 1398 confirmationis
1369 1365 1469 1399 robur
1493 1366 1628 1400 libenter
1651 1367 1835 1410 adiicimus,

1095 1423 1190 1462 prout
1215 1418 1427 1462 conspicimus
1452 1419 1483 1451 in
1507 1420 1641 1454 Domino
1666 1421 1834 1456 salubriter

1095 1471 1252 1515 expedire.
1278 1472 1354 1505 Cum
1379 1472 1506 1516 itaque,
1531 1473 1612 1506 sicut
1636 1475 1834 1519 accepimus,

1093 1536 1152 1569 pro
1180 1525 1262 1559 felici
1291 1536 1509 1570 prosperoque
1533 1527 1721 1561 dilectorum
1746 1529 1832 1563 filio-

1093 1590 1165 1612 rum
1197 1580 1425 1614 monachorum
1451 1580 1687 1615 Cisterciensis⁴
1711 1582 1835 1617 Ordinis

1094 1634 1375 1676 congregationum
1405 1635 1613 1668 Lombardiae
1644 1641 1673 1669 et
1705 1637 1836 1670 Tusciae

1094 1686 1220 1720 insimul
1244 1687 1403 1721 unitarum
1429 1694 1532 1729 statu,
1558 1694 1587 1722 et
1611 1690 1835 1725 reformatione

1093 1741 1124 1773 in
1149 1741 1193 1774 eis
1217 1741 1462 1784 introducenda,
1488 1744 1657 1777 nonnullae
1683 1745 1834 1779 constitu-

1093 1796 1193 1830 tiones
1218 1803 1248 1830 et
1272 1800 1385 1831 statuta
1419 1797 1501 1830 edita
1525 1802 1555 1830 et
1579 1809 1596 1831 a
1621 1798 1735 1833 dilecto
1768 1800 1834 1834 silio

1092 1854 1201 1883 nostro
1226 1850 1364 1883 Roberto
1382 1850 1462 1884 tituli
1483 1851 1511 1884 S.
1530 1851 1629 1884 Alexii
1647 1853 1834 1897 presbytero

1093 1903 1243 1936 cardinali
1276 1904 1428 1938 Ubaldino
1460 1911 1662 1950 nuncupato,
1693 1907 1834 1940 eiusdem

1092 1958 1216 1991 Ordinis
1241 1958 1323 2002 apud
1346 1969 1403 1992 nos
1430 1963 1459 1993 ct
1482 1960 1697 2003 Apostolicam
1722 1961 1834 1995 Sedem

1091 2016 1282 2054 protectore,
1306 2023 1342 2045 ac
1367 2012 1490 2046 duobus
1515 2013 1584 2046 aliis
1608 2014 1767 2048 Romanae
1784 2026 1834 2048 cu-

1092 2066 1156 2098 riae
1176 2066 1334 2109 praelatis,
1352 2067 1476 2110 pietate,
1495 2067 1639 2101 doctrina
1656 2072 1685 2102 et
1702 2069 1831 2112 religio-

1090 2119 1139 2152 nis
1164 2121 1230 2153 zclo
1259 2121 1513 2164 praestantibus,
1538 2121 1651 2155 auditis
1684 2122 1777 2155 etiam
1803 2128 1834 2156 ct

1091 2174 1241 2206 consultis
1266 2174 1387 2207 dilectis
1412 2175 1485 2208 tiliis
1510 2176 1663 2219 praeside,
1683 2187 1831 2220 procura-

1091 2227 1212 2260 toribus
1237 2232 1266 2260 et
1289 2227 1412 2261 duobus
1436 2239 1472 2261 ex
1487 2229 1717 2274 antiquioribus
1741 2230 1832 2263 abba-

1125 2299 1137 2326 1
1156 2300 1259 2327 Horum
1275 2303 1436 2327 statutorum
1453 2301 1687 2329 confirmationem
1702 2302 1785 2329 hahes
1804 2302 1832 2329 in

1090 2345 1181 2372 Const.
1198 2344 1279 2371 huius
1296 2344 1383 2380 Pont.,
1400 2345 1436 2372 In
1451 2346 1534 2378 Sede,
1551 2351 1580 2373 ut
1595 2355 1676 2382 supra
1692 2355 1752 2382 pag.
1767 2347 1829 2375 203.

1124 2390 1140 2417 Ξ).
1156 2389 1382 2417 Constitutionem
1402 2390 1471 2418 hanc
1491 2399 1551 2418 cum
1572 2391 1691 2418 Cherub.
1709 2395 1736 2419 et
1749 2391 1829 2419 Main.

1088 2436 1186 2463 iterum
1203 2435 1348 2462 referimus
1368 2435 1423 2462 suis
1443 2435 1563 2462 numeris
1583 2436 1744 2471 distinctam,
1766 2437 1831 2472 quia

1089 2479 1243 2508 huiusmodi
1262 2487 1437 2507 numerorum
1458 2480 1595 2508 distinctio
1615 2481 1769 2510 necessaria
1789 2485 1830 2510 est

1088 2525 1120 2553 ad
1136 2533 1212 2560 seqq.
1230 2524 1424 2552 declarationes
1439 2525 1626 2560 intelligendas
1642 2528 1682 2559 (R.
1695 2527 1743 2562 T.).

1124 2571 1139 2597 3
1153 2570 1219 2597 Male
1234 2570 1298 2597 edit.
1315 2569 1394 2596 Main.
1412 2570 1477 2604 legit
1488 2578 1542 2605 per
1556 2580 1611 2606 qno
1628 2572 1666 2607 (n.
1683 2572 1732 2607 T.).

1122 2616 1138 2643 4
1153 2615 1224 2643 Edit.
1240 2614 1320 2643 Main.
1335 2615 1402 2651 legit
1419 2615 1656 2645 Cisterciensium
1671 2619 1707 2652 (n.
1721 2616 1769 2652 T.).
