2248 3229
228 223 279 250 An.
295 224 326 252 c.
344 224 411 253 1634
456 216 520 252 436
980 229 1162 253 BULLARIUM
1184 229 1340 254 Romnum

255 285 412 315 Clausulasap-
471 275 486 318 ἓ
509 274 538 308 3.
563 275 769 308 Decernentes
786 279 964 318 praesentes
982 276 1101 309 litteras
1127 286 1162 309 ac

227 314 294 338 mm
429 329 534 362 omnia
558 334 587 361 et
611 328 733 371 singula
757 328 786 360 in
808 328 852 361 eis
877 334 1022 362 contenta
1051 329 1161 370 valida,

425 381 518 415 firma
543 386 572 414 et
595 381 733 414 efficacia
757 391 825 415 esse
856 386 886 415 et
917 382 1002 424 sore,
1027 393 1162 427 suosque

427 434 585 478 plenarios
616 439 646 467 et
677 434 816 478 integros
847 435 977 470 effectus
1002 437 1109 469 sortiri
1133 442 1163 469 et

425 487 575 529 obtinere,
602 498 638 521 ac
662 488 700 520 ab
725 488 870 522 omnibus
895 494 925 522 et
949 489 1099 533 singulis,
1124 490 1161 523 ad

424 551 502 584 quos
524 545 642 585 spectat
655 547 685 575 et
698 552 756 586 pro
771 548 914 587 tempore
927 543 1163 587 quomodolibet

424 594 585 638 spectabit,
612 595 835 630 inviolabiliter
859 597 1021 631 observari
1035 598 1160 639 debere;

423 647 610 693 irritumque
635 654 664 682 et
688 649 799 691 inane,
825 651 849 684 si
873 660 962 684 secus
986 662 1081 696 super
1112 652 1161 685 his

422 711 439 733 a
464 712 640 746 quoquam,
665 703 774 747 quavis
799 704 1002 746 auctoritate,
1027 705 1162 740 scienter

422 755 470 788 vel
496 755 700 799 ignoranter,
727 757 893 801 contigerit
917 759 1071 793 attentari.

223 814 334 839 Contraria
345 818 406 839 iona.
467 809 481 852 g
497 809 527 842 4.
546 810 614 843 Non
631 810 829 845 obstantibus
843 812 1119 847 constitutionibus
1132 818 1162 846 et

421 861 673 897 ordinationibus
694 865 882 908 apostolicis,
899 866 1074 910 ceterisque
1091 877 1162 901 con-

420 915 525 949 trariis
545 917 805 962 quibuscumque.

463 969 575 1004 Datum
596 971 723 1014 Romae,
746 972 830 1017 apud
858 973 887 1008 S.
913 974 1041 1008 Mariam
1067 975 1161 1009 Maio-

419 1034 497 1066 rem,
512 1024 570 1058 sub
592 1027 707 1060 annulo
725 1026 902 1068 Piscatoris,
922 1027 971 1061 die
992 1039 1070 1063 xv111
1084 1029 1159 1062 iunii

420 1088 595 1122 mccxxxlv,
612 1080 811 1124 pontificatus
830 1082 929 1115 nostri
955 1093 1036 1117 anno
1054 1094 1095 1118 xi.

454 1142 513 1170 Dat.
535 1143 578 1171 die
600 1143 631 1172 18
651 1144 716 1172 iunii
734 1144 811 1179 1634,
832 1145 927 1181 pontif.
946 1154 1016 1174 anno
1032 1152 1070 1173 x1.

729 1287 848 1322 CDXCI.

419 1364 605 1400 Declaratw
617 1377 652 1400 ac
666 1367 865 1411 confirmatio
882 1368 1081 1402 decretorum
1098 1368 1161 1402 edi-

466 1424 572 1454 torum
581 1422 666 1454 circa
676 1422 837 1465 imaqines
847 1422 1072 1466 defunctorum
1085 1433 1161 1456 non-

464 1473 543 1507 dum
563 1486 584 1508 α
600 1475 678 1509 Sede
691 1476 717 1509 A
722 1476 879 1520 postolicci
894 1478 1161 1510 canonizatorum

464 1538 538 1561 cum
564 1529 788 1572 splendoribus
819 1534 876 1563 aut
909 1530 1064 1564 laurealis
1096 1541 1159 1564 non

461 1582 688 1626 proponendas
719 1587 747 1617 et
775 1594 941 1628 processus
962 1595 1022 1628 pro
1048 1595 1160 1618 eorum

463 1634 698 1678 beatificatione
722 1640 780 1670 aut
804 1638 1051 1672 canonizatione
1068 1637 1161 1680 const-

463 1689 590 1723 ciendos
603 1688 623 1723 ¹.

624 1760 758 1790 Urbanus
779 1763 858 1798 Papa
877 1763 954 1796 VIII,

561 1806 598 1834 ad
617 1807 751 1835 futuram
770 1808 815 1836 rei
835 1809 1015 1837 memoriam.

248 1888 387 1910 Prooemium.
464 1876 610 1911 Caelestis
623 1878 819 1912 Hierusalem
834 1880 927 1921 cives,
945 1891 1080 1924 quorum
1095 1881 1160 1923 glo-

419 1929 511 1963 riosis
535 1930 682 1964 natalitiis
707 1937 813 1966 sancta
837 1933 970 1966 laetatur
987 1939 1086 1966 mater
1106 1934 1159 1967 Ec-

419 1983 523 2024 clesia,
535 1984 615 2017 sicut
624 1984 716 2018 huius
726 1991 850 2019 sanctae
860 1986 947 2019 Sedis
956 1987 1157 2031 Apostolicae
1174 1989 1176 1999 '

418 2037 593 2071 ministerio
610 2048 626 2071 a
642 2038 702 2082 piis
719 2039 883 2083 utriusque
900 2051 992 2074 sexus
1009 2041 1157 2074 christifi-

419 2090 540 2124 delibus
553 2096 741 2126 venerantur
755 2093 785 2125 in
800 2094 903 2134 terris,
921 2094 962 2128 ita
981 2095 1155 2129 Romanum

419 2143 508 2177 decet
531 2144 724 2186 Pontificem,
745 2146 906 2179 militantis
926 2147 1082 2182 Ecclesiae
1107 2159 1157 2182 re-

419 2197 528 2241 gimini
552 2198 656 2232 divina
685 2200 883 2243 providentia
918 2202 1155 2246 praepositum,

416 2261 476 2296 pro
509 2262 565 2286 suo
596 2253 767 2297 praecipuo
799 2254 930 2288 honoris
961 2255 1073 2289 domus
1102 2256 1156 2289 Dei

417 2305 484 2338 zelo
516 2305 694 2349 invigilare,
726 2317 765 2340 ne
793 2308 867 2352 quid
892 2309 922 2341 in
946 2320 1154 2353 personarum

417 2368 487 2391 eum
506 2359 676 2392 sanctitatis
693 2365 746 2394 aut
765 2362 907 2406 martyrii
928 2363 975 2396 vel
992 2363 1073 2396 fama
1091 2364 1154 2407 opi-

415 2412 509 2445 nione
523 2412 739 2447 defunctarum
753 2415 939 2448 memoriam
950 2416 1013 2450 sive
1023 2417 1153 2460 cultum,

415 2465 593 2500 inconsulta
621 2467 733 2501 Sancta
761 2468 840 2502 Sede
871 2469 1032 2513 praedicta
1058 2470 1151 2505 inno-

415 2525 514 2554 vetur.

450 2593 463 2619 1
482 2592 595 2621 Decreta
610 2594 653 2622 hic
669 2596 811 2624 enunciata
830 2595 914 2624 habes
933 2596 960 2624 in
975 2596 1065 2625 Const.
1082 2602 1153 2625 cxxx

414 2636 466 2673 (al.
484 2639 545 2675 118)
558 2639 770 2677 Sanctissfflus,
786 2645 849 2670 tom.
867 2648 924 2678 xm,
938 2649 1000 2678 pag.
1017 2642 1079 2671 309.

1240 277 1255 320 ἓ
1278 277 1309 310 ’1.
1334 277 1417 309 Alias
1442 277 1596 321 siquidem
1619 289 1686 320 nos,
1711 280 1841 314 sollicite
1865 279 1932 313 ani-

1196 330 1426 364 madvertentes
1450 330 1582 372 abusus,
1607 332 1659 375 qui
1683 332 1874 378 irrepserant
1905 337 1934 368 et

1196 382 1335 426 irrepere
1360 393 1422 417 non
1447 384 1609 417 cessabant
1639 385 1671 417 in
1703 386 1840 419 colendis
1864 386 1933 430 qui-

1195 435 1326 469 busdam
1345 448 1416 470 cum
1436 438 1606 471 sanctitatis
1623 443 1677 471 aut
1694 439 1834 484 martyrii
1851 440 1933 472 sarna

1196 489 1242 521 vel
1268 489 1418 533 opinione
1442 490 1617 533 defunctis,
1641 492 1713 536 qui,
1745 493 1802 526 etsi
1832 503 1934 537 neque

1195 542 1438 580 canonizationis
1473 554 1575 588 neque
1607 545 1845 579 beatificationis
1877 546 1934 580 ho-

1194 605 1271 629 nore
1291 596 1429 639 insigniti
1456 603 1559 631 essent
1582 598 1620 631 ab
1638 599 1747 632 eadem
1768 599 1856 640 Sede,
1882 609 1934 633 eo-

1194 659 1264 682 rum
1291 653 1394 683 tamen
1420 650 1572 694 imagines
1604 651 1636 684 in
1671 652 1817 686 oratoriis
1842 657 1934 696 atque

1195 702 1226 735 in
1251 703 1400 745 ecclesiis,
1427 704 1558 749 aliisque
1582 705 1658 738 locis
1677 706 1822 750 publicis,
1842 712 1935 750 atque

1195 756 1288 789 etiam
1312 756 1460 800 privatis,
1486 769 1557 792 cum
1590 759 1739 793 laureolis
1763 764 1816 794 aut
1839 759 1935 794 radiis

1195 821 1249 844 seu
1274 810 1498 854 splendoribus
1529 814 1809 857 proponebantur,
1841 814 1935 847 mira-

1195 865 1263 897 cula
1288 871 1318 899 et
1348 866 1556 900 revelationes
1586 866 1709 910 aliaque
1739 866 1894 900 beneficia
1918 877 1935 900 a

1194 917 1257 952 Deo
1281 930 1338 963 per
1363 930 1473 954 eorum
1499 920 1740 954 intercessiones
1756 926 1884 964 accepta
1903 920 1933 954 in

1194 972 1282 1006 libris
1307 984 1413 1007 rerum
1446 973 1484 1007 ab
1513 974 1590 1018 ipsis
1622 979 1780 1017 gestarum
1810 984 1935 1008 enarra-

1193 1025 1317 1068 bantur,
1342 1032 1372 1060 et
1395 1027 1432 1060 ad
1459 1027 1586 1061 illorum
1609 1028 1776 1072 sepulchra
1792 1028 1933 1071 tabellae,

1193 1079 1346 1123 imagines
1372 1086 1401 1114 et
1418 1091 1468 1114 res
1485 1081 1563 1114 aliae
1583 1081 1620 1114 ad
1638 1082 1790 1115 beneficia
1806 1087 1934 1127 accepta

1193 1133 1403 1177 testificanda,
1430 1139 1459 1168 et
1491 1135 1650 1179 lampades
1678 1139 1707 1169 et
1730 1136 1790 1168 alia
1815 1136 1934 1169 lumina

1193 1188 1446 1231 apponebantur3
1464 1189 1668 1233 volentesque
1680 1189 1813 1233 proinde
1828 1190 1935 1223 huius-

1195 1241 1279 1273 modi
1297 1241 1447 1275 abusibus
1463 1252 1521 1286 pro
1538 1242 1643 1275 debito
1660 1243 1754 1275 officii
1769 1243 1934 1287 pastoralis

1194 1304 1384 1337 occurrere,
1415 1305 1450 1328 re
1482 1295 1574 1328 etiam
1608 1306 1679 1329 cum
1704 1296 1934 1330 venerabilibus

1194 1347 1343 1381 fratribus
1368 1349 1484 1382 nostris
1509 1354 1634 1382 sanctae
1651 1350 1808 1383 Romanae
1830 1349 1935 1384 Eccle-

1194 1400 1256 1433 siae
1282 1402 1493 1435 cardinalibus
1517 1408 1626 1436 contra
1650 1403 1840 1436 haereticam
1866 1414 1934 1447 pra—

1195 1453 1320 1486 vitatem
1349 1454 1381 1487 in
1405 1456 1551 1488 universa
1575 1457 1737 1499 republica
1763 1449 1933 1491 christiana

1194 1507 1394 1550 generalibus
1418 1509 1655 1552 inquisitoribus
1673 1510 1710 1544 ab
1728 1510 1838 1544 eadem
1855 1510 1933 1544 Sede

1194 1561 1372 1605 specialiter
1396 1562 1551 1605 deputatis
1572 1564 1802 1601 communicata
1824 1569 1853 1598 et
1871 1575 1934 1598 ma-

1194 1619 1263 1647 ture
1272 1615 1468 1648 considerata
1480 1626 1515 1649 ac
1525 1616 1676 1658 discussa,
1694 1617 1732 1650 de
1749 1618 1930 1651 eorumdem

1195 1668 1399 1702 cardinalium
1431 1670 1560 1703 consilio
1591 1670 1649 1703 sub
1673 1671 1722 1704 die
1746 1681 1803 1705 xm
1827 1672 1931 1705 martii

1193 1732 1321 1757 MDcxxv
1346 1722 1584 1764 declaravimus,
1601 1724 1767 1758 statuimus
1785 1730 1815 1758 et
1828 1725 1933 1759 decre-

1194 1776 1304 1817 vimus,
1329 1786 1367 1809 ne
1388 1778 1573 1821 quorumvis
1597 1777 1762 1811 hominum
1780 1789 1850 1812 eum
1866 1789 1933 1812 san-

1193 1829 1307 1863 ctitatis
1328 1840 1381 1863 seu
1408 1830 1548 1875 martyrii
1566 1831 1649 1864 sama
1667 1831 1931 1877 (quantacumque

1193 1882 1245 1915 illa
1265 1884 1359 1927 esset)
1384 1883 1603 1917 defunctorum
1623 1884 1786 1928 imagines,
1810 1886 1932 1930 aliaque

1192 1936 1339 1979 praefata,
1358 1942 1387 1969 et
1407 1937 1629 1982 quodcumque
1653 1938 1737 1971 aliud
1762 1940 1933 1973 veneratio-

1192 1999 1262 2022 nem
1277 1995 1307 2022 et
1320 1991 1439 2023 cultum
1455 1991 1672 2035 praeseferens
1686 1998 1715 2025 et
1732 1992 1882 2034 indicans,
1901 1993 1930 2025 in

1192 2043 1340 2077 oratoriis
1368 2050 1421 2077 aut
1451 2044 1528 2078 locis
1560 2045 1695 2088 publicis
1724 2056 1777 2078 seu
1802 2047 1932 2090 privatis

1192 2097 1239 2129 vel
1257 2097 1407 2138 eeclesiis,
1424 2102 1487 2130 tam
1505 2098 1699 2131 secularibus
1723 2109 1815 2142 quam
1842 2110 1932 2143 regu-

1191 2150 1320 2192 laribus,
1346 2151 1572 2196 cuiuscumque
1596 2152 1768 2195 religionis,
1795 2153 1930 2195 Ordinis

1191 2204 1333 2245 instituti,
1359 2205 1611 2248 congregationis
1628 2211 1681 2238 aut
1697 2206 1863 2248 societatis,
1881 2217 1932 2251 ap—

1190 2263 1393 2300 ponerentur,
1418 2264 1584 2302 antequam
1599 2259 1637 2292 ab
1657 2260 1836 2303 Apostolica
1853 2260 1930 2294 Sede

1190 2310 1465 2352 canonizarentur,
1490 2315 1543 2345 aut
1566 2312 1650 2345 Beati
1678 2312 1929 2354 declararentur,

1190 2369 1219 2397 et
1237 2365 1274 2408 (si
1293 2376 1372 2409 quae
1387 2365 1547 2410 appositae
1566 2366 1681 2411 essent)
1699 2373 1929 2407 amoverentur,

1189 2423 1283 2461 prout
1308 2429 1359 2451 eas
1384 2419 1487 2453 statim
1521 2420 1660 2453 amoveri
1692 2421 1928 2461 mandavimus;

1188 2482 1223 2504 ac
1248 2473 1365 2516 pariter
1390 2474 1530 2517 imprimi
1555 2474 1592 2508 de
1609 2480 1714 2509 cetero
1732 2475 1928 2508 inhibuimus

1188 2525 1286 2560 libros
1311 2528 1495 2561 eorumdem
1521 2529 1702 2571 hominum,
1728 2529 1782 2573 qui
1814 2529 1928 2563 sancti-

1187 2580 1258 2613 tatis
1283 2581 1347 2614 sive
1373 2582 1513 2626 martyrii
1537 2582 1619 2615 fama
1644 2583 1691 2615 vel
1712 2582 1868 2626 opinione,
1894 2585 1928 2617 ut

1185 2634 1377 2679 praefertur,
1403 2635 1542 2669 celebres
1566 2646 1583 2669 e
1606 2636 1669 2670 vita
1693 2636 1926 2679 migravissent,

1946 232 2000 259 An.
2017 232 2045 260 C.
2061 232 2132 261 1634

1974 294 2047 315 Refert
2061 294 2133 315 decre·

1948 322 1969 340 ta
1996 321 2047 341 atlas
2074 321 2131 341 edita

1948 353 2011 373 snper
2037 347 2132 373 imagini-

1948 374 1987 394 bus
2021 373 2133 394 defuneto-

1948 406 1992 421 rum
2010 401 2101 420 nondum
2120 405 2132 419 a

1949 426 2132 451 Sedespostuticii

1949 454 2125 474 canonizatorum.
