2248 3229
174 232 224 259 An.
242 231 350 260 c.1631

401 223 463 257 2102

372 281 506 315 cessoris
519 281 618 315 nostri
632 280 852 315 constitutione
865 280 1000 324 desuper
1016 280 1110 322 edita,

372 336 616 377 astrologorum,
641 334 946 374 mathematicorum,
966 334 1111 367 vaticina-

373 392 488 427 torum,
514 392 542 421 et
563 388 697 420 aliorum
718 387 771 430 qui
796 391 946 420 eventura
970 387 1110 420 divinare

372 451 426 473 seu
452 440 634 483 praedicere
659 439 793 482 audent,
814 450 956 484 quosque
979 440 1025 473 uti
1053 441 1110 474 lio-

372 494 501 525 mieidas
522 499 549 525 et
568 493 727 526 maleficos
740 493 906 537 antiquitas
926 494 1110 534 aestimavit,

372 546 497 579 illorum
523 546 738 589 potissimum,
764 547 816 590 qui
842 547 879 580 de
905 549 1026 580 summa
1050 548 1111 580 rei—

370 599 516 642 publicae
542 600 588 632 vel
612 600 765 643 principis
783 601 881 633 salute
898 600 1012 633 iudicia
1028 601 1111 633 serre

370 657 619 694 praesumerent,
637 662 698 693 ars,
724 653 888 696 professio,
908 653 972 686 sive
996 654 1111 687 exerci-

370 704 447 736 tium
473 705 621 747 gravibus
654 705 765 749 poenis
799 705 932 739 inhibita
961 716 1029 739 esse
1054 716 1110 739 no-

370 756 532 797 scantur¹;
557 763 705 798 attamen,
727 759 807 791 sicut
829 759 1111 803 accepimus,110n-

370 811 446 843 nulli
474 811 644 855 iniquitatis
669 813 734 852 filii,
761 814 909 857 propriae
933 814 1110 857 pusillitatis

370 863 469 905 obliti,
488 875 524 898 ac
555 866 681 899 lenitate
706 867 810 899 forsan
838 868 886 900 vel
914 867 1111 900 conniventia

369 918 568 952 audentiores
593 920 680 961 facti,
709 930 883 964 vanamque
911 921 1109 954 fatidicorum

325 1003 336 1012 ὓ
369 972 617 1005 aestimationem
633 980 834 1017 aucupantes,
847 974 877 1006 in
888 974 1109 1018 deploraneam

234 1463 342 1483 lnmmnivv

184 1490 344 1510 Con-titutionis

184 1517 238 1538 Sim
255 1517 278 1537 V.

199 2101 357 2123 Contraventio·

172 2135 209 2149 nes
232 2131 252 2149 et
274 2130 356 2148 cunim-

173 2155 300 2176 venientium
320 2155 356 2175 lai-

172 2188 244 2203 coium
260 2188 349 2208 poenae.

369 1024 544 1058 animarum
564 1037 690 1058 suarum
714 1027 934 1074 perditionem,
952 1038 1110 1071 graveque

370 1077 621 1112 christifidelium
648 1080 844 1120 scandalum,
874 1081 967 1113 etiarn
992 1081 1030 1114 de
1054 1081 1112 1113 rei-

368 1131 514 1174 publicae
542 1138 571 1165 et
595 1134 772 1176 principum
799 1133 1023 1175 incolumitate,
1049 1134 1110 1166 illis

369 1185 630 1225 sollicitudinem,
659 1186 840 1218 hominibus
865 1196 938 1219 vero
964 1186 1111 1229 inquietis

369 1239 708 1281 rerumnovandarum
724 1239 920 1271 occasionem
936 1241 973 1272 ea
991 1240 1111 1272 ratione

371 1291 485 1323 inferre
507 1298 691 1334 satagentes,
712 1298 913 1334 prognostica
931 1297 960 1324 et
986 1292 1111 1335 praedi-

370 1344 488 1377 ctiones
506 1345 602 1378 verbo
620 1346 667 1377 vel
682 1345 775 1377 ctiam
796 1346 914 1389 scripto
939 1345 1032 1378 edere
1045 1339 1110 1378 ⁴non

370 1398 569 1431 erubescunt..
621 1408 626 1413 ’

415 1454 429 1494 ξ
454 1452 482 1484 2.
505 1453 567 1485 Nos
584 1452 697 1495 itaque,
719 1452 904 1496 perniciosis
930 1453 1110 1486 huiusmodi

369 1505 508 1545 ausibus,
519 1511 670 1550 quantum
684 1506 774 1539 nobis
791 1517 825 1539 cx
839 1507 901 1539 alto
918 1506 1110 1548 conceditur,

370 1559 495 1592 obviarn
521 1560 576 1602 irc,
595 1571 641 1601 ac,
657 1571 735 1603 quos
753 1561 805 1593 Dei
828 1565 988 1604 respectus
1012 1560 1044 1592 in
1064 1561 1111 1593 of-

368 1614 441 1645 licio
466 1624 529 1646 non
553 1614 701 1653 continet,
721 1624 895 1657 poenarum
913 1614 1065 1656 gravitate
1082 1619 1111 1646 et

369 1667 537 1700 severioris
562 1667 745 1711 disciplinae
769 1668 876 1701 fraeno
894 1669 1040 1701 coercere
1062 1678 1112 1700 vo-

369 1720 479 1759 lentes,
497 1725 585 1753 motu
604 1720 748 1764 proprio,
766 1726 795 1753 et
815 1731 852 1754 ex
872 1722 958 1754 certa
982 1721 1111 1753 scientia

370 1783 405 1805 ac
436 1776 557 1806 matura
590 1774 815 1807 deliberatione
849 1774 986 1814 nostris,
1011 1775 1111 1817 deque

370 1827 561 1869 apostolicae
584 1827 747 1870 potestatis
772 1827 976 1870 plenitudine,
995 1827 1111 1860 consti-

371 1879 523 1911 tutionem
550 1890 606 1922 pcr
626 1880 799 1923 praefatum
827 1879 946 1912 Sixtum
972 1879 1108 1923 praede-

371 1942 528 1964 cessorem
552 1932 687 1976 desuper
712 1938 745 1965 ut
773 1933 949 1976 praefertur
977 1932 1110 1974 editam,

370 1985 542 2027 apostolica
556 1985 750 2027 auctoritate,
766 1990 873 2018 tenore
887 1985 1110 2028 praesentium,

370 2043 525 2081 perpetuo
550 2038 763 2082 approbamus
788 2043 818 2072 et
842 2039 1036 2072 innovamus.

416 2092 431 2134 ᾗ
455 2091 484 2124 3.
502 2092 536 2124 Et
555 2092 683 2136 insuper
699 2092 846 2125 omnibus
864 2096 894 2126 ct
910 2092 1112 2136 quibuscum-

372 2155 432 2188 que
457 2146 553 2187 laicis,
579 2146 806 2189 cuiuscumque
826 2156 935 2187 sexus,
959 2146 1111 2180 conditio-

371 2199 429 2239 nis,
448 2205 554 2241 status,
580 2200 708 2243 gradus,
724 2200 882 2244 qualitatis
899 2206 928 2233 et
953 2200 1111 2243 dignitatis

373 2252 465 2284 etiam
495 2253 717 2286 rnarcliionalis
751 2254 795 2285 vel
829 2253 947 2286 ducalis
977 2253 1112 2286 existen-

375 2306 464 2347 tibus⁷
486 2307 538 2350 qui
566 2307 603 2339 de
624 2312 704 2339 statu
730 2307 931 2350 Reipublicae
963 2307 1112 2340 Christia-

372 2368 440 2399 nae,
458 2360 505 2391 vel
531 2359 619 2392 Sedis
643 2360 864 2403 Apostolieae,
897 2360 961 2392 sive
986 2359 1024 2392 de
1049 2359 1111 2392 vita

373 2417 425 2444 aut
457 2418 558 2445 morte
590 2413 721 2445 Romani
755 2412 914 2445 Pontificis
946 2423 1004 2456 pro
1038 2419 1113 2445 tem-

373 2475 449 2509 pore
468 2466 636 2507 existentis,
654 2466 783 2510 eiusque
806 2477 903 2510 usque
927 2466 964 2498 ad
985 2466 1111 2499 tertium

375 2518 506 2560 gradum
534 2519 683 2552 inclusive
705 2519 1022 2562 consanguineorum,
1049 2529 1112 2552 ma-

375 2572 569 2614 thematicos,
595 2574 720 2613 ariolos,
738 2573 910 2617 aruspices,
930 2573 1112 2608 vaticinato-

412 2636 425 2662 1
447 2630 540 2673 A'ptius
558 2636 618 2672 lege
636 2640 772 2666 noscatur
790 2639 827 2673 (u.
844 2637 892 2673 ¹12).

941 231 1120 258 BULLARIUM
1144 232 1212 258 ROM
1214 232 1300 257 ANUM

1144 290 1233 314 resve
1256 285 1474 325 nuncupatos,
1499 281 1548 315 vel
1577 281 1654 316 alios
1677 283 1881 327 astrologiam

1144 334 1342 368 iudiciariam
1367 340 1557 377 exercentes,
1582 345 1637 369 seu
1660 337 1734 370 alias
1753 348 1881 381 quomo-

1144 387 1263 421 dolibet
1294 388 1487 432 profitentes,
1515 388 1554 422 de
1582 394 1686 422 cetero
1716 390 1881 423 consulue-

1144 441 1216 481 rint,
1234 441 1298 474 sive
1318 441 1453 485 desuper
1467 452 1577 475 eorum
1602 441 1725 483 iudicia,
1741 452 1881 485 progno-

1145 493 1231 534 stica,
1255 494 1508 537 praedictionem
1533 505 1588 528 seu
1611 494 1882 538 praecognitiones

1145 547 1237 579 etiam
1252 547 1308 579 sibi
1327 547 1447 581 oblatas
1464 547 1652 592 receperint,
1668 546 1792 590 illisque
1809 557 1883 590 quo-

1145 599 1317 633 modolibet
1339 600 1387 633 usi
1409 601 1538 643 suerint,
1567 601 1615 633 vel
1639 600 1707 633 illas
1730 609 1826 643 penes
1850 609 1883 632 se

1145 653 1278 686 scienter
1294 654 1491 696 retinuerint,
1505 660 1557 687 aut
1569 654 1662 687 alicui
1680 652 1882 693 ostenderint,

1144 716 1265 740 necnon
1290 706 1401 740 iisdem
1425 707 1664 748 mathematicis,
1681 706 1797 749 ariolis,
1815 716 1883 739 aru-

1145 761 1294 804 spicibus,
1319 760 1584 803 vaticinatoribus,
1601 761 1665 794 sive
1689 760 1757 793 aliis
1781 765 1883 793 astro-

1145 814 1260 856 logiam
1286 814 1483 847 iudiciariam
1510 825 1565 847 seu
1588 813 1760 858 quamlibet
1783 818 1883 846 artem

1145 866 1365 900 divinatoriam
1408 867 1646 911 quomodolibet
1679 866 1883 911 profitentes,

1145 919 1197 962 qui
1218 920 1341 962 iudicia,
1359 921 1571 964 prognostica,
1589 930 1644 953 seu
1657 919 1885 964 praecognitio-

1144 983 1198 1005 nes
1223 978 1253 1006 et
1283 973 1513 1018 praedictiones
1552 983 1649 1017 super
1681 972 1884 1017 praemissis,

1145 1026 1265 1059 etiamsi
1291 1026 1321 1059 id
1345 1037 1407 1060 non
1432 1031 1518 1061 certo
1542 1037 1575 1060 se
1599 1026 1757 1059 affirmare
1784 1030 1885 1070 prote-

1145 1084 1276 1120 stentur,
1308 1080 1458 1121 fecerint,
1486 1080 1551 1113 sive
1575 1090 1592 1113 a
1616 1090 1649 1113 se
1680 1080 1728 1112 vel
1752 1079 1791 1112 ab
1815 1078 1884 1112 aliis

1145 1133 1205 1165 iarn
1223 1133 1302 1166 sacta
1327 1144 1381 1167 seu
1405 1135 1501 1167 saetas
1517 1134 1723 1178 imposterum
1740 1142 1835 1176 penes
1851 1142 1884 1165 se

1145 1186 1289 1219 similiter
1317 1187 1514 1227 retinuerint,
1542 1188 1590 1220 vel
1611 1186 1703 1220 alicui
1731 1185 1883 1225 dederint,

1146 1248 1200 1271 seu
1224 1239 1426 1282 ostenderint,
1444 1245 1497 1273 aut
1513 1240 1552 1273 de
1568 1240 1622 1281 eis,
1642 1239 1754 1284 quovis
1778 1238 1883 1278 modo,

1146 1292 1238 1324 etiam
1259 1291 1478 1336 improbando,
1496 1294 1613 1337 scripto
1630 1293 1678 1326 vel
1695 1292 1809 1333 verbis,
1825 1298 1884 1325 tra-

1146 1345 1307 1386 ctaverint,
1326 1346 1442 1378 nedum
1467 1345 1799 1379 excommunicationis
1823 1355 1884 1378 ma-

1136 1399 1221 1432 ioris
1234 1399 1313 1432 latae
1329 1399 1510 1440 sententiae,
1528 1399 1582 1433 sed
1599 1399 1704 1439 etiam,
1722 1399 1766 1432 uti
1782 1399 1884 1432 laesae

1146 1453 1315 1486 maiestatis
1339 1454 1411 1495 reis,
1432 1454 1534 1486 ultimi
1558 1453 1715 1498 supplicii,
1731 1464 1768 1486 ac
1791 1454 1885 1487 consi-

1146 1506 1293 1539 scationis
1306 1507 1446 1540 omnium
1462 1507 1621 1540 bonorum
1636 1516 1776 1547 suorum,
1789 1506 1884 1539 etiam

1146 1560 1304 1593 Romanae
1320 1560 1431 1593 Curiae
1455 1560 1641 1601 officiorum,
1659 1570 1694 1592 ac
1710 1559 1883 1593 devolutio—

1144 1613 1193 1645 nis
1216 1623 1487 1656 quarumcumque
1511 1613 1682 1654 civitatum,
1706 1618 1882 1646 castrorum

1146 1670 1175 1699 et
1191 1667 1335 1699 locorum
1349 1666 1644 1699 iurisdictionalium
1656 1668 1686 1699 et
1701 1665 1881 1705 feudalium;

1190 1719 1258 1763 §Aa
1291 1719 1417 1753 Clericis
1452 1730 1578 1763 quoque
1609 1724 1639 1752 et
1670 1718 1882 1763 presbyteris,

1145 1773 1276 1817 aliisque
1300 1774 1443 1817 personis
1467 1772 1727 1813 ecclesiasticicis,
1751 1777 1815 1805 tam
1827 1782 1883 1805 se-

1146 1827 1314 1869 cularibus,
1332 1838 1427 1870 quam
1451 1827 1586 1860 cuiusvis
1603 1826 1738 1868 Ordinis,
1756 1836 1885 1869 congre-

1145 1880 1290 1922 gationis,
1315 1880 1480 1921 societatis,
1498 1891 1553 1913 seu
1577 1879 1719 1920 instituti,
1745 1880 1794 1912 vel
1818 1879 1880 1912 mi-

1146 1933 1284 1965 litiarum
1308 1944 1589 1978 quarumcumque,
1606 1933 1699 1966 etiam
1720 1932 1884 1977 hospitalis

1145 1986 1174 2020 S.
1200 1986 1323 2020 loannis
1348 1987 1632 2032 Ilierosolymitani‚
1648 1987 1779 2031 aliisque
1804 1996 1883 2030 quo-

1146 2039 1320 2073 modolibet
1342 2040 1506 2084 exemptis,
1523 2051 1558 2073 ac
1581 2040 1673 2073 nobis
1686 2043 1715 2074 et
1730 2039 1885 2083 Apostoli-

1146 2103 1199 2126 cae
1216 2093 1288 2126 Sedi
1313 2093 1491 2126 immediate
1516 2092 1664 2126 subiectis
1684 2092 1883 2135 regularibus

1146 2146 1307 2190 utriusque
1332 2156 1432 2188 sexus,
1461 2146 1544 2179 ultra
1567 2145 1760 2189 praedictas,
1790 2145 1885 2179 etiam

1145 2199 1328 2242 privationis
1352 2198 1579 2232 beneficiorum
1597 2204 1627 2231 et
1643 2198 1830 2241 dignitatum
1848 2208 1884 2232 ac

1146 2251 1323 2284 officiorum
1355 2251 1657 2292 ecclesiasticorum,
1689 2251 1781 2284 etiarn
1814 2261 1884 2284 mo-

1146 2305 1365 2348 nasteriorum,
1387 2305 1586 2349 prioratuum
1608 2310 1638 2338 et
1654 2303 1885 2349 praeceptoria-

1147 2369 1226 2399 rum,
1247 2369 1282 2392 ac
1295 2359 1429 2392 aliorum
1449 2369 1732 2403 quorumcumque,
1749 2364 1779 2391 et
1794 2358 1883 2391 inha-

1147 2413 1274 2445 bilitatis
1291 2418 1461 2457 perpetuae
1485 2413 1523 2446 ad
1542 2413 1594 2445 illa
1610 2413 1815 2456 imposterum
1833 2411 1883 2445 ob-

1148 2466 1271 2499 tinenda
1291 2466 1348 2508 (ita
1367 2466 1452 2510 quod
1477 2476 1630 2510 personae
1655 2465 1884 2499 ecclesiasticae

1146 2519 1271 2562 praevia
1296 2518 1420 2553 illarum
1439 2519 1662 2563 degradatione
1679 2518 1784 2552 curiae
1799 2528 1883 2551 secu·

1147 2573 1204 2605 lari
1233 2572 1394 2606 tradantur
1423 2573 1638 2617 puniendae);
1658 2572 1689 2605 in
1713 2570 1882 2616 episcopali

1147 2636 1231 2672 vero,
1248 2626 1517 2672 archiepiscopali,
1540 2625 1793 2671 metropolitana,
1818 2625 1882 2671 pri-

1892 235 1948 263 An.
1963 235 1994 264 C.
2011 232 2076 263 1631

1924 1729 2009 1750 Poenae
2020 1729 2082 1750 cleri-

1898 1761 1969 1776 corum
1983 1761 2082 1781 quorum-

1898 1788 1988 1808 cumque
2016 1788 2082 1808 quan-

1898 1809 1974 1829 tumvis
2001 1809 2082 1835 qualiti-

1899 1838 2002 1857 catorum.
