2248 3229
91 212 140 238 An.
161 211 190 238 C.
208 211 276 238 ¹635
905 212 1047 238 URBANUS

287 259 459 288 Venerabili
474 260 562 288 tratri
577 260 742 288 Alexandro
759 260 898 295 episcopo
919 261 1029 288 Neoca-

325 304 448 337 strensi,
466 305 604 332 moderno
625 308 654 333 et
674 313 726 340 pro
741 309 875 340 temporo
887 306 1030 334 existenti
1048 314 1049 329 i

325 348 435 375 iuriam
456 352 487 376 et
508 350 669 383 spoliorum
690 358 824 378 camerae
846 351 1030 384 apostolicae
1048 341 1049 348 ἵ

324 392 354 419 in
374 392 578 428 portugalliae
594 398 625 422 et
640 395 846 429 Atqarbiorum
862 395 964 430 regnis
975 395 1030 434 'de-

324 436 454 464 bitorum
475 438 632 465 collectori
653 438 797 472 generali,

485 491 623 518 Urbanus
651 491 729 524 Papa
756 492 832 518 vlu.

503 559 688 587 Venerabilis
709 560 816 592 frater,

327 604 457 631 salutem
478 607 510 630 et
530 603 725 637 apostolicam
745 604 993 632 benedictionem.

336 683 351 726 ξ
379 683 404 716 1.
430 682 513 716 Alias
537 693 553 715 a
579 683 669 716 nobis
694 690 880 717 emanarunt
912 685 1032 717 litterae

291 735 410 769 tenoris
423 735 654 779 subsequentis,
672 736 829 770 videlicet:
849 737 1034 770 Venerabili

292 788 393 832 fratri
405 788 584 822 Laurentio
598 789 743 833 episcopo
760 790 960 830 Hz'eracensi,
974 794 1030 822 etc.

291 839 450 885 (Reliqua
468 841 610 875 invenies
634 843 668 875 ιή
696 853 752 875 suo
773 843 886 875 ordine
905 842 961 876 sub
979 842 1033 875 da-

295 898 363 928 tum
379 905 450 929 xxxl
470 895 622 929 ianuarii
647 906 798 937 nncxxix,
822 896 1033 940 pontificatus

293 957 379 982 αηηο
405 958 450 990 vi,
475 959 575 992 supra
598 960 674 993 pay.
704 949 776 993 43).

336 1002 352 1045 ἓ
371 1001 400 1036 ⁵2.
417 1002 453 1036 Et
467 1001 608 1043 subinde,
624 1013 682 1046 pro
698 1008 787 1046 parte
801 1002 875 1035 dicti
896 1002 1032 1047 Philippi

293 1054 377 1098 regis
398 1054 501 1088 denuo
518 1055 608 1088 nobis
634 1055 774 1099 exposito
797 1055 948 1088 maximas
972 1066 1029 1088 ne-

293 1108 452 1142 cessitates
485 1108 736 1142 christifidelium
767 1114 797 1142 et
828 1109 1032 1142 ecclesiarum

292 1161 419 1194 illarum
437 1161 575 1204 partium
593 1161 705 1195 maiori
723 1161 864 1205 indigere
882 1162 1032 1203 subsidio,

292 1224 509 1260 personasque
533 1215 666 1248 aliarum
691 1215 869 1258 civitatum,
894 1215 1029 1259 oppido-

292 1279 364 1302 rum
389 1272 418 1302 et
442 1268 585 1302 locorum
613 1269 797 1302 eorumdem
825 1270 1033 1313 Portugalliae

293 1327 323 1355 ct
347 1321 569 1365 Algarbiorum
595 1333 769 1366 regnorum
794 1333 927 1357 numero
945 1323 1033 1356 valde

293 1374 443 1409 excedere
455 1386 606 1420 personas
620 1376 719 1409 dictae
732 1376 864 1410 civitatis
877 1377 1034 1421 L'lyssipo-

294 1428 410 1470 nensis,
428 1429 703 1473 emolumentaque
723 1429 822 1463 dictae
841 1430 991 1473 gabelhc,
1009 1431 1033 1464 si

294 1482 378 1516 illam
404 1492 462 1526 pro
488 1482 598 1516 maiori
623 1482 764 1516 subsidio
789 1483 890 1516 eidem
908 1484 974 1526 regi
995 1484 1034 1516 ad

293 1535 468 1579 praefatum
483 1535 628 1569 effectum
641 1536 864 1580 praestandum
878 1537 1034 1580 praefatae

295 1588 445 1631 civitates,
463 1588 577 1632 oppida
594 1594 624 1622 et
645 1589 713 1622 loca
731 1589 965 1633 praedictorum
984 1601 1034 1624 re-

294 1652 429 1686 gnorum
448 1642 657 1685 Portugalliae
681 1647 711 1675 et
733 1643 966 1686 Algarbiorum‚
984 1654 1035 1676 ex-

295 1697 387 1741 cepta
400 1695 523 1730 civitate
542 1695 787 1740 Ulyssiponensi,
813 1696 1037 1741 imposuissent

295 1750 343 1784 vel
368 1749 533 1793 imponere
559 1749 746 1791 voluissent,
777 1750 878 1794 spatio
903 1751 1035 1795 praefati

295 1802 435 1836 sexennii
450 1802 564 1836 dictam
578 1813 732 1836 summam
746 1803 955 1837 ducentorum
971 1804 1036 1838 mil-

295 1856 372 1890 lium
385 1856 608 1896 cruciatorum,
622 1866 639 1889 a
651 1855 742 1889 nobis
756 1867 811 1900 per
825 1857 1036 1900 praeinsertas

296 1909 416 1944 litteras
445 1913 474 1942 et
499 1908 602 1953 quoad
633 1909 860 1942 ecclesiasticos
885 1911 1036 1954 approba-

297 1968 371 2004 tam,
389 1963 483 2006 longe
503 1962 666 2003 excedere,
681 1962 762 1996 etad
787 1973 942 1996 summam
959 1975 1036 2008 qua-

296 2016 536 2060 dringentorum
555 2015 687 2048 millium
705 2015 928 2059 cruciatorum,
947 2022 977 2050 et
995 2018 1037 2050 ul-

298 2075 356 2111 tra,
372 2069 552 2110 ascendere,
577 2069 802 2114 facultatesque
818 2070 972 2104 laicorum
987 2081 1037 2104 eo-

298 2123 440 2157 rumdem
466 2133 638 2166 regnorum
662 2133 725 2156 non
749 2129 932 2167 suppetere,

342 2177 358 2222 ἓ
374 2175 404 2211 3.
425 2177 498 2219 Nos,
515 2176 796 2221 supplicationibus
814 2176 887 2210 dicti
902 2176 1038 2222 Philippi

298 2230 383 2276 regis
407 2230 499 2264 nobis
523 2240 619 2274 super
643 2230 704 2264 hoc
732 2230 848 2263 iterum
876 2231 1038 2264 humiliter

299 2283 452 2329 porrectis
476 2283 624 2325 inclinati,
651 2283 820 2316 venerabili
844 2283 933 2316 fratri
958 2284 1055 2317 Lau-¹

299 2337 401 2372 rentio
425 2337 574 2382 episcopo
599 2337 798 2378 Hieracensi,
823 2342 896 2371 tunc
921 2338 1037 2371 iux-ium

299 2397 330 2426 et
353 2391 527 2436 spoliorum
553 2401 696 2426 camerae
720 2391 913 2436 apostolicae
930 2392 962 2425 in
982 2392 1039 2425 eis-

299 2446 371 2485 dem
396 2445 605 2489 Portugalliae
629 2450 659 2478 et
682 2445 906 2489 Algarbiorum
931 2446 1038 2489 regnis

300 2499 479 2533 debitorum
504 2499 664 2533 collectori
678 2499 828 2542 generali,
845 2509 901 2543 per
919 2499 994 2533 alias
1008 2500 1038 2532 in
1055 2514 1056 2524 π

300 2552 394 2587 simili
419 2552 521 2586 forma
545 2552 652 2586 Brevis
665 2552 723 2586 sub
741 2552 791 2586 die
805 2561 849 2586 x11
863 2552 1039 2586 decembris

114 695 184 717 Refert
195 695 276 716 liuor-as

93 722 147 743 aliis
162 724 276 743 emanatas.

120 1014 201 1035 Causae
213 1019 277 1040 impo-

93 1040 175 1087 pf‘pdae
204 1040 278 1066 gabel-

125 2186 182 2209 Allu
193 2186 284 2208 {aculis-

99 2216 141 2234 tem
166 2214 283 2235 ramicum

99 2218 203 2266 gahaitam
218 2241 283 2270 impo-

99 2267 162 2288 nendi
179 2270 285 2289 concessit

100 2293 204 2315 Pontifex.

302 2606 440 2642 eiusdem
465 2607 538 2640 anni
561 2616 700 2641 nncxxix
725 2606 886 2650 expeditas
910 2607 1038 2651 litteras,

1068 212 1124 236 vni
1144 213 1190 236 mn
1711 201 1774 237 503

1064 260 1278 294 commisimus
1292 266 1320 293 et
1336 260 1560 300 mandarimus,
1573 266 1736 303 quatenus,
1754 270 1803 293 ex-

1065 315 1153 356 cepta
1173 312 1254 345 dicut
1272 313 1394 346 civitate
1412 313 1654 357 [⁷lyssip01iensi,
1670 312 1802 357 reliqua—

1066 376 1134 397 rum
1161 366 1291 398 aliarum
1315 366 1484 407 civitatum,
1503 366 1692 410 oppidorum
1714 371 1744 398 el
1763 366 1804 398 lo-

1065 429 1175 451 corum
1187 418 1343 451 dictorum
1360 429 1541 461 regnorum,
1555 430 1634 462 quae
1650 419 1803 461 gabellum

1049 488 1050 491 =
1067 470 1244 503 huiusmodi
1271 471 1490 515 imposuissent
1510 473 1555 505 vel
1574 473 1736 516 imponere
1752 483 1804 506 vo-

1067 524 1206 563 luissent,
1229 524 1489 567 praesidentibus,
1504 526 1690 558 officialibus
1706 531 1735 558 et
1751 525 1805 558 mi-

1067 575 1182 615 nistris,
1192 576 1302 618 quovis
1314 577 1440 609 nomine
1452 578 1647 621 nuncupatis
1662 578 1804 611 eamdem

1067 629 1221 671 gabellum
1247 629 1340 662 ctiam
1370 641 1386 662 a
1415 631 1556 673 personis
1588 631 1805 664 ecclesiasticis

1067 686 1129 713 tam
1154 682 1348 714 secularibus
1368 694 1461 726 quam
1484 684 1690 726 regularibus,
1704 684 1805 717 cuius-

1067 744 1202 778 cumque
1226 735 1395 777 dignitatis,
1414 740 1521 777 status,
1538 737 1665 779 gradus,
1686 737 1804 770 ordinis

1067 791 1095 819 ct
1121 787 1308 821 conditionis
1333 789 1474 830 existant,
1495 790 1588 822 etiam
1609 791 1761 834 exemptis
1776 797 1805 824 et

1067 840 1307 884 quomodolibet
1331 842 1533 885 qualificatus,
1552 844 1657 876 vinum
1683 849 1712 876 ct
1737 854 1804 878 car-

1067 903 1138 926 nem
1177 899 1208 926 ut
1243 896 1422 937 praefertur
1459 896 1581 938 publice
1612 897 1804 938 ementibus,

1067 957 1165 989 usquc
1189 947 1225 979 ad
1251 947 1342 979 aliam
1369 958 1523 981 sumniam
1543 949 1677 983 aliorum
1694 950 1806 984 ducen-

1068 1006 1171 1032 torum
1197 1001 1331 1033 millium
1357 1002 1580 1042 cruciatorum,
1600 1008 1630 1036 et
1647 1003 1690 1036 sic
1708 1003 1738 1036 iu
1758 1009 1805 1037 to-

1069 1057 1132 1087 lum
1158 1065 1256 1098 usquc
1274 1054 1311 1087 ad
1329 1065 1484 1088 summam
1502 1056 1807 1099 quadringentorum

1069 1107 1202 1140 millium
1227 1108 1449 1151 cruciatorum,
1475 1111 1605 1153 excepta
1630 1110 1712 1144 dicta
1737 1110 1807 1144 civi—

1068 1165 1128 1193 tate
1147 1161 1389 1205 Ulyssiponcnsi,
1406 1162 1487 1195 intra
1506 1168 1609 1196 tamen
1623 1164 1806 1197 sexennium

1067 1224 1084 1245 a
1109 1213 1158 1246 die
1183 1213 1393 1258 impositionis
1418 1215 1519 1248 dictae
1544 1216 1694 1258 gabalae,
1719 1217 1745 1250 si
1770 1218 1805 1250 il-

1068 1267 1138 1308 lam,
1155 1272 1187 1300 ut
1208 1269 1395 1311 praefertur,
1411 1269 1633 1313 imposuissent
1647 1271 1694 1304 vel
1712 1271 1807 1316 impo-

1067 1331 1143 1353 nere
1166 1321 1346 1362 voluissent‚
1367 1323 1615 1366 computandum
1636 1324 1807 1366 dumtaxat,

1068 1379 1095 1406 et
1109 1384 1171 1407 non
1187 1374 1276 1417 ultra,
1291 1375 1385 1408 modo
1399 1380 1427 1408 et
1442 1377 1541 1409 forma
1562 1377 1591 1409 in
1606 1378 1808 1421 praeinsertis

1069 1426 1177 1460 litteris
1187 1428 1343 1470 expressis
1352 1429 1624 1470 contribuendam⁷
1632 1431 1809 1474 persolven-

1069 1480 1150 1520 dam,
1168 1480 1353 1522 exigendam
1379 1487 1407 1514 et
1431 1483 1673 1516 convertendam
1691 1484 1808 1528 absque

1069 1533 1132 1566 ullo
1150 1533 1357 1568 conscientiae
1372 1536 1520 1579 scrupulo
1538 1541 1589 1569 aut
1603 1547 1808 1573 censurarum

1069 1592 1098 1620 et
1111 1598 1286 1631 poenarum
1299 1589 1581 1623 ecclesiasticarum
1596 1590 1734 1635 incursu,
1749 1593 1809 1626 exi-

1070 1640 1173 1683 gendi,
1198 1642 1408 1686 pecuniasque
1433 1643 1503 1676 inde
1524 1645 1743 1687 provenientes
1771 1646 1808 1680 ad

1070 1694 1215 1728 effectum
1230 1696 1436 1738 praemissum
1448 1697 1521 1731 etin
1535 1697 1612 1730 alios
1626 1709 1700 1731 usus
1713 1709 1808 1742 quos-

1070 1758 1205 1792 cumque
1222 1749 1423 1782 eonvertendi
1438 1755 1467 1783 et
1483 1751 1634 1793 erogandi
1652 1751 1809 1786 licentiam

1070 1807 1099 1835 et
1123 1802 1311 1845 facultatem,
1325 1803 1510 1836 auctoritate
1527 1806 1644 1845 nostra,
1662 1816 1732 1838 cum
1747 1817 1811 1840 om-

1070 1855 1163 1889 nibus
1189 1860 1291 1889 tamen
1307 1857 1549 1897 conditionibus,
1567 1858 1710 1899 decretis,
1728 1859 1811 1893 clau-

1071 1909 1147 1941 sulis
1179 1914 1209 1942 et
1241 1910 1368 1944 cautelis
1399 1911 1430 1944 in
1461 1911 1662 1955 praeinsertis
1700 1913 1812 1947 litteris

1071 1963 1237 2006 expressis,
1263 1964 1450 1998 concederet
1475 1970 1504 1998 et
1528 1965 1754 2009 impertiretur,
1780 1972 1810 2000 et

1071 2016 1156 2057 alias,
1180 2022 1274 2060 prout
1298 2017 1329 2050 in
1353 2017 1444 2051 dictis
1468 2018 1590 2061 litteris,
1611 2029 1744 2062 quarum
1765 2025 1810 2053 te-

1072 2080 1163 2103 nores
1174 2071 1390 2114 praesentibus
1403 2083 1461 2116 pro
1473 2073 1564 2116 plene
1578 2077 1608 2106 et
1620 2073 1812 2108 sufficienter

1072 2124 1229 2167 expressis
1253 2125 1364 2158 haberi
1390 2126 1542 2168 volumus,
1563 2126 1685 2170 plenius
1710 2128 1810 2162 conti-

1072 2183 1163 2210 netur
1178 2176 1195 2210 ¹.

1117 2231 1131 2273 ξ
1151 2230 1180 2263 4.
1206 2230 1280 2264 Cum
1298 2236 1413 2273 autem,
1434 2232 1514 2266 sicut
1531 2232 1631 2267 dictus
1648 2233 1812 2278 Philippus

1072 2294 1126 2316 rex
1151 2284 1264 2316 iterum
1290 2284 1380 2318 nobis
1404 2295 1507 2328 nuper
1526 2286 1640 2329 exponi
1660 2286 1743 2327 fecit,
1762 2297 1812 2320 ne-

1071 2337 1238 2378 cessitates,
1262 2344 1392 2382 propter
1417 2349 1494 2383 quas
1513 2340 1632 2382 gratiae
1653 2340 1811 2384 praefatae

1055 2401 1089 2434 ³a
1113 2391 1202 2424 nobis
1233 2391 1333 2424 eidem
1367 2392 1512 2436 Philippo
1544 2392 1612 2435 regi
1644 2403 1811 2426 concessae

1055 2450 1152 2485 sunt,
1178 2455 1240 2478 non
1265 2445 1359 2479 modo
1385 2446 1518 2488 vigeant,
1537 2456 1645 2478 verum
1661 2446 1755 2479 etiam
1773 2446 1812 2480 ad

1072 2508 1220 2542 praesens
1234 2499 1366 2533 multum
1380 2499 1585 2538 excreverint,
1602 2499 1694 2532 etiam
1709 2500 1811 2543 quoad

1073 2551 1266 2596 provinciam
1292 2552 1438 2585 Brasiliae
1462 2552 1500 2585 ad
1525 2562 1673 2585 coronam
1700 2553 1811 2587 Portu-

1110 2616 1119 2642 1
1139 2615 1192 2643 Hae
1208 2615 1342 2643 secundae
1357 2614 1461 2643 litterae
1477 2615 1574 2643 desunt
1589 2617 1625 2652 (n.
1642 2616 1690 2651 ·r.).

1820 212 1868 239 An.
1886 212 1916 241 0.
1934 213 2001 240 ¹635

1867 2242 1933 2265 Quam
1956 2247 2010 2262 nunc

1827 2268 1911 2316 avem„
1927 2274 1961 2289 rex
1975 2274 2009 2294 pe·
