2248 3229
93 236 142 265 An.
159 236 186 265 C.
212 237 278 265 1533

902 238 1045 263 l'nBANUS
1065 238 1121 262 VIII
1140 238 1189 262 Pr.

291 285 416 320 diorum
438 285 609 327 civitatum,
631 286 820 331 oppidorum
832 292 868 333 „et
887 287 1032 321 locorum

291 339 537 384 praedictorum,
555 345 651 384 prout
668 340 723 373 tibi
736 340 901 382 videbitur,
919 340 1033 373 immu-

293 398 357 426 tare
374 398 405 426 et
425 403 587 435 renovare,
605 399 632 427 et
651 394 689 427 ad
714 395 848 427 sormam
866 400 895 427 et
915 394 1034 427 metho-

291 447 366 481 dum
393 447 557 490 regiminis
581 453 611 480 et
643 447 787 491 gubernii
803 475 810 489 ,
835 448 1034 491 aliorumque

291 500 539 544 provinciarum,
554 504 709 534 terrarum
728 505 757 533 et
771 501 914 534 locorum
933 502 1036 534 Status

292 553 391 587 nostri
416 553 625 587 Ecclesiastici
658 553 825 596 redigere,
851 565 906 587 seu
939 553 1035 594 alias,

294 607 378 640 iuxta
396 611 479 642 tuam
504 607 705 651 prudentiam
731 613 761 640 et
785 607 907 640 arbitrii
926 607 969 640 tui
987 617 1037 640 vo-

293 660 456 700 luntatem,
472 665 533 693 tam
551 660 736 704 praemissa,
754 672 847 705 quam
863 661 956 694 etiam
970 660 1038 693 red-

293 714 376 747 ditus
401 719 431 747 et
453 719 627 759 proventus
651 725 795 748 camerae
819 720 943 748 nostrae
961 724 1036 758 apo-

294 768 440 811 stolicae,
465 778 640 812 eorumque
658 769 846 811 exactiones,
868 768 1038 812 disponere

294 826 323 854 et
347 821 505 863 ordinare,
520 832 555 854 ac
574 832 793 866 quaecumque
813 826 936 863 statuta,
957 821 1039 854 ordi-

293 874 436 908 nationes
461 880 489 908 et
511 874 750 908 constitutiones
768 875 852 908 circa
865 875 1037 919 praemissa

294 932 323 962 et
348 928 408 960 alia
432 939 659 973 quaecumque,
685 932 783 972 prout
807 933 839 960 tu
863 928 964 971 magis
989 938 1038 960 ex-

293 981 401 1026 pedire
426 981 623 1022 indicaveris
649 981 795 1021 condere,
820 981 982 1025 publicare
1007 986 1037 1014 et

294 1035 482 1069 observare¹
508 1036 620 1078 facere,
645 1045 769 1069 necnon
794 1035 900 1068 omnia
925 1040 955 1068 et
977 1035 1037 1068 sin-

294 1091 369 1133 gula
393 1090 430 1123 ad
455 1094 581 1130 statum,
606 1089 812 1133 gubernium,
839 1089 982 1133 regimen
1008 1095 1037 1123 et

294 1143 598 1177 administrationem
631 1143 812 1185 civitatum,
845 1143 1036 1187 oppidorum

294 1203 325 1230 et.
336 1198 479 1231 locorum
493 1197 740 1242 praedictorum,
754 1201 845 1241 atque
863 1197 1037 1231 custodiam

295 1251 416 1284 arcium
441 1256 471 1284 et
495 1251 735 1294 fortalitiorum,
760 1261 884 1285 necnon
908 1252 1039 1295 populo-

295 1316 366 1339 rum
392 1315 501 1350 pacem
519 1310 549 1338 et
569 1305 717 1349 quietem,
737 1310 767 1338 et
785 1316 926 1339 annonae
943 1306 1040 1339 abun-

296 1359 433 1392 dantiam
453 1359 634 1402 spectantia,
653 1369 689 1392 ac
709 1364 772 1391 tam
792 1359 926 1402 gratiam
945 1369 1038 1403 quam

297 1411 447 1444 iustitiam
473 1412 695 1445 concernentia
719 1412 826 1455 (etiam
852 1413 876 1445 si
903 1413 975 1445 talia
998 1413 1040 1446 so-

296 1471 377 1506 rent,
402 1476 482 1510 quae
507 1467 565 1499 sub
591 1466 730 1510 generali
755 1467 926 1500 verborum
944 1467 1040 1510 signi-

297 1519 443 1553 ticatione
474 1529 537 1552 non
570 1520 732 1562 venirent,
765 1520 820 1553 sed
850 1520 1039 1564 specialibus

297 1573 473 1616 indigerent
492 1573 670 1615 vocabulis,
696 1584 732 1606 ac
755 1573 884 1617 speciali
909 1575 981 1606 nota
998 1573 1040 1606 di-

297 1637 358 1669 gna
382 1627 499 1670 essent)
523 1627 638 1667 facere,
662 1637 785 1670 gerere,
803 1627 962 1669 ordinare,
983 1632 1040 1659 sta-

299 1685 396 1720 tuere,
413 1680 574 1722 mandare,
592 1680 706 1724 exequi
727 1686 757 1713 et
781 1681 884 1713 facere
908 1680 1039 1725 perinde

299 1733 329 1765 in
355 1733 503 1767 omnibus
527 1737 557 1767 et
580 1744 638 1778 per
658 1733 761 1767 onmia
788 1734 911 1778 possis,
937 1735 1039 1768 valeas

300 1792 329 1819 et
355 1786 481 1827 debeas,
505 1798 541 1820 ac
561 1797 619 1820 nos
638 1787 698 1831 ipsi
716 1788 830 1829 facere,
847 1798 969 1831 gerere,
986 1799 1039 1821 or-

300 1841 418 1882 dinare,
443 1846 591 1881 statuere,
616 1841 777 1881 mandare,
806 1842 917 1885 exequi
943 1847 973 1875 et
997 1843 1037 1875 sa-

300 1905 371 1928 cerc
385 1906 560 1939 possemus,
574 1895 800 1939 plenissimam,
814 1896 1039 1939 amplissimam

299 1955 326 1982 et
345 1949 519 1982 absolutam
536 1950 725 1989 facultatem,
738 1955 924 1993 potestatem
943 1955 972 1983 et
989 1961 1042 1983 au-

300 2001 492 2042 ctoritatem,
516 2002 687 2046 apostolica
711 2002 907 2042 auctoritate,
933 2008 1041 2036 tenore

301 2056 523 2100 praesentium,
549 2055 752 2088 concedimus
775 2062 805 2088 et
830 2056 1039 2100 impartimur.

1711 227 1770 261 311

1068 286 1312 321 munificentiam
1349 285 1449 330 magis
1484 286 1649 322 ostendere
1666 313 1674 328 ‚
1710 291 1804 330 teque

1068 346 1191 383 gratum
1217 346 1247 373 et
1270 340 1467 383 benevolum,
1491 345 1527 374 ut
1553 340 1655 383 decet,
1673 339 1807 373 reddere

1068 394 1182 437 possis)
1208 394 1387 428 facultatem
1413 394 1539 428 creandi
1565 394 1686 439 aliquos
1709 394 1807 427 laicos

1068 447 1198 487 nobiles,
1213 458 1312 492 usque
1329 448 1366 481 ad
1384 459 1551 481 numerum
1569 448 1759 492 quindecim,
1776 449 1808 481 in

1069 501 1173 545 palatii
1199 506 1229 534 et
1259 502 1348 534 aulae
1373 502 1589 535 Lateranensis
1625 502 1756 536 comites
1780 507 1810 535 et

1070 560 1197 588 auratae
1222 555 1351 588 militiae
1376 556 1497 599 equites
1520 566 1578 600 per
1594 557 1670 589 alias
1686 561 1810 590 nostras

1070 608 1189 641 litteras
1214 608 1268 641 tibi
1295 619 1495 650 concessam,
1521 619 1619 653 usque
1643 610 1682 642 ad
1702 620 1811 654 quem-

1071 672 1206 705 cumque
1230 672 1398 695 numerum
1417 662 1471 694 tibi
1492 662 1686 703 benevisum,
1704 668 1811 696 aucto-

1072 715 1163 749 ritate
1180 720 1210 749 et
1231 721 1339 749 tenore
1363 716 1543 760 praedictis,
1562 716 1765 750 concedimus
1782 721 1813 749 et

1072 769 1270 813 ampliamus.
1296 770 1365 803 Non
1390 770 1587 803 obstantibus
1611 770 1813 814 quibuscum-

1072 834 1132 866 que
1158 824 1432 857 constitutionibus
1458 830 1488 858 et
1511 825 1763 859 ordinationibus
1780 836 1813 858 a-

1074 876 1253 920 postolicis,
1286 877 1461 922 ceterisque
1490 879 1658 912 contrariis
1682 879 1814 922 quihus·

1073 940 1219 974 cumque.

1117 984 1228 1017 Datum
1243 984 1372 1024 Romae,
1384 984 1466 1029 apud
1484 985 1512 1018 S.
1532 984 1670 1026 Petrum,
1688 985 1746 1018 sub
1762 995 1816 1018 an-

1074 1039 1148 1071 nulo
1166 1038 1345 1081 Piscator-is,
1364 1038 1414 1072 die
1423 1049 1477 1072 xx1
1492 1039 1625 1072 ianuarii
1639 1049 1816 1081 mncxxxm,

1073 1092 1276 1137 pontificatus
1309 1093 1409 1126 nostri
1434 1103 1516 1126 anno
1540 1103 1570 1126 x.

1109 1154 1167 1182 Dat.
1184 1154 1228 1182 dte
1243 1155 1274 1182 ⁶21
1292 1154 1409 1182 ianuarii
1423 1154 1501 1190 1633,
1517 1154 1612 1191 pontif.
1630 1163 1698 1183 anno
1714 1162 1739 1183 x.

1385 1289 1509 1323 CDLIII.

1074 1370 1210 1403 Fratres
1229 1370 1373 1404 Minores
1390 1370 1564 1404 strictioris
1590 1370 1820 1405 observantiae

1117 1424 1150 1457 S.
1178 1424 1209 1456 F
1211 1424 1352 1456 rancisca·
1378 1423 1634 1457 introducuntur
1652 1425 1687 1456 in
1711 1435 1821 1457 mona-

1117 1477 1226 1509 steriis
1243 1477 1274 1510 S.
1298 1477 1414 1512 Clarae
1431 1482 1460 1510 cl
1485 1478 1518 1512 S.
1538 1478 1666 1511 Mariae
1685 1477 1819 1521 Maqda-

1119 1531 1209 1564 lenae
1233 1530 1417 1574 Ncapolis¹.

1074 1611 1188 1638 Dilecto
1208 1611 1269 1638 filio
1296 1614 1401 1638 nostro
1426 1600 1584 1639 Franci'sco
1613 1611 1641 1638 S.
1662 1611 1819 1639 Laurentii

1109 1655 1140 1682 in
1168 1656 1294 1683 Damaso
1326 1656 1450 1683 diacono
1480 1656 1628 1683 cardinali
1657 1657 1819 1684 Barberino

1109 1703 1290 1734 nuncupato,
1302 1700 1331 1727 S.
1349 1701 1379 1728 R·
1395 1701 1696 1735 Evicecancellario,
1714 1703 1818 1728 nostro

1109 1745 1273 1772 secundum
1295 1752 1414 1773 carnem
1436 1752 1471 1772 ex
1489 1745 1586 1772 fratre
1610 1752 1750 1780 germano
1770 1752 1819 1773 ne-

1108 1790 1183 1824 poti,
1205 1790 1333 1817 fratrum
1361 1790 1479 1817 ordinis
1510 1790 1658 1817 Minorum
1678 1790 1707 1818 S.
1729 1790 1819 1817 Fran-

1109 1834 1184 1861 cisci
1205 1836 1240 1862 de
1260 1834 1460 1862 observantia
1480 1835 1558 1869 apud
1578 1841 1634 1862 nos
1654 1837 1685 1862 et
1699 1836 1819 1869 Aposto-

1108 1879 1197 1907 licam
1218 1880 1324 1906 sedem
1345 1880 1520 1913 protectori,

1278 1933 1413 1960 Urbanus
1438 1933 1517 1966 Papa
1538 1933 1615 1960 VIII.

1349 1995 1463 2023 Dilecte
1483 1995 1542 2028 fili,
1586 2001 1626 2024 ³³»-

1111 2041 1241 2068 salutem
1262 2044 1292 2068 et
1313 2041 1507 2074 apostolicam
1532 2041 1606 2069 bene
1629 2040 1783 2070 Ictionem.

1823 238 1872 266 An.
1895 238 1922 266 C.
1940 239 2008 267 1633

129 2117 286 2155 9¹¹i·}¹1¹¹³⁴¹⁶‹1s-
346 2110 360 2153 5
384 2109 413 2142 3.
440 2110 476 2142 Et
499 2109 722 2150 nihilominus,
747 2110 771 2142 si
797 2110 900 2154 aliqua
930 2121 988 2154 per
1014 2116 1042 2142 te
1121 2111 1135 2154 ξ
1164 2111 1189 2143 l.
1217 2112 1261 2143 Ex
1286 2111 1389 2154 dignis
1421 2115 1450 2145 et
1478 2112 1684 2146 rationalibus
1717 2113 1819 2147 causis
1860 2123 2018 2144 unanimus

102 2145 286 2192 giitii'ssiiiiiii'ii'.
302 2163 381 2204 lieri,
406 2164 497 2197 statui
523 2169 553 2197 et
576 2164 716 2197 ordinari
749 2164 936 2208 contigerit,
963 2176 1043 2208 quae
1834 2150 2001 2171 C¹ffl³¹'‘⁰¹'*¹⁰¹⁵·

1076 2165 1216 2198 {inunum
1242 2171 1386 2199 nostrum
1404 2166 1610 2207 moventibus,
1629 2167 1820 2212 circumspe-

1078 2219 1171 2253 ctioni
1190 2225 1271 2262 tuae,
1289 2220 1384 2253 totius
1400 2220 1525 2253 Ordinis
1542 2221 1698 2255 Minorum
1719 2222 1818 2255 sancti

1079 2273 1235 2306 francisci
1261 2273 1298 2306 de
1324 2273 1529 2307 Observantia
1553 2275 1736 2319 protectori,
1761 2286 1819 2319 per

1077 2332 1260 2371 praesentes
1285 2327 1488 2370 iniungimus,
1505 2334 1548 2370 ut,
1573 2329 1701 2362 semotis
1721 2339 1738 2361 a
1755 2340 1820 2362 mo-

1077 2380 1214 2413 nasterio
1238 2385 1268 2413 et
1293 2381 1425 2414 eeclesia
1456 2381 1721 2416 monasteriorum
1752 2392 1819 2415 mo-

1077 2435 1206 2467 nialium
1232 2435 1261 2468 S.
1283 2435 1390 2468 Clarae
1415 2440 1445 2468 et
1469 2436 1498 2470 S.
1524 2435 1637 2468 Mariae
1662 2436 1818 2480 Magdale-

1077 2499 1133 2522 nac
1159 2489 1290 2523 civitatis
1316 2490 1540 2533 Neapolitanae
1565 2490 1714 2524 fratribus
1731 2490 1818 2525 Ordi-

103 2204 125 2217 se
154 2198 286 2218 confirmatu-

103 2231 147 2244 rum
192 2224 286 2245 Pontifex

103 2251 212 2278 promum.
303 2217 357 2250 tibi
382 2218 440 2250 sub
463 2218 603 2261 generali
623 2218 803 2251 huiusmodi
821 2219 965 2251 facultate
990 2218 1043 2251 mi-

301 2272 386 2304 nime
410 2271 635 2315 comprehendi
661 2272 894 2313 iudicabuntur,
915 2283 949 2305 ea
975 2283 1042 2313 nos,

303 2330 397 2369 prout
416 2330 449 2357 tu
469 2324 508 2357 ad
525 2335 582 2357 nos
599 2326 755 2367 retuleris,
773 2326 959 2359 nominatim
979 2337 1044 2360 om-

302 2379 353 2411 nia
378 2378 636 2412 confirmabimus
659 2384 689 2412 et
713 2380 971 2423 approbabimus.

104 2438 289 2486 ereauai¹25³0⁸1iii¹1¹i2¹ss
348 2433 362 2476 ἓ
387 2432 415 2464 Ji.
443 2433 608 2465 Praeterea
632 2433 686 2475 (ut
711 2432 741 2465 in
766 2433 859 2466 liuius
890 2434 933 2466 tui
960 2434 1043 2478 regi-

104 2491 209 2516 iutfflnos
228 2494 249 2511 et
268 2498 288 2513 e·
304 2486 396 2519 minis
428 2486 517 2519 initio
549 2496 625 2529 erga
657 2486 743 2527 illos,
772 2487 825 2531 qui
860 2498 893 2520 sc
925 2488 955 2520 in
986 2499 1043 2522 nos

105 2520 288 2566 ffiiiifaefumm
304 2545 334 2572 et
357 2539 567 2584 Apostolicam
590 2540 701 2573 Sedent
726 2539 854 2574 devotos
879 2546 909 2574 et
935 2542 1043 2576 fideles

305 2593 535 2635 exhibuerunt,
560 2598 701 2627 nostram
727 2598 757 2627 et
780 2594 922 2628 eiusdem
955 2596 1043 2630 Sedis

341 2657 351 2683 1
374 2655 471 2691 Aptius
488 2656 624 2692 legeretur
644 2657 790 2685 observari
809 2660 848 2692 (n.
869 2657 916 2693 T.).

1111 2571 1124 2597 1
1143 2570 1257 2597 istorum
1277 2569 1398 2597 Fratrum
1419 2570 1562 2598 materiam
1582 2570 1666 2598 habes
1685 2571 1819 2607 signatam

1076 2614 1110 2641 ad
1126 2614 1205 2641 liuius
1225 2614 1364 2641 Pontificis
1384 2614 1496 2642 Constit.
1513 2621 1558 2650 XL,
1575 2616 1724 2644 Romanus
1739 2616 1817 2644 Pon-

1077 2659 1160 2694 hfeae,
1178 2662 1243 2687 tom.
1260 2665 1315 2694 xm,
1333 2666 1393 2694 pag.
1413 2658 1472 2687 121.
