2221 3224
212 230 264 257 An.
285 229 399 257 c.1630
446 220 510 255 1028

240 1830 267 1849 Ac
278 1828 405 1855 praesertim

220 1862 274 1882 quae
297 1856 324 1875 sit
345 1855 404 1875 nuni-

219 1887 254 1903 stri
262 1882 365 1908 generalis
373 1887 404 1900 su-

219 1915 256 1935 per
279 1909 333 1928 hanc
358 1914 404 1933 pro-

221 1937 310 1957 vinciam
323 1935 404 1955 iurisdi-

220 1964 275 1987 ctio,
314 1979 316 1981 ,

410 279 513 312 vincia
530 278 680 312 hactenus
696 282 784 311 ortae
802 277 872 317 sint,
891 281 921 309 et
936 275 974 308 de
991 275 1147 320 praesenti

413 331 546 374 vigeant,
571 342 607 363 ac
631 330 801 362 verendum
825 329 863 361 sit
887 329 962 361 alias
979 329 1071 371 longe
1088 339 1150 361 rna-

410 385 492 418 iores
513 385 663 419 orituras:
689 394 755 422 nos,
773 382 954 426 praemissis
971 392 1029 425 pro
1049 381 1147 415 nostri

411 439 503 471 officii
529 438 643 477 debito,
668 428 817 480 quantum
836 436 926 469 nobis
943 446 979 468 ex
996 436 1058 468 alto
1076 446 1148 468 con-

411 492 541 531 ceditur,
567 491 691 524 obviam
716 490 770 531 ire,
796 500 832 522 ac
855 489 924 533 paci
945 494 974 522 et
991 489 1087 533 quieti
1106 489 1149 533 ip-

412 545 474 577 sius
499 544 678 588 provinciae
702 548 880 586 opportune
903 543 1069 575 consulere
1088 553 1147 575 vo-

412 599 518 637 lentes,
532 597 569 630 de
583 597 808 629 venerabilium
820 596 953 628 fratrum
967 601 1147 629 nostrorum

412 652 439 683 S.
458 651 490 683 R.
509 650 540 682 E.
567 649 771 683 cardinalium
796 649 931 692 negotiis
956 649 1148 691 regularium

411 703 663 746 praepositorum
694 702 839 744 consilio,
860 707 948 735 motu
968 702 1099 745 proprio
1120 706 1150 734 et

412 768 447 789 ex
467 759 552 789 certa
577 756 707 789 scientia
727 765 763 789 ac
783 757 906 790 matura
924 755 1150 788 deliberatione

412 810 536 852 nostris,
551 809 722 853 apostolica
736 809 930 850 auctoritate,
945 813 1053 842 tenore
1065 818 1152 852 prae-

412 864 557 903 sentium,
575 863 788 903 declaramus,
814 862 1050 896 constitutiones
1075 872 1150 905 pro-

412 916 496 960 prias
520 917 587 949 illas
604 921 725 949 tantum
743 926 810 949 esse
823 915 1050 958 intelligendas,
1072 925 1151 958 quae

412 970 538 1003 suerunt
565 969 707 1002 firmatae
732 972 761 1003 et
792 973 934 1012 receptae
960 968 991 1000 in
1014 967 1151 1012 capitulo

414 1023 612 1068 provinciali,
637 1033 758 1055 necnon
784 1033 800 1055 a
825 1022 964 1055 clausula
989 1021 1151 1065 sequenti,

413 1078 573 1118 nimirum,
594 1087 650 1110 nec
674 1076 715 1109 ad
737 1076 923 1120 peculiaria
947 1076 1152 1119 superiorum

415 1131 586 1170 mandata,
614 1140 707 1174 quae,
736 1129 944 1171 definitorum
967 1128 1153 1171 provinciae

415 1184 546 1224 iudicio,
567 1183 690 1226 fuerint
706 1182 972 1215 Ehrcalcealorum
996 1182 1152 1223 reforma-

417 1237 499 1270 tioni
530 1240 588 1268 aut
617 1235 780 1268 commodo
809 1234 1032 1274 dissentanea,
1059 1233 1153 1265 verba

416 1290 467 1322 illa
491 1294 548 1322 ait!
573 1287 735 1321 commodo
761 1287 889 1321 omnino
914 1287 1044 1319 delenda
1068 1297 1152 1327 esse,

414 1347 508 1387 prout
531 1353 588 1375 nos
608 1341 790 1374 earumdem
815 1341 1027 1384 praesentium
1045 1339 1154 1382 vigore

415 1397 573 1435 delemus,
604 1395 658 1428 ubi
691 1399 794 1429 autem
827 1394 950 1434 dicitur,
976 1403 1039 1426 non
1062 1403 1154 1436 posse

415 1451 527 1482 fratres
541 1449 637 1493 ipsius
651 1447 830 1492 provinciae
844 1447 983 1480 abstrahi
997 1457 1053 1490 per
1066 1456 1155 1490 quos-

417 1514 551 1547 cumque
576 1502 766 1546 superiores,
790 1501 849 1533 nisi
874 1501 911 1533 de
937 1510 1091 1534 consensu
1108 1510 1155 1532 ca-

417 1557 506 1600 pituli
540 1555 740 1600 provincialis
777 1554 916 1586 eiusdem
953 1553 1154 1598 provinciae,

418 1610 523 1643 verba
548 1610 600 1641 illa
634 1619 690 1652 per
727 1618 942 1651 quoscumque
976 1607 1156 1650 superiores

418 1663 568 1695 nimirum
585 1662 622 1694 de
641 1661 858 1704 superioribus
875 1660 1013 1693 eiusdem
1032 1659 1156 1692 Ordinis

419 1722 537 1749 tantum
572 1715 758 1749 declaranda
783 1725 818 1747 ac
842 1714 1013 1758 respective
1044 1713 1157 1746 intelli-

419 1770 520 1813 genda
545 1780 620 1801 esse.

464 1825 479 1867 ᾗ
503 1823 531 1855 4.
558 1823 731 1862 Praeterea,
757 1831 814 1865 pro
839 1820 951 1853 maiori
977 1819 1080 1863 quiete
1096 1847 1103 1860 ,
1129 1825 1158 1852 et

419 1878 457 1910 ad
482 1875 788 1910 omnes'discordias
813 1878 842 1907 ct
866 1873 1058 1906 differentias
1079 1873 1158 1906 inter

420 1931 519 1964 dictae
544 1929 724 1974 provinciae
745 1929 856 1962 fratres
873 1927 1091 1967 removendas,
1109 1937 1159 1958 au-

421 1984 562 2018 ctoritate
587 1988 616 2015 et
634 1988 743 2015 tenore
762 1980 976 2025 praesentium
994 1980 1159 2012 statuimus

420 2042 450 2070 ct
474 2036 683 2075 decernimus,
708 2034 792 2078 quod
817 2033 949 2066 dilectus
965 2032 1047 2065 filius
1072 2032 1159 2064 mini-

421 2096 484 2123 ster
508 2089 663 2132 generalis
696 2087 847 2132 praedicti
875 2087 999 2119 Ordinis
1024 2086 1158 2130 capitulo

421 2144 521 2176 dictae
546 2142 725 2186 provinciae
741 2168 748 2181 ‚
773 2141 804 2173 in
829 2152 891 2184 quo
917 2144 1073 2182 tamquam
1101 2139 1158 2171 mi-

421 2197 519 2230 nister
539 2195 694 2238 generalis
714 2205 821 2228 vocem
843 2194 959 2226 habere
989 2194 1076 2233 solet,
1093 2203 1160 2226 om-

421 2250 495 2283 nino
510 2248 693 2282 interveniat
706 2258 777 2281 cum
790 2247 933 2280 facultate
946 2247 1057 2279 fratres
1072 2256 1162 2289 quos-

423 2315 557 2348 cumque
575 2303 698 2336 Ordinis
715 2301 958 2345 provinciaeque
980 2300 1160 2333 huiusmodi

423 2358 454 2390 in
489 2355 669 2400 praemissis
700 2355 917 2398 delinquentes
950 2364 966 2386 a
1000 2353 1161 2397 quibusvis

423 2409 565 2443 censuris
585 2413 615 2441 et
638 2408 747 2452 poenis
764 2407 992 2447 ecclesiasticis,
1013 2417 1048 2439 ac
1065 2416 1161 2450 super

425 2464 675 2508 quibuscumque
699 2460 1001 2504 irregularitatibus,
1028 2470 1084 2504 per
1108 2470 1162 2492 eos

424 2522 592 2561 propterea
615 2514 853 2560 quomodolibet
881 2513 1015 2546 incursis
1046 2517 1077 2547 et
1107 2523 1159 2545 re-

426 2570 562 2614 spective
587 2570 763 2610 contractis,
781 2569 965 2602 auctoritate
989 2569 1096 2601 nostra
1114 2566 1163 2599 ab·

426 2623 565 2657 solvendi
579 2628 608 2656 et
621 2623 832 2668 dispensandi,
841 2622 1030 2666 easdemque
1046 2630 1162 2665 poenas

989 227 1168 252 BULLARIUM
1193 227 1346 252 ROMANUM

1182 275 1242 308 illis
1255 275 1432 308 remittendi
1451 279 1481 308 et
1495 270 1702 310 condonandi.
1721 275 1829 310 Dilecti
1844 285 1918 309 vero

1182 329 1237 361 filii
1262 328 1413 362 Antonius
1431 329 1530 371 Vives,
1544 330 1687 363 minister
1707 330 1918 374 provincialis,

1182 392 1218 414 ac
1235 382 1366 415 Ioannes
1383 382 1539 422 Ximemez,
1554 393 1612 426 pro
1629 383 1687 415 hac
1703 382 1770 415 vice
1786 388 1918 422 tantum,

1183 440 1245 468 tres
1269 440 1373 479 patres
1398 435 1436 468 de
1461 446 1593 479 corpore
1613 436 1712 468 dictae
1728 436 1918 479 provinciae,

1182 488 1282 521 bonae
1307 488 1407 522 famae
1428 492 1458 522 et
1481 488 1684 529 conditionis,
1710 499 1746 521 ae
1771 488 1808 521 ab
1833 488 1918 521 omni

1182 541 1315 575 factione
1332 541 1467 584 alienos,
1484 542 1669 575 Franciscus
1686 547 1789 574 autem
1806 542 1920 584 Borgia

1182 592 1321 628 eiusdem
1346 594 1471 628 Ordinis
1499 600 1529 628 et
1560 595 1738 639 provinciae
1761 596 1918 639 professo-

1183 660 1233 682 res
1257 654 1320 681 tres
1345 648 1423 681 alios
1447 648 1585 681 eiusdem
1607 648 1771 692 probitatis
1795 653 1825 681 et
1848 659 1920 692 pru-

1183 702 1305 735 dentiae
1325 701 1408 735 viros
1432 701 1605 744 respective
1627 701 1806 741 nominent3
1825 711 1860 734 ac
1884 711 1919 732 ex

1184 755 1250 788 istis
1264 755 1307 788 sic
1324 754 1492 788 nominatis
1509 754 1651 787 minister
1664 754 1820 796 generalis
1834 764 1922 797 prae-

1184 808 1264 841 fatus
1281 813 1415 852 quatuor
1431 807 1623 847 definitores,
1642 817 1677 840 ac
1697 806 1920 850 provincialem

1185 867 1215 894 et
1238 861 1410 901 custodem,
1435 860 1488 904 qui
1513 862 1575 893 una
1601 871 1670 893 cum
1699 860 1810 893 eodem
1835 860 1923 893 mini-

1186 920 1250 948 stro
1274 914 1412 957 generali
1438 914 1475 947 de
1499 914 1568 946 aliis
1592 913 1806 954 electionibus,
1830 917 1924 957 prout

1186 969 1217 1001 in
1242 968 1379 1012 capitulo
1397 967 1579 1011 provinciali
1600 967 1702 1000 facere
1722 966 1831 1007 solent,
1849 976 1922 1010 pro-

1186 1022 1319 1063 videant,
1341 1021 1444 1064 eligat.
1469 1020 1557 1059 Quod
1582 1020 1606 1053 si
1632 1020 1663 1052 in
1680 1020 1762 1053 dicta
1786 1019 1925 1053 nomina-

1186 1075 1270 1109 tione
1302 1074 1443 1108 sacienda
1473 1074 1645 1114 Antonius,
1676 1084 1711 1106 ac
1740 1073 1870 1106 Ioannes
1895 1077 1923 1105 et

1186 1128 1372 1162 Franciscus
1395 1127 1546 1171 praedicti
1572 1126 1744 1159 concordes
1768 1136 1831 1158 non
1859 1125 1924 1158 sue-

1187 1182 1270 1222 rint,
1303 1181 1350 1214 vel
1383 1180 1495 1224 aliquis
1524 1190 1633 1213 eorum
1666 1179 1784 1213 interea
1809 1189 1824 1211 e
1849 1177 1924 1211 vivis

1187 1235 1367 1275 decesserit,
1392 1238 1465 1268 tunc
1489 1239 1519 1266 et
1543 1243 1580 1266 eo
1605 1243 1678 1266 casu
1702 1232 1844 1264 minister
1871 1242 1924 1274 ge-

1187 1287 1302 1320 neralis
1327 1287 1504 1331 praedictus
1529 1286 1612 1319 vices
1634 1285 1859 1329 quoquomodo
1877 1284 1926 1317 de-

1188 1341 1331 1381 ficientis,
1357 1339 1541 1373 auctoritate
1561 1341 1677 1379 nostra,
1697 1338 1847 1381 suppleat.

1233 1394 1248 1437 ξ
1279 1393 1308 1426 5.
1341 1393 1519 1426 Mandantes
1551 1396 1720 1435 propterea
1751 1391 1781 1423 in
1813 1390 1927 1423 virtute

1189 1452 1312 1480 sanctae
1337 1446 1541 1487 obedientiae,
1567 1455 1603 1477 ac
1628 1444 1686 1477 sub
1714 1443 1928 1477 excommuni-

1189 1499 1320 1534 cationis
1345 1504 1374 1532 et
1398 1498 1583 1542 privationis
1600 1507 1873 1541 quorumcumque
1887 1496 1929 1529 os-

1172 1554 1334 1586 ⁴ficiorum
1358 1563 1415 1596 per
1440 1562 1493 1585 eos
1519 1551 1730 1590 obtentorum,
1751 1549 1928 1582 inhabilita-

1191 1607 1290 1650 tisque
1318 1606 1357 1638 ad
1388 1606 1439 1638 illa
1471 1610 1501 1638 et
1533 1605 1593 1637 alia
1617 1605 1823 1647 imposterum
1848 1603 1928 1636 obti-

1190 1660 1300 1702 nenda,
1327 1670 1362 1692 ac
1387 1659 1456 1691 aliis
1475 1658 1607 1691 arbitrio
1624 1662 1733 1690 nostro
1750 1656 1929 1699 infligendis

1190 1714 1309 1757 poenis,
1335 1712 1434 1745 cidem
1462 1711 1606 1744 ministro
1631 1721 1669 1753 ge
1694 1710 1780 1750 erati,
1799 1710 1930 1753 aliisque

1191 1766 1314 1800 Ordinis
1337 1771 1367 1798 et
1390 1764 1570 1809 provinciae
1593 1721 1772 1796 huiussodi
1790 1762 1931 1807 superio-

1187 1821 1280 1853 vribus
1304 1829 1505 1862 quocumque
1530 1817 1624 1850 modo
1642 1816 1840 1860 nuncupatis,
1858 1826 1931 1860 qua-

1193 1880 1282 1906 tenus
1295 1873 1467 1917 pracmissa
1491 1871 1595 1905 omnia
1612 1876 1641 1903 et
1656 1870 1788 1913 singula,
1809 1879 1933 1902 necnon

1193 1931 1372 1971 praesentes
1395 1926 1514 1958 litteras
1538 1923 1671 1957 firmiter
1695 1928 1725 1956 et
1749 1922 1932 1955 inviolabili-

1193 1986 1240 2013 ter
1265 1980 1450 2019 observent,
1475 1989 1510 2011 ac
1535 1978 1572 2010 ab
1597 1977 1665 2010 aliis
1689 1975 1852 2010 observari
1878 1986 1931 2008 cu-

1194 2038 1262 2066 rent
1279 2039 1309 2066 ct
1333 2033 1462 2072 saciant;
1479 2042 1514 2065 ac
1530 2031 1733 2064 decernentes
1761 2029 1805 2062 sic
1824 2034 1853 2062 et
1869 2038 1932 2061 non

1193 2086 1282 2118 aliter
1306 2086 1337 2118 in
1354 2085 1471 2118 eisdem
1490 2083 1670 2128 praemissis
1693 2093 1749 2126 per
1769 2092 1933 2126 quoscum-

1193 2150 1254 2183 que
1275 2139 1391 2172 iudiccs
1409 2137 1584 2171 ordinarios
1602 2141 1631 2169 et
1647 2136 1817 2178 delegatos,
1838 2134 1932 2167 etiam

1194 2199 1359 2226 causarum
1384 2191 1488 2236 palatii
1513 2189 1677 2234 apostolici
1698 2189 1866 2229 auditores,
1884 2188 1932 2221 iu-

1194 2245 1291 2278 dicari
1323 2250 1352 2277 et
1382 2243 1505 2276 definiri
1537 2243 1670 2282 debere,
1694 2252 1730 2275 ac
1755 2241 1879 2274 irritum
1904 2245 1934 2274 et

1195 2299 1303 2340 inane,
1337 2298 1362 2330 si
1394 2307 1483 2330 secus
1516 2307 1609 2340 super
1633 2295 1681 2329 his
1706 2306 1723 2328 a
1752 2290 1932 2339 quoquam,

1195 2352 1303 2396 quavis
1314 2351 1509 2391 auctoritate,
1524 2350 1658 2383 scienter
1676 2350 1723 2382 vel
1740 2342 1932 2392 ignoranter,

1196 2405 1362 2452 contigerit
1385 2403 1540 2437 attentari.
1566 2404 1633 2436 Non
1659 2402 1856 2436 obstantibus
1872 2401 1934 2435 Cle-

1197 2458 1309 2492 mentis
1334 2456 1585 2502 praedecessoris
1607 2455 1787 2489 huiusmodi
1812 2454 1933 2495 litteris,

1196 2523 1231 2546 ac
1256 2510 1530 2545 constitutionibus
1545 2515 1575 2542 et
1599 2507 1848 2542 ordinationibus
1864 2517 1935 2550 apo-

1196 2565 1330 2606 stolicis,
1352 2575 1398 2605 ac,
1416 2569 1569 2607 quatenus
1593 2573 1671 2607 opus
1696 2562 1752 2603 sit,
1778 2560 1934 2594 dictorum

1196 2619 1320 2654 Ordinis
1345 2623 1375 2652 et
1394 2617 1596 2662 provinciae,
1622 2616 1716 2650 etiam
1741 2614 1934 2655 iuramento,

1929 227 1979 254 An.
2000 227 2030 254 e.
2049 220 2116 254 ¹630

1973 1398 2024 1419 Cum
2040 1398 2125 1419 decreto

1942 1427 1966 1446 ut
1994 1425 2125 1455 *praedicta

1944 1457 2026 1499 aii-nmo
2043 1457 2127 1473 serven-
