2221 3224
97 200 144 227 An,
166 200 192 226 c.
214 199 280 226 '1630
327 190 390 223 170

124 1063 223 1083 Decimae
234 1063 285 1083 libc-

103 1095 138 1110 ωε
163 1095 227 1109 nuere
252 1089 286 1110 de-

102 1117 215 1137 elai-antur.

164 1705 208 1725 Non
225 1706 291 1724 tamen

111 1733 170 1755 illae,
190 1737 242 1757 quas
260 1736 292 1750 ec·

111 1759 188 1779 etesiae
202 1774 205 1781 ,

111 1786 152 1809 μία,
168 1787 208 1805 etr.
227 1789 294 1810 possi-

111 1812 167 1833 «lent.

232 1758 293 1777 culle-

296 257 334 280 ne
359 252 389 280 et
413 247 644 281 contributione
666 252 751 280 ratae
776 246 864 279 illum
880 246 1035 289 tangentis

296 301 453 334 dictorum
468 301 674 334 ducentorum
689 304 718 334 et
730 299 956 343 quinquaginta
970 298 1037 331 mil-

297 355 373 387 lium
391 354 576 387 ducatorum
589 353 729 396 quolibet
742 362 823 385 anno
841 351 931 384 dictis
951 352 1038 396 quin-

296 418 357 451 que
377 408 465 440 annis
482 406 683 445 uui-antibus;
706 410 736 438 et
753 405 847 448 quod,
864 405 889 438 si
906 415 963 448 per
980 414 1038 438 nos

297 465 349 494 aut
363 461 480 493 dictum
496 460 674 503 Philippum
686 469 794 502 regem
808 458 920 502 aliquis
940 468 1039 491 exem-

299 520 367 558 ptus
393 518 482 554 esset,
508 517 560 545 aut
584 512 785 554 eximeretur,
806 522 843 545 ex
863 511 953 544 dictis
972 521 1040 555 per-

298 568 392 608 sonis,
419 568 465 599 vel
490 565 621 606 militiis,
646 565 828 606 ordinibus,
854 569 907 597 aut
930 565 1040 608 quavis

298 622 358 654 alia
391 620 542 664 dignitate
574 619 788 662 fulgentibus,
819 618 862 651 sie
895 628 1039 662 compre-

298 676 413 708 hensus
438 674 468 706 in
494 674 575 707 dicta
600 673 802 706 concessione
833 677 863 705 et
886 682 1040 716 proroga-

298 729 391 768 tione,
416 727 498 760 idem
525 727 687 770 Philippus
708 737 761 759 rex
787 725 855 759 lieri
880 725 1041 759 mandabit

298 782 410 815 iustam
428 786 458 814 et
474 781 636 824 aequalem
663 779 865 813 resectionem
890 783 920 813 ct
944 779 1037 812 satis-

298 835 463 868 factionem
489 845 547 878 pro
572 833 661 874 illis¹,
687 833 879 866 admittendo
904 844 921 865 a
949 832 1041 865 dictis

299 888 438 920 ecclesiis
453 888 490 920 ad
511 886 647 920 bonum⁹
665 890 848 929 computum
869 889 967 919 ratam
985 885 1042 918 hu-

301 941 434 974 iusmodi
459 940 634 984 respective
663 940 871 973 ducentorum
897 944 926 972 ct
950 939 1040 982 quin-

300 996 449 1038 quaginta
474 995 607 1028 millium
634 994 831 1028 ducatorum.

345 1048 359 1091 g
383 1048 412 1080 4.
439 1048 558 1080 Rursus
584 1047 668 1091 quod
693 1047 850 1090 quaelibet
873 1055 1038 1090 personae,

302 1102 527 1145 cuiuscumque
552 1100 710 1144 dignitatis
731 1106 760 1134 et
785 1100 943 1144 qualitatis
967 1099 1043 1132 exis-

301 1160 376 1196 tant,
401 1166 480 1199 quae
504 1155 682 1199 percipiunt
713 1159 742 1187 et
767 1153 941 1197 percipient
972 1162 1044 1196 pen-

302 1209 425 1248 siones,
455 1207 680 1251 comprehendi
712 1206 867 1246 debeant,
894 1210 924 1238 et
956 1205 1043 1237 nullo

302 1261 396 1294 modo
421 1260 481 1293 sint
505 1265 676 1304 exemptae,
697 1260 735 1292 ad
760 1259 906 1292 ess‘ectum
932 1257 1045 1291 contri-

302 1314 418 1348 buendi
439 1314 476 1347 ad
494 1314 591 1347 instar
608 1314 742 1347 aliorum
766 1312 946 1346 reddituum
966 1311 1046 1344 deei-

304 1368 442 1409 malium,
465 1368 495 1400 in
517 1367 669 1400 divisione
691 1365 871 1400 huiusmodi
894 1365 1045 1399 ducento-

305 1433 376 1456 rum
393 1428 422 1456 et
443 1422 669 1466 quinquaginta
692 1420 826 1453 millium
848 1420 1046 1459 ducatorum,

305 1487 367 1510 non
407 1476 602 1510 obstantibus
642 1483 842 1518 quacumque
882 1473 1023 1506 clausula
1039 1499 1046 1513 ,

306 1530 515 1574 exemptione,
540 1528 770 1573 ltii‘aerogativa,
795 1526 994 1560 ordinatione
1019 1519 1050 1560 et

306 1583 508 1626 obligatione,
534 1582 628 1615 etiam
656 1581 685 1614 in
710 1581 813 1614 forma
838 1590 992 1623 camerae,
1018 1580 1048 1612 in

307 1638 354 1671 sui
379 1638 517 1670 savorem
543 1635 641 1668 saetis.

353 1691 367 1734 ἓ
391 1690 419 1724 5.
445 1689 596 1733 Quodque
620 1688 760 1722 decimae
786 1692 815 1720 et
839 1686 959 1727 tertiae,
974 1696 1050 1730 quas

310 1745 391 1778 idem
417 1743 577 1787 Philippus
604 1752 658 1775 rex
683 1741 824 1774 habetet
850 1750 1051 1784 quocumque

311 1797 404 1831 modo
428 1796 575 1841 possidet,
596 1795 644 1828 vel
662 1794 736 1828 alias
758 1793 907 1834 vendidit,
927 1797 979 1826 aut
996 1792 1052 1826 im-

310 1851 489 1896 pignoravit
513 1860 584 1882 eum
603 1848 756 1882 evictione
777 1853 806 1881 et
831 1847 996 1881 securitate
1016 1857 1051 1880 ac

310 1904 521 1949 promissione
555 1902 640 1947 quod
671 1902 731 1935 sint
761 1905 791 1935 et
822 1911 889 1934 esse
917 1900 1052 1933 debeant

312 1959 430 1991 liberae
447 1968 464 1990 a
481 1957 632 1990 divisione
658 1961 688 1989 et
709 1954 848 1988 subsidio
866 1959 895 1987 et
915 1954 1053 1998 qualibet

312 2012 371 2045 alia
396 2003 595 2054 impositione
615 2008 798 2053 apostolica,
819 2018 982 2041 remanere
1004 2007 1053 2041 de-

312 2066 406 2099 beant.
429 2064 546 2097 liberae
567 2068 597 2097 et
621 2063 723 2096 salvae
747 2073 765 2095 a
789 2062 943 2097 solutione
961 2067 991 2096 et
1007 2072 1054 2096 re-

316 2119 481 2164 partitione
507 2117 662 2151 dictorum
683 2116 890 2149 ducentorum
912 2121 941 2148 et
965 2115 1054 2160 quin-

315 2172 463 2218 quaginta
488 2171 620 2204 millium
647 2170 851 2211 ducatorum,
875 2170 992 2213 absque
1017 2179 1054 2203 eo

315 2227 399 2271 quod
421 2227 480 2259 hac
503 2226 541 2258 de
561 2225 666 2265 causa,
684 2225 731 2257 vel
753 2224 855 2268 aliqua
873 2224 944 2265 alia,
962 2223 1054 2257 etiam

315 2285 403 2314 extra
426 2284 586 2313 contentas
604 2284 634 2312 et
654 2288 818 2322 expressas
844 2278 875 2310 in
899 2277 1056 2321 praesenti

316 2333 495 2374 concordia,
510 2332 625 2376 aliquid
640 2331 799 2364 minuatur
813 2342 849 2364 cx
868 2332 990 2364 summa
1004 2330 1057 2364 du-

316 2393 479 2421 centorum
505 2392 534 2420 et
559 2385 784 2430 quinquaginta
805 2385 937 2418 millium
963 2385 1057 2419 duca-

319 2447 420 2475 torum
435 2441 458 2481 ³3

358 2523 366 2548 1
382 2521 477 2557 Aptius
486 2521 681 2556 legeretur-pro
693 2521 752 2555 illo,
763 2520 833 2548 idest
844 2523 972 2555 exempto
983 2520 1056 2555 (ft-T).

354 2567 371 2592 2
386 2566 413 2592 ln
427 2566 485 2593 loco
501 2566 597 2600 parall.
614 2565 712 2599 legitur
728 2565 765 2592 ad
784 2574 868 2591 suum
884 2565 922 2600 (a.
939 2566 986 2598 T.).

356 2611 371 2638 3
387 2611 417 2637 In
432 2610 490 2638 loco
507 2610 600 2646 parall.
618 2609 723 2637 additur
739 2609 902 2638 huiusmodi
918 2609 956 2644 (a.
973 2609 1022 2642 it).

865 199 1046 223 BULLARIUM
1073 198 1230 223 nolti-ANUM

1817 200 1870 227 An.
1891 200 1920 227 C.
1940 200 2008 228 1630

1855 262 1928 289 Neque
1944 263 2009 284 ctiam

1825 289 1863 312 itti,
1873 289 1909 316 qui
1923 290 2009 319 pensio-

1824 321 1861 337 nes
1876 317 2002 342 percipiunt.

1114 246 1129 289 ἓ
1152 245 1182 279 6.
1208 246 1357 290 Reliquae
1379 257 1451 281 vero
1472 248 1581 281 tertiae
1598 247 1737 281 decimae
1754 247 1808 281 hu-

1070 299 1215 341 iusmodi,
1234 304 1264 332 et
1280 300 1358 344 aliae
1382 300 1550 344 primitiae,
1566 311 1624 344 per
1641 312 1808 345 quascum-

1071 364 1131 396 que
1157 352 1314 394 eeclesias,
1335 353 1476 397 collegia,
1497 354 1726 397 universitates,
1747 365 1811 388 mo-

1070 405 1227 446 nasteria,
1253 410 1282 438 et
1306 416 1518 450 quascumque
1552 406 1627 439 alias
1660 401 1810 450 personas

1071 468 1233 502 possessae
1250 463 1281 491 et
1298 463 1466 503 perceptae
1486 463 1687 503 quocumque
1711 460 1811 500 titulo,

1072 512 1151 553 iure,
1169 512 1406 553 consuetudine,
1423 523 1479 545 seu
1502 512 1668 556 privilegio
1686 512 1812 553 fuerint,

1074 570 1254 599 remaneant
1278 566 1525 609 comprehensae
1554 560 1583 599 et
1612 565 1813 599 contribuere

1073 617 1207 652 debeant
1224 618 1255 650 in
1272 617 1355 650 dieta
1380 617 1532 651 divisione
1557 618 1766 652 ducentorum
1784 623 1813 651 et

1073 671 1299 716 quinquaginta
1331 670 1464 703 millium
1494 671 1680 705 ducatorum
1705 671 1810 705 huius-

1074 724 1168 758 modi.
1495 755 1500 761 ,

1119 778 1134 822 ξ
1159 777 1186 810 7.
1204 777 1347 821 Insuper,
1365 777 1448 821 quod
1466 776 1567 810 dictus
1584 777 1745 822 Philippus
1759 788 1813 812 rex

1075 831 1218 875 recipere
1235 831 1348 864 debeat
1367 836 1397 864 et
1417 830 1548 874 recipiat
1573 830 1611 863 ad
1628 835 1814 874 computum

1884 793 2014 813 Vaeautihus

1829 818 2015 844 episcopatibuset

1830 845 2009 871 archiepiscopa-

1830 871 1885 892 tibus
1912 871 1999 892 sedibus
2010 887 2015 894 .

1068 887 1168 919 temne
1193 884 1223 918 id
1251 884 1336 929 quod
1361 889 1475 928 tanget,
1493 888 1523 918 et
1546 885 1643 918 fuerit
1667 884 1746 918 iuste
1770 895 1816 918 as·
1831 903 1903 918 eorum
1918 897 2015 918 redditus

1075 939 1232 982 signatum
1257 944 1287 972 et
1310 938 1512 972 distributum
1534 937 1649 971 mensis
1665 937 1816 982 archiepi-
1830 925 2015 977 Εὲῗῖἓὶἒῖἒῗηῖἕῑῖ

1075 991 1253 1035 scopalibus
1278 996 1309 1024 et
1332 991 1565 1035 episcopalibus
1589 991 1747 1024 dictorum
1766 1001 1817 1024 re·
1831 977 2016 1026 iimmpffd'ffl'

1076 1055 1212 1088 gnorum
1238 1045 1387 1079 Castellae
1423 1049 1453 1078 et
1486 1044 1644 1088 Legionis,
1669 1054 1727 1088 pro
1753 1048 1818 1078 toto

1077 1094 1218 1143 tempore
1242 1109 1304 1143 quo
1325 1098 1413 1132 sedes
1438 1098 1605 1139 vacabunt,
1627 1098 1741 1131 intuitu
1769 1097 1817 1130 di-

1077 1157 1200 1186 ctorum
1225 1152 1433 1186 ducentorum
1451 1157 1480 1185 et
1497 1152 1724 1196 quinquaginta
1748 1151 1818 1185 mil·

1077 1206 1154 1239 lium
1179 1205 1374 1239 ducatorum.

1123 1259 1137 1302 ἓ
1162 1257 1190 1291 8.
1217 1258 1305 1297 Quod
1326 1258 1408 1292 idem
1438 1258 1601 1303 Philippus
1627 1269 1681 1292 rex
1705 1259 1819 1293 debeat
1861 1271 1972 1293 Brachium
1986 1276 2018 1291 sa-

1079 1311 1228 1346 mandare
1242 1311 1309 1345 dari
1327 1316 1356 1344 et
1371 1312 1506 1345 relaxari
1520 1322 1734 1357 quascumque
1748 1323 1819 1356 pro·
1834 1299 1906 1346 3ὶῖῗέιῖ
1918 1297 2019 1344 suffiti

1080 1365 1215 1399 visiones
1229 1370 1259 1398 et
1274 1365 1394 1400 litteras
1411 1361 1603 1399 necessarias
1621 1366 1659 1399 ad
1673 1365 1819 1400 effectum
1835 1353 2019 1378 ⁰⁰⁴³mp'³⁹⁵¹³‘⁹'

1080 1422 1113 1453 ut
1136 1418 1303 1452 brachium
1328 1419 1470 1452 seculare
1492 1419 1543 1453 det
1567 1424 1596 1452 et
1619 1424 1758 1463 praestet
1777 1419 1821 1452 fa-

1081 1482 1188 1505 vorem
1213 1477 1243 1505 et
1268 1472 1420 1505 auxilium
1449 1471 1488 1505 ad
1521 1471 1762 1516 exequutionem
1792 1476 1823 1507 et

1082 1526 1276 1560 exactionem
1311 1526 1412 1559 dictae
1443 1526 1604 1560 divisionis
1636 1526 1819 1570 praedicto·
1866 1521 1868 1523 ’

1082 1590 1153 1613 rum
1185 1580 1393 1613 ducentorum
1429 1585 1458 1613 et
1490 1579 1718 1624 quinquaginta
1746 1580 1819 1612 mil-

1082 1632 1160 1665 lium
1188 1633 1375 1666 ducatorum
1400 1638 1429 1666 et
1454 1643 1662 1677 expensarum
1689 1632 1824 1677 desuper

1083 1685 1308 1728 faciendarum,
1342 1691 1372 1719 et
1406 1692 1440 1719 ut
1472 1686 1596 1729 negotia
1624 1691 1823 1730 praesentem

1084 1739 1285 1774 concordiam
1310 1745 1339 1773 et
1363 1739 1629 1774 contributionem
1651 1740 1697 1773 vel
1715 1749 1823 1773 earum

1084 1804 1234 1839 expensas
1252 1794 1412 1837 tangentia
1433 1804 1496 1828 non
1513 1794 1668 1827 ducantur
1688 1804 1743 1827 seu
1767 1797 1826 1827 tra-

1085 1847 1199 1881 hantur
1215 1848 1245 1881 in
1264 1847 1437 1881 audientias
1456 1847 1560 1890 regias
1577 1857 1634 1891 per
1651 1846 1733 1880 viam
1754 1857 1826 1890 gra-

1086 1901 1228 1943 vaminis,
1245 1911 1346 1945 neque
1364 1901 1450 1945 ipsae
1475 1900 1580 1943 regiae
1601 1900 1777 1934 audientiae
1794 1900 1824 1934 in

1086 1956 1146 1989 illis
1171 1966 1203 1989 se
1227 1955 1445 1989 intromittant.

1132 2009 1146 2052 ἓ
1170 2008 1199 2042 9.
1225 2008 1375 2052 Quodque
1393 2007 1511 2041 iudices
1528 2007 1738 2041 commissarii
1754 2017 1826 2052 apo-

1087 2062 1187 2096 stolici
1213 2066 1421 2105 exequutores
1446 2061 1608 2104 generales
1628 2060 1728 2094 dictae
1749 2071 1825 2095 con·
1841 2070 1941 2091 mandata
1955 2070 1982 2091 aa
1997 2070 2026 2099 a.

1087 2114 1237 2149 cessionis
1269 2119 1299 2148 et
1328 2113 1563 2159 prorogationis
1597 2113 1766 2147 decernere
1797 2096 1918 2147 cti‘ti'i'ss
1942 2097 2027 2124 praum-

1088 2169 1228 2202 relaxare
1253 2172 1416 2203 teneantur
1440 2167 1637 2212 provisiones
1662 2172 1692 2200 et
1716 2167 1827 2201 subde-

1088 2222 1260 2266 legationes
1285 2221 1423 2255 iudicum
1453 2226 1482 2254 et
1502 2221 1606 2255 omnia
1624 2221 1763 2266 recapita
1778 2231 1828 2255 ne-

1090 2276 1223 2310 cessaria
1247 2286 1304 2320 pro
1337 2275 1575 2319 recuperatione
1599 2274 1730 2309 subsidii
1753 2285 1827 2320 pro-

1091 2330 1191 2374 rogati
1215 2328 1395 2362 huiusmodi
1421 2334 1451 2361 et
1474 2338 1694 2372 expensarum.

1135 2385 1150 2428 ἓ
1180 2383 1225 2417 10.
1247 2383 1397 2427 Quodque
1423 2382 1527 2416 onmia
1547 2382 1665 2416 eredita
1690 2382 1828 2427 capituli,
1844 2390 2028 2438 ia‘ssssffliiauiisssfss‘

1091 2437 1288 2481 dignitatum,
1314 2437 1361 2470 vel
1387 2437 1611 2470 canonicorum
1635 2436 1756 2480 possint
1781 2446 1829 2470 re·
1843 2423 2029 2490 mffmffve'r'vieuit

1092 2490 1236 2535 cuperari
1270 2500 1377 2523 coram
1412 2489 1567 2523 iudicibus
1600 2475 2019 2532 subdelegatis,isseifiie’ral'ss⁵⁵¹¹¹

1092 2554 1205 2588 nempe
1230 2543 1335 2576 debita
1359 2543 1397 2576 ad
1417 2553 1496 2586 quae
1521 2545 1664 2577 tenentur
1687 2542 1829 2585 ipsorum

1093 2598 1266 2640 oeconomi,
1283 2596 1466 2633 reddituarii
1482 2601 1511 2631 et
1529 2594 1704 2638 affictuarii,
1715 2594 1829 2641 aliique

1877 2016 1967 2040 ludices.
1983 2019 2022 2038 etc.

1841 2043 1919 2064 debent
1930 2044 2026 2065 relaxare
2056 2042 2060 2045 '

2214 1906 2215 1913 1

2215 1938 2221 1948 J

2215 1951 2221 1977 *t

2216 2100 2219 2107 .

2218 2160 2221 2181 l

2217 2190 2220 2202 t

2216 2207 2220 2224 t

2216 2225 2220 2242 ι

2204 2256 2209 2257 ⁷
2216 2245 2221 2265 '-

2216 2271 2219 2291 ἔ

2217 2300 2219 2308 ,
