2248 3229
177 206 228 235 An.
244 205 273 235 C.
288 205 359 235 1632
406 196 472 231 274

229 2284 348 2307 clausulae.

378 254 518 299 quotidie
541 253 698 296 indigent,
723 256 771 294 et,
796 249 900 294 quoad
917 253 1034 289 curata,
1060 248 1116 292 iis,

379 318 516 352 quorum
540 311 682 347 centum,
707 315 770 347 quo
794 313 870 336 vero
894 301 933 335 ad
952 301 1118 345 simplicia,

379 361 428 402 iis,
453 369 588 404 quorum
612 356 707 390 annui
732 355 872 389 redditus
897 364 1053 388 summam
1077 354 1120 387 vi-

380 414 596 457 gintiquatuor
620 410 808 443 ducatorum
838 408 906 441 auri
931 407 969 441 de
993 407 1119 441 camera

379 477 443 500 non
467 463 632 507 excedunt)
656 463 686 495 in
707 461 929 505 Hispaniarum
954 459 1060 503 regnis
1085 469 1121 492 ac

379 518 490 552 insulis
513 517 684 558 Sardiniae,
708 515 876 549 Maioricae
899 518 929 547 et
952 513 1122 547 Minoricae

381 571 590 613 existentium,
616 579 651 603 ac
676 568 819 602 similiter
839 567 981 601 omnium
1001 566 1123 611 pensio-

380 635 456 658 num
474 633 568 668 super
584 621 766 667 praemissis
787 620 1015 663 assignatarum
1033 624 1063 652 et
1079 629 1124 652 as-

382 677 617 722 signandarum,
634 673 873 719 percipiendam
891 677 920 707 et
937 672 1122 716 exigendam

382 744 400 765 a
416 732 668 776 quibuscumque
684 727 942 771 archiepiscopis
956 725 1122 770 episcopiS,

382 784 580 830 primatibus,
601 781 800 826 praepositis,
819 779 955 820 decanis,
970 778 1124 823 capitulis,

384 837 555 878 canonicis,
572 835 760 877 rectoribus,
778 832 981 873 beneficiatis,
999 832 1124 865 abbati-

382 892 451 933 bus,
466 889 636 934 prioribus,
651 886 936 926 commendaturus,
950 885 1124 927 abbatissis,

383 943 554 989 priorissis‚
573 941 730 982 fratribus,
744 939 906 980 militibus,
921 943 951 971 et
967 937 1036 971 aliis
1052 947 1127 981 quo-

386 1008 522 1042 cumque
545 996 673 1030 nomine
700 993 905 1038 nuncupatis,
931 992 1126 1025 secularibus

386 1057 416 1085 et
432 1050 641 1094 regularibus,
656 1048 830 1091 ceterisque
846 1047 1072 1089 cuiuscumque
1085 1045 1128 1078 di-

386 1105 524 1150 gnitatis,
549 1108 647 1137 status
660 1107 690 1135 et
703 1100 890 1135 conditionis
911 1099 1125 1141 existentibus,

385 1158 525 1203 praefata
539 1165 739 1201 quocumque
753 1155 830 1193 iure,
846 1153 950 1194 mode,
964 1152 1128 1186 occasione

387 1218 417 1245 et
437 1211 527 1244 titulo
545 1208 767 1248 obtinentibus,
785 1217 839 1239 seu
859 1205 1082 1245 detinentibus,
1099 1209 1129 1237 et

387 1263 573 1303 obtenturis,
598 1271 720 1294 necnon
744 1259 926 1293 oeconomis
948 1261 977 1292 et
997 1257 1130 1290 admini-

388 1316 576 1352 stratoribus
612 1313 774 1358 perpetuis
813 1323 869 1345 seu
904 1310 1130 1354 temporalibus

388 1367 641 1409 usufructuariis,
667 1377 702 1399 ac
726 1366 856 1407 fructus,
878 1364 1054 1408 pensioneS,
1080 1373 1130 1396 res

390 1429 419 1458 et
433 1423 493 1456 alia
506 1430 723 1466 quaecumque
735 1418 917 1452 huiusmodi
928 1418 997 1450 iura
1007 1421 1036 1449 et
1048 1417 1131 1449 bona

391 1488 427 1510 ex
439 1484 637 1520 quacumque
651 1474 755 1513 causa,
765 1472 873 1516 quavis
886 1471 1084 1510 auctoritate,
1101 1470 1133 1502 in

391 1535 456 1564 toto
481 1529 529 1562 vel
554 1528 585 1560 in
610 1532 698 1571 parte
723 1526 781 1559 sibi
806 1529 964 1558 reservata
984 1529 1037 1557 aut
1062 1533 1134 1557 con-

393 1594 479 1616 cessa
492 1581 682 1616 habentibus
696 1580 743 1613 vel
760 1578 925 1620 habituris,
940 1577 1133 1610 secularibus

394 1642 423 1669 et
438 1634 639 1678 regularibus
657 1633 820 1673 Ordinum,
839 1630 1133 1674 congregationum,

394 1689 577 1723 militiarum
586 1693 615 1720 et
624 1687 826 1731 hospitalium
837 1685 1137 1729 pi‘aesat01·iini‚nec-

394 1753 457 1777 non
477 1743 515 1775 ab
540 1741 614 1786 ipsis
635 1740 784 1781 ecclesiis,
803 1739 958 1783 capitulis,
975 1737 1134 1771 conventi-

395 1797 463 1837 bus,
475 1795 654 1835 Ordinibus,
663 1793 971 1836 congregationibus,
983 1791 1135 1834 collegiis,

396 1849 620 1893 hospitalibus,
646 1847 782 1887 militiis,
809 1846 945 1887 mensis,
972 1845 1082 1877 massis
1106 1849 1136 1876 et

397 1904 485 1944 locis,
500 1911 700 1946 quocumque
714 1900 881 1944 privilegio
896 1903 924 1933 et
937 1898 1137 1942 exemptione

398 1957 485 1998 reali,
506 1954 664 1999 personali
689 1959 718 1986 et
743 1953 850 1993 mixta,
872 1952 999 1997 antiqua
1025 1956 1054 1983 et
1079 1951 1137 1982 im-

392 2008 608 2055 memorabili,
634 2007 765 2051 pacifica
779 2012 808 2039 et
826 2004 1004 2039 continuata
1029 2003 1136 2037 sufful-

400 2064 449 2103 tis,
466 2072 545 2106 quos
562 2071 671 2095 omnes
688 2059 840 2103 (exceptis
857 2058 1057 2102 supradictis)
1076 2058 1139 2090 col-

400 2115 582 2155 lectoribus,
606 2119 640 2147 ut
665 2114 745 2146 infra
768 2111 969 2156 deputandis,
995 2111 1140 2144 volumus

402 2169 556 2202 decimam
573 2167 776 2212 praedictam,
794 2166 877 2198 iuxta
895 2170 995 2197 taxam
1016 2164 1139 2208 praedi-

403 2228 495 2263 ctam,
513 2222 594 2254 infra
613 2231 727 2253 annum
746 2219 927 2264 proximum
943 2219 1139 2263 persolvisse.

447 2276 463 2319 g
486 2275 515 2309 3.
540 2275 749 2308 Decernentes
772 2273 873 2305 nullas
890 2273 1018 2305 omnino
1042 2282 1142 2304 exem-

402 2330 525 2374 ptiones
541 2333 570 2362 et
589 2327 802 2361 immunitates
826 2326 1021 2359 exactionem
1039 2325 1144 2359 huius—

404 2383 489 2416 modi
515 2381 668 2425 impedire
693 2391 801 2425 posse,
827 2380 935 2423 sicque
963 2389 1021 2423 per
1049 2389 1143 2422 quos-

406 2447 540 2480 cumque
564 2435 683 2468 iudices
712 2439 743 2467 ct
774 2433 1026 2473 commissarios,
1050 2432 1144 2465 etiam

407 2500 572 2523 causarum
596 2487 702 2532 palatii
726 2486 891 2531 apostolici
916 2485 1086 2526 auditores
1110 2495 1146 2517 ac

408 2548 532 2576 sanctae
567 2544 727 2576 Romanae
762 2541 919 2574 Ecclesiae
951 2539 1146 2579 cardinales,

408 2595 502 2630 etiam
526 2596 564 2629 de
588 2597 685 2629 latere
702 2596 833 2639 legam,
850 2594 972 2628 sublata
990 2593 1034 2627 eis
1051 2597 1081 2626 et
1100 2602 1149 2625 eo-

953 200 1133 226 BULLARIUM
1157 200 1311 225 ROMANUM

1904 199 1959 228 An.
1975 200 2006 228 C.
2023 199 2091 228 1632

1150 258 1221 281 rum
1254 247 1383 281 cuilibet
1414 248 1522 292 quavis
1552 248 1642 282 aliter
1674 247 1830 281 iudicandi
1862 252 1893 282 ct

1151 300 1378 345 interpretandi
1401 300 1548 335 facultate
1571 304 1602 334 et
1625 302 1824 344 auctoritate,
1850 301 1893 335 iu-

1152 354 1251 388 dicari
1274 364 1310 388 ac
1335 354 1459 388 definiri
1483 354 1620 397 debere,
1645 364 1682 387 ac
1704 355 1829 389 irritum
1863 360 1894 388 et

1152 406 1245 440 inane
1269 407 1423 451 quidquid
1455 418 1545 440 secus
1577 417 1673 451 super
1704 406 1753 440 his
1777 417 1795 440 a
1818 418 1893 451 quo-

1155 470 1260 505 quam,
1275 460 1385 505 quavis
1398 460 1597 501 auctoritate,
1605 459 1740 494 scienter
1752 459 1801 493 vel
1811 459 1895 503 igno-

1154 517 1271 554 ranter,
1296 513 1464 556 contigerit
1489 513 1643 546 attentari.

1200 567 1215 610 ἓ
1239 566 1268 599 4».
1294 567 1332 601 Ut
1355 570 1460 600 autem
1481 565 1661 610 supradicta
1680 565 1850 609 diligenter
1866 569 1897 598 et
1980 579 2094 605 pepuzam,

1156 619 1292 653 fideliter
1316 618 1519 663 exequutioni
1543 618 1782 660 demandentur,
1807 627 1898 652 vene·
1911 607 2095 654 Fiffiicssssi'iec‘igl

1157 673 1289 707 rabilem
1326 672 1456 705 fratrem
1491 671 1654 706 Caesarem
1685 672 1897 716 patriarcham
1912 666 1963 681 ‘⁰¹¹¹'

1158 727 1404 768 Antiochenum,
1429 730 1572 759 nostrum
1598 729 1628 760 et
1656 725 1744 759 Sedis
1767 727 1898 769 Aposto-

1158 781 1236 814 licae
1260 780 1291 812 in
1315 779 1405 813 dictis
1429 779 1536 822 regnis
1559 779 1721 820 nuncium,
1746 779 1836 812 cuius
1857 780 1901 812 in-

1160 834 1287 877 tegritas
1319 838 1350 866 ct
1384 832 1550 877 prudentia
1586 832 1677 866 nobis
1713 831 1901 876 iampridem

1160 887 1284 930 cognita
1309 892 1365 929 est,
1390 891 1420 919 et
1443 887 1519 918 alias
1543 886 1770 919 ecclesiasticas
1794 895 1901 929 perso-

1160 951 1226 981 nas,
1244 940 1268 973 si
1290 941 1330 972 ita
1347 940 1374 973 ei
1390 939 1554 982 videbitur,
1573 939 1611 971 ab
1629 949 1665 972 eo
1684 938 1901 980 nominandas,

1161 994 1301 1028 decimae
1324 993 1502 1038 praedictae
1527 993 1723 1033 collectores,
1740 1002 1812 1025 cum
1837 1002 1903 1025 om-

1161 1048 1255 1080 nibus
1279 1046 1550 1080 iurisdictionibus
1580 1056 1661 1090 quae
1693 1046 1762 1078 aliis
1792 1045 1902 1078 huius-

1162 1100 1246 1134 modi
1257 1099 1479 1134 collectoribus
1490 1099 1527 1132 de
1541 1099 1609 1132 iure
1618 1099 1666 1132 vel
1676 1098 1903 1132 consuetudine

1162 1153 1403 1198 quomodolibet
1420 1157 1611 1196 competunt,
1621 1152 1805 1186 auctoritate
1821 1156 1851 1185 et
1864 1155 1904 1186 te-

1162 1217 1240 1240 nore
1254 1206 1423 1250 praedictis
1436 1205 1655 1239 constituimus
1665 1209 1695 1239 et
1707 1205 1902 1249 deputamus,

1208 1260 1223 1303 ἓ
1247 1259 1276 1292 5.
1301 1258 1491 1299 Mandantes,
1507 1261 1554 1298 ut,
1571 1257 1724 1302 quidquid
1748 1257 1829 1298 inde,
1846 1268 1904 1302 per
1964 1269 2102 1291 Necessarias

1165 1323 1207 1354 se,
1225 1313 1273 1345 vel
1294 1321 1446 1356 personas
1471 1311 1697 1344 ecclesiasticas
1717 1311 1903 1354 praedictas,
1918 1296 2102 1353 ξῖἳῗῖἷὲἶῗῑῖτῗιῗὲἑ

1165 1366 1229 1399 sive
1243 1366 1489 1399 subcollectores
1502 1375 1586 1405 suos,
1597 1364 1746 1407 exegerit,
1757 1364 1788 1397 id
1800 1374 1904 1405 omne,
1919 1349 2025 1371 mmm

1164 1419 1286 1452 reddita
1302 1419 1390 1462 prius
1403 1418 1461 1450 sibi
1474 1428 1532 1461 per
1548 1427 1698 1461 personas
1712 1417 1905 1461 deputandas

1164 1471 1346 1505 huiusmodi
1370 1471 1618 1515 praemissorum
1638 1470 1780 1504 omnium
1803 1470 1902 1504 ratio-

1166 1524 1234 1565 ne¹,
1258 1524 1458 1557 thesaurario
1482 1524 1581 1568 ipsius
1606 1523 1742 1567 Philippi
1766 1522 1850 1566 regis
1876 1522 1907 1556 in

1167 1577 1364 1622 supradictos
1388 1581 1419 1609 et
1442 1587 1505 1609 non
1529 1576 1606 1610 alios
1630 1587 1705 1609 usus
1728 1580 1908 1609 converten-

1167 1632 1241 1664 dum
1267 1630 1446 1673 consignari
1474 1630 1582 1670 saciat,
1607 1640 1642 1663 ac
1663 1630 1764 1663 eidem
1784 1629 1907 1663 Caesari

1166 1684 1363 1729 patriarchae
1381 1684 1516 1727 plenam,
1530 1683 1662 1715 liberam
1676 1686 1706 1716 ct
1721 1683 1858 1726 amplam
1873 1692 1909 1715 ac

1169 1739 1343 1771 absolutam
1374 1742 1561 1780 potestatem
1588 1741 1691 1768 taxam
1717 1740 1746 1769 et
1769 1735 1906 1779 reparti-

1169 1797 1310 1824 mentum
1327 1789 1519 1829 huiusmodi,
1534 1800 1592 1833 pro
1609 1788 1771 1832 praedicta
1785 1789 1910 1821 summa

1170 1849 1389 1877 sexcentorum
1409 1843 1543 1875 millium
1560 1842 1746 1875 ducatorum
1767 1846 1911 1875 monetae

1170 1897 1337 1941 Hispaniae
1362 1896 1524 1929 dumtaxat
1548 1895 1752 1936 conficienda,
1771 1895 1856 1928 omni
1881 1899 1912 1928 et

1171 1961 1369 1995 quacumque
1394 1950 1613 1994 appellatione,
1636 1959 1785 1991 recursu,
1809 1948 1907 1981 nulli-

1172 2005 1242 2038 tatis
1267 2004 1413 2046 dictione,
1435 2014 1470 2036 ac
1487 2003 1517 2035 in
1532 2003 1690 2045 integrum
1714 2002 1912 2035 restitutione

1172 2058 1296 2101 penitus
1313 2057 1454 2097 remotis,
1467 2056 1600 2090 faciendi
1618 2060 1647 2088 et
1663 2055 1911 2099 praescribendi,

1172 2111 1330 2155 praefatos
1354 2120 1463 2143 omnes
1487 2109 1525 2142 ad
1550 2108 1705 2141 decimam
1730 2107 1912 2141 huiusmodi

1174 2175 1232 2208 pro
1257 2165 1322 2196 rata
1349 2162 1520 2206 quemlibet
1548 2162 1633 2194 iuxta
1664 2161 1835 2205 praefatam
1861 2166 1910 2193 ta-

1175 2227 1246 2249 xam
1271 2219 1418 2258 tangente
1442 2215 1705 2259 persolvendam,
1735 2214 1827 2248 etiam
1857 2225 1914 2258 per

1175 2270 1311 2303 edietum
1335 2269 1412 2302 locis
1436 2268 1571 2312 publicis
1594 2267 1796 2311 affigendum,
1820 2267 1915 2300 etiam

1176 2323 1234 2356 sub
1259 2322 1401 2355 censuris
1426 2325 1455 2355 et
1479 2322 1589 2366 poenis
1607 2321 1835 2362 ecclesiasticiS,
1852 2331 1916 2354 mo-

1176 2376 1269 2409 nendi
1294 2380 1324 2408 et
1348 2375 1540 2418 requirendi,
1564 2385 1627 2407 non
1647 2378 1791 2418 parentes
1809 2377 1915 2407 contu-

1178 2440 1282 2462 maces
1299 2433 1329 2461 et
1345 2428 1527 2462 sraudaccs‘2
1547 2428 1577 2460 in
1592 2438 1740 2461 censuras
1757 2432 1788 2461 et
1799 2436 1917 2470 poenas

1178 2483 1332 2528 praefatas
1356 2482 1502 2515 incidisse
1526 2481 1715 2521 declarandi,
1739 2479 1917 2524 proprieta-

1216 2556 1225 2581 1
1247 2554 1392 2589 Perperam
1408 2553 1472 2580 edit.
1489 2553 1572 2580 Main.
1591 2552 1654 2587 legit
1668 2551 1786 2580 eratione
1798 2551 1838 2584 (n.
1855 2550 1918 2585 T,).,

1215 2599 1231 2626 ’ΞΖ
1246 2599 1392 2627 Videretur
1406 2598 1550 2634 legendum
1569 2597 1737 2633 fraudantes
1753 2595 1790 2631 (a.
1806 2594 1855 2630 T.).
