2248 3229
87 213 137 242 An.
157 214 187 242 C.
206 213 277 243 1636

91 2167 110 2187 {a

125 2140 193 2159 ’etit-u
204 2140 274 2166 Papio

127 2169 145 2186 la

898 215 1039 241 rnnaxvs

287 261 421 297 tidianae
437 262 675 298 distributiones
693 264 858 298 solvendae
878 275 937 309 pro
960 266 1028 298 rata

286 326 397 350 eorum
428 315 570 359 servitii,
596 327 673 361 quas
702 317 815 352 deinde
845 318 1028 362 particulari

286 374 401 403 statuto
425 369 566 403 eiusdem
591 371 757 412 ecclcsiae,
782 371 954 415 apostolica
979 382 1029 404 au-

286 423 428 457 ctoritate
453 424 640 458 confirmato
664 430 694 458 et
718 425 758 458 ab
783 425 867 458 illius
891 423 1047 469 capitulo¹¹

286 482 316 510 ct
340 477 500 510 canonicis
534 483 718 521 acceptato,
751 478 945 511 declaratum
970 478 1047 510 suit·

286 530 403 564 debere
427 530 596 563 ascendere
613 530 651 563 ad
670 531 726 563 tria
748 531 865 574 regalia
886 534 1028 564 monetae
1044 536 1047 572 g

287 583 412 616 illarum
445 582 583 627 partium
614 583 754 627 qualibet
783 584 833 617 dic
859 594 918 628 pro
942 583 1029 616 lioris

286 636 445 670 canonicis
468 635 599 676 diurnis,
623 642 716 680 atque
737 636 847 670 iisdem
872 637 1030 681 portiona-

287 689 342 722 riis
367 694 526 732 tamquam
547 688 751 722 existentibus
775 689 807 722 in
831 689 1028 733 possessione

287 742 482 787 percipiendi
506 743 686 777 huiusmodi
707 754 862 777 summam
881 743 936 777 suit
954 744 1029 777 alias

287 796 461 830 resolutum
486 796 517 829 in
534 807 624 830 sacro
645 797 734 830 istius
757 802 845 830 rotae
870 797 1028 830 Romanae

287 849 444 883 auditorio
476 849 610 883 dandam
643 860 712 884 esse
747 850 1027 884 manutentionem.

286 903 363 937 Cum
377 908 481 936 autem
499 909 606 948 postea
623 903 654 937 in
679 903 874 948 expeditione
891 903 1028 936 mandati

287 956 325 990 de
342 957 574 990 manutenendo
598 957 729 990 fuissent
753 956 862 990 omissi
877 956 1029 1000 praedicti

287 1015 490 1054 exponentes,
515 1020 553 1044 eo
576 1010 650 1054 quia
675 1015 749 1043 tunc
772 1009 880 1042 deerat
908 1010 940 1042 in
968 1010 1028 1044 Ro-

289 1066 381 1096 mana
404 1063 498 1097 Curia
518 1073 629 1097 eorum
647 1062 806 1106 legitimus
830 1067 1028 1106 procurator;

287 1120 457 1161 propterea
481 1117 550 1161 ipsi,
571 1116 806 1150 considerantes
836 1116 1029 1160 praedictam

287 1169 495 1213 quantitatem
514 1180 614 1214 aeque
634 1169 694 1202 sibi
723 1179 758 1203 ac
778 1169 892 1203 ceteris
911 1169 1029 1211 deberi,

287 1223 435 1268 illamque
460 1233 478 1256 a
501 1223 672 1267 praedictis
690 1223 826 1267 capitulo
851 1228 882 1256 et
905 1224 1049 1259 canoni-i

287 1277 332 1311 cis
363 1277 396 1310 in
428 1277 476 1310 sui
511 1276 736 1310 detrimentum
761 1277 890 1310 retineri
920 1261 1049 1310 contra¹

288 1331 423 1364 sormam
447 1330 548 1364 dictae
572 1330 679 1363 Bullae
703 1335 734 1363 et
758 1330 862 1364 statuti
888 1340 924 1364 ac
948 1308 1049 1364 reso-¹

287 1384 416 1418 lutionis
440 1384 558 1427 rotalis,
583 1384 726 1418 diversos
749 1390 838 1417 actus
861 1384 971 1418 secisse
988 1384 1048 1429 di-¹

289 1442 403 1471 cuntur
426 1448 485 1482 pro
510 1437 756 1482 consequutione
781 1437 935 1471 dictarum
960 1438 1049 1483 dis-y

289 1490 507 1531 tributionum‚
524 1496 555 1523 et
578 1490 719 1534 plenaria
736 1490 894 1524 dictorum
913 1491 1029 1532 BuHae,
1046 1486 1049 1512 ¹

288 1544 395 1578 statuti
426 1549 457 1577 et
483 1543 686 1577 resolutionis
710 1544 818 1577 rotalis
848 1544 1029 1578 huiusmodi

288 1597 497 1641 exequutione
506 1607 514 1637 ;
539 1602 671 1641 propter
688 1596 795 1641 quos¹‚
821 1597 895 1630 dum
921 1603 951 1630 et
971 1598 1029 1642 ipsi
1047 1612 1048 1616 ¹

287 1661 388 1696 nuper
414 1651 510 1684 misso
541 1650 579 1683 ad
608 1650 724 1683 almam
749 1650 864 1684 L'rbem
889 1656 1048 1685 nostram.

288 1715 399 1739 eorum
423 1703 566 1747 legitimo
596 1709 804 1748 procuratore
833 1709 975 1748 peterent
999 1690 1049 1738 jn!

288 1757 399 1791 eudem
423 1759 493 1790 rota
518 1757 798 1798 manutentionem,
818 1757 877 1790 suit
900 1758 976 1801 ipsis
993 1768 1029 1791 ex
1046 1779 1047 1782 =

289 1816 377 1855 parte
401 1810 559 1843 dictorum
591 1810 720 1854 capituli
753 1815 784 1843 et
807 1810 1028 1844 caconicorum

289 1863 490 1909 oppositum,
521 1873 574 1896 eos
605 1862 752 1896 incidisse
783 1863 815 1895 in
848 1874 966 1907 poenas
1001 1857 1049 1898 et'

289 1927 438 1951 censuras
463 1915 710 1956 ecclesiasticas,
735 1926 772 1949 co
806 1917 881 1960 quia
909 1917 1030 1961 aliquos

288 1981 326 2004 ex
351 1969 442 2003 dictis
477 1968 600 2002 actibus
630 1968 761 2002 fecerint
785 1979 893 2002 coram
918 1969 1030 2003 iudici-

290 2024 348 2058 bus
372 2023 480 2064 laicis,
504 2022 542 2056 ad
573 2032 653 2066 quos
677 2027 860 2056 asseruntur
884 2022 1032 2057 habuisse

290 2087 447 2112 recursus.

334 2132 349 2175 ξ
373 2131 402 2163 2.
420 2130 567 2170 Quamvis
591 2135 696 2163 autem
722 2129 903 2163 huiusmodi
920 2130 1030 2163 asserti

290 2195 438 2219 recursus
462 2184 590 2218 tendant
620 2194 683 2218 non
712 2183 751 2216 ad
775 2184 1008 2228 impediendam
1022 2211 1049 2229 ,¹

290 2238 345 2272 sed
368 2238 407 2272 ad
431 2237 634 2273 obtinendam
652 2243 681 2271 et
697 2238 944 2271 coadiuvandam
962 2249 1031 2272 exe·
1048 2226 1049 2241 ¹

290 2292 474 2338 quutionem
506 2291 682 2325 litterarum
721 2291 967 2336 apostolicarum
1002 2298 1049 2325 et¹

291 2345 516 2380 iurisdictionis
547 2345 798 2386 ecclesiasticae,
826 2345 1032 2379 nihilominus

290 2399 329 2432 ad
349 2398 518 2432 tollendam
534 2408 660 2431 omnem
682 2397 843 2431 dubitandi
869 2399 1031 2432 materiam
1048 2425 1050 2431 Α

290 2451 443 2497 praedicti
461 2456 652 2495 exponentes
668 2451 759 2485 nobis
783 2451 946 2486 humiliter
962 2463 1034 2497 sup·
1048 2459 1050 2467 ’

291 2505 403 2550 plicari
427 2506 584 2547 fecerunt,
609 2508 642 2539 ut
666 2505 710 2538 eis
735 2505 766 2538 in
789 2505 972 2549 praemissis
995 2505 1034 2539 de

292 2558 497 2592 absolutionis
521 2557 687 2598 beneficio,
712 2563 741 2591 et
765 2558 851 2599 alias,
876 2563 910 2591 ut
935 2558 1033 2601 infra,

331 2623 339 2647 t
359 2620 464 2649 Forsan
479 2619 622 2656 legendum
636 2623 753 2656 propter
768 2620 844 2655 quod
859 2623 898 2655 (n.
913 2621 962 2655 T.).

1064 215 1121 240 viu
1146 216 1194 240 1³1¹.
1707 204 1770 239 559

1062 265 1227 310 providere
1245 264 1283 298 de
1299 262 1491 308 benignitate
1509 262 1680 308 apostolica
1695 261 1803 307 digna-

1062 328 1182 351 remur.

1106 371 1121 414 ξ
1144 370 1174 404 3.
1194 371 1258 404 Nos
1278 370 1384 413 igitur,
1402 370 1502 404 dictos
1523 375 1713 415 exponentes
1733 380 1802 415 spe-

1062 423 1194 461 cialibus
1218 423 1377 456 favoribus
1402 429 1432 456 et
1457 423 1566 466 gratiis
1584 423 1733 468 prosequi
1754 434 1804 457 vo-

1063 476 1177 516 lentes,
1201 482 1231 509 et
1262 486 1372 509 eorum
1403 476 1579 519 singulares
1610 486 1762 520 personas
1785 486 1803 509 a

1061 530 1222 573 quibusvis
1239 530 1580 571 excommunicationis,
1590 529 1802 574 suspensionis

1062 586 1091 616 ct
1108 582 1275 623 interdicti,
1293 583 1423 626 aliisque
1441 583 1661 616 ecclesiasticis
1678 588 1802 616 senten-

1063 635 1122 676 tiis,
1139 636 1281 669 censuris
1305 641 1335 669 et
1359 636 1479 680 poenis,
1496 647 1514 669 a
1538 637 1606 669 iure
1623 636 1670 669 vel
1687 636 1727 668 ab
1745 636 1803 670 ho-

1062 688 1157 729 mine,
1177 688 1286 732 quavis
1311 688 1475 722 occasione
1495 689 1543 722 vel
1567 690 1661 722 causa
1681 688 1760 729 latis,
1777 688 1802 722 si

1062 741 1176 785 quibus
1201 742 1440 786 quomodolibet
1465 741 1630 776 innodatae
1655 742 1802 784 existunt,

1061 795 1100 827 ad
1125 794 1271 829 ess'ectum
1295 795 1508 839 praesentium
1537 795 1700 828 dumtaxat
1729 805 1804 829 con-

1062 847 1272 891 sequendum,
1296 848 1410 881 harum
1434 848 1515 881 serie
1543 849 1750 889 absolventes,
1775 854 1804 882 et

1062 900 1221 934 absolutas
1245 902 1313 934 sore
1337 906 1508 942 censentes,
1528 901 1708 935 huiusmodi
1732 911 1805 945 sup-

1062 954 1286 998 plicationibus
1306 954 1457 995 inclinati,
1475 954 1541 995 tibi,
1559 965 1666 988 coram
1687 965 1750 999 quo
1766 954 1804 987 lis

1063 1008 1144 1041 inter
1177 1008 1263 1052 ipsos
1294 1012 1506 1052 exponentes,
1535 1011 1569 1042 ut
1592 1013 1750 1049 asserunt,
1775 1013 1805 1041 et

1063 1061 1241 1106 praedictos
1265 1061 1438 1105 capitulum
1463 1066 1494 1094 et
1518 1061 1686 1095 canonicos
1711 1071 1805 1105 super

1063 1115 1247 1160 praemissis
1283 1115 1386 1148 adhuc
1421 1114 1560 1148 indecisa
1590 1114 1723 1158 pendet,
1749 1124 1806 1158 per

1063 1174 1243 1213 praesentes
1275 1169 1503 1202 committimus
1538 1172 1569 1203 et
1599 1168 1805 1210 mandamus,

1064 1228 1228 1267 quatenus,
1253 1222 1387 1256 constito
1411 1221 1468 1255 tibi
1493 1222 1633 1265 legitime
1657 1221 1695 1255 de
1719 1232 1806 1266 prac-

1064 1276 1178 1318 missis,
1201 1275 1380 1320 praedictos
1409 1279 1602 1319 exponentes
1633 1278 1664 1308 et
1694 1285 1804 1308 eorum

1063 1329 1246 1374 quemlibet,
1263 1329 1289 1362 si
1308 1329 1369 1362 hoc
1387 1339 1404 1361 a
1424 1334 1453 1362 te
1470 1328 1633 1362 humiliter
1648 1328 1805 1372 petierint,

1064 1390 1093 1417 et
1110 1384 1213 1428 parito
1233 1383 1321 1427 prius
1340 1393 1398 1427 pei·
1415 1393 1480 1423 eOS,
1497 1382 1523 1416 si
1547 1381 1632 1426 quod
1657 1381 1706 1423 sit,
1727 1381 1805 1415 iudi-

1064 1442 1143 1477 cato,
1160 1446 1217 1469 nec
1233 1446 1297 1469 non
1313 1435 1498 1469 renunciato
1522 1434 1681 1468 attentatis
1698 1445 1805 1468 coram

1064 1490 1317 1534 quibuscumque
1346 1488 1502 1522 iudicibus
1531 1487 1619 1522 laicis
1647 1487 1745 1529 sactis,
1771 1499 1806 1521 ac

1064 1543 1211 1587 imposita
1228 1543 1318 1576 dictis
1335 1542 1564 1586 exponentibus
1579 1545 1730 1576 eteorum
1745 1541 1807 1575 cui-

1064 1596 1139 1629 libet
1166 1596 1297 1629 arbitrio
1326 1601 1380 1629 tuo
1407 1595 1601 1640 poenitentia
1629 1595 1768 1636 salutari,
1789 1606 1807 1628 a

1063 1649 1225 1693 quibusvis
1243 1649 1384 1682 censuris
1401 1654 1431 1681 et
1448 1648 1558 1693 poenis
1576 1648 1806 1689 ecclesiasticis,

1064 1713 1120 1746 per
1141 1714 1194 1737 eos
1214 1703 1463 1747 praemissorum
1488 1702 1653 1736 occasione
1677 1713 1807 1746 quomo·

1064 1756 1183 1791 dolibet
1207 1757 1350 1798 incursis,
1369 1756 1554 1789 auctoritate
1572 1757 1679 1789 nostra
1704 1755 1807 1789 absol-

1064 1820 1117 1843 vas
1140 1815 1169 1843 et
1191 1810 1328 1844 totaliter
1352 1810 1480 1850 liberes,
1497 1809 1661 1853 dictasque
1688 1819 1805 1853 poenas

1065 1863 1126 1896 illis
1151 1863 1289 1906 gratiose
1320 1863 1463 1896 remittas
1491 1867 1521 1896 et
1552 1861 1722 1903 condones,
1742 1872 1807 1896 eos—

1065 1917 1198 1960 demque
1216 1917 1247 1949 in
1264 1916 1432 1960 pristinum
1454 1921 1484 1949 et
1500 1926 1572 1949 eum
1590 1915 1621 1948 in
1637 1926 1700 1959 quo
1716 1919 1806 1950 antea

1065 1969 1303 2013 quomodolibet
1328 1974 1417 2002 erant
1436 1974 1551 2002 statum
1572 1968 1736 2011 restituas,
1758 1979 1806 2002 re-

1064 2033 1163 2066 ponas
1179 2026 1210 2056 et
1225 2022 1410 2065 reintegres.

1109 2076 1124 2119 ξ
1141 2075 1255 2109 4.·N0n
1272 2075 1470 2109 obstantibus
1490 2075 1765 2109 constitutionibus
1778 2079 1808 2110 et

1065 2128 1314 2162 ordinationibus
1343 2129 1546 2173 apostoliciS,
1572 2139 1625 2170 ac,
1653 2129 1807 2173 quatenus

1065 2194 1144 2227 opus
1170 2183 1230 2225 sit,
1256 2182 1358 2216 dictae
1389 2182 1561 2224 ecclesiae,
1593 2183 1687 2216 etiam
1715 2184 1804 2217 iura—

1066 2241 1183 2277 mento,
1201 2236 1441 2269 confirmatione
1464 2236 1649 2280 apostolica,
1670 2237 1718 2270 vel
1735 2248 1808 2281 qua-

1066 2290 1111 2323 vis
1130 2290 1277 2324 firmitate
1294 2289 1354 2323 alia
1370 2290 1670 2333 1·ob0ratis‚{statutis
1688 2296 1717 2324 et
1734 2302 1808 2324 con-

1065 2343 1292 2384 suetudinibus,
1310 2343 1486 2388 ceterisque
1503 2344 1671 2378 contrariis
1683 2344 1808 2389 quibus-

1066 2408 1226 2441 scumque.

1110 2451 1220 2484 Datum
1232 2451 1359 2490 Romae,
1368 2450 1451 2494 apud
1463 2451 1492 2484 S.
1507 2450 1634 2484 Mariam
1648 2450 1807 2493 Maiorem,

1067 2504 1125 2537 sub
1149 2504 1265 2538 annulo
1283 2503 1460 2545 piscatoris,
1480 2503 1530 2537 die
1555 2514 1595 2536 xv
1619 2504 1809 2548 septembris

1068 2568 1244 2598 uocxxxvi,
1262 2558 1463 2602 pontificatus
1476 2557 1576 2591 nostri
1600 2567 1682 2591 anno
1700 2567 1762 2591 xtv.

1104 2621 1164 2648 Dat.
1180 2619 1223 2647 die
1241 2621 1272 2649 15
1287 2619 1450 2655 septembris
1464 2619 1541 2654 1636,
1557 2619 1652 2655 pontis.
1664 2627 1736 2648 anno
1750 2626 1807 2647 xlv.

1816 213 1864 242 An,
1887 213 1916 242 C.
1933 214 2001 244 1636

1837 383 1966 406 Commissio.
1975 384 2001 403 du

1818 418 1859 439 qua
1876 412 1895 432 iu
1908 410 1999 431 rubi-ica.

1836 2085 1950 2109 Dema-itio
1959 2090 2005 2104 cou-

1822 2114 1942 2133 trarioruui.
