2226 3235
77 242 126 269 An.
148 241 176 270 C.
194 241 262 269 1629

106 838 145 857 Pro
159 836 262 861 exigendo

79 864 119 884 hoc
149 863 246 888 vectigali
258 879 262 886 ,

79 891 132 910 duas
162 895 262 915 personas

80 923 140 937 unam
150 917 176 937 ab
188 916 262 936 eodem

80 944 192 969 Philippo.
211 944 263 963 alte-

80 976 122 990 rum
136 976 147 990 a
159 970 215 990 clero
227 970 263 989 ‹te-

79 997 148 1023 putari
163 996 255 1017 mandat.

238 1377 242 1381 ·
279 1359 362 1400 stris,
388 1359 424 1392 ad
451 1359 596 1392 effectum
623 1360 690 1392 illas
715 1360 746 1392 in
772 1359 968 1402 supradictos
994 1365 1040 1392 et⁴

111 1527 169 1550 Quae
185 1526 222 1546 has
232 1531 267 1551 pe·

84 1558 158 1573 cumas
186 1559 267 1573 nonnisi

83 1580 111 1600 ad
126 1580 203 1599 dietum
219 1579 267 1598 esse-

84 1608 139 1626 etum
187 1611 267 1631 impen-

83 1633 147 1656 dani,

130 1899 175 1921 Sub
192 1900 265 1926 poeuis

81 1927 115 1947 hic
132 1928 242 1952 expressis.

886 242 1028 265 t'nnitxt's
1054 241 1110 264 VIII
1134 241 1182 264 Pr.

275 288 435 333 praedicto
458 299 474 321 a
495 289 576 322 dicta
597 289 645 322 die
667 289 769 333 prima
791 289 922 322 ianuarii
948 301 1018 333 pro-

276 343 358 376 xime
382 343 553 386 praeteriti,
572 354 626 375 seu
644 354 660 375 a
681 343 730 375 die
757 354 819 387 quo
844 343 1017 387 respective

275 397 420 440 imposita
436 396 537 437 suerit,
549 397 758 440 computando
773 397 942 437 dumtaxat,
958 397 1018 429 exi-

275 450 378 492 gendi,
403 449 614 493 pecuniasque
640 450 711 483 inde
736 451 955 494 provenientes
980 450 1017 482 ad

275 502 420 535 effectum
447 503 666 546 praemissum,
681 508 709 536 et
719 514 791 536 11011
806 503 837 536 111
852 503 929 537 alios
942 514 1018 536 usus

275 566 503 600 quoscumque,
522 556 724 590 convertendi
746 561 776 590 et
800 556 959 599 erogandi⁷
986 556 1019 588 li-

275 610 409 643 centiam
435 615 465 642 et
489 610 666 644 facultatem
697 610 883 644 auctoritate
911 612 1017 643 nostrii

276 663 428 696 concedas
442 668 471 696 et
489 663 731 707 impei·tia1·iS‚et
748 664 932 708 respective,
945 674 1019 707 qua-

276 721 366 749 tenus
391 717 451 750 iam
477 717 623 761 imposita
648 717 696 758 sit,
722 717 890 751 confirmes
914 722 945 750 et
969 727 1020 760 ap-

276 770 400 814 probes.

322 825 336 867 g
354 824 382 857 5.
401 824 551 857 Volumus
568 829 682 865 autem,
701 824 784 868 quod
805 823 956 868 pecuniae
973 834 1020 856 ra-

278 877 362 910 tione
398 877 595 920 gabellarum
633 877 813 911 huiusmodi
850 877 1020 920 exigendae

279 942 375 975 penes
399 932 476 965 duas
500 942 650 976 personas
680 931 741 965 side
766 935 795 965 et
819 931 1021 964 facultatibus

279 984 417 1025 idoneas,
434 984 541 1018 unam¹
558 985 677 1018 scilicet
694 985 732 1017 ab
749 984 859 1018 eodem
878 984 1021 1028 Philippo

279 1049 364 1081 rege,
386 1049 441 1071 seu
461 1038 527 1071 eius
552 1039 705 1071 ministris
730 1039 760 1071 in
785 1038 896 1072 eodem
922 1049 1021 1082 regno

279 1091 493 1133 existentibus,
510 1092 601 1124 aliam
625 1102 700 1125 vero
718 1102 735 1124 a
752 1092 836 1125 dicto
853 1093 948 1133 clero,
967 1103 1021 1125 seu

279 1156 294 1177 a
312 1150 342 1177 te
366 1144 506 1178 eiusdem
525 1145 601 1178 cleri
621 1145 758 1186 nomine,
778 1145 972 1189 deputandas
992 1150 1022 1178 et

278 1199 452 1242 respective
469 1199 698 1242 approbandas,
716 1199 844 1232 omnino
865 1199 1023 1243 deponan-

279 1258 340 1293 tur,
366 1258 396 1285 et
419 1253 624 1296 pereasdem
654 1263 804 1297 personas
830 1253 1022 1286 coniunctim

278 1306 453 1349 praeceden
508 1305 521 1323 '²
548 1306 638 1338 dictis
663 1306 799 1350 Philippi
821 1306 904 1349 regis
930 1306 1021 1338 mini-

280 1421 343 1444 non
355 1412 433 1445 alios
445 1423 530 1451 usus,
545 1413 601 1445 sub
617 1413 822 1456 infrascriptis
837 1413 976 1445 censuris
993 1419 1023 1446 ct

282 1465 392 1508 poenis
409 1476 445 1498 eo
466 1466 513 1509 ip-
556 1465 763 1507 incurrendis,
781 1466 1021 1509 consignentur3

326 1519 341 1562 ξ
366 1518 395 1551 6.
420 1477 571 1562 01101ξ110
600 1530 753 1563 personae
787 1520 831 1553 sic
856 1520 1022 1563 deputatae

282 1577 311 1611 et
325 1573 515 1615 approbatae
529 1572 567 1604 de
580 1573 728 1616 pecunias
742 1573 934 1613 huiusmodi,
949 1583 1024 1605 non-

281 1624 340 1657 nisi
365 1625 402 1657 ad
427 1625 573 1658 effectum
599 1626 707 1659 eadem
733 1626 870 1659 subsidia
888 1627 917 1658 in
935 1637 1023 1670 prae-

281 1677 380 1710 dictos
395 1683 423 1710 et
441 1688 503 1711 non
517 1679 594 1712 alios
607 1690 682 1712 usus
700 1679 889 1723 praestandi,
904 1680 1021 1713 eisdem

282 1731 415 1775 Philippi
444 1732 528 1775 regis
560 1730 713 1766 ministris
739 1734 946 1774 numerando,
964 1734 1022 1766 mi-

280 1785 371 1817 nistri
401 1796 475 1819 vero
506 1786 658 1829 praedicti
689 1787 838 1830 pecunias
871 1798 906 1820 ex
931 1787 1022 1820 dictis

281 1839 411 1881 gabellis
436 1840 665 1882 provenientes,
686 1840 756 1881 sibi,
778 1846 810 1873 ut
835 1842 1021 1884 praefertur,

280 1892 502 1934 numerandas⁷
519 1893 642 1925 nonnisi
661 1893 691 1925 in
710 1894 786 1926 istos
815 1899 841 1926 et
861 1905 923 1927 non
944 1895 1022 1928 alios

280 1955 355 1977 usus
388 1945 548 1988 erogando
581 1946 653 1989 (sul)
686 1947 1021 1980 excommunicationis

280 1998 426 2039 maioris,
451 2009 486 2032 ac
510 1999 694 2042 prixationis
720 1999 928 2042 dignitatum,
953 2001 1021 2033 0111-

280 2053 400 2086 ciorum
424 2058 454 2086 et
486 2054 728 2094 beneficiorum,
754 2054 847 2086 etiam
877 2055 1022 2087 ecclesia-

279 2106 440 2149 sticorum,
455 2107 523 2151 ipso
541 2108 621 2141 sacto
638 2108 862 2149 incurrendis-³,
877 2119 893 2141 a
908 2109 1022 2152 quibus

279 2160 402 2192 nonnisi
421 2171 438 2193 a
455 2161 547 2194 nobis
565 2172 620 2194 seu
638 2163 778 2195 Romano
796 2162 945 2195 Pontissce
962 2173 1020 2206 pro

279 2217 421 2256 tempore
445 2215 596 2247 existente
621 2215 807 2258 specialiter,
828 2226 891 2248 non
916 2221 1020 2248 autem

280 2266 388 2309 vigore
412 2267 586 2310 cruciatae,
617 2279 671 2301 sen
703 2268 868 2301 cuiuslibet
893 2269 1020 2302 alterius

281 2321 517 2362 concessionis,
549 2328 601 2354 aut
639 2322 796 2366 privilegii
833 2323 871 2355 ab
908 2322 1019 2355 eadem

280 2373 358 2407 Sede
382 2385 442 2418 pro
468 2379 608 2419 tempore
628 2376 763 2409 emanati
788 2382 817 2409 et
842 2376 1018 2418 emanandi⁷

316 2473 327 2498 1
344 2471 411 2498 Male
425 2471 488 2499 edit.
506 2472 585 2499 Matn.
602 2473 665 2508 legit
682 2482 741 2500 una
756 2474 795 2508 (n.
807 2474 856 2507 T.).

314 2517 331 2542 2
348 2516 422 2551 Vide,
434 2517 528 2550 tector,
546 2525 634 2545 annon
649 2518 682 2544 sit
696 2518 840 2552 legendum
852 2518 942 2553 potius
953 2526 1020 2553 pro-

279 2561 407 2588 cedentes
424 2564 466 2596 (Β,
477 2562 524 2594 Τ.).

315 2605 331 2632 3
346 2605 411 2632 Male
425 2605 489 2632 edit.
506 2605 586 2633 Main.
603 2605 668 2641 legit
684 2607 866 2640 incu·7·1·endi;
878 2614 958 2642 porro
969 2607 1018 2633 ad-

281 2649 396 2677 dendam
411 2650 491 2677 etiam
508 2650 547 2678 vel
562 2650 739 2686 supplendam
750 2659 798 2678 vox
810 2652 912 2686 poenis
926 2652 1015 2686 (um).

1716 231 1758 263 lis)
1806 238 1855 264 An,
1877 238 1904 265 sl.
1925 237 1992 265 1699

1052 289 1171 321 absolvi
1198 298 1288 332 posse.
1314 288 1523 327 declaramus)
1554 287 1678 320 solitum
1709 298 1796 331 prae-

1051 347 1133 375 stent
1158 343 1188 375 in
1214 342 1359 375 manibus
1384 342 1444 374 tuis
1469 341 1692 374 iuramentum.

1095 396 1110 439 g
1135 396 1163 429 7.
1190 397 1320 439 Insuper
1336 395 1429 429 etiam
1455 395 1609 435 volumus,
1628 395 1712 438 quod
1729 395 1795 438 qui<
1885 407 1907 426 si
1924 409 1994 426 aun-m

1051 460 1186 492 cumque
1203 449 1254 481 alii
1273 449 1405 483 ministri
1424 455 1453 482 et
1471 449 1620 482 officiales
1635 448 1728 491 regis,
1746 460 1795 481 cu—
1811 434 1994 483 5f:„,;3,¹,·.;[‡„‚„2⁸⁸1

1052 502 1237 545 iuscumque
1263 502 1467 543 conditionis,
1493 501 1650 545 qualitatis
1664 529 1671 541 ‚
1698 505 1795 535 status
1811 488 1855 533 tlh„
1875 489 1995 533 lsslssssllfflltl

1051 561 1081 589 et
1100 556 1373 599 praeeminentiae,
1396 557 1585 600 specialique
1610 557 1683 590 nola
1709 556 1794 599 digni
1811 542 1885 561 “¹⁴⁸³‘'

1051 609 1121 649 sint,
1136 609 1260 642 easdem
1286 609 1434 653 pecunias
1452 609 1481 642 in
1510 614 1572 643 toto
1588 610 1634 642 vel
1649 609 1679 642 in
1696 614 1794 653 parte,

1053 662 1083 694 in
1100 662 1178 695 alios
1196 673 1290 706 quam
1308 662 1485 706 praedictos
1503 674 1585 705 usus,
1601 663 1658 695 sub
1676 663 1793 695 eisdem

1052 715 1192 749 censuris
1218 721 1247 748 et
1271 716 1381 759 poenis
1399 716 1467 759 ipso
1484 717 1565 749 sacto
1586 716 1794 754 incurrendis,

1053 774 1237 802 convertere
1254 779 1316 802 non
1335 769 1472 812 possint:
1491 769 1640 813 quodque
1660 769 1690 802 in
1708 779 1796 802 even-

1053 827 1119 855 tum
1156 822 1420 856 contraventionis
1457 833 1511 855 seu
1547 822 1796 855 inobservantiae

1053 875 1193 909 omnium
1208 881 1238 908 et
1255 875 1453 918 singulorum
1471 876 1732 919 praemissorum,
1749 876 1796 908 vel

1053 929 1220 962 cuiuslibet
1245 940 1378 969 eorum,
1404 940 1553 973 praesens
1587 930 1687 972 gratia
1712 930 1797 962 nulla

1054 983 1101 1024 sit,
1122 989 1217 1027 prout
1240 983 1324 1016 illam
1347 993 1382 1016 ex
1408 993 1491 1016 nunc
1516 988 1625 1016 tenore
1650 993 1797 1027 praesen-

1054 1036 1132 1069 tium
1157 1037 1275 1069 nullam
1300 1037 1396 1069 fuisse
1421 1040 1449 1070 ct
1470 1047 1547 1077 esse,
1564 1037 1798 1070 contravenien-

1055 1095 1163 1134 tesque
1181 1091 1218 1124 ad
1243 1091 1473 1125 restitutionem
1499 1091 1609 1131 teneri,
1627 1096 1657 1124 et
1673 1090 1797 1124 nonnisi

1054 1144 1132 1177 sacta
1159 1144 1271 1177 actuali
1287 1144 1484 1177 restitutione
1502 1144 1619 1177 absolvi
1637 1154 1738 1187 posse,
1756 1143 1797 1176 si-

1055 1196 1172 1229 militer
1193 1197 1389 1229 declaramus
1409 1207 1444 1229 ac
1465 1196 1557 1229 etiam
1580 1196 1797 1235 decernimus3

1100 1250 1114 1293 g
1139 1249 1167 1282 8.
1193 1250 1343 1293 Quodque
1364 1250 1514 1282 sexennio
1541 1250 1721 1284 huiusmodi
1740 1252 1798 1283 ela-
1841 1261 1997 1280 ruminum-1..

1056 1314 1120 1346 pso,
1133 1309 1162 1336 et
1176 1303 1309 1345 interim7
1321 1304 1345 1335 si
1360 1303 1536 1347 praedictae
1551 1315 1691 1336 summae
1706 1310 1795 1337 erunt
1813 1288 1996 1339 Ei'v‘ss‘i'l'i'ia'vu'

1056 1358 1175 1389 solutae
1201 1368 1255 1389 seu
1281 1362 1427 1397 exactae,
1457 1357 1585 1390 eaedem
1617 1363 1796 1401 praesentes

1056 1411 1199 1455 expirent
1216 1411 1359 1443 similiter
1374 1421 1411 1443 eo
1429 1411 1508 1454 ipso,
1523 1421 1590 1451 1100,
1606 1412 1663 1443 sub
1679 1411 1796 1444 eisdem

1056 1465 1198 1497 censuris
1215 1470 1244 1496 et
1264 1464 1374 1508 poenis
1400 1464 1468 1508 ipso
1487 1465 1566 1498 sacto
1589 1465 1796 1506 incurrendis,

1057 1517 1196 1560 gabellae
1228 1517 1407 1561 praedictae
1439 1517 1570 1550 ulterius
1601 1518 1705 1560 exigi,
1734 1518 1795 1550 mi·-

1057 1581 1153 1603 nusre
1180 1582 1276 1614 super
1297 1571 1340 1603 eis
1357 1571 1483 1614 aliquod
1503 1582 1591 1612 onus,
1612 1571 1797 1615 praesertim

1057 1625 1138 1657 ultra
1162 1625 1358 1668 praedictum
1386 1630 1508 1668 tempus
1527 1625 1723 1666 duraturum,
1745 1625 1799 1657 im-

1057 1678 1130 1722 poni
1156 1689 1306 1722 umquam
1331 1679 1438 1722 possit,

1101 1733 1115 1775 ἓ
1141 1732 1168 1766 [1.
1190 1732 1247 1764 I'er
1264 1737 1445 1775 praesentes
1462 1738 1564 1764 autem
1586 1742 1648 1765 non
1669 1732 1799 1765 intendi-

1057 1796 1126 1817 mus
1151 1785 1344 1828 impositioni
1366 1785 1441 1817 alias
1470 1796 1526 1828 per
1556 1785 1697 1818 eamdem
1724 1786 1798 1817 ciri·
1814 1776 1858 1815 iiis
1877 1770 1912 1789 ’ὼ
1935 1776 1956 1815 “a
1981 1776 1988 1813 ἶ

1057 1844 1150 1871 tatem
1177 1839 1413 1872 [lisbonensem
1439 1850 1497 1883 pro
1522 1840 1692 1872 derivanda
1718 1830 1897 1883 31111;“1””“”’

1057 1894 1164 1933 sactae,
1191 1898 1219 1925 et
1244 1904 1300 1936 per
1324 1904 1381 1925 nos
1406 1894 1619 1934 csmtirmatae,
1638 1894 1668 1925 in
1693 1894 1798 1937 aliquo

1057 1947 1286 1990 praeiudicare.

1101 2000 1116 2043 g
1143 2000 1191 2032 to.
1218 2000 1426 2038 Decernentes
1443 2000 1487 2033 sic
1512 2006 1541 2033 ct
1567 2010 1628 2033 non
1654 2000 1743 2033 aliter
1768 2002 1797 2033 111

1056 2053 1237 2095 praemissis
1262 2054 1408 2086 omnibus
1435 2059 1464 2086 et
1481 2054 1612 2096 singulis
1631 2065 1687 2097 per
1708 2065 1800 2098 quos-

1056 2118 1190 2150 cumque
1219 2107 1337 2140 iudices
1366 2108 1543 2140 ordinarios
1571 2113 1598 2140 et
1629 2108 1797 2150 delegatos,

1056 2161 1148 2193 etiam
1175 2171 1339 2193 causarum
1358 2161 1462 2204 palatii
1487 2161 1650 2204 apostolici
1677 2161 1797 2193 audito-

1056 2225 1115 2255 res,
1134 2225 1170 2247 ac
1195 2220 1318 2247 sanctae
1339 2216 1497 2248 Romanae
1522 2215 1677 2248 Ecclesiae
1702 2215 1798 2248 cardi-

1055 2268 1151 2307 nales,
1172 2268 1264 2300 etiam
1291 2268 1329 2300 de
1353 2268 1451 2301 latere
1468 2269 1587 2310 legatos
1605 2274 1634 2301 et
1654 2268 1794 2305 nuncios,

1055 2321 1164 2364 quavis
1188 2322 1373 2354 auctoritate
1396 2323 1571 2364 fungentes,
1593 2322 1713 2354 sublata
1740 2321 1794 2361 eis,

1055 2378 1083 2407 et
1109 2384 1219 2406 eorum
1244 2374 1382 2414 cuilibet,
1401 2375 1509 2417 quavis
1527 2375 1617 2407 aliter
1638 2373 1795 2406 iudicandi

1054 2433 1084 2460 et
1110 2428 1334 2471 interpretandi
1368 2429 1512 2461 facultate
1539 2434 1568 2461 et
1594 2428 1796 2468 auctoritate,

1055 2481 1186 2514 indicari
1206 2492 1241 2514 ac
1262 2482 1386 2514 definiri
1411 2482 1535 2523 debere,
1557 2492 1591 2514 ac
1618 2482 1742 2515 irritum
1767 2487 1797 2514 et

1054 2535 1144 2567 inane
1169 2535 1322 2579 quidquid
1348 2546 1437 2569 secus
1466 2546 1560 2579 super
1591 2535 1639 2568 his
1672 2545 1688 2568 a
1716 2546 1796 2579 quo-

1053 2600 1201 2633 cumque,
1228 2589 1337 2633 quaxis
1362 2589 1563 2628 auctoritate,
1589 2589 1724 2622 scienter
1748 2590 1796 2622 vel

1053 2642 1245 2685 ignoranter,
1271 2643 1439 2685 contigerit
1463 2643 1617 2676 attentari.

1842 2007 1958 2029 Clausulam
