2226 3235
121 235 171 261 An.
191 234 219 262 C.
238 235 305 262 1629

197 936 308 957 clausulae

123 963 231 988 poenales.

151 2322 224 2343 Refert
239 2324 308 2342 laxam

124 2348 200 2369 saetam
209 2354 221 2369 a
229 2348 309 2370 Piotv.

937 236 1079 260 URBANUS

319 290 395 315 nere
411 281 459 315 vel
480 281 510 314 in
531 282 644 325 specie,
665 288 715 315 aut
733 283 808 315 alias
824 284 1061 327 quomodolibet

320 334 487 375 concessis,
508 335 688 378 approbatis
706 341 736 369 ct
753 336 923 376 innovatis,
949 337 1062 381 quibus

321 388 488 429 omnibus,
515 388 634 420 etiamsi
661 400 719 432 pro
746 390 871 422 illorum
898 390 1062 423 sullieienti

317 441 526 483 ,derogatione
551 442 588 473 de
609 442 669 474 illis
689 453 863 486 eorumque
885 443 956 475 10115
977 448 1063 475 10110-

322 495 419 535 ribus,
435 495 587 538 specialis,
607 497 762 539 specifica,
779 507 926 540 expressa
940 502 969 529 et
989 496 1064 528 indi-

322 548 424 590 vidua,
441 558 504 581 non
521 554 623 581 autem
647 560 703 592 per
722 550 877 582 clausulas
902 550 1063 592 generales

323 601 405 634 idem
420 601 635 644 importantes‚
654 604 770 635 mentio
788 614 842 635 seu
860 602 987 646 quaevis
1004 602 1063 634 alia

322 653 483 697 expressio
509 654 650 687 habenda
668 661 717 688 aut
748 656 852 699 aliqua
876 656 935 688 alia
959 655 1064 698 exqui-

323 707 381 740 sita
405 707 506 740 forma
539 708 577 740 ad
609 709 668 742 1100
693 709 844 741 servanda
874 710 973 748 soret,
1004 709 1064 741 illis

324 759 399 793 alias
419 760 451 793 in
468 771 524 794 suo
545 761 660 795 robore
680 762 906 806 permansuris,
924 763 981 794 bac
996 762 1064 807 ‚viee

323 814 483 848 dumtaxat
507 814 683 858 specialiter
707 821 737 848 et.
758 826 903 859 expresse
931 816 1064 858 deroga-

323 878 407 907 mus3
427 868 600 912 ceterisque
619 869 785 901 contrariis
802 869 1063 912 quibuscumque.

368 921 383 965 ἓ
408 921 459 954 10.
484 922 567 955 Nulli
593 932 669 965 ergo
694 922 823 955 omnino
844 922 1007 955 hominum
1029 923 1065 955 11-

324 980 391 1008 ceat
422 975 501 1008 hanc
534 975 681 1019 paginam
717 981 842 1011 nostrae
876 976 1064 1017 erectionis,

324 1029 537 1070 institutionis,
571 1026 806 1073 applicationis,
832 1030 1065 1074 appropriatio-

323 1083 382 1123 nis,
400 1083 521 1123 indulti,
546 1082 664 1115 decreti
683 1088 712 1116 et
732 1083 943 1126 derogationis
961 1083 1066 1116 infrin-

324 1146 409 1179 gere,
426 1135 473 1168 vel
498 1135 526 1168 ei
551 1146 628 1168 ausu
655 1137 821 1169 temerario
847 1137 1013 1169 contraire.
1034 1137 1065 1171 Si

324 1189 394 1233 quis
418 1194 522 1222 autem
547 1190 607 1223 hoc
631 1194 783 1223 attentare
806 1191 1065 1234 praesumpserit,

324 1242 572 1286 indignationem
590 1244 816 1287 omnipotentis
831 1244 883 1277 Dei
907 1255 942 1277 ac
960 1245 1065 1277 beato-

323 1307 394 1330 rum
420 1297 502 1330 Petri
528 1302 557 1329 et
582 1297 667 1330 Pauli
701 1298 917 1342 apostolorum
943 1298 1008 1331 eius
1034 1309 1065 1331 se

323 1351 446 1384 noverit
470 1350 681 1384 incursurum.

367 1404 478 1437 Datum
490 1405 617 1445 Romae,
628 1405 712 1449 apud
724 1405 752 1438 S,
763 1405 891 1438 Mariam
906 1406 1064 1447 Maiorem,

323 1467 405 1491 anno
436 1458 661 1492 Incarnationis
692 1459 873 1492 Dominicae
906 1470 1064 1499 1i1nch1X‚

324 1521 356 1544 xi
383 1511 530 1544 kalendas
555 1513 760 1556 septembris,
784 1512 987 1556 pontisiaatus
1007 1524 1064 1546 no-

324 1565 379 1599 stri
403 1575 485 1598 anno
510 1575 562 1598 vn.

359 1626 417 1654 Dat.
436 1626 479 1654 die
494 1627 527 1654 22
543 1628 648 1663 augusti
667 1627 743 1661 1629,
765 1628 858 1663 pontis.
877 1637 948 1656 anno
968 1636 1003 1656 Vl.

610 1744 779 1778 CCCXLHI,

328 1817 417 1849 Tam
442 1816 630 1848 reddituum
660 1815 893 1858 eoeiyendorum
916 1826 976 1860 pro
1001 1817 1063 1849 cle-

368 1869 446 1902 ricis
463 1869 590 1902 alendis
606 1869 643 1901 in
659 1869 836 1902 seminario
852 1869 998 1903 Romano
1017 1870 1066 1902 de-

368 1933 433 1955 nuo
456 1923 660 1967 praescripta
674 1921 692 1955 ¹.

526 2003 661 2030 Urbanus
682 2003 761 2037 Papa
780 2003 857 2037 vni,

649 2057 746 2084 Urbis.

326 2101 512 2129 Confirmatio
533 2101 745 2136 applicationis
771 2108 825 2129 seu
850 2102 1066 2137 assignationis

361 2154 526 2174 annuorum
558 2147 730 2175 reddituum
761 2155 813 2181 pro
841 2148 1066 2175 manutentione

361 2198 414 2217 seu
435 2191 632 2219 subventione
653 2192 806 2219 seminarii
823 2192 854 2218 in
868 2193 943 2219 Urbe
960 2193 1063 2220 erecti.

527 2263 610 2296 Motu
634 2262 776 2307 proprio,
797 2273 860 2296 000.

369 2319 384 2360 g'
410 2316 436 2349 l.
458 2316 545 2357 Cum,
563 2317 642 2350 sicut
666 2318 755 2351 nobis
776 2316 921 2358 innotuit,
942 2317 1064 2362 pridem

324 2369 423 2402 felicis
447 2369 674 2403 reeordationis
698 2371 770 2404 Pius
795 2371 877 2415 Papa
904 2371 941 2404 lv
973 2382 1064 2415 prae-

363 2468 370 2492 1
390 2467 429 2493 De
445 2466 561 2493 alumnis
581 2467 785 2494 seminariorum
806 2469 947 2495 materiam
963 2468 1021 2502 lege
1038 2469 1065 2495 in

322 2510 412 2539 Const.
425 2518 477 2538 xxv
490 2511 575 2538 Clem.
593 2511 661 2545 tht,
678 2512 723 2539 Ea
738 2521 850 2547 semper
863 2514 930 2548 fuit,
948 2516 1013 2541 tom.
1028 2520 1063 2552 ixr

321 2564 384 2591 pag.
402 2556 468 2588 5732
490 2556 535 2582 ubi
556 2556 616 2583 vide
630 2556 695 2591 quid
712 2557 774 2583 dicti
790 2557 891 2584 alumni
905 2566 1001 2593 gerere
1019 2558 1065 2585 de-

323 2599 406 2627 beant
429 2600 517 2636 quoad
542 2601 690 2635 pietatem,
715 2602 905 2636 precationes,
931 2603 1062 2635 virtutes,

323 2645 485 2680 orationem,
502 2649 528 2672 et
542 2645 692 2673 litterarum
707 2645 836 2673 studium.

1105 236 1162 260 VIII
1186 236 1234 260 PP.

1095 284 1243 317 decessor
1269 288 1396 323 1105101,
1424 294 1482 327 pro
1504 284 1653 327 perpetua
1676 284 1835 317 seminarii

1096 347 1267 380 puerorum
1294 336 1496 369 ecelesiastici
1527 346 1583 379 per
1608 346 1679 368 eum
1706 336 1736 369 in
1754 336 1836 370 Urbe

1096 390 1268 432 apostoliea
1293 390 1476 424 auctoritate
1506 389 1603 422 erecti
1631 395 1661 422 et
1686 390 1836 431 instituti,

1097 453 1217 475 necnon
1244 443 1335 485 illius,
1354 444 1484 487 eiusque
1501 443 1632 476 rectoris
1649 448 1680 476 et
1699 444 1837 477 alumno-

1097 507 1178 537 rum,
1204 496 1402 540 aliorumque
1428 497 1645 529 ministrorum
1670 507 1728 540 pro
1753 497 1836 530 illius

1098 549 1225 581 servitio
1249 550 1511 590 necessariorum,
1530 548 1764 591 sustentatione,
1788 561 1838 582 an-

1097 612 1191 634 nuam
1217 607 1247 634 et
1271 608 1454 645 perpetuam
1488 603 1703 646 pecuniariam
1736 603 1834 636 colle-

1098 660 1177 687 ctam
1197 666 1250 687 seu
1277 660 1378 688 laxam
1407 666 1503 699 super
1528 656 1724 689 diversorum
1747 657 1838 690 Urbis

1098 712 1128 742 et
1164 708 1247 740 illius
1282 708 1442 741 districtus
1478 710 1743 743 monasteriorum
1783 720 1838 743 seu

1098 761 1233 794 aliorum
1258 762 1451 804 regularium
1471 762 1668 795 diversorum
1687 763 1838 797 Ordinum

1098 816 1252 855 locorum,
1270 825 1392 848 necnon
1418 816 1556 848 eiusdem
1582 817 1673 849 Urbis
1698 817 1840 850 basilica-

1100 879 1180 909 rum,
1200 878 1378 901 mensarum
1396 869 1627 913 capitularium,
1643 880 1678 902 ac
1695 870 1838 911 aliarum,

1099 933 1170 955 eum
1199 924 1275 955 cura
1300 928 1330 966 et
1354 923 1421 955 51110,
1445 926 1536 964 cura,
1561 924 1779 965 ecclesiarum,
1804 935 1839 957 ac

1099 975 1325 1009 beneficiorum
1343 982 1371 1009 et
1390 978 1667 1020 eappeHaniarum,
1685 978 1839 1011 fructibus

1099 1029 1244 1062 distinete
1268 1030 1444 1074 impositam
1464 1036 1493 1063 et
1517 1031 1712 1074 repartitam‚
1733 1042 1768 1064 ae
1784 1043 1840 1076 per

1100 1084 1364 1117 monasteriorum
1398 1095 1451 1116 seu
1481 1085 1617 1117 aliorum
1646 1085 1839 1127 regularium

1100 1138 1242 1170 locorum
1264 1138 1444 1171 huiusmodi
1465 1138 1602 1181 abbates,
1621 1149 1675 1171 seu
1696 1139 1773 1173 alios
1794 1151 1840 1173 su-

1100 1191 1250 1234 periores,
1275 1195 1328 1225 aut
1351 1196 1520 1235 perpetuos
1545 1193 1838 1235 commendatarios,

1100 1246 1147 1277 vel
1171 1246 1250 1278 alios
1274 1245 1554 1286 administratores
1579 1247 1687 1289 quavis
1708 1248 1841 1280 auctori-

1100 1303 1161 1330 tate
1186 1304 1216 1330 01
1240 1298 1390 1340 dignitate
1421 1299 1514 1331 etlam
1546 1299 1742 1332 cardinalitia
1772 1301 1841 1332 sun-

1100 1358 1228 1395 gentes,
1266 1362 1388 1385 necnon
1415 1352 1615 1385 basilicarum
1647 1358 1677 1385 et
1708 1354 1840 1386 aliarum

1100 1406 1337 1449 collegiatarum
1363 1407 1508 1450 capitula,
1527 1412 1767 1450 ceterarumque
1792 1418 1841 1440 ec-

1100 1459 1267 1492 clesiarum
1286 1470 1357 1492 cum
1378 1462 1454 1492 cura
1484 1465 1514 1492 et
1541 1460 1607 1492 sine
1632 1462 1707 1493 eura
1732 1461 1841 1494 huius-

1099 1513 1183 1546 modi
1216 1518 1365 1553 rectores,
1383 1524 1418 1545 ac
1443 1518 1612 1557 perpetuos
1638 1514 1842 1548 beneficiatos

1100 1573 1129 1600 et
1154 1567 1363 1610 eappellanos,
1391 1566 1544 1599 beneficia
1574 1572 1604 1599 et
1631 1568 1841 1610 cappellanias

1100 1619 1280 1653 huiusmodi
1305 1630 1363 1663 pro
1384 1624 1526 1663 tempore
1547 1620 1732 1662 obtinentes,
1753 1622 1841 1654 annis

1099 1673 1249 1716 singulis,
1278 1673 1309 1705 in
1333 1673 1427 1706 certis
1458 1678 1532 1705 tune
1558 1674 1660 1706 forsan
1686 1675 1842 1716 expressis

1100 1727 1253 1767 terminis,
1271 1726 1369 1770 ipsius
1386 1726 1546 1759 seminarii
1565 1727 1690 1768 rectori,
1708 1731 1760 1761 aut
1775 1728 1842 1761 eius

1101 1781 1272 1821 ministris,
1301 1781 1348 1812 vel
1382 1781 1662 1824 procuratoribus,
1692 1792 1749 1824 pro
1774 1784 1841 1814 rata

1099 1834 1271 1878 quemlibet
1297 1839 1463 1876 tangente,
1490 1834 1611 1877 integre
1637 1835 1817 1867 solvendam
1833 1863 1840 1875 ,

1100 1889 1183 1920 iuxta
1208 1898 1365 1927 normam,
1383 1898 1438 1920 seu
1458 1887 1612 1928 ordinem,
1632 1888 1841 1931 impositionis

1101 1947 1188 1974 taxae
1214 1941 1394 1974 huiusmodi
1419 1941 1556 1984 desuper
1580 1947 1771 1984 emanatam,
1798 1947 1842 1976 te-

1100 1995 1186 2029 noris
1209 1996 1377 2039 sequentis,
1403 1995 1564 2029 videlicet:

1100 2103 1185 2137 Nota
1208 2103 1487 2142 monasteriemin,
1516 2102 1753 2146 capitulatum,
1780 2115 1842 2147 pa-

1145 2157 1355 2197 rochiarwn,
1383 2157 1607 2200 cappellarum
1639 2161 1667 2189 el
1697 2157 1843 2189 ecclesia-

1145 2220 1238 2249 rum,
1266 2220 1349 2253 quae
1378 2210 1620 2242 mamacntiom'
1650 2210 1842 2243 clericorum

1144 2263 1318 2296 seminarii
1341 2263 1540 2296 contribuere
1565 2263 1685 2296 debent.

1100 2369 1323 2403 Monasterium
1334 2370 1603 2414 Criptaeserratae,
1615 2375 1701 2404 scuta
1716 2375 1841 2404 centum

1143 2424 1379 2468 quinquaginta,

1098 2478 1321 2510 Monasterium
1337 2478 1493 2519 Farsense,
1508 2483 1594 2511 scuta
1608 2483 1734 2511 centum
1752 2478 1842 2521 quin-

1142 2531 1301 2573 quaginta,

1099 2583 1318 2616 nonasterium
1340 2584 1538 2626 saffiacense,
1559 2591 1647 2618 scuta
1671 2585 1840 2619 ducentum

1142 2637 1378 2681 quinquaginta,

1761 227 1802 261 79
1849 238 1896 264 Αη.
1917 237 1946 264 c.
1966 237 2033 264 1629

1885 2382 1949 2403 Taxa.
