2248 3229
127 214 178 241 An.
193 213 224 242 C.
243 213 310 241 ¹638

938 210 1080 234 tinnANt‘s
1106 210 1161 233 x'111
1186 209 1234 234 I‘P.

323 265 353 294 et
377 260 465 294 Sedis
489 260 644 304 praefatae
669 259 868 300 officialium,
898 269 934 292 ac
963 263 1063 292 certas

323 313 400 347 inibi
423 324 586 358 expressas
600 313 717 357 gratias
731 313 924 355 habentium,
942 323 1063 346 necnon

323 368 576 412 quibuscumque
608 368 640 400 in
673 367 860 401 cancellaria
892 366 1063 412 apostolica

324 421 588 465 quandocumque
613 421 780 465 publicatis
805 426 835 453 et
856 419 1064 464 publicandis,

324 478 353 508 et
377 474 446 507 aliis
470 473 746 507 constitutionibus
766 478 795 506 et
812 473 1064 506 ordinationibus

324 527 522 571 apostolicis,
546 536 668 560 necnon
692 527 761 559 aliis
786 526 1008 566 ecclesiarum,
1034 525 1064 557 in

324 580 438 624 quibus
454 580 606 613 beneficia
621 579 799 612 huiusmodi
818 579 922 611 forsan
939 578 1064 618 fuerint,

324 634 447 667 statutis
472 638 502 665 et
526 632 806 666 consuetudinibus
826 632 901 675 (illis
925 641 1066 676 praeser-

324 687 390 726 tim,
411 686 524 730 quibus
539 686 568 718 in
583 686 734 726 ecclesiis,
753 685 783 718 in
803 685 916 729 quibus
931 686 1065 719 maiores

324 745 354 772 et
367 739 507 773 minores
523 739 720 783 praebendae
737 738 918 772 huiusmodi
939 738 1065 778 fuerint,

324 793 427 826 caveri
452 792 578 834 dicitur,
598 793 682 837 quod
699 793 804 826 nullus
820 792 896 825 inibi
913 792 1064 825 maiorem

323 846 536 890 praebendam
561 846 684 890 assequi
703 846 811 888 valeat,
829 846 888 878 nisi
905 844 961 878 ad¹
980 845 1064 878 illam

323 899 361 932 de
400 899 515 933 minori
555 899 710 943 gradatim
746 905 775 931 ct
812 909 869 943 per
902 899 1065 943 optionem

323 952 497 996 ascendat),
523 953 714 994 iuramento,
735 952 974 985 confirmatione
994 961 1066 994 apo-

323 1005 444 1046 stolica,
463 1006 510 1039 rel
527 1006 637 1050 quavis
654 1005 801 1039 firmitate
821 1005 882 1037 alia
897 1003 1064 1046 roboratis,

323 1058 490 1092 contrariis
503 1059 770 1103 quibuscumque:
784 1056 854 1090 aut²
871 1057 896 1090 si
909 1057 1066 1101 aliquibus

323 1122 420 1156 super
443 1112 625 1156 provisione
649 1111 706 1144 sibi
734 1111 875 1145 facienda
900 1111 937 1145 de
962 1112 1067 1145 huius-

323 1165 408 1199 modi
433 1166 480 1198 vel
495 1165 563 1198 aliis
576 1164 738 1198 beneficiis
763 1165 983 1198 ecclesiasticis
997 1176 1065 1209 spe-

323 1218 417 1252 ciales
441 1218 489 1251 vel
514 1218 678 1261 generales
702 1217 802 1251 dictae
828 1217 915 1252 Sedis
946 1219 993 1251 vel
1025 1219 1066 1252 le-

323 1277 468 1315 gatorum
492 1271 560 1304 eius
588 1271 731 1312 litterae,
757 1271 851 1304 etiam
883 1276 992 1305 nostro
1018 1272 1064 1305 vel

323 1335 375 1358 eas
399 1325 638 1358 concedentium
663 1325 794 1369 proprio
819 1330 917 1365 motu,
939 1331 991 1358 aut
1011 1336 1065 1358 cu-

324 1378 439 1411 ἰυεγὶε8
458 1378 550 1412 etiam
576 1388 777 1421 quocumque
801 1383 948 1422 respectu
977 1382 1008 1411 et
1027 1378 1065 1410 ad

324 1431 549 1475 cuiuscumque
563 1431 739 1464 instantiam
757 1431 819 1464 sint
835 1441 1004 1465 concessae
1019 1431 1064 1464 rel

324 1484 536 1518 concedantur
554 1485 775 1528 imposterum:
790 1485 860 1518 seu⁴
872 1485 897 1518 si
915 1485 1066 1529 speciales

323 1538 362 1571 de
387 1537 568 1571 huiusmodi
592 1538 765 1579 beneficiis,
785 1548 842 1582 per
859 1548 916 1572 nos
940 1539 986 1572 vel
1012 1539 1065 1572 Se-

323 1591 394 1625 dem
408 1592 590 1636 praefatam,
603 1597 655 1624 aut
667 1602 884 1636 quaecumque
898 1592 973 1625 alia⁵
983 1593 1066 1635 (aut⁶

322 1655 556 1690 quamcumque
581 1645 763 1678 nominandi
779 1650 809 1678 et
822 1646 1004 1678 reservandi
1022 1646 1064 1678 fa-

323 1699 472 1733 cultatem
512 1699 696 1742 quibusvis,
733 1709 932 1743 quacumque
972 1699 1064 1733 etiarn

323 1752 534 1786 ecclesiastica
563 1752 610 1785 vel
648 1752 805 1785 mundana
829 1752 978 1796 dignitate
1002 1753 1062 1786 sul-

324 1805 480 1847 gentibus,
497 1816 554 1850 per
574 1805 686 1839 Sedem
707 1807 879 1850 praefatam
905 1816 1066 1840 concessa-

325 1869 395 1891 rum
427 1859 475 1891 vel
512 1859 785 1892 concedendarum
823 1860 933 1903 vigore
964 1870 1064 1892 reser-

359 1950 371 1976 1
391 1949 541 1984 praeposit.
563 1949 602 1976 ad
621 1948 755 1983 addimus,
775 1949 836 1976 vide
856 1953 920 1977 tom.
941 1956 994 1982 xn,
1015 1958 1064 1985 pa-

324 1994 384 2028 gina
401 1994 451 2019 ⁴74
467 1994 482 2020 b
496 1995 535 2028 (n.
548 1996 597 2021 ’τ.).

359 2037 375 2064 2
391 2037 491 2073 Nempe
506 2041 557 2064 aut
574 2046 630 2064 non
647 2038 774 2065 obstante
788 2038 824 2071 si,
841 2042 892 2064 etc.

360 2081 375 2109 3
391 2083 483 2118 Aptius
499 2082 588 2109 forsan
605 2081 703 2117 legitur
718 2081 745 2108 in
760 2082 819 2109 loco
834 2081 963 2117 parallelo
974 2083 1065 2110 cuivis

323 2130 361 2162 (n.
377 2128 425 2160 τ.).

360 2173 374 2198 Α
394 2172 539 2199 Continuat
553 2171 671 2199 clausula
686 2179 742 2199 non
755 2171 941 2204 obstantibus,
963 2170 1066 2198 scilicet

324 2225 372 2243 seu
392 2225 450 2242 non
470 2217 598 2244 obstante
617 2217 642 2243 si
663 2217 702 2248 (n.
718 2216 767 2249 τ.).

359 2261 376 2287 5
389 2261 482 2295 Aptius
497 2261 523 2287 in
540 2260 599 2287 loco
615 2260 743 2295 parallelo
759 2260 838 2286 citato
854 2259 953 2294 legitur
967 2260 1044 2286 aliae
1057 2281 1063 2293 ,

325 2311 422 2338 nempe
438 2304 662 2340 nominationes,
679 2308 709 2330 ut
724 2308 816 2339 postea
831 2304 954 2339 sequitur
970 2307 995 2337 ln
1016 2304 1063 2337 τ.).

360 2349 377 2376 6
391 2348 499 2376 Comma
514 2348 594 2382 istud,
609 2348 680 2384 quod
697 2348 850 2384 parenthesi
862 2348 982 2381 includo,
995 2356 1063 2375 non-

325 2394 390 2420 dum
407 2393 549 2420 enucleare
567 2393 650 2419 valui:
663 2393 792 2428 tegerem,
810 2397 838 2419 ut
860 2392 948 2419 notavi
969 2392 995 2419 in
1011 2393 1061 2419 loc.

327 2438 432 2473 parati„
449 2441 500 2464 aut
510 2446 794 2473 quarumcumque...
813 2438 986 2472 simultatum
998 2438 1063 2472 qui-

326 2483 451 2510 bunis...
473 2489 671 2509 concessarum
693 2482 734 2509 ve!
752 2482 1000 2509 comedendarum
1023 2482 1064 2508 vi-

324 2536 392 2563 yore
407 2531 470 2559 etc.;
483 2527 523 2553 vel
538 2526 616 2553 aliter
629 2535 647 2552 a
662 2534 874 2561 quamcumque
890 2526 1064 2554 nominandi

324 2575 352 2599 et
366 2571 534 2600 reservandi
548 2570 714 2605 facultatem
724 2570 894 2598 habentibus
904 2571 1062 2606 quibusvis,

324 2623 512 2651 quacumque,
534 2619 584 2642 etc.
606 2618 644 2647 (ιι,
661 2614 710 2647 τ.).

409 2672 486 2698 Butt.
509 2671 591 2698 [tom.
610 2686 641 2690 -
663 2670 719 2697 Vol.
742 2669 816 2697 XIV.
975 2668 1009 2694 8ss

1097 257 1255 291 vationum
1278 284 1287 298 ,
1326 257 1391 289 sive
1429 255 1614 290 earumdem
1655 254 1837 288 facultatum

1097 310 1252 354 obtenta¹)
1270 310 1308 343 ad
1324 309 1505 344 huiusmodi
1526 308 1680 342 beneficia
1695 319 1840 352 quarum-

1097 375 1233 408 cumque
1243 374 1448 408 personarum
1460 362 1689 396 nominationes
1699 372 1758 406 pro
1768 366 1841 394 tem-

1097 428 1174 462 pore
1200 417 1298 450 factae
1319 416 1452 456 fuerint;
1471 426 1548 460 quas
1564 415 1690 459 quidem
1721 415 1839 449 litteras

1099 471 1233 513 (etiamsi
1251 481 1307 514 per
1327 480 1378 503 eas
1393 470 1431 502 ad
1454 469 1682 510 inhibitionem,
1703 478 1840 501 reserva-

1099 524 1216 557 tionem
1228 529 1257 556 et
1272 523 1445 562 decretum,
1458 522 1505 555 vel
1516 522 1591 554 alias
1601 521 1839 565 quomodolibet

1098 587 1282 620 processum
1309 575 1422 619 fuerit)
1447 585 1568 608 necnon
1590 575 1818 608 resen-vationes
1833 602 1840 615 ‚

1099 631 1260 664 facultates
1286 635 1316 662 et
1335 629 1565 663 nominationes
1591 639 1662 662 cum
1678 628 1841 672 quibusvis

1099 684 1193 716 etiam
1217 683 1492 726 derogatoriarum
1521 682 1731 725 derogator-iis
1756 682 1840 714 clau-

1099 737 1186 777 sulis,
1204 742 1358 780 quatenus
1378 735 1591 779 praesentium
1609 735 1756 768 effectum
1775 745 1840 768 sus-

1099 790 1246 834 pendere,
1272 790 1426 834 impedire
1443 790 1490 823 vel
1508 789 1674 833 perimere,
1692 794 1745 822 aut
1765 789 1840 822 alias

1099 843 1216 877 eisdem
1243 843 1461 887 praesentibus
1487 842 1724 887 quomodolibet
1749 842 1837 875 obsi-

1099 903 1181 930 stere
1212 897 1394 930 viderentur
1419 897 1501 939 (sive
1531 907 1567 928 ex
1596 898 1681 929 certa
1710 895 1841 928 scientia

1099 950 1217 990 nostra,
1235 950 1281 982 vel
1300 949 1394 982 simili
1413 954 1510 988 motu,
1525 948 1589 982 sive
1609 949 1684 981 alias
1698 948 1756 981 sub
1777 947 1842 991 qui-

1100 1002 1206 1036 busvis
1231 1002 1332 1036 forma
1362 1007 1392 1035 et
1425 1001 1627 1045 expressione
1652 1001 1841 1041 verborum,

1099 1061 1129 1088 et
1153 1065 1233 1099 quae
1264 1055 1394 1088 fortasse
1424 1055 1526 1088 totalis
1558 1055 1605 1087 sui
1639 1054 1757 1087 tenoris
1788 1054 1838 1086 in-

1099 1109 1269 1142 sertionem
1284 1135 1291 1149 ,
1317 1119 1353 1140 ac
1377 1108 1504 1141 illorum
1519 1135 1526 1149 ,
1553 1108 1668 1152 quibus
1693 1117 1841 1140 concessa

1099 1167 1171 1195 sunt
1183 1163 1231 1194 vel
1244 1162 1381 1203 fuerunt,
1397 1161 1560 1195 nominum
1573 1167 1603 1194 et
1617 1161 1841 1204 cognominum

1100 1215 1322 1248 individualem
1353 1214 1590 1259 expressionem
1623 1214 1841 1258 praesentibus

1099 1268 1294 1310 faciendam,
1321 1268 1360 1301 ad
1384 1268 1444 1301 boc
1472 1273 1507 1300 ut
1539 1268 1599 1300 illis
1627 1278 1684 1311 per
1716 1267 1840 1300 easdem

1099 1328 1280 1366 praesentes
1305 1322 1498 1355 sufficienter
1518 1322 1699 1364 derogetur,
1713 1321 1843 1364 exigunt

1100 1377 1146 1409 vel
1161 1375 1357 1419 1·equirunt‘³,
1371 1375 1420 1408 et⁸
1433 1375 1600 1419 quaeipsis
1613 1375 1841 1418 praesentibus,

1099 1429 1230 1473 perinde
1255 1440 1290 1462 ac
1315 1427 1340 1461 si
1366 1439 1474 1462 earum
1499 1433 1590 1461 tenor
1620 1427 1659 1461 de
1683 1427 1779 1460 verbo
1803 1427 1842 1460 ad

1100 1483 1231 1516 verbum
1257 1482 1393 1516 insertus
1418 1482 1507 1523 foret,
1531 1491 1589 1525 pro
1614 1481 1772 1525 expressis
1790 1481 1841 1513 lia—

1100 1536 1242 1578 beantur,
1255 1535 1508 1579 emanaveiint‘),
1519 1540 1549 1568 ct
1562 1535 1707 1568 mandata
1719 1534 1757 1567 de
1770 1545 1840 1579 pro-

1100 1589 1319 1622 videndoindc
1332 1594 1473 1632 sequuta,
1484 1599 1556 1621 cum
1570 1588 1771 1632 processibus
1785 1598 1842 1632 per

1100 1654 1135 1676 ea
1159 1654 1216 1687 pro
1242 1648 1385 1687 tempore
1405 1642 1519 1676 habitis
1537 1642 1609 1684 (nisi
1628 1641 1683 1683 illi,
1701 1652 1759 1685 pro
1776 1641 1842 1685 qui-

1100 1698 1159 1730 bus
1184 1697 1409 1738 emanaverint,
1436 1701 1469 1729 ut
1494 1695 1684 1740 praefertur,
1697 1695 1735 1728 de
1752 1705 1842 1729 vene-

1100 1751 1246 1784 rabilium
1263 1751 1396 1783 fratrum
1414 1755 1597 1784 nostrorum
1623 1749 1651 1782 S.
1673 1749 1707 1782 R.
1727 1749 1759 1782 E.
1778 1759 1843 1782 car-

1099 1804 1252 1837 dinalium
1278 1813 1412 1836 numero
1439 1803 1579 1845 fuerint),
1605 1802 1643 1834 ad
1667 1802 1841 1843 beneficia,

1099 1869 1179 1902 quae
1202 1868 1333 1902 precum
1352 1863 1382 1891 et
1399 1856 1648 1890 nominationum
1674 1855 1842 1899 primaria-

1100 1922 1170 1944 rum
1186 1912 1293 1954 vigore
1308 1911 1382 1955 per⁵
1396 1920 1558 1955 personas,
1572 1920 1630 1953 pro
1644 1908 1758 1953 quibus
1772 1909 1842 1942 illae

1099 1965 1198 1998 factae
1222 1965 1349 2005 fuerint,
1375 1969 1545 2008 acceptata,
1566 1969 1595 1996 et
1613 1963 1650 1995 de
1667 1962 1782 2006 quibus
1798 1962 1843 1996 eis

1099 2019 1260 2063 provideri
1274 2018 1452 2061 contigerit,
1464 2017 1594 2050 minime
1606 2016 1754 2056 extendi⁶3
1766 2016 1842 2059 quin

1100 2071 1214 2105 immo⁷
1234 2071 1265 2104 in
1290 2072 1414 2104 illarum
1441 2070 1650 2114 exequutione
1664 2069 1674 2086 ⁸
1691 2079 1842 2113 personas

1136 2170 1146 2196 t
1165 2168 1308 2196 Videretur
1328 2167 1471 2203 legendum
1492 2167 1609 2194 obtentu
1627 2167 1668 2201 (n.
1685 2167 1734 2201 τ.).

1133 2214 1149 2241 2
1169 2214 1298 2249 Legerem
1318 2213 1436 2247 exiysmt
1455 2212 1499 2239 vel
1520 2212 1677 2246 requirant
1696 2216 1732 2240 tn.
1750 2213 1798 2246 ¹1¹.).

1133 2259 1149 2286 3
1171 2258 1236 2286 Puto
1251 2258 1345 2293 partic.
1362 2260 1389 2284 et
1405 2257 1514 2284 omnino
1525 2264 1586 2282 esse
1596 2256 1737 2283 delendam
1751 2258 1790 2290 (n.
1801 2257 1838 2289 τ).

1134 2303 1148 2329 4
1165 2302 1231 2329 Male
1247 2302 1311 2329 edit.
1328 2301 1407 2328 Μελίη.
1423 2301 1488 2333 legit
1503 2300 1683 2327 eniminum-it
1698 2306 1738 2330 (n.
1756 2301 1804 2332 τ.).

1133 2349 1149 2375 5
1165 2348 1261 2381 Praep.
1276 2354 1330 2380 per
1344 2354 1392 2372 nos
1408 2345 1532 2372 addimus
1545 2353 1575 2371 ex
1592 2344 1643 2372 loe.
1657 2344 1749 2379 parall.
1761 2344 1839 2378 (afr).

1133 2392 1149 2419 6
1164 2391 1339 2425 Suliintellige
1360 2391 1499 2425 volumus,
1515 2389 1586 2425 quod
1607 2393 1699 2424 postea
1719 2390 1841 2425 sequitur

1097 2438 1196 2471 (aun).

1133 2483 1147 2509 7
1168 2481 1234 2508 Male
1256 2481 1281 2507 in
1311 2481 1370 2507 loco
1395 2480 1492 2515 paratl.
1518 2478 1616 2513 legitur
1641 2486 1731 2514 quum
1750 2479 1839 2505 immo

1098 2533 1134 2562 KR*
1148 2530 1196 2557 T.)-

1131 2571 1148 2598 8
1170 2570 1267 2605 Aptius
1288 2570 1407 2605 legerem
1428 2569 1459 2596 in
1481 2568 1602 2596 illorum
1620 2568 1840 2603 (beneficiorum)

1096 2615 1315 2650 assequutione3
1333 2613 1391 2640 vide
1408 2613 1459 2641 loc.
1477 2612 1570 2648 parall.
1587 2613 1626 2648 (n.
1639 2612 1688 2646 τ.).

1747 196 1806 231 681
1858 209 1906 234 an.
1917 206 1946 234 c.
1969 205 2036 233 1638
