2226 3235
69 266 121 292 An.
138 265 168 292 C.
187 264 256 292 1630

875 263 1017 288 URBANUS
1042 263 1099 287 vlu
1120 264 1168 287 Pr.

270 312 420 354 (laverint,
446 322 504 356 pro
528 322 565 345 eo
583 312 666 356 quod
687 317 803 356 spectat
830 313 867 345 ad
892 313 1011 356 praein-

270 372 368 400 sertas
392 367 466 400 dicti
491 367 634 410 Gregorii
661 367 915 411 praedecessoris
933 367 1010 399 litte-

272 431 332 461 ras‚
357 421 388 453 in
405 426 530 454 centum
549 421 719 463 nonaginta
737 421 881 461 millium,
899 425 939 461 et,
952 430 1010 464 pro

272 484 309 506 eo
333 475 418 517 quod
443 480 565 518 spectat
588 474 626 507 ad
650 475 861 518 praeinsertas
891 474 1010 506 litteras

271 532 395 560 nostras
416 528 608 568 huiusmodi,
634 527 665 559 in
691 528 819 571 triginta
835 527 930 560 trium
945 527 1012 560 mil-

273 581 349 613 lium
382 582 594 614 cruciatorum
621 586 764 615 monetae
789 582 876 624 regni
903 571 1011 613 Port'u-

273 634 384 676 galliae
407 634 561 667 donativis
586 635 779 675 voluntariis,
797 645 951 668 summam
970 634 1012 666 in-

273 687 365 719 simul
379 687 585 722 ducentorum
601 693 631 723 et
647 689 753 732 viginti
770 690 862 723 trium
878 688 1010 721 millium

274 740 486 774 cruciatorum
501 742 681 775 huiusmodi
699 742 970 781 constituentibus,
983 746 1013 774 et

275 793 304 824 in
329 793 451 827 duabus
476 795 684 828 solutionibus
707 795 899 839 aequalibus,
911 794 1013 838 prima

274 845 419 879 videlicet
444 847 524 880 infra
549 848 626 881 duos
652 858 774 881 menses
809 858 826 880 a
862 847 933 879 data
966 847 996 879 in

275 901 440 933 strumenti
466 907 666 942 contractus,
699 912 753 934 seu
785 901 1013 944 scripturarum

275 953 412 998 desuper
422 957 647 997 confectarum,
657 954 793 989 secunda
804 966 878 988 vero
893 955 923 987 in
937 955 1015 987 festo

275 1007 450 1041 Nativitatis
474 1009 506 1042 D.
525 1010 560 1042 N.
580 1010 601 1042 l.
622 1010 651 1041 C.
667 1019 816 1049 uncxxlx,
836 1009 1016 1052 persolven-

276 1061 344 1101 ‹lis'3
364 1061 525 1105 dictusque
551 1062 680 1095 loannes
706 1062 882 1106 episcopus,
901 1062 931 1094 in
949 1072 1017 1095 exc-

276 1114 459 1157 quutionem
485 1115 672 1149 concordiae
696 1115 887 1158 huiusmodi,
909 1126 945 1148 ac
965 1126 1018 1149 no—

277 1167 359 1200 mine
396 1172 492 1201 status
529 1169 732 1202 ecclesiastici
757 1169 908 1213 praefati,
933 1169 1017 1202 dicto

278 1221 421 1265 Philippo
447 1222 525 1264 regi,
550 1222 590 1256 ob
616 1233 726 1256 causas
754 1223 785 1255 in
813 1223 1018 1266 praeinsertis

278 1274 389 1307 litteris
413 1285 588 1318 expressas,
610 1276 737 1309 nomine
762 1276 931 1309 voluntarii
952 1286 1018 1308 ser—

278 1327 359 1368 vitii,
386 1327 567 1361 donativum
592 1340 647 1362 scu
678 1330 823 1362 donativa
856 1330 886 1361 in
919 1334 1018 1362 totum

277 1381 484 1414 ducentorum
510 1387 537 1415 ct
558 1382 666 1425 viginti
687 1383 780 1416 trium
800 1382 932 1415 millium
950 1394 1020 1415 cru-

279 1434 431 1467 ciatorum
458 1435 660 1476 huiusmodi,
691 1446 806 1479 nempe
839 1441 964 1469 centum
990 1441 1020 1469 et

278 1484 447 1532 nonagihta
472 1495 618 1532 respectu
642 1489 768 1533 prioris⁷
791 1490 919 1532 triginta
944 1500 1019 1522 vero

280 1542 374 1574 trium
401 1542 534 1576 millium
560 1548 702 1586 respectu
728 1543 913 1586 posterioris
938 1553 1018 1575 con-

280 1596 456 1628 cessionum
483 1607 538 1629 seu
562 1596 735 1639 gratiarum
760 1597 790 1628 in
815 1596 1020 1640 praeinsertis

280 1649 392 1681 litteris
417 1654 647 1691 contentarum,
674 1650 704 1682 in
731 1651 857 1682 moneta
879 1649 1019 1682 currenti

280 1703 368 1745 regni
383 1703 593 1746 Portugalliae
611 1704 751 1748 praefati,
769 1714 804 1737 ac
826 1704 1020 1748 temporibus

282 1760 311 1787 et
329 1755 359 1788 in
377 1756 518 1789 terminis
532 1767 626 1800 supra
647 1757 823 1797 declaratis,
843 1758 1022 1801 persolven-

281 1809 319 1840 da
352 1809 515 1849 ohtulerit3
549 1815 578 1842 et
609 1810 710 1843 dictus
742 1810 871 1843 Mendus
899 1810 1022 1843 donati*

282 1873 377 1903 vum,
409 1873 463 1895 seu
489 1863 633 1896 donativa
660 1864 862 1907 huiusmodi⁷
896 1865 1022 1897 nomine

282 1916 379 1960 ipsius
404 1917 537 1960 Philippi
564 1917 646 1959 regis
660 1919 878 1961 acceptaverit,
903 1923 932 1950 et
952 1929 1023 1962 pro-

283 1970 421 2011 miserit,
455 1970 539 2014 quod
571 1971 654 2003 idem
680 1971 844 2014 Philippus
875 1982 930 2004 rex
959 1982 1023 2005 non

282 2027 389 2055 utetur
413 2023 522 2065 gratiis
547 2034 581 2056 ac
607 2024 863 2057 concessionibus
881 2024 939 2057 sibi
967 2035 1023 2068 per

284 2077 493 2118 praeinsertas
517 2077 636 2110 litteras
663 2077 772 2117 sactis,
798 2088 899 2121 neque
931 2078 1022 2110 aliam

285 2129 417 2172 gratiam
443 2140 496 2162 seu
521 2130 637 2173 gratias
661 2130 699 2162 ab
724 2131 833 2163 eadem
852 2131 930 2163 Sede
948 2131 1024 2174 (pro

286 2194 438 2216 succursu
461 2183 619 2216 indiarum
634 2211 641 2224 ‚
668 2184 865 2227 aliarumque
889 2184 1025 2217 necessi-

287 2240 384 2270 tatum
409 2237 658 2280 recuperationis
683 2242 712 2270 et.
730 2237 920 2270 defensionis
944 2237 1027 2270 loco—

287 2300 358 2322 rum
395 2300 474 2332 quae
494 2289 505 2306 ‘²
537 2301 653 2323 corona
688 2290 778 2333 regni
815 2290 1026 2333 Portugalliae

287 2343 425 2387 possedit
452 2344 482 2376 in
502 2344 588 2377 India
602 2344 761 2387 Orientali,
780 2350 809 2377 et
827 2344 1026 2377 sustentatio-

287 2396 336 2429 nis
353 2396 425 2429 belli
443 2397 586 2430 offensivi
599 2402 628 2430 et
642 2398 791 2431 desensivi
806 2398 890 2442 quod
904 2398 935 2430 in
949 2397 1027 2430 locis

288 2450 394 2483 Indiae
417 2451 594 2494 praedictae
619 2457 727 2485 contra
750 2452 902 2493 infideles,
922 2452 1029 2485 haere-

290 2504 368 2536 ticos
385 2510 414 2536 et
438 2504 654 2538 schismaticos
670 2506 848 2549 exercetur)
863 2505 1026 2546 obtinebit,

289 2567 347 2590 nec
372 2557 466 2598 illam,
492 2558 563 2591 licet
586 2569 643 2602 per
668 2559 825 2592 Romanos
850 2558 1030 2600 Pontifices,

326 2639 338 2664 1
354 2637 421 2665 Male
434 2638 498 2665 edit.
510 2638 589 2665 Main.
601 2638 878 2674 legitpersolvendas
893 2639 935 2673 (R.
951 2639 1002 2671 T.).

325 2682 341 2709 2
353 2682 496 2718 perperam
510 2683 646 2721 edsMain.
658 2684 724 2719 legit
738 2684 923 2719 locorumque
933 2683 972 2719 (R.
982 2685 1031 2718 Τ.).
1048 2668 1053 2720 i

1687 253 1745 285 141

1043 323 1101 355 pro
1127 317 1268 355 tempore
1293 311 1470 351 existentes,
1489 311 1581 345 etiam
1608 316 1693 343 motu
1716 322 1785 354 pro-

1044 365 1114 409 prio
1128 376 1319 407 concessam,
1334 365 1584 410 acceptabit‚nee
1602 365 1654 397 itta
1670 370 1785 404 utetur,

1044 418 1097 452 sed
1131 419 1161 451 111
1197 419 1344 453 omnibus
1381 419 1569 453 concordata
1599 419 1673 451 olim
1706 419 1786 451 inter

1044 472 1164 505 clerum
1195 473 1283 515 regni
1314 473 1523 515 Portugalliae
1548 476 1576 506 et
1599 472 1700 505 bonae
1721 482 1786 504 me-

1044 524 1165 558 moriae
1189 536 1280 567 reges
1305 526 1507 558 Emanuelem
1524 531 1554 558 et
1571 525 1786 557 Sebastianum

1045 588 1140 621 super
1164 578 1319 611 similibus
1343 579 1452 621 gratiis
1485 579 1560 611 inita
1589 577 1786 613 observabit;

1046 636 1215 674 propterea
1240 631 1482 666 instrumentum
1516 637 1695 665 contractus
1724 631 1788 663 sive

1046 685 1232 718 concordiae
1250 686 1441 728 huiusmodi,
1456 696 1526 717 cum
1542 685 1688 718 omnibus
1706 685 1735 717 111
1753 696 1789 717 eo

1049 739 1212 779 contentis,
1238 739 1373 783 desuper
1398 739 1456 772 sub
1482 739 1530 771 die
1556 749 1621 771 xv11
1641 739 1788 771 februarii

1049 802 1189 826 tuncxxix
1211 793 1414 833 celclnatum,
1434 804 1492 836 per
1509 793 1576 825 eius
1596 793 1789 829 schedulam,

1050 855 1145 878 manu
1162 848 1216 878 sua
1232 846 1441 889 subscriptam
1459 851 1488 879 ct
1502 847 1590 888 regio
1607 846 1709 888 sigillo
1727 857 1790 878 mu-

1048 899 1156 939 nitam,
1181 904 1284 932 ratum
1310 899 1437 932 habebit.
1462 900 1491 932 in
1517 899 1665 932 omnibus
1686 904 1712 931 et
1735 909 1791 942 per

1049 952 1164 993 omnia,
1190 953 1321 996 perinde
1337 964 1372 986 ac
1389 953 1413 985 si
1436 954 1608 997 praemissa
1625 953 1663 985 ab
1680 952 1789 985 eodem

1051 1006 1196 1050 Philippo
1221 1018 1295 1050 rege
1322 1012 1351 1040 et
1376 1007 1405 1039 in
1434 1007 1501 1039 eius
1519 1006 1695 1050 praesentia
1714 1007 1791 1038 sacta

1051 1060 1196 1099 l'uissent3
1215 1065 1254 1100 ct,
1272 1060 1297 1092 si
1323 1060 1404 1092 idem
1431 1060 1593 1103 Philippus
1610 1071 1662 1092 rex
1682 1060 1793 1092 instru-

1052 1118 1192 1145 mentum
1208 1113 1389 1146 huiusmodi
1410 1124 1472 1146 non
1490 1113 1701 1153 ratilicaverit,
1717 1112 1791 1145 illud

1051 1167 1172 1199 nullum
1199 1167 1247 1208 sit,
1265 1173 1295 1200 et
1312 1167 1429 1200 nullius
1446 1167 1580 1202 roboris:
1598 1167 1698 1199 dictus
1719 1177 1792 1199 vero

1052 1220 1182 1253 Ioannes
1207 1221 1374 1264 episcopus
1399 1221 1611 1253 desistentiam
1631 1225 1661 1252 ct
1681 1230 1794 1252 renun-

1053 1275 1213 1308 tiationem
1240 1275 1507 1318 praeinsertar‘um
1522 1274 1709 1314 litterarum,
1726 1284 1794 1307 nec-

1052 1338 1114 1361 non
1156 1328 1398 1371 promissionem
1435 1328 1473 1360 dc
1505 1338 1566 1361 11011
1601 1328 1793 1371 impetranda

1053 1392 1154 1425 neque
1168 1382 1359 1425 acceptanda
1374 1381 1433 1413 alia
1448 1381 1547 1423 gratia
1566 1392 1624 1424 pro
1643 1392 1792 1414 succursu

1053 1434 1207 1467 dictarum
1232 1435 1466 1473 necessitatum,
1492 1445 1548 1477 per
1572 1435 1689 1466 dietum
1716 1435 1795 1467 Men-

1054 1488 1127 1520 dum
1152 1488 1279 1521 nomine
1304 1488 1402 1531 ipsius
1422 1482 1563 1531 Philippi
1591 1488 1674 1530 regis
1691 1498 1726 1520 ac
1747 1499 1795 1520 co-

1054 1551 1149 1573 ronae
1175 1551 1305 1573 suorum
1331 1551 1504 1583 regnorum
1530 1541 1559 1573 111
1586 1541 1795 1573 instrumento

1054 1593 1235 1626 huiusmodi
1253 1594 1376 1633 factam,
1395 1593 1522 1626 nomine
1540 1599 1638 1625 status
1652 1594 1795 1626 ecclesia-

1055 1647 1122 1680 stici
1148 1647 1302 1691 praedicti
1329 1649 1547 1691 acceptaverit,
1569 1658 1663 1691 seque
1680 1648 1796 1690 obliga-

1055 1701 1144 1742 verit,
1154 1701 1238 1745 quod
1254 1702 1300 1734 sui
1311 1703 1535 1735 constituentes
1550 1707 1579 1734 et
1590 1702 1690 1734 dictus
1700 1706 1797 1736 status

1056 1755 1286 1788 ecclesiasticus
1307 1755 1507 1788 ratilicabunt
1531 1761 1558 1787 et
1577 1755 1798 1799 approbabunt

1056 1810 1159 1842 statim
1186 1810 1245 1843 hoc
1271 1810 1537 1850 instrumentum,
1567 1810 1735 1853 omniaque
1767 1809 1796 1841 in

1056 1874 1093 1896 eo
1118 1868 1274 1904 contenta,
1300 1864 1375 1896 alias
1400 1864 1520 1901 nullum
1547 1863 1602 1903 sit⁷
1628 1869 1657 1895 et
1681 1864 1798 1895 nullius

1057 1916 1184 1959 vigoris,
1206 1922 1234 1949 et
1253 1917 1335 1949 idem
1363 1917 1526 1960 Philippus
1551 1927 1604 1948 rex
1629 1916 1739 1959 gratiis
1769 1922 1795 1949 ct

1058 1970 1313 2004 concessionibus
1338 1970 1399 2002 sibi
1425 1980 1482 2013 per
1506 1970 1718 2013 pracinsertas
1747 1970 1797 2002 lit-

1058 2029 1149 2065 teras,
1174 2029 1208 2056 ut
1232 2024 1420 2067 praefertur,
1446 2023 1603 2056 concessis
1633 2023 1732 2055 libere
1754 2022 1797 2054 uti

1058 2077 1171 2120 possit,
1193 2077 1323 2120 insuper
1341 2077 1470 2109 Ioannes
1490 2076 1657 2120 episcopus
1675 2082 1704 2108 ct
1722 2077 1799 2108 Men—

1059 2131 1116 2163 dus
1140 2130 1311 2174 praedicti,
1336 2130 1517 2163 nominibus
1541 2130 1656 2173 quibus
1681 2140 1799 2173 supra,

1060 2183 1282 2223 convenerint,
1307 2184 1391 2226 quod
1416 2183 1551 2227 pecunia
1583 2183 1720 2216 donativi
1746 2194 1800 2216 seu

1060 2237 1279 2271 donativorum
1297 2238 1478 2271 huiusmodi
1493 2237 1636 2281 expensis
1650 2237 1723 2270 (licti
1739 2243 1799 2270 sta-

1060 2296 1109 2323 tus
1129 2291 1331 2324 ecclesiastici
1345 2290 1353 2306 ¹
1380 2296 1409 2323 ct
1438 2291 1475 2323 dc
1492 2291 1558 2323 cius
1580 2291 1724 2323 mandato
1742 2291 1801 2323 cxi-

1061 2350 1176 2388 gatur,
1211 2355 1313 2388 neque
1351 2345 1382 2377 in
1422 2345 1603 2377 huiusmodi
1640 2345 1801 2378 exactione

1061 2408 1214 2441 expensae
1238 2408 1274 2430 ex
1300 2403 1388 2441 parte
1413 2398 1511 2441 ipsius
1535 2397 1672 2441 Philippi
1698 2397 1800 2439 regis,

1063 2462 1117 2484 seu
1142 2451 1221 2494 regii
1239 2451 1305 2484 eius
1322 2451 1515 2494 patrimonii,
1539 2451 1680 2484 minusve
1698 2451 1802 2495 aliqua

1063 2505 1213 2549 pecuniae
1237 2504 1457 2537 donativorum
1483 2504 1716 2548 praedictorum
1748 2504 1802 2537 de-

1065 2557 1186 2591 salcatio
1204 2557 1278 2597 liat²g
1299 2557 1445 2601 quodque
1463 2557 1588 2590 ducenti
1606 2557 1714 2600 viginti
1741 2562 1803 2590 tres

1102 2640 1113 2664 1
1133 2638 1276 2673 Perperan]
1293 2637 1357 2664 edit.
1373 2637 1452 2664 Main.
1469 2637 1533 2672 legit
1551 2639 1664 2673 fructus
1679 2644 1718 2672 (R.
1734 2638 1784 2673 T.).

1101 2683 1119 2710 2
1136 2683 1231 2717 Aptius
1250 2682 1310 2717 lege
1328 2683 1400 2717 fiant
1415 2683 1454 2718 (a.
1471 2682 1518 2717 T.).

1798 262 1847 289 An.
1864 262 1891 287 C.
1916 263 1984 289 1630
