2248 3229
199 193 253 220 An.
274 194 301 222 C.
320 194 391 222 1630

226 360 382 382 Contrasacien·

199 387 255 408 tibus
303 393 382 414 poenas

198 414 264 434 addit.

237 573 382 599 'transumptis

198 599 256 620 credi
272 600 364 621 mandat.

221 1848 315 1869 Pontifex
334 1848 377 1869 mtt-

194 1875 225 1894 (tut
243 1878 378 1896 constitutio-

194 1907 240 1921 nem
260 1902 377 1928 praeinser-

194 1930 243 1948 tam.

239 2114 378 2140 Indulgentia-

195 2147 239 2161 rum
260 2142 286 2161 ad
325 2142 378 2162 altos

195 2171 237 2187 tres
295 2173 378 2189 menses

194 2194 324 2220 prorogatio.

438 187 502 220 190

398 244 541 277 invocato
566 244 658 277 etiam
682 243 720 276 ad
744 244 826 283 hoc,
862 243 886 275 si
918 254 998 287 opus
1022 244 1136 286 suerit,

398 296 515 329 auxilio
538 296 660 329 brachii
684 295 856 336 secularis;

442 350 457 393 g
481 350 511 383 9.
537 350 624 389 Quod
649 350 674 382 si
695 360 784 383 secus
808 349 840 382 in
860 348 964 393 aliquo
984 351 1137 394 praemis-

398 414 506 437 sorum
524 405 639 437 sactum
664 404 772 445 suerit,
798 404 851 448 qui
876 404 1136 447 contravenerint,

397 456 428 488 in
452 466 568 500 poenas
593 462 623 489 et
647 467 795 490 censuras
815 457 987 499 incurrant,
1007 457 1138 502 perinde

397 520 433 542 ac
449 509 475 542 si
492 515 673 553 praesentes
697 511 819 545 litterae
835 522 899 545 non
924 517 1136 552 emanassent,

441 562 520 606 ξἸΟ.
547 563 697 607 Quodque
711 565 804 598 etiam
821 566 1034 609 praesentium
1053 570 1136 599 tran-

397 616 550 659 sumptis,
576 617 668 650 etiam
694 618 878 662 impressis,
903 629 999 652 manu
1023 619 1136 653 notarii

396 668 514 712 publici
538 670 735 715 subscriptis,
759 676 788 705 et
808 672 912 715 sigillo
933 683 1087 717 personae
1105 673 1137 705 in

396 722 547 765 dignitate
566 725 779 758 ecelesiastica
797 726 983 759 constitutae
998 727 1136 767 munitis,

396 776 505 809 eadem
529 788 660 820 prorsus
681 778 758 811 sides
789 779 820 811 in
851 779 968 813 iudicio
993 785 1024 813 et
1049 786 1136 813 extra

395 828 590 872 adhibeatur,
615 842 697 875 quae
720 832 796 876 ipsis
813 833 1032 876 praesentibus
1052 834 1137 866 adhi-

395 882 533 925 beretur,
554 885 579 917 si
603 885 706 918 forent
730 886 885 919 exhibitae
909 887 956 919 vel
983 892 1134 920 ostensae.

438 935 551 970 Datum
572 938 700 978 Romae,
716 939 798 983 apud
808 939 837 973 S.
849 940 988 982 Petrum,
1007 941 1065 973 sul)
1083 950 1135 973 an-

396 989 469 1023 nulo
483 990 661 1032 piscatoris,
675 992 724 1025 die
744 1003 787 1026 xx
801 993 979 1026 decembris
993 1003 1134 1034 uncxxx,

395 1044 595 1085 pontificatus
609 1046 707 1079 nostri
722 1056 804 1080 anno
818 1056 884 1080 vm.

430 1105 488 1133 Dat.
507 1105 549 1134 die
565 1106 599 1134 ΞΟ
614 1107 767 1135 decembris
785 1109 862 1143 1630,
879 1109 973 1145 pontit.
991 1117 1061 1137 anno
1078 1115 1133 1136 vili.

651 1255 874 1289 CCCLXXXIII.

393 1334 587 1377 Proroqatio
619 1336 847 1379 inclulqemiae
876 1337 1066 1380 plenariae,
1099 1338 1152 1374 in¹

440 1386 522 1420 Urbe
538 1398 700 1421 concessae
717 1393 744 1421 ct
762 1389 804 1421 ad
820 1389 958 1422 Italiam
975 1395 1131 1431 extensae,

437 1439 480 1471 ad
495 1440 576 1472 alios
595 1445 657 1474 tres
673 1452 806 1482 menses,
827 1453 900 1475 cum
923 1443 1056 1484 decreto,
1084 1448 1130 1483 ut,

437 1493 555 1526 eisdem
580 1494 680 1527 tribus
703 1496 867 1528 mensibus
887 1496 1017 1539 elapsis,
1037 1507 1135 1540 quae-

437 1556 572 1590 cumque
585 1548 783 1581 eatensioues
800 1553 827 1581 c!
843 1549 1073 1592 ampliationes
1087 1551 1135 1583 in-

436 1599 625 1643 dulyentiae
650 1602 841 1635 huiusmodi
856 1602 899 1634 acl
918 1607 1041 1636 certum
1062 1608 1134 1636 lem-

434 1663 496 1695 pzts
522 1654 635 1696 factae,
664 1656 761 1688 eliam
785 1666 818 1688 eo
844 1656 912 1699 ipso
934 1657 1107 1700 exspirent.

600 1735 736 1763 Urbanus
756 1737 834 1770 Papa
854 1737 931 1770 VIII,

534 1781 569 1806 ad
589 1779 721 1807 futuram
741 1781 786 1808 rei
806 1781 985 1808 memoriam.

985 196 1165 220 BULLARIUM
1188 196 1342 221 ROMANUM

1173 245 1325 277 contentis
1346 244 1483 286 indultis,
1503 245 1650 279 clausulis
1666 251 1696 280 et
1715 246 1858 289 decretis,
1873 247 1910 280 ad

1172 297 1335 331 universos
1360 298 1523 342 utriusque
1548 309 1640 332 sexus
1669 300 1909 343 christifideles,

1171 351 1329 384 seculares
1355 356 1385 384 et
1408 351 1581 395 regulares,
1607 357 1681 386 tunc
1704 353 1855 397 temporis
1879 354 1911 387 in

1172 404 1259 437 ltalia
1276 409 1305 437 et
1320 404 1430 438 insulis
1453 405 1621 449 praedictis
1646 406 1821 450 existentes,
1836 417 1910 441 nec-

1171 467 1235 490 non
1252 458 1400 491 ecclesias
1417 469 1473 502 per
1493 459 1678 493 Ordinarios
1697 460 1841 494 locorum
1855 471 1911 494 seu

1171 511 1249 544 alios
1272 511 1311 544 de
1334 522 1446 544 eorum
1470 512 1617 547 mandato
1642 513 1859 556 designandas,
1881 519 1911 547 et

1171 564 1379 597 confessarios
1403 564 1441 597 ab
1464 564 1572 598 iisdem
1598 565 1770 599 Ordinariis
1790 577 1907 611 appro-

1171 618 1260 650 batos
1276 628 1332 651 seu
1348 619 1579 662 approbandos,
1594 620 1694 664 spatio
1715 620 1810 653 trium
1829 620 1912 653 simi-

1171 672 1241 704 liter
1260 672 1415 706 mensium
1440 683 1457 705 a
1481 673 1531 706 die
1555 673 1776 716 publicationis
1792 674 1911 708 littera-

1171 735 1241 757 rum
1266 725 1402 769 desuper
1427 726 1642 769 expeditarum
1660 726 1910 761 inchoandorum

1170 777 1311 819 durante,
1323 779 1497 822 apostolica
1509 779 1909 819 auctoritaterextendimus

1170 830 1400 874 praedictisque
1431 831 1688 865 christifidelibus
1719 843 1841 866 necnon
1865 844 1911 867 ec-

1170 884 1274 916 clesiis
1291 889 1320 917 et
1340 884 1539 917 confessariis
1559 886 1788 929 concessiones,
1814 886 1910 920 sacul-

1170 941 1247 970 tates
1271 942 1301 969 et
1325 937 1444 970 indulta
1468 938 1628 981 praedicta
1660 949 1730 972 cum
1761 939 1910 973 clausulis

1170 996 1199 1023 et
1223 990 1357 1024 decretis
1382 992 1562 1026 huiusmodi
1588 993 1908 1035 communicavimus3

1169 1048 1199 1076 et
1209 1045 1420 1087 postmodum,
1432 1050 1494 1078 tam
1507 1047 1717 1089 praeinsertas
1728 1057 1821 1092 quam
1835 1047 1909 1080 alias

1168 1097 1299 1131 subinde
1320 1098 1479 1142 expeditas
1496 1099 1617 1132 litteras
1633 1100 1819 1143 praedictas,
1837 1111 1908 1134 cum

1168 1151 1316 1184 omnibus
1341 1155 1369 1185 et
1393 1152 1524 1195 singulis
1544 1152 1575 1185 in
1597 1153 1641 1186 eis
1666 1154 1821 1187 contentis
1839 1165 1909 1188 con—

1169 1205 1372 1247 cessionibus,
1399 1206 1612 1249 facultatibus,
1638 1207 1780 1250 indultis,
1805 1207 1907 1241 indul-

1169 1258 1292 1300 gentiis,
1317 1259 1465 1292 clausulis
1482 1265 1511 1292 et
1535 1260 1679 1302 decretis,
1697 1260 1735 1293 ad
1752 1261 1909 1294 infrascri-

1168 1316 1238 1353 ptos
1254 1309 1333 1343 tres¹
1351 1311 1489 1344 octobris
1508 1317 1538 1344 et
1562 1312 1743 1346 novembris
1763 1315 1908 1357 proxime

1169 1365 1353 1407 praeteritos
1366 1376 1401 1398 ac
1419 1371 1616 1409 praesentem
1630 1366 1807 1400 decembris
1824 1378 1908 1401 men-

1150 1420 1217 1449 tses
1241 1418 1439 1452 extendimus
1457 1420 1576 1463 pariter
1602 1425 1632 1453 et
1654 1421 1907 1464 prorogavimus

1150 1476 1263 1518 3prout
1287 1471 1318 1503 in
1342 1472 1410 1505 aliis
1433 1473 1551 1506 nostris
1576 1473 1633 1507 sub
1657 1473 1707 1507 die
1736 1484 1800 1508 xv11
1821 1473 1907 1507 iulii⁴²

1150 1565 1151 1573 ἵ
1168 1533 1290 1556 necnon
1315 1525 1373 1557 sul)
1398 1525 1448 1558 die
1464 1537 1523 1558 xxv
1540 1527 1747 1570 septembris⁸
1762 1528 1906 1571 proxime

1168 1577 1411 1620 praeteritorum
1422 1579 1558 1623 desuper
1571 1580 1603 1612 in
1613 1580 1707 1613 simili
1722 1581 1824 1613 forma
1837 1581 1907 1614 Bre-

1150 1626 1152 1671 t
1168 1631 1213 1663 vis
1223 1631 1374 1675 expeditis
1390 1633 1512 1674 litteris,
1526 1644 1661 1677 quarum
1675 1639 1799 1667 tenores
1812 1634 1906 1667 etiam

1168 1686 1384 1728 praesentibus
1408 1698 1466 1731 pro
1492 1688 1647 1732 expressis
1674 1688 1784 1722 haberi
1817 1689 1905 1722 volu-

1149 1749 1247 1788 ¹¹mus,
1272 1740 1395 1783 plenius
1420 1741 1606 1776 continetur.

1150 1789 1151 1795 ¹
1212 1793 1226 1835 ξ
1250 1792 1279 1825 ’3.
1306 1793 1382 1826 Cum
1407 1799 1511 1826 autem
1536 1804 1594 1837 per
1618 1793 1842 1827 abundantiam
1866 1794 1908 1828 di-

1923 199 1975 226 An.
1995 199 2026 227 C.
2041 199 2112 229 1630

1963 1799 2062 1822 Secunda
2072 1806 2106 1821 ex-

1922 1827 1991 1847 tensio
2006 1827 2034 1848 ad
2053 1828 2107 1849 alios

437 1850 452 1892 g
476 1850 504 1882 11,
532 1851 638 1894 Nuper
662 1861 680 1883 a
700 1852 791 1884 nobis
807 1858 993 1885 emanarunt
1011 1853 1132 1886 litterae
1149 1839 1151 1898 ff
1168 1844 1257 1878 vinae
1275 1846 1513 1880 misericordiae
1531 1848 1613 1880 alma
1632 1847 1713 1880 Urbs
1737 1852 1855 1889 nostra,
1872 1857 1908 1881 ac
1923 1855 1965 1874 tres
1981 1859 2070 1875 menses-

394 1903 511 1936 tenoris
536 1903 764 1947 subsequentis,
792 1905 950 1939 videlicet:

436 1956 562 1990 Dilectis
585 1958 656 1990 filiis
680 1958 765 1991 clero
790 1964 819 1991 et.
843 1960 961 2003 populo
982 1960 1133 2001 Romano,

393 2014 450 2044 otc.
466 2010 658 2054 (Omz'ttilur
676 2016 764 2045 tenor
784 2013 1035 2056 constitutionis,
1053 2014 1134 2057 quiet

394 2055 490 2088 habes
512 2066 613 2099 supra
634 2067 711 2100 pay.
743 2056 839 2100 448).

438 2108 494 2151 5⁹2.
510 2109 546 2141 Et
559 2110 702 2150 subinde,
715 2110 886 2144 multorum
904 2111 1131 2144 venerabilium

1149 1899 1284 1955 {multae
1310 1899 1387 1932 aliae
1412 1899 1552 1933 civitates
1576 1905 1606 1933 et
1630 1900 1821 1944 provinciae,
1843 1910 1907 1934 non

1149 1960 1150 1990 t
1167 1952 1268 1985 solum
1290 1958 1414 1986 sanctae
1434 1954 1592 1987 Romanae
1612 1954 1778 1994 Ecclesiae,
1795 1964 1906 1987 verum

1149 1995 1260 2058 'tetiam
1285 2006 1416 2039 aliarum
1442 2007 1595 2041 ditionum
1629 2012 1660 2040 et
1691 2006 1905 2041 dominiorum

1149 2059 1151 2067 '
1168 2060 1388 2104 temporalium
1407 2060 1438 2093 in
1454 2060 1541 2094 Italia
1559 2065 1589 2094 et
1605 2059 1713 2094 insulis
1737 2061 1906 2105 praedictis

1167 2113 1387 2154 existentium,
1412 2124 1429 2146 a
1452 2114 1601 2157 periculis
1626 2118 1656 2146 et
1680 2114 1906 2148 calamitatibus

393 2162 525 2195 fratrum
550 2163 874 2208 arcliicl‘tiscoporum,
899 2166 1133 2209 episcoporum,
1167 2167 1347 2200 huiusmodi
1361 2167 1518 2200 immunes
1530 2167 1681 2200 hactenus
1693 2171 1905 2208 conservatae,

393 2225 515 2249 necnon
539 2216 725 2250 dilectorum
751 2218 889 2250 tiliorum
913 2219 1068 2252 nobilium
1094 2219 1134 2251 vi·
1166 2223 1195 2253 et
1219 2220 1297 2252 aliae
1322 2220 1414 2253 etiam
1440 2220 1588 2253 liberatae
1613 2220 1749 2263 suerint,
1774 2231 1847 2262 nos,
1871 2225 1904 2254 ut

393 2279 512 2310 rorum,
530 2270 657 2311 ducum,
675 2271 857 2315 principum
875 2277 905 2304 et
924 2272 1058 2305 aliorum
1072 2283 1133 2305 ma-
1166 2273 1384 2307 christifideles
1404 2273 1556 2318 praedicti
1574 2274 1755 2307 caelestium
1776 2275 1906 2308 misera-

393 2328 522 2365 gnatum
544 2324 574 2355 in
593 2324 679 2356 Italia
694 2324 842 2357 etinsulis
859 2325 902 2357 illi
920 2326 1132 2359 adiacentibus
1166 2327 1284 2360 tionum
1310 2327 1431 2360 fructus
1454 2327 1586 2360 uberius
1603 2328 1752 2372 consequi
1766 2324 1926 2361 merean-'

393 2376 591 2409 existentium
617 2378 899 2421 supplicationibus
923 2379 1014 2413 nobis
1039 2390 1132 2424 super
1167 2385 1215 2413 tur
1241 2381 1434 2425 peramplius
1464 2381 1632 2425 providere
1656 2383 1814 2425 volentes,
1841 2386 1903 2415 tam

393 2430 453 2463 hoc
478 2430 639 2465 humiliter
664 2432 818 2475 porrectis
843 2433 992 2474 inclinati,
1013 2434 1133 2477 praein-

394 2487 492 2518 sertas
516 2485 636 2518 litteras
660 2487 1013 2520 nostras'concessionis
1033 2487 1131 2520 indul-

395 2538 587 2580 gentiarum,
614 2550 649 2572 ac
674 2539 829 2572 facultatis
854 2540 987 2583 eligendi
1013 2541 1131 2574 conses-

395 2590 529 2631 sarium,
555 2603 625 2625 cum
650 2594 797 2627 omnibus
822 2599 852 2626 et
877 2594 1008 2636 singulis
1033 2595 1062 2627 in
1087 2595 1131 2628 eis

1203 2471 1210 2496 t
1238 2471 1335 2506 Aptius
1358 2471 1448 2498 forsan
1473 2471 1609 2507 legeretur
1633 2473 1720 2506 duos,
1746 2473 1787 2499 vel
1812 2474 1903 2507 postea

1162 2515 1390 2550 praeteritorum
1411 2524 1464 2543 non
1481 2517 1652 2551 praeteritos
1672 2517 1708 2553 (a.
1727 2512 1775 2551 ⁹1².)-

1198 2559 1214 2585 2
1230 2559 1300 2591 Quas
1316 2560 1375 2587 vide
1391 2569 1472 2596 supra
1487 2569 1549 2596 pag.
1568 2561 1619 2588 150
1632 2561 1672 2596 (a.
1688 2562 1735 2595 Τ.).

1198 2604 1214 2630 3
1229 2603 1282 2632 Has
1296 2604 1479 2640 habes'supra
1499 2613 1561 2641 pag.
1579 2605 1629 2634 175
1643 2606 1680 2639 (a.
1698 2606 1746 2640 tu).
