2248 3229
97 235 146 264 An.
168 234 198 263 C.
215 234 284 264 1634

122 296 152 318 De
169 296 277 318 archiviis.

123 615 153 637 De
170 617 251 642 sigillis·

906 239 1048 266 canamus
1073 241 1131 266 vm
1155 242 1202 265 rr.
1715 234 1780 270 4115
1825 243 1874 271 An.
1896 244 2010 274 (3.1634

338 282 485 316 Archivia
509 285 667 327 generalia
685 285 808 319 Ordinis
833 286 863 319 iu
889 287 948 321 hoc
974 292 1055 322 mo·Y
1115 289 1297 324 l'isitatores
1314 301 1368 324 sua
1383 291 1483 334 sigilla
1496 290 1658 325 habebunt
1674 292 1812 335 aequalis

294 336 430 370 nasterio
449 342 682 379 construantur,
699 338 729 371 in
742 339 856 382 quibus
871 340 1038 374 documen-
1053 321 1055 366 l
1072 343 1296 385 magnitudinis
1310 350 1339 377 et
1354 345 1471 377 formae
1485 355 1555 377 cum
1570 344 1651 378 dicta
1665 345 1811 388 imagine,

295 395 325 423 ta
352 395 453 424 totum
483 390 632 425 Ordinem
665 391 694 424 in
727 394 888 427 communi
913 404 1038 428 concer-
1054 436 1055 443 ἵ
1072 402 1099 428 et
1125 396 1181 429 liae
1208 397 1427 441 inscriptione,
1454 398 1609 441 Siyitleon
1634 399 1812 433 visitatoris

295 445 399 480 nentia
424 455 480 479 seu
505 455 614 480 eorum
640 446 817 480 authentica
843 452 1038 492 transumpta
1073 448 1206 483 Ordinis
1227 450 1258 484 S.
1280 452 1428 492 Antonii,
1447 458 1475 484 et
1493 456 1584 486 crunt
1604 453 1696 496 paulo
1715 453 1813 486 mino-

296 504 501 543 reponantnr;
515 504 545 532 et
563 499 656 532 etiam
674 499 795 543 privata
818 500 877 533 alia
894 501 1037 535 distincta
1054 494 1055 506 ³
1072 513 1105 534 ra
1123 513 1216 546 quam
1234 505 1404 548 superioris
1425 506 1589 547 generalis.

296 553 389 587 liuius
410 553 602 587 monasterii.
715 565 720 567 ·
1054 558 1055 585 ἐ
1118 556 1270 590 praedicti
1304 559 1485 591 monasterii
1519 564 1690 594 conventus
1721 563 1811 593 suum

339 606 598 650 Quandoquidem
631 617 706 640 usus
738 607 866 641 invaluit
896 613 925 641 et
958 618 1034 641 ron-
1054 589 1056 669 Σ
1072 608 1198 641 habebit
1211 609 1359 653 sigillum,
1372 612 1474 655 inquo
1485 612 1522 645 sit
1536 613 1694 656 praedicta
1709 613 1812 656 imago

295 659 439 701 suetudo,
459 664 494 692 ut
518 659 727 693 instrumenta
749 661 892 705 publiea,
917 661 1038 694 litterae
1055 676 1056 707 3
1072 671 1142 694 eum
1160 662 1362 707 inscriptioni:¹
1381 665 1448 706 liar,
1467 665 1623 709 Si'qiltum
1642 670 1813 699 conventus

296 713 532 755 testimoniales,
552 714 750 758 provisiones
775 715 963 758 officiorum,
989 716 1038 749 he-
1054 710 1056 743 Γ
1072 717 1264 749 monasterii
1287 716 1318 750 S.
1343 718 1484 751 ,antonii
1506 719 1702 752 Viennensis.
1729 719 1813 752 Aliae

295 767 483 801 neficiorum
508 768 700 810 collationes,
719 768 915 802 dimissoriae
933 775 960 802 et
979 769 1037 802 alia
1072 769 1190 812 pariter
1207 769 1317 803 donms
1336 777 1365 803 et
1384 772 1634 816 praeceptoriae¹
1650 784 1704 806 sua
1722 773 1814 806 liabe-

296 821 411 862 multa,
436 831 515 865 quae
543 821 722 855 rescribere
754 822 785 855 in
811 822 876 855 dies
901 827 1037 867 oportet,
1054 819 1147 855 bunt
1174 824 1274 866 sigilla
1308 826 1338 857 in
1375 826 1487 869 quilius
1513 827 1551 860 sit¹
1575 827 1683 860 eadem
1709 827 1813 872 imago

295 875 390 908 tidem
415 875 541 919 plenam
564 885 628 909 non
652 875 785 918 faciant,
810 886 867 910 nec
900 876 1038 919 legitima
1054 909 1055 915 ,
1073 882 1101 909 et
1123 888 1255 921 sequens
1278 879 1450 923 inscriptio,
1466 881 1618 923 Sz'yittam
1634 885 1814 925 praecepto-

295 935 493 971 censeantur,
507 930 567 964 nisi
584 930 800 963 mandantium
818 936 847 964 et
864 930 1038 964 rescriben-
1054 926 1055 972 J
1071 931 1141 964 riae
1154 931 1184 965 S.
1199 932 1340 965 Antonii
1355 932 1430 966 talis
1446 934 1516 974 loci,
1534 934 1656 978 sintque
1674 935 1813 968 eiusdem

295 983 382 1027 tium,
408 984 491 1018 ultra
515 984 738 1029 chirographa,
761 984 871 1028 sigillis
888 984 1039 1018 roboren-
1054 973 1055 1024 J
1072 985 1287 1029 amplitudinis
1300 997 1371 1019 eum
1390 987 1500 1029 sigillis
1518 987 1723 1021 visitatorum.

295 1042 361 1078 tui-3
378 1043 547 1082 propterea
564 1038 666 1081 sigilla
683 1039 800 1072 hahere
817 1038 848 1071 in
864 1038 1038 1082 Congrega-
1054 1029 1055 1075 l
1116 1038 1158 1071 Ex
1174 1039 1343 1082 praedietis
1362 1050 1436 1073 vero
1454 1040 1564 1083 sigillis
1582 1041 1612 1073 in
1626 1052 1813 1086 unaquaque

295 1091 380 1126 tione
402 1093 510 1125 nostra
529 1091 743 1126 necessarium
770 1092 932 1134 ducentes,
950 1099 979 1126 ct
998 1103 1035 1126 ne
1073 1093 1289 1136 praeceptoria
1315 1104 1369 1125 seu
1394 1094 1489 1127 domo
1507 1095 1544 1129 sit
1560 1105 1657 1128 unum
1677 1106 1815 1129 comnm-

294 1145 464 1186 varientur,
475 1150 529 1178 aut
539 1145 621 1178 ultra
634 1145 763 1179 modum
777 1146 1036 1190 multiplicentur,
1054 1154 1055 1161 ¹
1072 1155 1109 1178 ne
1135 1145 1238 1179 minus
1259 1146 1341 1190 apud
1363 1147 1560 1191 superiorem
1586 1153 1638 1180 aut
1663 1149 1757 1182 alium
1777 1150 1814 1182 ab

294 1198 470 1232 habeantur
493 1202 523 1233 et
548 1198 767 1233 custodiantur
791 1205 825 1233 ut
850 1200 1006 1244 sequitur:
1054 1209 1109 1244 :eo
1135 1200 1328 1244 deputatum,
1348 1211 1409 1243 quo
1427 1211 1537 1234 omnes
1554 1202 1676 1235 litterae
1695 1203 1815 1236 mitten-

338 1252 372 1285 In
396 1253 588 1286 monasterio
614 1253 709 1296 igitur
734 1254 762 1287 S.
789 1254 914 1287 Antonii
941 1255 1034 1288 Vien-
1053 1252 1055 1303 J
1071 1253 1128 1286 dae
1145 1254 1321 1295 firmentur5
1340 1259 1369 1287 et
1386 1254 1470 1286 aliud
1496 1255 1607 1296 maius,
1625 1267 1687 1300 quo
1705 1267 1813 1290 omnes

294 1305 410 1347 nensis,
420 1306 505 1350 quod
523 1312 570 1341 est
587 1307 826 1352 eaputOrdinis‚
843 1308 881 1342 sit
898 1308 1036 1351 sigillum
1054 1307 1055 1310 ’
1072 1307 1285 1351 expeditiones
1303 1312 1329 1340 et
1353 1308 1560 1341 instrumenta
1577 1310 1704 1343 nomine
1726 1321 1814 1354 supe-
1860 1351 1862 1353 .

295 1359 408 1393 ceteris
435 1360 547 1402 maius,
564 1360 596 1394 in
624 1371 687 1405 quo
715 1361 754 1394 sit
782 1361 886 1405 imago
912 1367 1036 1395 exarata
1072 1360 1165 1394 rioris
1190 1366 1218 1394 et
1243 1361 1502 1404 Congregationis
1522 1363 1590 1396 lieri
1617 1363 1706 1397 solita
1731 1364 1814 1406 sigil-

295 1413 392 1447 saneti
408 1414 507 1458 patris
522 1415 623 1449 nostri
643 1415 770 1449 Antonii
798 1426 870 1449 eum
896 1416 953 1449 hac
981 1389 1185 1455 cir-llentur.

295 1460 1055 1516 cumscriptione,Se'gyilltmtcapituti[feneratis⁴¹
1116 1469 1328 1512 Depositarius
1354 1480 1480 1503 omnem
1506 1480 1661 1504 annonam
1691 1483 1708 1504 a
1733 1483 1810 1516 pro-

295 1522 536 1556 commum'tcttis
551 1523 746 1566 reformatae
767 1523 900 1557 Ordinis
919 1524 949 1558 S.
966 1525 1036 1558 An-
1054 1554 1055 1564 ,
1072 1528 1216 1556 curatore
1241 1524 1403 1557 collectam
1429 1530 1457 1557 et
1482 1535 1591 1558 omnes
1616 1526 1751 1560 maiores
1768 1528 1813 1560 rei
1843 1522 1852 1530 ”

297 1574 389 1616 tottii,
406 1575 491 1619 quod
515 1575 690 1609 servabitur
710 1575 741 1608 in
757 1576 926 1620 praedictis
947 1587 1038 1620 gene—
1054 1582 1055 1627 J
1072 1576 1233 1610 familiaris
1256 1577 1452 1621 provisiones
1482 1579 1519 1611 ah
1548 1590 1585 1612 eo
1615 1580 1709 1614 saetas
1737 1580 1810 1613 dili-

295 1627 413 1662 ralibus
429 1629 576 1663 archiviis
593 1629 650 1663 suh
671 1629 772 1663 tribus
790 1630 938 1673 clavibus,
960 1642 1037 1675 qua-
1054 1633 1055 1667 Ξ
1071 1636 1181 1673 genter
1199 1636 1310 1672 serit-t,
1329 1632 1533 1676 omniumque
1552 1643 1625 1666 suae
1643 1634 1715 1667 fidei
1733 1645 1814 1668 eom-

294 1692 365 1715 rum
398 1692 492 1716 unam
523 1683 660 1717 servabit
690 1684 835 1728 superior
859 1685 1036 1728 generalis,
1054 1674 1055 1726 l
1072 1685 1253 1727 missorum,
1271 1686 1351 1718 sacto
1369 1696 1480 1719 eorum
1501 1687 1686 1728 inventario,
1705 1698 1813 1721 euram

294 1736 425 1770 alteram
449 1737 570 1781 primus
595 1737 808 1778 definitorum,
835 1738 957 1772 tertiam
983 1748 1033 1772 se-
1053 1727 1055 1791 ἶ
1072 1742 1101 1771 et
1126 1738 1299 1771 custodiam
1331 1739 1456 1780 habeat,
1481 1745 1524 1781 ut,
1550 1741 1813 1786 quandocumque

295 1790 426 1832 cundus,
450 1801 528 1835 quas
552 1791 642 1825 alteri
666 1801 730 1825 non
754 1792 961 1834 committent,
977 1793 1035 1826 nisi
1054 1794 1055 1844 ᾗ
1072 1792 1229 1836 superiori
1253 1792 1436 1826 benevisum
1462 1794 1565 1834 suerit,
1590 1794 1667 1828 sides
1693 1795 1759 1828 eius
1784 1796 1813 1828 in

296 1844 336 1876 sit
355 1854 436 1877 unus
461 1844 499 1878 de
519 1844 649 1889 reliquis
667 1845 790 1879 duobus
807 1846 1036 1888 definitoribus,
1054 1845 1055 1900 ζ
1072 1845 1116 1879 eis
1140 1846 1199 1879 rite
1225 1846 1447 1880 conservandis
1473 1852 1501 1880 et
1526 1847 1694 1882 reddendis
1721 1860 1815 1893 appa-

295 1907 358 1941 quo
382 1897 510 1941 quidem
534 1897 638 1941 sigillo
669 1899 786 1932 muniri
811 1899 924 1933 debent
949 1900 1036 1934 insti·
1054 1902 1055 1950 ζ
1072 1904 1146 1932 reat.
1166 1899 1319 1933 Pecuniae
1333 1910 1407 1933 vero
1424 1911 1441 1933 a
1457 1906 1663 1944 procuratore
1679 1908 1814 1944 exactae,

297 1951 432 1985 tutiones
463 1952 512 1985 vel
543 1952 781 1987 commissiones
812 1954 1014 1998 superiorum
1029 1982 1036 1996 ,
1054 1953 1055 1967 ¹
1072 1964 1144 1986 cum
1161 1953 1242 1987 libro
1262 1960 1484 1998 computorum
1497 1955 1618 1999 accepti
1632 1961 1662 1988 et
1675 1958 1814 2000 expensi,

295 2004 503 2038 novitiatuum
527 2005 710 2047 erectiones,
730 2005 862 2040 uniones
887 2012 917 2040 et
941 2018 1034 2053 sepa·
1054 1982 1055 2027 l
1073 2006 1102 2039 in
1121 2018 1248 2051 capsam
1268 2008 1369 2041 tribus
1390 2009 1529 2042 clavibus
1549 2010 1726 2044 obseratam
1745 2021 1816 2044 eon-

296 2057 454 2100 rationes,
480 2063 699 2093 contractuum
730 2060 976 2104 approbationes
1009 2032 1236 2108 etliiciantur,
1261 2072 1395 2106 quarum
1431 2063 1558 2106 quidem
1590 2064 1724 2098 clavium
1755 2075 1814 2098 una

296 2112 562 2154 confirmationes,
579 2116 672 2158 atque
697 2113 790 2147 etiam
817 2119 885 2149 aeta
910 2126 1039 2158 genera-
1054 2110 1056 2120 '
1072 2115 1111 2147 sit
1136 2125 1230 2158 penes
1248 2116 1456 2160 superiorem,
1476 2117 1574 2150 altera
1599 2129 1695 2162 penes
1711 2119 1814 2163 ipsum

296 2166 373 2200 lium
390 2167 608 2211 capitulorum.
1054 2166 1057 2220 j
1072 2174 1321 2212 proetu'atorem‚
1340 2170 1431 2203 tertia
1456 2181 1552 2214 penes
1577 2171 1813 2216 depositarium.

340 2219 445 2253 Abbas
469 2221 615 2265 superior
635 2222 791 2265 generalis
816 2232 906 2256 suum
925 2223 1057 2256 habeat*
1118 2222 1225 2255 Videat
1250 2222 1325 2266 quid
1351 2223 1464 2267 cuique
1493 2224 1628 2257 fratrum
1654 2236 1734 2270 opus
1759 2226 1813 2268 sit,

297 2273 435 2317 sigillum
467 2285 539 2308 cum
570 2275 732 2319 praedicta
756 2276 894 2320 imagine
928 2281 957 2311 et
981 2278 1039 2311 liae
1055 2266 1057 2279 ¹
1073 2281 1103 2309 et.
1128 2276 1292 2310 mandante
1311 2277 1475 2321 superiore
1499 2278 1561 2311 illis
1584 2279 1758 2322 provideat,
1776 2290 1813 2313 ne

298 2327 600 2371 circumscriptione,
625 2328 784 2372 Siyillum
803 2329 928 2363 abbatis
952 2341 1040 2374 qaue·
1056 2327 1057 2372 j
1074 2329 1148 2373 quid
1166 2330 1316 2373 superflui
1337 2331 1376 2363 sit
1395 2331 1443 2363 vel
1460 2331 1618 2375 depereat,
1637 2332 1690 2365 sed
1711 2332 1813 2366 onmia

299 2380 380 2414 ralis
406 2379 539 2415 Ordinis
563 2381 594 2414 S.
614 2381 764 2423 Antonii,
782 2382 813 2415 in
837 2383 926 2417 cuius
950 2394 1039 2428 supe-
1074 2384 1133 2417 sint
1149 2384 1266 2417 munda
1284 2388 1313 2419 et
1329 2390 1410 2429 apta,
1425 2390 1464 2427 et,
1479 2386 1503 2419 si
1517 2386 1592 2430 quid
1606 2386 1754 2419 indecens
1770 2397 1816 2420 re-

297 2434 374 2468 riori
398 2439 488 2478 parte
512 2434 708 2480 insculpatur
732 2436 826 2469 mitra
855 2442 885 2470 et
908 2437 1038 2471 baculus
1073 2438 1661 2483 periatvelnonlieitum‚superiorem
1676 2445 1812 2482 moneat,

297 2488 473 2532 pastoralis,
499 2489 566 2522 eius
589 2489 749 2533 dignitatis
775 2490 926 2535 insignia;
945 2502 981 2526 eo
1008 2503 1039 2526 u-
1074 2493 1205 2526 vestium
1238 2493 1427 2526 mutationes
1457 2494 1623 2534 observet,
1649 2498 1678 2528 et
1709 2494 1814 2527 onmia

299 2547 398 2585 tetur,
423 2548 457 2576 ut
479 2543 560 2577 ratio
590 2549 620 2577 et
644 2544 692 2578 ius
717 2545 900 2586 suadebunt,
926 2551 956 2579 et
980 2547 1039 2580 erit
1073 2557 1153 2590 quae
1185 2545 1222 2579 ad
1255 2547 1437 2580 vestiarium
1457 2547 1614 2591 pertinent
1639 2547 1697 2581 sibi
1722 2558 1811 2582 com-

298 2597 523 2640 magnitudinis
547 2598 642 2642 paulo
666 2599 798 2634 minoris
829 2609 922 2645 quam
947 2610 1038 2644 gene-

297 2649 372 2683 ralis
395 2650 532 2695 capituli.
1110 2665 1120 2691 1
1139 2662 1208 2691 Edit.
1221 2662 1304 2691 Maia.
1317 2663 1492 2700 legitAIia...
1505 2663 1755 2700 praeceptorium.
1767 2664 1812 2700 τ.).

1858 1485 1885 1505 l'e
1906 1485 2014 1511 «lutosum
