<?xml version="1.0" encoding="UTF-8"?>
<!DOCTYPE html PUBLIC "-//W3C//DTD XHTML 1.0 Transitional//EN"
    "http://www.w3.org/TR/xhtml1/DTD/xhtml1-transitional.dtd">
<html xmlns="http://www.w3.org/1999/xhtml" xml:lang="en" lang="en">
 <head>
  <title>
</title>
<meta http-equiv="Content-Type" content="text/html;charset=utf-8" />
  <meta name='ocr-system' content='tesseract 3.04.00' />
  <meta name='ocr-capabilities' content='ocr_page ocr_carea ocr_par ocr_line ocrx_word'/>
</head>
<body>
  <div class='ocr_page' id='page_1' title='image "./bullarumdiplomat14cath_0538.png"; bbox 0 0 2248 3229; ppageno 0'>
   <div class='ocr_carea' id='block_1_1' title="bbox 216 223 1156 1493">
    <p class='ocr_par' dir='ltr' id='par_1_1' title="bbox 216 223 1152 854">
     <span class='ocr_line' id='line_1_1' title="bbox 216 223 516 259; baseline -0.01 -1"><span class='ocrx_word' id='word_1_1' title='bbox 216 231 266 259; x_wconf 76' lang='lat' dir='ltr'>An.</span> <span class='ocrx_word' id='word_1_2' title='bbox 284 232 315 259; x_wconf 84' lang='lat' dir='ltr'>C.</span> <span class='ocrx_word' id='word_1_3' title='bbox 338 231 405 259; x_wconf 69' lang='lat'>1624</span> <span class='ocrx_word' id='word_1_4' title='bbox 450 223 516 257; x_wconf 70' lang='lat'>454</span> 
     </span>
     <span class='ocr_line' id='line_1_2' title="bbox 415 279 1152 324; baseline -0.005 -11"><span class='ocrx_word' id='word_1_5' title='bbox 415 281 446 313; x_wconf 91' lang='lat' dir='ltr'>in</span> <span class='ocrx_word' id='word_1_6' title='bbox 463 281 604 324; x_wconf 85' lang='lat' dir='ltr'>partibus</span> <span class='ocrx_word' id='word_1_7' title='bbox 622 279 780 312; x_wconf 76' lang='lat' dir='ltr'>indiarum</span> <span class='ocrx_word' id='word_1_8' title='bbox 797 279 960 310; x_wconf 72' lang='lat' dir='ltr'>existentes</span> <span class='ocrx_word' id='word_1_9' title='bbox 979 284 1065 310; x_wconf 77' lang='lat' dir='ltr'>extra</span> <span class='ocrx_word' id='word_1_10' title='bbox 1083 288 1152 310; x_wconf 83' lang='lat' dir='ltr'>con-</span> 
     </span>
     <span class='ocr_line' id='line_1_3' title="bbox 413 329 1151 373; baseline -0.005 -7"><span class='ocrx_word' id='word_1_11' title='bbox 413 339 570 373; x_wconf 88' lang='lat' dir='ltr'>ventuum,</span> <span class='ocrx_word' id='word_1_12' title='bbox 595 332 764 364; x_wconf 88' lang='lat' dir='ltr'>domorum</span> <span class='ocrx_word' id='word_1_13' title='bbox 789 335 819 363; x_wconf 87' lang='lat' dir='ltr'>ct</span> <span class='ocrx_word' id='word_1_14' title='bbox 843 330 977 363; x_wconf 88' lang='lat' dir='ltr'>aliorum</span> <span class='ocrx_word' id='word_1_15' title='bbox 999 330 1073 363; x_wconf 91' lang='lat' dir='ltr'>dicti</span> <span class='ocrx_word' id='word_1_16' title='bbox 1099 329 1151 363; x_wconf 91' lang='lat' dir='ltr'>Or-</span> 
     </span>
     <span class='ocr_line' id='line_1_4' title="bbox 413 383 1150 427; baseline -0.004 -8"><span class='ocrx_word' id='word_1_17' title='bbox 413 386 494 419; x_wconf 90' lang='lat' dir='ltr'>dinis</span> <span class='ocrx_word' id='word_1_18' title='bbox 517 386 661 419; x_wconf 87' lang='lat' dir='ltr'>locorum</span> <span class='ocrx_word' id='word_1_19' title='bbox 674 383 869 427; x_wconf 79' lang='lat' dir='ltr'>regularium</span> <span class='ocrx_word' id='word_1_20' title='bbox 883 384 1017 417; x_wconf 87' lang='lat' dir='ltr'>claustra</span> <span class='ocrx_word' id='word_1_21' title='bbox 1032 384 1150 427; x_wconf 84' lang='lat' dir='ltr'>absque</span> 
     </span>
     <span class='ocr_line' id='line_1_5' title="bbox 410 436 1152 481; baseline -0.001 -10"><span class='ocrx_word' id='word_1_22' title='bbox 410 439 502 471; x_wconf 90' lang='lat' dir='ltr'>huius</span> <span class='ocrx_word' id='word_1_23' title='bbox 527 439 656 472; x_wconf 78' lang='lat' dir='ltr'>Sanctae</span> <span class='ocrx_word' id='word_1_24' title='bbox 681 437 768 471; x_wconf 85' lang='lat' dir='ltr'>Sedis</span> <span class='ocrx_word' id='word_1_25' title='bbox 789 442 818 470; x_wconf 87' lang='lat' dir='ltr'>et</span> <span class='ocrx_word' id='word_1_26' title='bbox 842 437 1041 481; x_wconf 78' lang='lat' dir='ltr'>superiorum</span> <span class='ocrx_word' id='word_1_27' title='bbox 1072 436 1152 470; x_wconf 89' lang='lat' dir='ltr'>eius-</span> 
     </span>
     <span class='ocr_line' id='line_1_6' title="bbox 410 491 1151 531; baseline -0.003 -6"><span class='ocrx_word' id='word_1_28' title='bbox 410 492 481 525; x_wconf 91' lang='lat' dir='ltr'>dem</span> <span class='ocrx_word' id='word_1_29' title='bbox 502 491 626 525; x_wconf 82' lang='lat' dir='ltr'>Ordinis</span> <span class='ocrx_word' id='word_1_30' title='bbox 646 491 771 524; x_wconf 75' lang='lat' dir='ltr'>lieentia</span> <span class='ocrx_word' id='word_1_31' title='bbox 789 491 892 524; x_wconf 74' lang='lat' dir='ltr'>vivant</span> <span class='ocrx_word' id='word_1_32' title='bbox 921 501 975 524; x_wconf 89' lang='lat' dir='ltr'>seu</span> <span class='ocrx_word' id='word_1_33' title='bbox 996 496 1151 531; x_wconf 76' lang='lat' dir='ltr'>maneant,</span> 
     </span>
     <span class='ocr_line' id='line_1_7' title="bbox 411 544 1151 588; baseline -0.001 -11"><span class='ocrx_word' id='word_1_34' title='bbox 411 545 468 577; x_wconf 88' lang='lat' dir='ltr'>sub</span> <span class='ocrx_word' id='word_1_35' title='bbox 492 544 633 578; x_wconf 79' lang='lat' dir='ltr'>censuris</span> <span class='ocrx_word' id='word_1_36' title='bbox 658 544 887 586; x_wconf 83' lang='lat' dir='ltr'>ecclesiasticis,</span> <span class='ocrx_word' id='word_1_37' title='bbox 905 555 940 578; x_wconf 89' lang='lat' dir='ltr'>ac</span> <span class='ocrx_word' id='word_1_38' title='bbox 965 544 1151 588; x_wconf 72' lang='lat' dir='ltr'>privationis</span> 
     </span>
     <span class='ocr_line' id='line_1_8' title="bbox 410 598 1151 643; baseline -0.003 -11"><span class='ocrx_word' id='word_1_39' title='bbox 410 599 495 632; x_wconf 86' lang='lat' dir='ltr'>vocis</span> <span class='ocrx_word' id='word_1_40' title='bbox 519 599 638 632; x_wconf 78' lang='lat' dir='ltr'>activae</span> <span class='ocrx_word' id='word_1_41' title='bbox 655 604 684 632; x_wconf 90' lang='lat' dir='ltr'>et</span> <span class='ocrx_word' id='word_1_42' title='bbox 704 599 844 643; x_wconf 73' lang='lat' dir='ltr'>passivae</span> <span class='ocrx_word' id='word_1_43' title='bbox 868 598 987 642; x_wconf 85' lang='lat' dir='ltr'>poenis,</span> <span class='ocrx_word' id='word_1_44' title='bbox 1009 608 1066 642; x_wconf 88' lang='lat' dir='ltr'>per</span> <span class='ocrx_word' id='word_1_45' title='bbox 1085 608 1151 631; x_wconf 89' lang='lat' dir='ltr'>eos-</span> 
     </span>
     <span class='ocr_line' id='line_1_9' title="bbox 411 651 1151 685; baseline -0.003 0"><span class='ocrx_word' id='word_1_46' title='bbox 411 651 481 685; x_wconf 87' lang='lat' dir='ltr'>dem</span> <span class='ocrx_word' id='word_1_47' title='bbox 498 652 611 685; x_wconf 84' lang='lat' dir='ltr'>sratres</span> <span class='ocrx_word' id='word_1_48' title='bbox 627 656 714 684; x_wconf 80' lang='lat' dir='ltr'>extra</span> <span class='ocrx_word' id='word_1_49' title='bbox 737 652 873 684; x_wconf 87' lang='lat' dir='ltr'>claustra</span> <span class='ocrx_word' id='word_1_50' title='bbox 890 651 1071 684; x_wconf 89' lang='lat' dir='ltr'>huiusmodi</span> <span class='ocrx_word' id='word_1_51' title='bbox 1090 661 1151 683; x_wconf 91' lang='lat' dir='ltr'>ma-</span> 
     </span>
     <span class='ocr_line' id='line_1_10' title="bbox 410 703 1152 748; baseline -0.001 -11"><span class='ocrx_word' id='word_1_52' title='bbox 410 710 519 737; x_wconf 91' lang='lat' dir='ltr'>nentes</span> <span class='ocrx_word' id='word_1_53' title='bbox 536 714 590 737; x_wconf 89' lang='lat' dir='ltr'>seu</span> <span class='ocrx_word' id='word_1_54' title='bbox 607 704 746 737; x_wconf 83' lang='lat' dir='ltr'>viventes</span> <span class='ocrx_word' id='word_1_55' title='bbox 773 708 807 737; x_wconf 88' lang='lat' dir='ltr'>ut</span> <span class='ocrx_word' id='word_1_56' title='bbox 831 704 1009 748; x_wconf 80' lang='lat' dir='ltr'>praefertur</span> <span class='ocrx_word' id='word_1_57' title='bbox 1028 714 1065 736; x_wconf 84' lang='lat' dir='ltr'>eo</span> <span class='ocrx_word' id='word_1_58' title='bbox 1083 703 1152 747; x_wconf 83' lang='lat' dir='ltr'>ipso</span> 
     </span>
     <span class='ocr_line' id='line_1_11' title="bbox 411 757 1152 801; baseline -0.003 -11"><span class='ocrx_word' id='word_1_59' title='bbox 411 757 624 798; x_wconf 79' lang='lat' dir='ltr'>incurrendis,</span> <span class='ocrx_word' id='word_1_60' title='bbox 642 757 813 801; x_wconf 79' lang='lat' dir='ltr'>apostolica</span> <span class='ocrx_word' id='word_1_61' title='bbox 831 757 1026 800; x_wconf 85' lang='lat' dir='ltr'>auctoritate,</span> <span class='ocrx_word' id='word_1_62' title='bbox 1043 761 1152 789; x_wconf 85' lang='lat' dir='ltr'>tenore</span> 
     </span>
     <span class='ocr_line' id='line_1_12' title="bbox 411 811 1048 854; baseline 0.002 -11"><span class='ocrx_word' id='word_1_63' title='bbox 411 811 634 854; x_wconf 88' lang='lat' dir='ltr'>praesentium,</span> <span class='ocrx_word' id='word_1_64' title='bbox 656 811 870 854; x_wconf 80' lang='lat' dir='ltr'>prohibemus.</span> <span class='ocrx_word' id='word_1_65' title='bbox 1044 841 1048 844; x_wconf 88' lang='lat'>.</span> 
     </span>
    </p>

    <p class='ocr_par' dir='ltr' id='par_1_2' title="bbox 412 864 1154 1175">
     <span class='ocr_line' id='line_1_13' title="bbox 456 864 1152 908; baseline 0 -11"><span class='ocrx_word' id='word_1_66' title='bbox 456 865 470 908; x_wconf 63' lang='grc' dir='ltr'><strong>ἓ</strong></span> <span class='ocrx_word' id='word_1_67' title='bbox 494 864 523 897; x_wconf 77' lang='grc'>4.</span> <span class='ocrx_word' id='word_1_68' title='bbox 550 865 618 897; x_wconf 73' lang='lat' dir='ltr'>Non</span> <span class='ocrx_word' id='word_1_69' title='bbox 651 865 848 898; x_wconf 79' lang='lat' dir='ltr'>obstantibus</span> <span class='ocrx_word' id='word_1_70' title='bbox 878 864 1152 898; x_wconf 85' lang='lat' dir='ltr'>constitutionibus</span> 
     </span>
     <span class='ocr_line' id='line_1_14' title="bbox 412 918 1152 961; baseline 0 -11"><span class='ocrx_word' id='word_1_71' title='bbox 412 922 442 950; x_wconf 88' lang='lat' dir='ltr'>et</span> <span class='ocrx_word' id='word_1_72' title='bbox 461 918 711 950; x_wconf 84' lang='lat' dir='ltr'>ordinationibus</span> <span class='ocrx_word' id='word_1_73' title='bbox 727 918 917 961; x_wconf 87' lang='lat' dir='ltr'>apostolicis,</span> <span class='ocrx_word' id='word_1_74' title='bbox 934 928 979 957; x_wconf 89' lang='lat' dir='ltr'>ac,</span> <span class='ocrx_word' id='word_1_75' title='bbox 997 922 1152 961; x_wconf 87' lang='lat' dir='ltr'>quatenus</span> 
     </span>
     <span class='ocr_line' id='line_1_15' title="bbox 412 970 1151 1014; baseline 0 -11"><span class='ocrx_word' id='word_1_76' title='bbox 412 980 492 1014; x_wconf 90' lang='lat' dir='ltr'>opus</span> <span class='ocrx_word' id='word_1_77' title='bbox 518 971 566 1011; x_wconf 90' lang='lat' dir='ltr'>sit,</span> <span class='ocrx_word' id='word_1_78' title='bbox 591 970 665 1003; x_wconf 89' lang='lat' dir='ltr'>dicti</span> <span class='ocrx_word' id='word_1_79' title='bbox 691 970 825 1011; x_wconf 87' lang='lat' dir='ltr'>Ordinis,</span> <span class='ocrx_word' id='word_1_80' title='bbox 851 971 943 1004; x_wconf 89' lang='lat' dir='ltr'>etiam</span> <span class='ocrx_word' id='word_1_81' title='bbox 964 971 1151 1012; x_wconf 84' lang='lat' dir='ltr'>iuramento,</span> 
     </span>
     <span class='ocr_line' id='line_1_16' title="bbox 412 1023 1153 1069; baseline 0.001 -14"><span class='ocrx_word' id='word_1_82' title='bbox 412 1023 651 1058; x_wconf 88' lang='lat' dir='ltr'>confirmatione</span> <span class='ocrx_word' id='word_1_83' title='bbox 667 1025 850 1069; x_wconf 80' lang='lat' dir='ltr'>apostolica,</span> <span class='ocrx_word' id='word_1_84' title='bbox 868 1025 915 1057; x_wconf 79' lang='lat' dir='ltr'>vel</span> <span class='ocrx_word' id='word_1_85' title='bbox 931 1025 1040 1068; x_wconf 82' lang='lat' dir='ltr'>quavis</span> <span class='ocrx_word' id='word_1_86' title='bbox 1057 1024 1153 1057; x_wconf 78' lang='lat' dir='ltr'>firmi-</span> 
     </span>
     <span class='ocr_line' id='line_1_17' title="bbox 413 1077 1154 1119; baseline 0 -10"><span class='ocrx_word' id='word_1_87' title='bbox 413 1083 474 1110; x_wconf 87' lang='lat' dir='ltr'>tate</span> <span class='ocrx_word' id='word_1_88' title='bbox 489 1077 549 1110; x_wconf 76' lang='lat' dir='ltr'>alia</span> <span class='ocrx_word' id='word_1_89' title='bbox 562 1079 728 1119; x_wconf 86' lang='lat' dir='ltr'>roboratis,</span> <span class='ocrx_word' id='word_1_90' title='bbox 743 1079 863 1112; x_wconf 85' lang='lat' dir='ltr'>statutis</span> <span class='ocrx_word' id='word_1_91' title='bbox 878 1083 906 1111; x_wconf 89' lang='lat' dir='ltr'>et</span> <span class='ocrx_word' id='word_1_92' title='bbox 923 1077 1154 1111; x_wconf 87' lang='lat' dir='ltr'>consuetudini-</span> 
     </span>
     <span class='ocr_line' id='line_1_18' title="bbox 412 1130 1151 1175; baseline 0 -13"><span class='ocrx_word' id='word_1_93' title='bbox 412 1130 482 1171; x_wconf 86' lang='lat' dir='ltr'>bus,</span> <span class='ocrx_word' id='word_1_94' title='bbox 507 1132 681 1175; x_wconf 85' lang='lat' dir='ltr'>ceterisque</span> <span class='ocrx_word' id='word_1_95' title='bbox 700 1132 866 1165; x_wconf 82' lang='lat' dir='ltr'>contrariis</span> <span class='ocrx_word' id='word_1_96' title='bbox 890 1131 1151 1174; x_wconf 84' lang='lat' dir='ltr'>quibuscumque.</span> 
     </span>
    </p>

    <p class='ocr_par' dir='ltr' id='par_1_3' title="bbox 413 1184 1156 1493">
     <span class='ocr_line' id='line_1_19' title="bbox 459 1184 1152 1228; baseline -0.001 -11"><span class='ocrx_word' id='word_1_97' title='bbox 459 1185 473 1228; x_wconf 69' lang='grc' dir='ltr'>ξ,</span> <span class='ocrx_word' id='word_1_98' title='bbox 498 1184 526 1217; x_wconf 78' lang='lat'>5.</span> <span class='ocrx_word' id='word_1_99' title='bbox 552 1185 701 1218; x_wconf 83' lang='lat' dir='ltr'>Volumus</span> <span class='ocrx_word' id='word_1_100' title='bbox 726 1189 828 1217; x_wconf 85' lang='lat' dir='ltr'>autem</span> <span class='ocrx_word' id='word_1_101' title='bbox 844 1212 851 1226; x_wconf 79' lang='lat'>‚</span> <span class='ocrx_word' id='word_1_102' title='bbox 876 1189 910 1216; x_wconf 93' lang='lat' dir='ltr'>ut</span> <span class='ocrx_word' id='word_1_103' title='bbox 941 1184 1152 1227; x_wconf 87' lang='lat' dir='ltr'>praesentium</span> 
     </span>
     <span class='ocr_line' id='line_1_20' title="bbox 414 1236 1152 1280; baseline 0 -12"><span class='ocrx_word' id='word_1_104' title='bbox 414 1238 629 1280; x_wconf 84' lang='lat' dir='ltr'>transumptis,</span> <span class='ocrx_word' id='word_1_105' title='bbox 655 1237 745 1269; x_wconf 89' lang='lat' dir='ltr'>etiam</span> <span class='ocrx_word' id='word_1_106' title='bbox 772 1237 952 1280; x_wconf 77' lang='lat' dir='ltr'>impressis,</span> <span class='ocrx_word' id='word_1_107' title='bbox 978 1247 1073 1269; x_wconf 84' lang='lat' dir='ltr'>manu</span> <span class='ocrx_word' id='word_1_108' title='bbox 1097 1236 1152 1268; x_wconf 87' lang='lat' dir='ltr'>ali-</span> 
     </span>
     <span class='ocr_line' id='line_1_21' title="bbox 415 1289 1154 1334; baseline -0.001 -12"><span class='ocrx_word' id='word_1_109' title='bbox 415 1290 503 1323; x_wconf 80' lang='lat' dir='ltr'>cuius</span> <span class='ocrx_word' id='word_1_110' title='bbox 520 1291 634 1323; x_wconf 86' lang='lat' dir='ltr'>notarii</span> <span class='ocrx_word' id='word_1_111' title='bbox 660 1289 779 1334; x_wconf 87' lang='lat' dir='ltr'>publici</span> <span class='ocrx_word' id='word_1_112' title='bbox 796 1290 989 1333; x_wconf 85' lang='lat' dir='ltr'>subscriptis,</span> <span class='ocrx_word' id='word_1_113' title='bbox 1004 1293 1033 1323; x_wconf 89' lang='lat' dir='ltr'>et</span> <span class='ocrx_word' id='word_1_114' title='bbox 1050 1289 1154 1332; x_wconf 88' lang='lat' dir='ltr'>sigillo</span> 
     </span>
     <span class='ocr_line' id='line_1_22' title="bbox 413 1342 1155 1386; baseline -0.001 -11"><span class='ocrx_word' id='word_1_115' title='bbox 413 1352 567 1385; x_wconf 85' lang='lat' dir='ltr'>personae</span> <span class='ocrx_word' id='word_1_116' title='bbox 592 1343 622 1375; x_wconf 93' lang='lat' dir='ltr'>in</span> <span class='ocrx_word' id='word_1_117' title='bbox 643 1343 793 1386; x_wconf 79' lang='lat' dir='ltr'>dignitate</span> <span class='ocrx_word' id='word_1_118' title='bbox 813 1342 1024 1375; x_wconf 75' lang='lat' dir='ltr'>ecclesiastica</span> <span class='ocrx_word' id='word_1_119' title='bbox 1044 1342 1155 1375; x_wconf 89' lang='lat' dir='ltr'>consti-</span> 
     </span>
     <span class='ocr_line' id='line_1_23' title="bbox 415 1395 1155 1440; baseline -0.001 -12"><span class='ocrx_word' id='word_1_120' title='bbox 415 1400 498 1428; x_wconf 86' lang='lat' dir='ltr'>tutae</span> <span class='ocrx_word' id='word_1_121' title='bbox 516 1396 654 1436; x_wconf 89' lang='lat' dir='ltr'>munitis,</span> <span class='ocrx_word' id='word_1_122' title='bbox 676 1396 783 1429; x_wconf 88' lang='lat' dir='ltr'>eadem</span> <span class='ocrx_word' id='word_1_123' title='bbox 808 1406 939 1440; x_wconf 91' lang='lat' dir='ltr'>prorsus</span> <span class='ocrx_word' id='word_1_124' title='bbox 963 1395 1041 1428; x_wconf 86' lang='lat' dir='ltr'>fides</span> <span class='ocrx_word' id='word_1_125' title='bbox 1063 1395 1093 1427; x_wconf 90' lang='lat' dir='ltr'>in</span> <span class='ocrx_word' id='word_1_126' title='bbox 1111 1395 1155 1428; x_wconf 90' lang='lat' dir='ltr'>iu-</span> 
     </span>
     <span class='ocr_line' id='line_1_24' title="bbox 415 1449 1156 1493; baseline -0.001 -11"><span class='ocrx_word' id='word_1_127' title='bbox 415 1449 496 1482; x_wconf 90' lang='lat' dir='ltr'>dicio</span> <span class='ocrx_word' id='word_1_128' title='bbox 515 1454 544 1482; x_wconf 94' lang='lat' dir='ltr'>et</span> <span class='ocrx_word' id='word_1_129' title='bbox 560 1454 648 1482; x_wconf 84' lang='lat' dir='ltr'>extra</span> <span class='ocrx_word' id='word_1_130' title='bbox 664 1449 858 1490; x_wconf 84' lang='lat' dir='ltr'>adhibeatur,</span> <span class='ocrx_word' id='word_1_131' title='bbox 878 1459 957 1493; x_wconf 87' lang='lat' dir='ltr'>quae</span> <span class='ocrx_word' id='word_1_132' title='bbox 976 1449 1052 1493; x_wconf 92' lang='lat' dir='ltr'>ipsis</span> <span class='ocrx_word' id='word_1_133' title='bbox 1068 1459 1156 1492; x_wconf 86' lang='lat' dir='ltr'>prae-</span> 
     </span>
    </p>
   </div>
   <div class='ocr_carea' id='block_1_2' title="bbox 215 877 396 923">
    <p class='ocr_par' dir='ltr' id='par_1_4' title="bbox 215 877 396 923">
     <span class='ocr_line' id='line_1_25' title="bbox 241 877 396 902; baseline -0.006 -5"><span class='ocrx_word' id='word_1_134' title='bbox 241 877 330 902; x_wconf 57' lang='lat' dir='ltr'>bvi-ngat</span> <span class='ocrx_word' id='word_1_135' title='bbox 346 882 396 896; x_wconf 61' lang='lat' dir='ltr'>von-</span> 
     </span>
     <span class='ocr_line' id='line_1_26' title="bbox 215 907 290 923; baseline 0 0"><span class='ocrx_word' id='word_1_136' title='bbox 215 907 290 923; x_wconf 67' lang='grc' dir='ltr'>[ΓΔΙΙᾸΒ.</span> 
     </span>
    </p>
   </div>
   <div class='ocr_carea' id='block_1_3' title="bbox 216 1195 400 1242">
    <p class='ocr_par' dir='ltr' id='par_1_5' title="bbox 216 1195 400 1242">
     <span class='ocr_line' id='line_1_27' title="bbox 254 1195 400 1220; baseline 0 -5"><span class='ocrx_word' id='word_1_137' title='bbox 254 1195 400 1220; x_wconf 66' lang='lat' dir='ltr'>&#39;ru-anmmpus</span> 
     </span>
     <span class='ocr_line' id='line_1_28' title="bbox 216 1222 353 1242; baseline 0.007 -2"><span class='ocrx_word' id='word_1_138' title='bbox 216 1222 272 1242; x_wconf 79' lang='lat' dir='ltr'>rrodi</span> <span class='ocrx_word' id='word_1_139' title='bbox 290 1223 353 1241; x_wconf 64' lang='lat' dir='ltr'>iubet.</span> 
     </span>
    </p>
   </div>
   <div class='ocr_carea' id='block_1_4' title="bbox 416 1502 1173 1543">
    <p class='ocr_par' dir='ltr' id='par_1_6' title="bbox 416 1502 1173 1543">
     <span class='ocr_line' id='line_1_29' title="bbox 416 1502 1173 1543; baseline 0 -8"><span class='ocrx_word' id='word_1_140' title='bbox 416 1503 555 1536; x_wconf 88' lang='lat' dir='ltr'>sentibus</span> <span class='ocrx_word' id='word_1_141' title='bbox 579 1503 803 1543; x_wconf 81' lang='lat' dir='ltr'>adhiberetur,</span> <span class='ocrx_word' id='word_1_142' title='bbox 825 1503 850 1535; x_wconf 88' lang='lat' dir='ltr'>si</span> <span class='ocrx_word' id='word_1_143' title='bbox 875 1503 976 1536; x_wconf 86' lang='lat' dir='ltr'>forent</span> <span class='ocrx_word' id='word_1_144' title='bbox 1000 1502 1173 1535; x_wconf 59' lang='lat' dir='ltr'>exhibitae</span> 
     </span>
    </p>
   </div>
   <div class='ocr_carea' id='block_1_5' title="bbox 415 1555 1158 1815">
    <p class='ocr_par' dir='ltr' id='par_1_7' title="bbox 415 1555 646 1589">
     <span class='ocr_line' id='line_1_30' title="bbox 415 1555 646 1589; baseline 0.009 -2"><span class='ocrx_word' id='word_1_145' title='bbox 415 1555 463 1588; x_wconf 92' lang='lat' dir='ltr'>vel</span> <span class='ocrx_word' id='word_1_146' title='bbox 495 1561 646 1589; x_wconf 83' lang='lat' dir='ltr'>ostensae.</span> 
     </span>
    </p>

    <p class='ocr_par' dir='ltr' id='par_1_8' title="bbox 416 1609 1158 1761">
     <span class='ocr_line' id='line_1_31' title="bbox 458 1609 1156 1654; baseline -0.001 -11"><span class='ocrx_word' id='word_1_147' title='bbox 458 1609 569 1643; x_wconf 80' lang='lat' dir='ltr'>Datum</span> <span class='ocrx_word' id='word_1_148' title='bbox 590 1610 717 1651; x_wconf 87' lang='lat' dir='ltr'>Rornae,</span> <span class='ocrx_word' id='word_1_149' title='bbox 737 1609 819 1654; x_wconf 90' lang='lat' dir='ltr'>apud</span> <span class='ocrx_word' id='word_1_150' title='bbox 848 1609 877 1643; x_wconf 83' lang='lat' dir='ltr'>S.</span> <span class='ocrx_word' id='word_1_151' title='bbox 903 1610 1031 1642; x_wconf 88' lang='lat' dir='ltr'>Mariam</span> <span class='ocrx_word' id='word_1_152' title='bbox 1061 1609 1156 1642; x_wconf 86' lang='lat' dir='ltr'>Maio-</span> 
     </span>
     <span class='ocr_line' id='line_1_32' title="bbox 416 1663 1158 1705; baseline 0 -10"><span class='ocrx_word' id='word_1_153' title='bbox 416 1673 493 1704; x_wconf 86' lang='lat' dir='ltr'>rem,</span> <span class='ocrx_word' id='word_1_154' title='bbox 508 1663 565 1696; x_wconf 87' lang='lat' dir='ltr'>sub</span> <span class='ocrx_word' id='word_1_155' title='bbox 578 1664 693 1697; x_wconf 85' lang='lat' dir='ltr'>annulo</span> <span class='ocrx_word' id='word_1_156' title='bbox 706 1663 881 1705; x_wconf 79' lang='lat' dir='ltr'>piscatoris,</span> <span class='ocrx_word' id='word_1_157' title='bbox 895 1663 944 1696; x_wconf 88' lang='lat' dir='ltr'>die</span> <span class='ocrx_word' id='word_1_158' title='bbox 964 1672 1020 1696; x_wconf 88' lang='lat' dir='ltr'>v111</span> <span class='ocrx_word' id='word_1_159' title='bbox 1033 1673 1158 1695; x_wconf 83' lang='lat' dir='ltr'>novem-</span> 
     </span>
     <span class='ocr_line' id='line_1_33' title="bbox 417 1716 1155 1761; baseline -0.001 -12"><span class='ocrx_word' id='word_1_160' title='bbox 417 1716 482 1749; x_wconf 88' lang='lat' dir='ltr'>bris</span> <span class='ocrx_word' id='word_1_161' title='bbox 496 1726 667 1759; x_wconf 79' lang='lat' dir='ltr'>Mncxxxtv‚</span> <span class='ocrx_word' id='word_1_162' title='bbox 681 1716 882 1761; x_wconf 81' lang='lat' dir='ltr'>pontificatus</span> <span class='ocrx_word' id='word_1_163' title='bbox 899 1716 997 1750; x_wconf 91' lang='lat' dir='ltr'>nostri</span> <span class='ocrx_word' id='word_1_164' title='bbox 1015 1716 1087 1748; x_wconf 84' lang='lat' dir='ltr'>anni</span> <span class='ocrx_word' id='word_1_165' title='bbox 1103 1726 1155 1749; x_wconf 67' lang='grc' dir='ltr'>ΧΠ.</span> 
     </span>
    </p>

    <p class='ocr_par' dir='ltr' id='par_1_9' title="bbox 454 1779 1128 1815">
     <span class='ocr_line' id='line_1_34' title="bbox 454 1779 1128 1815; baseline -0.001 -8"><span class='ocrx_word' id='word_1_166' title='bbox 454 1780 515 1807; x_wconf 86' lang='lat' dir='ltr'>Dat.</span> <span class='ocrx_word' id='word_1_167' title='bbox 532 1779 575 1807; x_wconf 82' lang='lat' dir='ltr'>die</span> <span class='ocrx_word' id='word_1_168' title='bbox 591 1779 606 1807; x_wconf 91' lang='lat'>8</span> <span class='ocrx_word' id='word_1_169' title='bbox 623 1779 776 1807; x_wconf 85' lang='lat' dir='ltr'>novembris</span> <span class='ocrx_word' id='word_1_170' title='bbox 795 1779 871 1811; x_wconf 73' lang='lat'>1634,</span> <span class='ocrx_word' id='word_1_171' title='bbox 886 1780 978 1815; x_wconf 86' lang='lat' dir='ltr'>pontif.</span> <span class='ocrx_word' id='word_1_172' title='bbox 997 1788 1067 1807; x_wconf 88' lang='lat' dir='ltr'>anno</span> <span class='ocrx_word' id='word_1_173' title='bbox 1082 1786 1128 1807; x_wconf 79' lang='lat' dir='ltr'>xli.</span> 
     </span>
    </p>
   </div>
   <div class='ocr_carea' id='block_1_6' title="bbox 684 1845 892 1851">
    <p class='ocr_par' dir='ltr' id='par_1_10' title="bbox 684 1845 892 1851">
     <span class='ocr_line' id='line_1_35' title="bbox 684 1845 892 1851; baseline 0 0"><span class='ocrx_word' id='word_1_174' title='bbox 684 1845 892 1851; x_wconf 95' lang='lat' dir='ltr'> </span> 
     </span>
    </p>
   </div>
   <div class='ocr_carea' id='block_1_7' title="bbox 778 1924 810 1956">
    <p class='ocr_par' dir='ltr' id='par_1_11' title="bbox 778 1924 810 1956">
     <span class='ocr_line' id='line_1_36' title="bbox 778 1924 810 1956; baseline -0.031 0"><span class='ocrx_word' id='word_1_175' title='bbox 778 1924 810 1956; x_wconf 86' lang='lat' dir='ltr'>D.</span> 
     </span>
    </p>
   </div>
   <div class='ocr_carea' id='block_1_8' title="bbox 422 2001 1159 2206">
    <p class='ocr_par' dir='ltr' id='par_1_12' title="bbox 422 2001 1159 2206">
     <span class='ocr_line' id='line_1_37' title="bbox 422 2001 1156 2045; baseline -0.003 -10"><span class='ocrx_word' id='word_1_176' title='bbox 422 2001 632 2043; x_wconf 76' lang='lat' dir='ltr'>Confirmatio</span> <span class='ocrx_word' id='word_1_177' title='bbox 666 2001 784 2034; x_wconf 75' lang='lat' dir='ltr'>decreti</span> <span class='ocrx_word' id='word_1_178' title='bbox 816 2001 1074 2045; x_wconf 72' lang='lat' dir='ltr'>conyreyationis</span> <span class='ocrx_word' id='word_1_179' title='bbox 1107 2001 1156 2033; x_wconf 68' lang='lat' dir='ltr'>ri-</span> 
     </span>
     <span class='ocr_line' id='line_1_38' title="bbox 467 2053 1158 2098; baseline -0.003 -11"><span class='ocrx_word' id='word_1_180' title='bbox 467 2059 556 2087; x_wconf 80' lang='lat' dir='ltr'>tuum</span> <span class='ocrx_word' id='word_1_181' title='bbox 580 2055 666 2087; x_wconf 76' lang='lat' dir='ltr'>circa</span> <span class='ocrx_word' id='word_1_182' title='bbox 689 2055 902 2098; x_wconf 78' lang='lat' dir='ltr'>processiones</span> <span class='ocrx_word' id='word_1_183' title='bbox 927 2064 1010 2097; x_wconf 78' lang='lat' dir='ltr'>quae</span> <span class='ocrx_word' id='word_1_184' title='bbox 1037 2053 1119 2095; x_wconf 80' lang='lat' dir='ltr'>fiunt</span> <span class='ocrx_word' id='word_1_185' title='bbox 1139 2064 1158 2085; x_wconf 78' lang='grc' dir='ltr'><em>α</em></span> 
     </span>
     <span class='ocr_line' id='line_1_39' title="bbox 464 2108 1159 2152; baseline -0.001 -12"><span class='ocrx_word' id='word_1_186' title='bbox 464 2108 673 2152; x_wconf 69' lang='lat' dir='ltr'>reqularibus</span> <span class='ocrx_word' id='word_1_187' title='bbox 698 2113 726 2141; x_wconf 82' lang='lat' dir='ltr'>et</span> <span class='ocrx_word' id='word_1_188' title='bbox 751 2108 1073 2152; x_wconf 74' lang='lat' dir='ltr'>confraternitatibus</span> <span class='ocrx_word' id='word_1_189' title='bbox 1106 2118 1159 2140; x_wconf 74' lang='lat' dir='ltr'>ecc-</span> 
     </span>
     <span class='ocr_line' id='line_1_40' title="bbox 468 2160 895 2206; baseline -0.002 -12"><span class='ocrx_word' id='word_1_190' title='bbox 468 2165 518 2194; x_wconf 81' lang='lat' dir='ltr'>tra</span> <span class='ocrx_word' id='word_1_191' title='bbox 539 2162 693 2206; x_wconf 71' lang='lat' dir='ltr'>proprias</span> <span class='ocrx_word' id='word_1_192' title='bbox 718 2160 895 2194; x_wconf 72' lang='lat' dir='ltr'>ecclesias‘.</span> 
     </span>
    </p>
   </div>
   <div class='ocr_carea' id='block_1_9' title="bbox 565 2241 1019 2313">
    <p class='ocr_par' dir='ltr' id='par_1_13' title="bbox 565 2241 1019 2313">
     <span class='ocr_line' id='line_1_41' title="bbox 626 2241 958 2275; baseline 0 -7"><span class='ocrx_word' id='word_1_193' title='bbox 626 2241 762 2269; x_wconf 85' lang='lat' dir='ltr'>Urbanus</span> <span class='ocrx_word' id='word_1_194' title='bbox 784 2241 860 2275; x_wconf 84' lang='lat' dir='ltr'>Papa</span> <span class='ocrx_word' id='word_1_195' title='bbox 881 2241 958 2273; x_wconf 85' lang='lat' dir='ltr'>VIII,</span> 
     </span>
     <span class='ocr_line' id='line_1_42' title="bbox 565 2285 1019 2313; baseline -0.002 -1"><span class='ocrx_word' id='word_1_196' title='bbox 565 2286 602 2313; x_wconf 83' lang='lat' dir='ltr'>ad</span> <span class='ocrx_word' id='word_1_197' title='bbox 622 2286 754 2313; x_wconf 82' lang='lat' dir='ltr'>futuram</span> <span class='ocrx_word' id='word_1_198' title='bbox 773 2286 818 2313; x_wconf 78' lang='lat' dir='ltr'>rei</span> <span class='ocrx_word' id='word_1_199' title='bbox 838 2285 1019 2313; x_wconf 83' lang='lat' dir='ltr'>memoriam.</span> 
     </span>
    </p>
   </div>
   <div class='ocr_carea' id='block_1_10' title="bbox 227 2354 1165 2506">
    <p class='ocr_par' dir='ltr' id='par_1_14' title="bbox 227 2354 1165 2506">
     <span class='ocr_line' id='line_1_43' title="bbox 240 2354 1162 2409; baseline -0.008 -16"><span class='ocrx_word' id='word_1_200' title='bbox 240 2363 409 2409; x_wconf 35' lang='lat' dir='ltr'>aegipanum.</span> <span class='ocrx_word' id='word_1_201' title='bbox 470 2356 521 2400; x_wconf 54' lang='lat' dir='ltr'>§i</span> <span class='ocrx_word' id='word_1_202' title='bbox 537 2357 642 2400; x_wconf 86' lang='lat' dir='ltr'>Nuper</span> <span class='ocrx_word' id='word_1_203' title='bbox 656 2367 714 2400; x_wconf 85' lang='lat' dir='ltr'>pro</span> <span class='ocrx_word' id='word_1_204' title='bbox 728 2361 816 2400; x_wconf 85' lang='lat' dir='ltr'>parte</span> <span class='ocrx_word' id='word_1_205' title='bbox 827 2356 1012 2389; x_wconf 86' lang='lat' dir='ltr'>dilectorum</span> <span class='ocrx_word' id='word_1_206' title='bbox 1023 2354 1162 2388; x_wconf 87' lang='lat' dir='ltr'>filiorum</span> 
     </span>
     <span class='ocr_line' id='line_1_44' title="bbox 227 2396 1165 2451; baseline -0.003 -9"><span class='ocrx_word' id='word_1_207' title='bbox 227 2396 355 2436; x_wconf 48' lang='lat' dir='ltr'>ffiiffi¹⁰¹¹¹⁵</span> <span class='ocrx_word' id='word_1_208' title='bbox 385 2396 409 2409; x_wconf 52' lang='grc' dir='ltr'>Μ’</span> <span class='ocrx_word' id='word_1_209' title='bbox 426 2409 547 2442; x_wconf 89' lang='lat' dir='ltr'>abbatis</span> <span class='ocrx_word' id='word_1_210' title='bbox 571 2410 700 2443; x_wconf 85' lang='lat' dir='ltr'>maioris</span> <span class='ocrx_word' id='word_1_211' title='bbox 724 2414 755 2442; x_wconf 90' lang='lat' dir='ltr'>et</span> <span class='ocrx_word' id='word_1_212' title='bbox 779 2408 989 2441; x_wconf 77' lang='lat' dir='ltr'>universitatis</span> <span class='ocrx_word' id='word_1_213' title='bbox 1013 2407 1165 2451; x_wconf 86' lang='lat' dir='ltr'>parocho-</span> 
     </span>
     <span class='ocr_line' id='line_1_45' title="bbox 427 2460 1164 2506; baseline -0.003 -12"><span class='ocrx_word' id='word_1_214' title='bbox 427 2472 497 2495; x_wconf 88' lang='lat' dir='ltr'>rum</span> <span class='ocrx_word' id='word_1_215' title='bbox 522 2462 654 2496; x_wconf 79' lang='lat' dir='ltr'>civitatis</span> <span class='ocrx_word' id='word_1_216' title='bbox 673 2462 864 2506; x_wconf 81' lang='lat' dir='ltr'>Hispalensis</span> <span class='ocrx_word' id='word_1_217' title='bbox 881 2461 972 2494; x_wconf 88' lang='lat' dir='ltr'>nobis</span> <span class='ocrx_word' id='word_1_218' title='bbox 989 2460 1164 2504; x_wconf 83' lang='lat' dir='ltr'>expositum</span> 
     </span>
    </p>
   </div>
   <div class='ocr_carea' id='block_1_11' title="bbox 428 2513 1166 2559">
    <p class='ocr_par' dir='ltr' id='par_1_15' title="bbox 428 2513 1166 2559">
     <span class='ocr_line' id='line_1_46' title="bbox 428 2513 1166 2559; baseline -0.001 -12"><span class='ocrx_word' id='word_1_219' title='bbox 428 2515 500 2556; x_wconf 80' lang='lat' dir='ltr'>suit,</span> <span class='ocrx_word' id='word_1_220' title='bbox 525 2516 610 2559; x_wconf 88' lang='lat' dir='ltr'>quod</span> <span class='ocrx_word' id='word_1_221' title='bbox 640 2525 657 2548; x_wconf 88' lang='lat' dir='ltr'>a</span> <span class='ocrx_word' id='word_1_222' title='bbox 681 2515 913 2549; x_wconf 77' lang='lat' dir='ltr'>venerabilibus</span> <span class='ocrx_word' id='word_1_223' title='bbox 938 2513 1087 2547; x_wconf 85' lang='lat' dir='ltr'>fratribus</span> <span class='ocrx_word' id='word_1_224' title='bbox 1111 2522 1166 2546; x_wconf 92' lang='lat' dir='ltr'>no-</span> 
     </span>
    </p>
   </div>
   <div class='ocr_carea' id='block_1_12' title="bbox 468 2629 906 2665">
    <p class='ocr_par' dir='ltr' id='par_1_16' title="bbox 468 2629 906 2665">
     <span class='ocr_line' id='line_1_47' title="bbox 468 2629 906 2665; baseline 0 -9"><span class='ocrx_word' id='word_1_225' title='bbox 468 2632 477 2656; x_wconf 85' lang='lat' dir='ltr'>l</span> <span class='ocrx_word' id='word_1_226' title='bbox 495 2629 533 2656; x_wconf 81' lang='lat' dir='ltr'>Ex</span> <span class='ocrx_word' id='word_1_227' title='bbox 547 2630 653 2665; x_wconf 80' lang='lat' dir='ltr'>Regest.</span> <span class='ocrx_word' id='word_1_228' title='bbox 668 2630 695 2657; x_wconf 82' lang='lat' dir='ltr'>in</span> <span class='ocrx_word' id='word_1_229' title='bbox 711 2629 810 2658; x_wconf 82' lang='lat' dir='ltr'>Secret.</span> <span class='ocrx_word' id='word_1_230' title='bbox 830 2629 906 2658; x_wconf 84' lang='lat' dir='ltr'>Brev.</span> 
     </span>
    </p>
   </div>
   <div class='ocr_carea' id='block_1_13' title="bbox 1001 229 1356 254">
    <p class='ocr_par' dir='ltr' id='par_1_17' title="bbox 1001 229 1356 254">
     <span class='ocr_line' id='line_1_48' title="bbox 1001 229 1356 254; baseline 0 -1"><span class='ocrx_word' id='word_1_231' title='bbox 1001 230 1178 254; x_wconf 49' lang='lat' dir='ltr'>nnmnmmr</span> <span class='ocrx_word' id='word_1_232' title='bbox 1202 229 1356 254; x_wconf 66' lang='lat' dir='ltr'>ROMANUM</span> 
     </span>
    </p>
   </div>
   <div class='ocr_carea' id='block_1_14' title="bbox 1165 344 1174 1005">
    <p class='ocr_par' dir='ltr' id='par_1_18' title="bbox 1165 344 1174 1005">
     <span class='ocr_line' id='line_1_49' title="bbox 1165 344 1174 1005; baseline 0 0"><span class='ocrx_word' id='word_1_233' title='bbox 1165 344 1174 1005; x_wconf 95' lang='lat' dir='ltr'> </span> 
     </span>
    </p>
   </div>
   <div class='ocr_carea' id='block_1_15' title="bbox 1170 1184 1176 1908">
    <p class='ocr_par' dir='ltr' id='par_1_19' title="bbox 1170 1184 1176 1908">
     <span class='ocr_line' id='line_1_50' title="bbox 1170 1184 1176 1908; baseline 0 0"><span class='ocrx_word' id='word_1_234' title='bbox 1170 1184 1176 1908; x_wconf 95' lang='lat' dir='ltr'> </span> 
     </span>
    </p>
   </div>
   <div class='ocr_carea' id='block_1_16' title="bbox 1186 227 2123 1810">
    <p class='ocr_par' dir='ltr' id='par_1_20' title="bbox 1186 227 2121 426">
     <span class='ocr_line' id='line_1_51' title="bbox 1934 227 2121 256; baseline 0 -2"><span class='ocrx_word' id='word_1_235' title='bbox 1934 227 1982 256; x_wconf 80' lang='lat' dir='ltr'>An.</span> <span class='ocrx_word' id='word_1_236' title='bbox 2003 227 2032 255; x_wconf 92' lang='lat' dir='ltr'>C.</span> <span class='ocrx_word' id='word_1_237' title='bbox 2053 227 2121 256; x_wconf 71' lang='lat'>1634</span> 
     </span>
     <span class='ocr_line' id='line_1_52' title="bbox 1188 276 1924 310; baseline 0 -1"><span class='ocrx_word' id='word_1_238' title='bbox 1188 278 1259 309; x_wconf 81' lang='lat' dir='ltr'>stris</span> <span class='ocrx_word' id='word_1_239' title='bbox 1285 282 1407 309; x_wconf 86' lang='lat' dir='ltr'>sanctae</span> <span class='ocrx_word' id='word_1_240' title='bbox 1432 277 1589 310; x_wconf 82' lang='lat' dir='ltr'>Romanae</span> <span class='ocrx_word' id='word_1_241' title='bbox 1614 276 1771 310; x_wconf 80' lang='lat' dir='ltr'>Ecclesiae</span> <span class='ocrx_word' id='word_1_242' title='bbox 1786 276 1924 310; x_wconf 87' lang='lat' dir='ltr'>cardina-</span> 
     </span>
     <span class='ocr_line' id='line_1_53' title="bbox 1186 330 1923 374; baseline -0.001 -10"><span class='ocrx_word' id='word_1_243' title='bbox 1186 331 1267 364; x_wconf 85' lang='lat' dir='ltr'>libus</span> <span class='ocrx_word' id='word_1_244' title='bbox 1292 330 1388 364; x_wconf 88' lang='lat' dir='ltr'>sacris</span> <span class='ocrx_word' id='word_1_245' title='bbox 1412 330 1525 363; x_wconf 90' lang='lat' dir='ltr'>ritibus</span> <span class='ocrx_word' id='word_1_246' title='bbox 1548 331 1735 374; x_wconf 85' lang='lat' dir='ltr'>praepositis</span> <span class='ocrx_word' id='word_1_247' title='bbox 1766 331 1923 364; x_wconf 84' lang='lat' dir='ltr'>emanavit</span> 
     </span>
     <span class='ocr_line' id='line_1_54' title="bbox 1186 383 1921 426; baseline -0.001 -9"><span class='ocrx_word' id='word_1_248' title='bbox 1186 383 1358 426; x_wconf 87' lang='lat' dir='ltr'>decretum,</span> <span class='ocrx_word' id='word_1_249' title='bbox 1383 384 1500 418; x_wconf 88' lang='lat' dir='ltr'>tenoris</span> <span class='ocrx_word' id='word_1_250' title='bbox 1524 383 1753 426; x_wconf 86' lang='lat' dir='ltr'>subsequentis,</span> <span class='ocrx_word' id='word_1_251' title='bbox 1769 383 1921 417; x_wconf 87' lang='lat' dir='ltr'>videlicet:</span> 
     </span>
    </p>

    <p class='ocr_par' dir='ltr' id='par_1_21' title="bbox 1233 436 1836 481">
     <span class='ocr_line' id='line_1_55' title="bbox 1233 436 1836 481; baseline -0.002 -11"><span class='ocrx_word' id='word_1_252' title='bbox 1233 438 1246 481; x_wconf 64' lang='lat' dir='ltr'>g</span> <span class='ocrx_word' id='word_1_253' title='bbox 1271 437 1300 470; x_wconf 67' lang='lat'>2.</span> <span class='ocrx_word' id='word_1_254' title='bbox 1326 437 1381 470; x_wconf 90' lang='lat' dir='ltr'>Die</span> <span class='ocrx_word' id='word_1_255' title='bbox 1400 446 1474 470; x_wconf 77' lang='lat' dir='ltr'>xxvl</span> <span class='ocrx_word' id='word_1_256' title='bbox 1498 436 1647 469; x_wconf 84' lang='lat' dir='ltr'>februarii</span> <span class='ocrx_word' id='word_1_257' title='bbox 1665 445 1836 478; x_wconf 63' lang='lat' dir='ltr'>muniuntur,</span> 
     </span>
    </p>

    <p class='ocr_par' dir='ltr' id='par_1_22' title="bbox 1186 489 2123 1005">
     <span class='ocr_line' id='line_1_56' title="bbox 1229 489 2122 534; baseline -0.004 -10"><span class='ocrx_word' id='word_1_258' title='bbox 1229 490 1422 534; x_wconf 86' lang='lat' dir='ltr'>Hispalensis</span> <span class='ocrx_word' id='word_1_259' title='bbox 1451 489 1548 524; x_wconf 87' lang='lat' dir='ltr'>abbas</span> <span class='ocrx_word' id='word_1_260' title='bbox 1577 489 1679 523; x_wconf 88' lang='lat' dir='ltr'>maior</span> <span class='ocrx_word' id='word_1_261' title='bbox 1711 494 1742 522; x_wconf 89' lang='lat' dir='ltr'>et</span> <span class='ocrx_word' id='word_1_262' title='bbox 1767 489 1924 523; x_wconf 90' lang='lat' dir='ltr'>universi·</span> <span class='ocrx_word' id='word_1_263' title='bbox 1970 502 2015 525; x_wconf 79' lang='lat' dir='ltr'>ouo</span> <span class='ocrx_word' id='word_1_264' title='bbox 2039 501 2122 531; x_wconf 49' lang='lat' dir='ltr'>meum&lt;</span> 
     </span>
     <span class='ocr_line' id='line_1_57' title="bbox 1187 528 2122 587; baseline -0.002 -11"><span class='ocrx_word' id='word_1_265' title='bbox 1187 549 1232 576; x_wconf 85' lang='lat' dir='ltr'>tas</span> <span class='ocrx_word' id='word_1_266' title='bbox 1256 544 1468 587; x_wconf 86' lang='lat' dir='ltr'>parochorum</span> <span class='ocrx_word' id='word_1_267' title='bbox 1494 543 1626 576; x_wconf 78' lang='lat' dir='ltr'>civitatis</span> <span class='ocrx_word' id='word_1_268' title='bbox 1650 542 1856 587; x_wconf 88' lang='lat' dir='ltr'>Hispalensis,</span> <span class='ocrx_word' id='word_1_269' title='bbox 1880 543 1923 576; x_wconf 90' lang='lat' dir='ltr'>ci·</span> <span class='ocrx_word' id='word_1_270' title='bbox 1939 528 2122 585; x_wconf 45' lang='grc' dir='ltr'>ῗῗῗεῗὲἒῖξῗῖπῗῖῗῗ</span> 
     </span>
     <span class='ocr_line' id='line_1_58' title="bbox 1186 581 2123 639; baseline 0 -12"><span class='ocrx_word' id='word_1_271' title='bbox 1186 596 1256 630; x_wconf 84' lang='lat' dir='ltr'>tatis</span> <span class='ocrx_word' id='word_1_272' title='bbox 1286 596 1448 639; x_wconf 88' lang='lat' dir='ltr'>prioribus</span> <span class='ocrx_word' id='word_1_273' title='bbox 1472 595 1635 637; x_wconf 88' lang='lat' dir='ltr'>Ordinum,</span> <span class='ocrx_word' id='word_1_274' title='bbox 1666 594 1924 639; x_wconf 88' lang='lat' dir='ltr'>supplicaverunt</span> <span class='ocrx_word' id='word_1_275' title='bbox 1939 581 2123 637; x_wconf 52' lang='lat' dir='ltr'>{issffissssiffiii</span> 
     </span>
     <span class='ocr_line' id='line_1_59' title="bbox 1187 634 2096 693; baseline -0.001 -12"><span class='ocrx_word' id='word_1_276' title='bbox 1187 648 1357 682; x_wconf 78' lang='lat' dir='ltr'>definire¹1</span> <span class='ocrx_word' id='word_1_277' title='bbox 1393 651 1439 682; x_wconf 87' lang='lat' dir='ltr'>An</span> <span class='ocrx_word' id='word_1_278' title='bbox 1470 649 1632 692; x_wconf 81' lang='lat' dir='ltr'>regulares</span> <span class='ocrx_word' id='word_1_279' title='bbox 1668 649 1790 693; x_wconf 88' lang='lat' dir='ltr'>possint</span> <span class='ocrx_word' id='word_1_280' title='bbox 1822 648 1924 681; x_wconf 85' lang='lat' dir='ltr'>facere</span> <span class='ocrx_word' id='word_1_281' title='bbox 1938 634 2096 661; x_wconf 65' lang='lat'>⁹¹³⁰⁵⁰&#39;&#39;¹²&#39;¹‘“‘&#39;</span> 
     </span>
     <span class='ocr_line' id='line_1_60' title="bbox 1187 701 1925 746; baseline -0.001 -11"><span class='ocrx_word' id='word_1_282' title='bbox 1187 703 1405 746; x_wconf 85' lang='lat' dir='ltr'>processiones</span> <span class='ocrx_word' id='word_1_283' title='bbox 1438 708 1525 735; x_wconf 86' lang='lat' dir='ltr'>extra</span> <span class='ocrx_word' id='word_1_284' title='bbox 1554 702 1688 736; x_wconf 87' lang='lat' dir='ltr'>claustra</span> <span class='ocrx_word' id='word_1_285' title='bbox 1718 701 1925 735; x_wconf 88' lang='lat' dir='ltr'>monasterio-</span> 
     </span>
     <span class='ocr_line' id='line_1_61' title="bbox 1188 755 1924 798; baseline -0.001 -10"><span class='ocrx_word' id='word_1_286' title='bbox 1188 766 1274 788; x_wconf 87' lang='lat' dir='ltr'>rum:</span> <span class='ocrx_word' id='word_1_287' title='bbox 1293 755 1367 788; x_wconf 88' lang='lat' dir='ltr'>Item</span> <span class='ocrx_word' id='word_1_288' title='bbox 1380 766 1386 787; x_wconf 88' lang='lat'><strong>:</strong></span> <span class='ocrx_word' id='word_1_289' title='bbox 1401 756 1456 795; x_wconf 80' lang='lat' dir='ltr'>An,</span> <span class='ocrx_word' id='word_1_290' title='bbox 1471 760 1569 788; x_wconf 87' lang='lat' dir='ltr'>stante</span> <span class='ocrx_word' id='word_1_291' title='bbox 1583 755 1807 789; x_wconf 86' lang='lat' dir='ltr'>consuetudine</span> <span class='ocrx_word' id='word_1_292' title='bbox 1820 755 1924 798; x_wconf 75' lang='lat' dir='ltr'>aliqua</span> 
     </span>
     <span class='ocr_line' id='line_1_62' title="bbox 1188 808 1926 852; baseline -0.001 -11"><span class='ocrx_word' id='word_1_293' title='bbox 1188 808 1319 841; x_wconf 83' lang='lat' dir='ltr'>faciendi</span> <span class='ocrx_word' id='word_1_294' title='bbox 1345 808 1562 852; x_wconf 85' lang='lat' dir='ltr'>processiones</span> <span class='ocrx_word' id='word_1_295' title='bbox 1594 813 1680 841; x_wconf 76' lang='lat' dir='ltr'>extra</span> <span class='ocrx_word' id='word_1_296' title='bbox 1711 809 1846 841; x_wconf 88' lang='lat' dir='ltr'>claustra</span> <span class='ocrx_word' id='word_1_297' title='bbox 1868 818 1926 851; x_wconf 87' lang='lat' dir='ltr'>per</span> 
     </span>
     <span class='ocr_line' id='line_1_63' title="bbox 1188 861 1925 905; baseline 0 -12"><span class='ocrx_word' id='word_1_298' title='bbox 1188 861 1251 893; x_wconf 70' lang='lat' dir='ltr'>rias</span> <span class='ocrx_word' id='word_1_299' title='bbox 1275 861 1417 904; x_wconf 86' lang='lat' dir='ltr'>publicas</span> <span class='ocrx_word' id='word_1_300' title='bbox 1438 861 1504 894; x_wconf 88' lang='lat' dir='ltr'>sine</span> <span class='ocrx_word' id='word_1_301' title='bbox 1522 870 1676 894; x_wconf 89' lang='lat' dir='ltr'>consensu</span> <span class='ocrx_word' id='word_1_302' title='bbox 1696 861 1834 905; x_wconf 87' lang='lat' dir='ltr'>parochi,</span> <span class='ocrx_word' id='word_1_303' title='bbox 1857 861 1925 895; x_wconf 87' lang='lat' dir='ltr'>talis</span> 
     </span>
     <span class='ocr_line' id='line_1_64' title="bbox 1188 914 1926 958; baseline -0.001 -11"><span class='ocrx_word' id='word_1_304' title='bbox 1188 914 1382 947; x_wconf 86' lang='lat' dir='ltr'>consuetudo</span> <span class='ocrx_word' id='word_1_305' title='bbox 1405 914 1605 957; x_wconf 81' lang='lat' dir='ltr'>regularibus</span> <span class='ocrx_word' id='word_1_306' title='bbox 1630 914 1821 958; x_wconf 82' lang='lat' dir='ltr'>suffragetur</span> <span class='ocrx_word' id='word_1_307' title='bbox 1841 919 1871 947; x_wconf 89' lang='lat' dir='ltr'>et</span> <span class='ocrx_word' id='word_1_308' title='bbox 1887 914 1926 947; x_wconf 88' lang='lat' dir='ltr'>sit</span> 
     </span>
     <span class='ocr_line' id='line_1_65' title="bbox 1188 967 1901 1005; baseline 0 -5"><span class='ocrx_word' id='word_1_309' title='bbox 1188 967 1389 1000; x_wconf 85' lang='lat' dir='ltr'>attendenda:</span> <span class='ocrx_word' id='word_1_310' title='bbox 1898 1002 1901 1005; x_wconf 76' lang='grc'><strong>,</strong></span> 
     </span>
    </p>

    <p class='ocr_par' dir='ltr' id='par_1_23' title="bbox 1187 1020 1931 1810">
     <span class='ocr_line' id='line_1_66' title="bbox 1232 1020 1928 1064; baseline 0.001 -11"><span class='ocrx_word' id='word_1_311' title='bbox 1232 1021 1268 1053; x_wconf 89' lang='lat' dir='ltr'>Et</span> <span class='ocrx_word' id='word_1_312' title='bbox 1292 1031 1379 1054; x_wconf 86' lang='lat' dir='ltr'>sacra</span> <span class='ocrx_word' id='word_1_313' title='bbox 1396 1020 1512 1054; x_wconf 86' lang='lat' dir='ltr'>rituum</span> <span class='ocrx_word' id='word_1_314' title='bbox 1530 1020 1742 1064; x_wconf 83' lang='lat' dir='ltr'>congregatio,</span> <span class='ocrx_word' id='word_1_315' title='bbox 1760 1021 1797 1053; x_wconf 88' lang='lat' dir='ltr'>ad</span> <span class='ocrx_word' id='word_1_316' title='bbox 1819 1021 1928 1054; x_wconf 90' lang='lat' dir='ltr'>tollen-</span> 
     </span>
     <span class='ocr_line' id='line_1_67' title="bbox 1187 1074 1927 1118; baseline 0.003 -12"><span class='ocrx_word' id='word_1_317' title='bbox 1187 1074 1241 1107; x_wconf 88' lang='lat' dir='ltr'>das</span> <span class='ocrx_word' id='word_1_318' title='bbox 1273 1074 1469 1108; x_wconf 86' lang='lat' dir='ltr'>difficultates</span> <span class='ocrx_word' id='word_1_319' title='bbox 1501 1085 1580 1118; x_wconf 90' lang='lat' dir='ltr'>quae</span> <span class='ocrx_word' id='word_1_320' title='bbox 1613 1074 1752 1118; x_wconf 90' lang='lat' dir='ltr'>quotidie</span> <span class='ocrx_word' id='word_1_321' title='bbox 1782 1075 1927 1108; x_wconf 86' lang='lat' dir='ltr'>oriuntur</span> 
     </span>
     <span class='ocr_line' id='line_1_68' title="bbox 1188 1127 1926 1172; baseline 0.001 -12"><span class='ocrx_word' id='word_1_322' title='bbox 1188 1127 1270 1161; x_wconf 90' lang='lat' dir='ltr'>circa</span> <span class='ocrx_word' id='word_1_323' title='bbox 1294 1128 1512 1171; x_wconf 88' lang='lat' dir='ltr'>processiones</span> <span class='ocrx_word' id='word_1_324' title='bbox 1536 1127 1693 1161; x_wconf 85' lang='lat' dir='ltr'>faciendas</span> <span class='ocrx_word' id='word_1_325' title='bbox 1720 1133 1782 1161; x_wconf 89' lang='lat' dir='ltr'>tam</span> <span class='ocrx_word' id='word_1_326' title='bbox 1802 1138 1859 1172; x_wconf 89' lang='lat' dir='ltr'>per</span> <span class='ocrx_word' id='word_1_327' title='bbox 1876 1138 1926 1161; x_wconf 90' lang='lat' dir='ltr'>re-</span> 
     </span>
     <span class='ocr_line' id='line_1_69' title="bbox 1188 1182 1928 1225; baseline 0.001 -11"><span class='ocrx_word' id='word_1_328' title='bbox 1188 1182 1313 1224; x_wconf 87' lang='lat' dir='ltr'>gulares</span> <span class='ocrx_word' id='word_1_329' title='bbox 1328 1192 1422 1225; x_wconf 77' lang='lat' dir='ltr'>quam</span> <span class='ocrx_word' id='word_1_330' title='bbox 1447 1192 1503 1225; x_wconf 90' lang='lat' dir='ltr'>per</span> <span class='ocrx_word' id='word_1_331' title='bbox 1527 1182 1797 1215; x_wconf 82' lang='lat' dir='ltr'>confraternitates</span> <span class='ocrx_word' id='word_1_332' title='bbox 1821 1183 1854 1215; x_wconf 91' lang='lat' dir='ltr'>in</span> <span class='ocrx_word' id='word_1_333' title='bbox 1881 1193 1928 1215; x_wconf 88' lang='lat' dir='ltr'>ec-</span> 
     </span>
     <span class='ocr_line' id='line_1_70' title="bbox 1189 1235 1927 1277; baseline 0.001 -10"><span class='ocrx_word' id='word_1_334' title='bbox 1189 1235 1290 1267; x_wconf 87' lang='lat' dir='ltr'>clesiis</span> <span class='ocrx_word' id='word_1_335' title='bbox 1324 1235 1538 1277; x_wconf 80' lang='lat' dir='ltr'>regularium,</span> <span class='ocrx_word' id='word_1_336' title='bbox 1567 1235 1760 1268; x_wconf 86' lang='lat' dir='ltr'>inhaerendo</span> <span class='ocrx_word' id='word_1_337' title='bbox 1794 1235 1927 1268; x_wconf 88' lang='lat' dir='ltr'>decretis</span> 
     </span>
     <span class='ocr_line' id='line_1_71' title="bbox 1188 1288 1927 1332; baseline 0.003 -12"><span class='ocrx_word' id='word_1_338' title='bbox 1188 1288 1263 1320; x_wconf 74' lang='lat' dir='ltr'>alias</span> <span class='ocrx_word' id='word_1_339' title='bbox 1288 1288 1319 1320; x_wconf 91' lang='lat' dir='ltr'>in</span> <span class='ocrx_word' id='word_1_340' title='bbox 1344 1288 1497 1321; x_wconf 90' lang='lat' dir='ltr'>similibus</span> <span class='ocrx_word' id='word_1_341' title='bbox 1521 1288 1629 1330; x_wconf 83' lang='lat' dir='ltr'>factis,</span> <span class='ocrx_word' id='word_1_342' title='bbox 1655 1293 1685 1331; x_wconf 79' lang='lat' dir='ltr'>et</span> <span class='ocrx_word' id='word_1_343' title='bbox 1709 1289 1869 1332; x_wconf 86' lang='lat' dir='ltr'>signanter</span> <span class='ocrx_word' id='word_1_344' title='bbox 1897 1289 1927 1322; x_wconf 89' lang='lat' dir='ltr'>in</span> 
     </span>
     <span class='ocr_line' id='line_1_72' title="bbox 1188 1342 1929 1384; baseline 0.001 -10"><span class='ocrx_word' id='word_1_345' title='bbox 1188 1342 1475 1384; x_wconf 79' lang='lat' dir='ltr'>Caesaraugustana</span> <span class='ocrx_word' id='word_1_346' title='bbox 1489 1352 1576 1376; x_wconf 78' lang='lat' dir='ltr'>xxvii</span> <span class='ocrx_word' id='word_1_347' title='bbox 1589 1342 1693 1374; x_wconf 86' lang='lat' dir='ltr'>martii</span> <span class='ocrx_word' id='word_1_348' title='bbox 1708 1351 1847 1383; x_wconf 74' lang='lat' dir='ltr'>nncxvn,</span> <span class='ocrx_word' id='word_1_349' title='bbox 1860 1352 1929 1375; x_wconf 89' lang='lat' dir='ltr'>cen-</span> 
     </span>
     <span class='ocr_line' id='line_1_73' title="bbox 1189 1395 1929 1439; baseline 0 -11"><span class='ocrx_word' id='word_1_350' title='bbox 1189 1395 1250 1428; x_wconf 87' lang='lat' dir='ltr'>suit</span> <span class='ocrx_word' id='word_1_351' title='bbox 1274 1395 1305 1428; x_wconf 89' lang='lat' dir='ltr'>in</span> <span class='ocrx_word' id='word_1_352' title='bbox 1328 1395 1584 1439; x_wconf 88' lang='lat' dir='ltr'>processionibus</span> <span class='ocrx_word' id='word_1_353' title='bbox 1607 1395 1756 1428; x_wconf 86' lang='lat' dir='ltr'>faciendis</span> <span class='ocrx_word' id='word_1_354' title='bbox 1778 1400 1841 1428; x_wconf 87' lang='lat' dir='ltr'>tam</span> <span class='ocrx_word' id='word_1_355' title='bbox 1871 1406 1929 1439; x_wconf 90' lang='lat' dir='ltr'>per</span> 
     </span>
     <span class='ocr_line' id='line_1_74' title="bbox 1190 1449 1929 1493; baseline 0.001 -12"><span class='ocrx_word' id='word_1_356' title='bbox 1190 1449 1352 1491; x_wconf 82' lang='lat' dir='ltr'>regulares</span> <span class='ocrx_word' id='word_1_357' title='bbox 1384 1459 1478 1492; x_wconf 88' lang='lat' dir='ltr'>quam</span> <span class='ocrx_word' id='word_1_358' title='bbox 1505 1459 1562 1493; x_wconf 90' lang='lat' dir='ltr'>per</span> <span class='ocrx_word' id='word_1_359' title='bbox 1588 1449 1860 1482; x_wconf 73' lang='lat' dir='ltr'>confraternitates</span> <span class='ocrx_word' id='word_1_360' title='bbox 1887 1449 1929 1481; x_wconf 87' lang='lat' dir='ltr'>ita</span> 
     </span>
     <span class='ocr_line' id='line_1_75' title="bbox 1191 1501 1930 1545; baseline 0.001 -12"><span class='ocrx_word' id='word_1_361' title='bbox 1191 1502 1221 1534; x_wconf 89' lang='lat' dir='ltr'>in</span> <span class='ocrx_word' id='word_1_362' title='bbox 1235 1506 1398 1545; x_wconf 83' lang='lat' dir='ltr'>posterum</span> <span class='ocrx_word' id='word_1_363' title='bbox 1412 1501 1531 1534; x_wconf 89' lang='lat' dir='ltr'>servari</span> <span class='ocrx_word' id='word_1_364' title='bbox 1549 1501 1674 1543; x_wconf 89' lang='lat' dir='ltr'>debere,</span> <span class='ocrx_word' id='word_1_365' title='bbox 1691 1507 1725 1535; x_wconf 91' lang='lat' dir='ltr'>ut</span> <span class='ocrx_word' id='word_1_366' title='bbox 1740 1501 1773 1534; x_wconf 90' lang='lat' dir='ltr'>in</span> <span class='ocrx_word' id='word_1_367' title='bbox 1790 1501 1930 1535; x_wconf 88' lang='lat' dir='ltr'>ecclesiis</span> 
     </span>
     <span class='ocr_line' id='line_1_76' title="bbox 1191 1555 1930 1598; baseline 0 -11"><span class='ocrx_word' id='word_1_368' title='bbox 1191 1555 1378 1588; x_wconf 88' lang='lat' dir='ltr'>habentibus</span> <span class='ocrx_word' id='word_1_369' title='bbox 1403 1555 1575 1588; x_wconf 88' lang='lat' dir='ltr'>claustrum</span> <span class='ocrx_word' id='word_1_370' title='bbox 1596 1556 1697 1588; x_wconf 88' lang='lat' dir='ltr'>facere</span> <span class='ocrx_word' id='word_1_371' title='bbox 1717 1565 1780 1588; x_wconf 93' lang='lat' dir='ltr'>non</span> <span class='ocrx_word' id='word_1_372' title='bbox 1809 1555 1930 1598; x_wconf 90' lang='lat' dir='ltr'>possint</span> 
     </span>
     <span class='ocr_line' id='line_1_77' title="bbox 1190 1608 1928 1651; baseline 0 -11"><span class='ocrx_word' id='word_1_373' title='bbox 1190 1608 1428 1651; x_wconf 85' lang='lat' dir='ltr'>processiones,</span> <span class='ocrx_word' id='word_1_374' title='bbox 1453 1608 1513 1640; x_wconf 91' lang='lat' dir='ltr'>nisi</span> <span class='ocrx_word' id='word_1_375' title='bbox 1544 1608 1625 1640; x_wconf 88' lang='lat' dir='ltr'>intra</span> <span class='ocrx_word' id='word_1_376' title='bbox 1650 1608 1785 1640; x_wconf 86' lang='lat' dir='ltr'>claustra</span> <span class='ocrx_word' id='word_1_377' title='bbox 1809 1612 1928 1640; x_wconf 89' lang='lat' dir='ltr'>tantum</span> 
     </span>
     <span class='ocr_line' id='line_1_78' title="bbox 1191 1660 1931 1701; baseline -0.001 -7"><span class='ocrx_word' id='word_1_378' title='bbox 1191 1666 1221 1694; x_wconf 90' lang='lat' dir='ltr'>et</span> <span class='ocrx_word' id='word_1_379' title='bbox 1237 1671 1299 1694; x_wconf 89' lang='lat' dir='ltr'>non</span> <span class='ocrx_word' id='word_1_380' title='bbox 1319 1667 1424 1701; x_wconf 80' lang='lat' dir='ltr'>extra;</span> <span class='ocrx_word' id='word_1_381' title='bbox 1446 1661 1477 1693; x_wconf 92' lang='lat' dir='ltr'>in</span> <span class='ocrx_word' id='word_1_382' title='bbox 1494 1661 1633 1694; x_wconf 90' lang='lat' dir='ltr'>ecclesiis</span> <span class='ocrx_word' id='word_1_383' title='bbox 1657 1671 1732 1694; x_wconf 93' lang='lat' dir='ltr'>vero</span> <span class='ocrx_word' id='word_1_384' title='bbox 1751 1660 1931 1694; x_wconf 88' lang='lat' dir='ltr'>carentibus</span> 
     </span>
     <span class='ocr_line' id='line_1_79' title="bbox 1191 1713 1930 1757; baseline -0.001 -10"><span class='ocrx_word' id='word_1_385' title='bbox 1191 1714 1338 1754; x_wconf 84' lang='lat' dir='ltr'>claustro,</span> <span class='ocrx_word' id='word_1_386' title='bbox 1356 1713 1424 1746; x_wconf 87' lang='lat' dir='ltr'>fieri</span> <span class='ocrx_word' id='word_1_387' title='bbox 1441 1713 1561 1757; x_wconf 89' lang='lat' dir='ltr'>possint</span> <span class='ocrx_word' id='word_1_388' title='bbox 1585 1713 1666 1746; x_wconf 87' lang='lat' dir='ltr'>intra</span> <span class='ocrx_word' id='word_1_389' title='bbox 1690 1713 1853 1753; x_wconf 89' lang='lat' dir='ltr'>ambitum,</span> <span class='ocrx_word' id='word_1_390' title='bbox 1870 1713 1930 1746; x_wconf 89' lang='lat' dir='ltr'>hoc</span> 
     </span>
     <span class='ocr_line' id='line_1_80' title="bbox 1192 1765 1931 1810; baseline -0.001 -11"><span class='ocrx_word' id='word_1_391' title='bbox 1192 1771 1237 1799; x_wconf 88' lang='lat' dir='ltr'>est</span> <span class='ocrx_word' id='word_1_392' title='bbox 1255 1777 1355 1810; x_wconf 89' lang='lat' dir='ltr'>prope</span> <span class='ocrx_word' id='word_1_393' title='bbox 1369 1776 1477 1799; x_wconf 89' lang='lat' dir='ltr'>muros</span> <span class='ocrx_word' id='word_1_394' title='bbox 1489 1765 1657 1806; x_wconf 88' lang='lat' dir='ltr'>ecclesiae;</span> <span class='ocrx_word' id='word_1_395' title='bbox 1676 1770 1763 1799; x_wconf 82' lang='lat' dir='ltr'>extra</span> <span class='ocrx_word' id='word_1_396' title='bbox 1777 1777 1851 1799; x_wconf 91' lang='lat' dir='ltr'>vero</span> <span class='ocrx_word' id='word_1_397' title='bbox 1868 1776 1931 1798; x_wconf 86' lang='lat' dir='ltr'>am-</span> 
     </span>
    </p>
   </div>
   <div class='ocr_carea' id='block_1_17' title="bbox 1145 1819 1930 1862">
    <p class='ocr_par' dir='ltr' id='par_1_24' title="bbox 1145 1819 1930 1862">
     <span class='ocr_line' id='line_1_81' title="bbox 1145 1819 1930 1862; baseline 0 -10"><span class='ocrx_word' id='word_1_398' title='bbox 1145 1850 1151 1856; x_wconf 82' lang='grc'>,</span> <span class='ocrx_word' id='word_1_399' title='bbox 1192 1820 1290 1853; x_wconf 91' lang='lat' dir='ltr'>bitum</span> <span class='ocrx_word' id='word_1_400' title='bbox 1323 1820 1472 1853; x_wconf 85' lang='lat' dir='ltr'>ecclesiae</span> <span class='ocrx_word' id='word_1_401' title='bbox 1503 1829 1565 1853; x_wconf 92' lang='lat' dir='ltr'>non</span> <span class='ocrx_word' id='word_1_402' title='bbox 1601 1820 1696 1852; x_wconf 89' lang='lat' dir='ltr'>licere</span> <span class='ocrx_word' id='word_1_403' title='bbox 1731 1819 1930 1862; x_wconf 84' lang='lat' dir='ltr'>regularibus</span> 
     </span>
    </p>
   </div>
   <div class='ocr_carea' id='block_1_18' title="bbox 1192 1872 1990 2547">
    <p class='ocr_par' dir='ltr' id='par_1_25' title="bbox 1192 1872 1935 2290">
     <span class='ocr_line' id='line_1_82' title="bbox 1192 1872 1930 1916; baseline 0.001 -11"><span class='ocrx_word' id='word_1_404' title='bbox 1192 1883 1294 1916; x_wconf 83' lang='lat' dir='ltr'>neque</span> <span class='ocrx_word' id='word_1_405' title='bbox 1311 1872 1619 1906; x_wconf 87' lang='lat' dir='ltr'>confraternitatibus</span> <span class='ocrx_word' id='word_1_406' title='bbox 1636 1873 1737 1906; x_wconf 83' lang='lat' dir='ltr'>facere</span> <span class='ocrx_word' id='word_1_407' title='bbox 1753 1873 1930 1916; x_wconf 88' lang='lat' dir='ltr'>processio-</span> 
     </span>
     <span class='ocr_line' id='line_1_83' title="bbox 1192 1926 1930 1967; baseline 0.001 -9"><span class='ocrx_word' id='word_1_408' title='bbox 1192 1937 1256 1967; x_wconf 85' lang='lat' dir='ltr'>nes,</span> <span class='ocrx_word' id='word_1_409' title='bbox 1286 1927 1344 1958; x_wconf 87' lang='lat' dir='ltr'>nisi</span> <span class='ocrx_word' id='word_1_410' title='bbox 1375 1926 1413 1959; x_wconf 89' lang='lat' dir='ltr'>de</span> <span class='ocrx_word' id='word_1_411' title='bbox 1439 1926 1576 1967; x_wconf 83' lang='lat' dir='ltr'>licentia,</span> <span class='ocrx_word' id='word_1_412' title='bbox 1601 1936 1765 1967; x_wconf 85' lang='lat' dir='ltr'>consensu,</span> <span class='ocrx_word' id='word_1_413' title='bbox 1783 1932 1835 1959; x_wconf 88' lang='lat' dir='ltr'>aut</span> <span class='ocrx_word' id='word_1_414' title='bbox 1859 1936 1930 1959; x_wconf 90' lang='lat' dir='ltr'>cum</span> 
     </span>
     <span class='ocr_line' id='line_1_84' title="bbox 1194 1979 1932 2023; baseline -0.001 -11"><span class='ocrx_word' id='word_1_415' title='bbox 1194 1989 1287 2012; x_wconf 87' lang='lat' dir='ltr'>cruce</span> <span class='ocrx_word' id='word_1_416' title='bbox 1312 1979 1454 2023; x_wconf 88' lang='lat' dir='ltr'>parochi,</span> <span class='ocrx_word' id='word_1_417' title='bbox 1471 1979 1609 2023; x_wconf 82' lang='lat' dir='ltr'>exceptis</span> <span class='ocrx_word' id='word_1_418' title='bbox 1629 1985 1734 2012; x_wconf 86' lang='lat' dir='ltr'>tamen</span> <span class='ocrx_word' id='word_1_419' title='bbox 1759 1979 1819 2012; x_wconf 90' lang='lat' dir='ltr'>illis</span> <span class='ocrx_word' id='word_1_420' title='bbox 1835 1979 1932 2012; x_wconf 90' lang='lat' dir='ltr'>eccle-</span> 
     </span>
     <span class='ocr_line' id='line_1_85' title="bbox 1194 2032 1931 2077; baseline -0.003 -11"><span class='ocrx_word' id='word_1_421' title='bbox 1194 2033 1256 2075; x_wconf 85' lang='lat' dir='ltr'>siis,</span> <span class='ocrx_word' id='word_1_422' title='bbox 1274 2043 1354 2077; x_wconf 87' lang='lat' dir='ltr'>quae</span> <span class='ocrx_word' id='word_1_423' title='bbox 1373 2032 1489 2065; x_wconf 89' lang='lat' dir='ltr'>habent</span> <span class='ocrx_word' id='word_1_424' title='bbox 1514 2033 1544 2065; x_wconf 90' lang='lat' dir='ltr'>in</span> <span class='ocrx_word' id='word_1_425' title='bbox 1568 2033 1628 2066; x_wconf 90' lang='lat' dir='ltr'>hoc</span> <span class='ocrx_word' id='word_1_426' title='bbox 1653 2032 1787 2076; x_wconf 86' lang='lat' dir='ltr'>speciale</span> <span class='ocrx_word' id='word_1_427' title='bbox 1804 2032 1931 2076; x_wconf 89' lang='lat' dir='ltr'>privile-</span> 
     </span>
     <span class='ocr_line' id='line_1_86' title="bbox 1195 2085 1932 2130; baseline -0.001 -11"><span class='ocrx_word' id='word_1_428' title='bbox 1195 2087 1281 2130; x_wconf 85' lang='lat' dir='ltr'>gium</span> <span class='ocrx_word' id='word_1_429' title='bbox 1307 2086 1438 2119; x_wconf 83' lang='lat' dir='ltr'>faciendi</span> <span class='ocrx_word' id='word_1_430' title='bbox 1462 2086 1678 2130; x_wconf 85' lang='lat' dir='ltr'>processiones</span> <span class='ocrx_word' id='word_1_431' title='bbox 1702 2096 1759 2129; x_wconf 89' lang='lat' dir='ltr'>per</span> <span class='ocrx_word' id='word_1_432' title='bbox 1778 2086 1837 2118; x_wconf 86' lang='lat' dir='ltr'>alia</span> <span class='ocrx_word' id='word_1_433' title='bbox 1853 2085 1932 2124; x_wconf 85' lang='lat' dir='ltr'>loca,</span> 
     </span>
     <span class='ocr_line' id='line_1_87' title="bbox 1195 2139 1934 2183; baseline 0 -12"><span class='ocrx_word' id='word_1_434' title='bbox 1195 2139 1309 2183; x_wconf 86' lang='lat' dir='ltr'>quibus</span> <span class='ocrx_word' id='word_1_435' title='bbox 1333 2149 1389 2182; x_wconf 91' lang='lat' dir='ltr'>per</span> <span class='ocrx_word' id='word_1_436' title='bbox 1414 2139 1473 2172; x_wconf 88' lang='lat' dir='ltr'>hoc</span> <span class='ocrx_word' id='word_1_437' title='bbox 1497 2139 1658 2172; x_wconf 89' lang='lat' dir='ltr'>decretum</span> <span class='ocrx_word' id='word_1_438' title='bbox 1692 2148 1780 2171; x_wconf 86' lang='lat' dir='ltr'>sacra</span> <span class='ocrx_word' id='word_1_439' title='bbox 1804 2148 1934 2181; x_wconf 86' lang='lat' dir='ltr'>congre-</span> 
     </span>
     <span class='ocr_line' id='line_1_88' title="bbox 1197 2192 1935 2236; baseline -0.001 -11"><span class='ocrx_word' id='word_1_440' title='bbox 1197 2193 1280 2236; x_wconf 90' lang='lat' dir='ltr'>gatio</span> <span class='ocrx_word' id='word_1_441' title='bbox 1297 2203 1360 2226; x_wconf 90' lang='lat' dir='ltr'>non</span> <span class='ocrx_word' id='word_1_442' title='bbox 1373 2192 1505 2225; x_wconf 90' lang='lat' dir='ltr'>intendit</span> <span class='ocrx_word' id='word_1_443' title='bbox 1517 2192 1742 2236; x_wconf 85' lang='lat' dir='ltr'>praeiudicare.</span> <span class='ocrx_word' id='word_1_444' title='bbox 1756 2193 1868 2225; x_wconf 87' lang='lat' dir='ltr'>Datum</span> <span class='ocrx_word' id='word_1_445' title='bbox 1882 2201 1935 2226; x_wconf 80' lang='lat' dir='ltr'>xix</span> 
     </span>
     <span class='ocr_line' id='line_1_89' title="bbox 1198 2247 1577 2290; baseline 0.003 -12"><span class='ocrx_word' id='word_1_446' title='bbox 1198 2247 1382 2290; x_wconf 87' lang='lat' dir='ltr'>septembris</span> <span class='ocrx_word' id='word_1_447' title='bbox 1408 2256 1577 2280; x_wconf 69' lang='lat' dir='ltr'>iincxxxiv.</span> 
     </span>
    </p>

    <p class='ocr_par' dir='ltr' id='par_1_26' title="bbox 1199 2299 1990 2547">
     <span class='ocr_line' id='line_1_90' title="bbox 1243 2299 1936 2345; baseline -0.001 -12"><span class='ocrx_word' id='word_1_448' title='bbox 1243 2300 1257 2343; x_wconf 63' lang='grc' dir='ltr'><strong>ἓ</strong></span> <span class='ocrx_word' id='word_1_449' title='bbox 1281 2299 1310 2333; x_wconf 80' lang='grc'>3.</span> <span class='ocrx_word' id='word_1_450' title='bbox 1336 2300 1412 2333; x_wconf 90' lang='lat' dir='ltr'>Cum</span> <span class='ocrx_word' id='word_1_451' title='bbox 1430 2305 1546 2339; x_wconf 83' lang='lat' dir='ltr'>autem,</span> <span class='ocrx_word' id='word_1_452' title='bbox 1563 2300 1643 2334; x_wconf 89' lang='lat' dir='ltr'>sicut</span> <span class='ocrx_word' id='word_1_453' title='bbox 1659 2300 1766 2333; x_wconf 86' lang='lat' dir='ltr'>eadem</span> <span class='ocrx_word' id='word_1_454' title='bbox 1784 2300 1936 2345; x_wconf 79' lang='lat' dir='ltr'>expositio</span> 
     </span>
     <span class='ocr_line' id='line_1_91' title="bbox 1199 2353 1990 2397; baseline 0.001 -12"><span class='ocrx_word' id='word_1_455' title='bbox 1199 2353 1428 2396; x_wconf 81' lang='lat' dir='ltr'>subiungebat,</span> <span class='ocrx_word' id='word_1_456' title='bbox 1456 2353 1529 2386; x_wconf 89' lang='lat' dir='ltr'>dicti</span> <span class='ocrx_word' id='word_1_457' title='bbox 1562 2358 1752 2397; x_wconf 82' lang='lat' dir='ltr'>exponentes</span> <span class='ocrx_word' id='word_1_458' title='bbox 1775 2353 1935 2386; x_wconf 89' lang='lat' dir='ltr'>decretum</span> <span class='ocrx_word' id='word_1_459' title='bbox 1953 2357 1990 2377; x_wconf 60' lang='lat' dir='ltr'>uo,</span> 
     </span>
     <span class='ocr_line' id='line_1_92' title="bbox 1200 2405 1938 2450; baseline -0.001 -11"><span class='ocrx_word' id='word_1_460' title='bbox 1200 2407 1429 2449; x_wconf 86' lang='lat' dir='ltr'>praeinsertum</span> <span class='ocrx_word' id='word_1_461' title='bbox 1454 2407 1644 2450; x_wconf 87' lang='lat' dir='ltr'>apostolicae</span> <span class='ocrx_word' id='word_1_462' title='bbox 1673 2411 1799 2439; x_wconf 85' lang='lat' dir='ltr'>nostrae</span> <span class='ocrx_word' id='word_1_463' title='bbox 1823 2405 1938 2438; x_wconf 80' lang='lat' dir='ltr'>contir-</span> 
     </span>
     <span class='ocr_line' id='line_1_93' title="bbox 1202 2460 1938 2502; baseline -0.001 -10"><span class='ocrx_word' id='word_1_464' title='bbox 1202 2460 1347 2493; x_wconf 88' lang='lat' dir='ltr'>mationis</span> <span class='ocrx_word' id='word_1_465' title='bbox 1378 2460 1494 2493; x_wconf 87' lang='lat' dir='ltr'>robore</span> <span class='ocrx_word' id='word_1_466' title='bbox 1522 2460 1710 2493; x_wconf 83' lang='lat' dir='ltr'>communiri</span> <span class='ocrx_word' id='word_1_467' title='bbox 1736 2469 1938 2502; x_wconf 88' lang='lat' dir='ltr'>summopere</span> 
     </span>
     <span class='ocr_line' id='line_1_94' title="bbox 1200 2513 1396 2547; baseline -0.005 -1"><span class='ocrx_word' id='word_1_468' title='bbox 1200 2513 1396 2547; x_wconf 84' lang='lat' dir='ltr'>desiderent:</span> 
     </span>
    </p>
   </div>
   <div class='ocr_carea' id='block_1_19' title="bbox 1238 2627 1747 2664">
    <p class='ocr_par' dir='ltr' id='par_1_27' title="bbox 1238 2627 1747 2664">
     <span class='ocr_line' id='line_1_95' title="bbox 1238 2627 1747 2664; baseline 0 -10"><span class='ocrx_word' id='word_1_469' title='bbox 1238 2630 1248 2654; x_wconf 78' lang='lat' dir='ltr'>l</span> <span class='ocrx_word' id='word_1_470' title='bbox 1267 2628 1364 2663; x_wconf 82' lang='lat' dir='ltr'>Aptius</span> <span class='ocrx_word' id='word_1_471' title='bbox 1378 2627 1493 2664; x_wconf 79' lang='lat' dir='ltr'>legerem</span> <span class='ocrx_word' id='word_1_472' title='bbox 1510 2628 1630 2663; x_wconf 81' lang='lat' dir='ltr'>definiri</span> <span class='ocrx_word' id='word_1_473' title='bbox 1644 2629 1681 2663; x_wconf 77' lang='lat' dir='ltr'>(a.</span> <span class='ocrx_word' id='word_1_474' title='bbox 1696 2629 1747 2663; x_wconf 82' lang='grc' dir='ltr'>τ.).</span> 
     </span>
    </p>
   </div>
   <div class='ocr_carea' id='block_1_20' title="bbox 1952 2302 2136 2350">
    <p class='ocr_par' dir='ltr' id='par_1_28' title="bbox 1952 2302 2136 2350">
     <span class='ocr_line' id='line_1_96' title="bbox 1979 2302 2136 2323; baseline 0 0"><span class='ocrx_word' id='word_1_475' title='bbox 1979 2302 2059 2323; x_wconf 80' lang='lat' dir='ltr'>Petitur</span> <span class='ocrx_word' id='word_1_476' title='bbox 2083 2302 2136 2323; x_wconf 74' lang='lat' dir='ltr'>onii·</span> 
     </span>
     <span class='ocr_line' id='line_1_97' title="bbox 1952 2330 2136 2350; baseline -0.005 0"><span class='ocrx_word' id='word_1_477' title='bbox 1952 2330 2000 2350; x_wconf 66' lang='lat' dir='ltr'>fivia</span> <span class='ocrx_word' id='word_1_478' title='bbox 2025 2335 2065 2350; x_wconf 83' lang='lat' dir='ltr'>eon</span> <span class='ocrx_word' id='word_1_479' title='bbox 2082 2334 2136 2350; x_wconf 78' lang='lat' dir='ltr'>rma-</span> 
     </span>
    </p>
   </div>
   <div class='ocr_carea' id='block_1_21' title="bbox 2218 0 2248 1246">
    <p class='ocr_par' dir='ltr' id='par_1_29' title="bbox 2218 0 2248 1246">
     <span class='ocr_line' id='line_1_98' title="bbox 2218 0 2248 1246; baseline 0 0"><span class='ocrx_word' id='word_1_480' title='bbox 2218 0 2248 1246; x_wconf 95' lang='lat' dir='ltr'> </span> 
     </span>
    </p>
   </div>
  </div>
 </body>
</html>
