2226 3235
98 227 147 255 An.
164 228 193 255 C.
213 228 279 256 1629

121 1036 277 1058 contrafacien-

94 1066 125 1093 tes
145 1063 173 1084 ad
194 1064 278 1093 restitu7

93 1092 172 1111 tionem
211 1092 278 1112 teneri

69 1125 76 1134 ι
94 1118 146 1138 vult.

123 1890 200 1920 Elapso
210 1892 280 1920 autern

96 1923 197 1938 sexennio
218 1920 281 1938 vecti-

97 1944 130 1970 ga}
145 1945 201 1970 exigi
217 1946 280 1966 vetat.

909 227 1050 253 URBANUS
1075 229 1129 253 VIII
1155 230 1201 253 Pr.

291 285 364 310 vero
387 274 540 320 praedicti
563 276 712 319 pecunias
730 285 766 309 cx
792 276 882 310 dictis
899 278 1031 320 gabellis

289 329 518 374 provenientes
533 329 602 371 sibi,
619 334 653 362 ut
666 330 853 373 praefertur,
868 341 1033 364 numeran-

289 384 364 423 das,
389 383 513 416 nonnisi
546 383 577 415 in
609 394 685 416 usus
714 383 790 417 istos
814 389 840 417 ct
868 395 930 418 non
955 385 1032 417 alios

289 436 464 479 erogando,
491 437 548 469 suh
574 437 909 471 excommunicationis
934 439 1032 471 maio-

292 491 334 523 ris
359 500 395 523 ac
419 489 605 534 privationis
632 489 829 533 dignitatum,
855 492 1032 524 olticioruin

290 549 321 576 ct
347 543 577 577 beneficiorum
607 544 700 577 etiam
725 545 1010 579 ecclesiasticorum
1026 571 1033 585 ,

292 597 359 640 ipso
383 597 465 629 sacto
490 596 688 630 incurrendis
713 598 843 641 poenis¹
866 598 896 639 (a
920 597 1034 641 quibus

291 649 414 682 nonnisi
431 659 447 681 a
464 649 564 691 nobis,
580 660 635 682 scu
653 650 792 683 Romano
808 650 957 683 l‘ontitiee
975 661 1034 694 pro

292 708 433 746 tempore
458 702 618 743 existente,
639 703 833 747 specialiter,
851 713 913 736 non
930 708 1034 736 autem

292 756 401 798 vigore
425 756 602 798 cruciatae,
629 767 683 790 scu
712 757 878 790 cuiuslibet
905 757 1035 790 alterius

291 809 514 850 concessionis,
531 814 584 842 aut
600 810 756 853 privilegii
775 810 812 842 ab
829 810 939 843 eadem
956 810 1035 843 Sede

291 872 349 906 pro
366 868 510 906 tempore
527 863 660 896 emanati
677 868 707 896 et
725 862 900 903 cmanandi‚
916 863 1035 896 absolvi

292 926 383 959 posse
407 915 628 959 declaramus),
660 916 786 949 solitum
814 920 974 960 praestent
1004 916 1035 949 in

292 968 437 1001 inanibus
461 968 522 1001 tuis
546 968 768 1001 iuramentum.

337 1022 352 1065 ἓ
377 1021 406 1055 6.
432 1021 563 1065 Insuper
583 1022 677 1055 etiam
693 1022 849 1063 volumus,
867 1022 953 1066 quod
971 1022 1036 1066 qui-

293 1085 430 1118 cumque
458 1075 510 1108 atii
541 1074 678 1108 ministri
710 1079 740 1108 et
770 1075 919 1109 officiales
944 1076 1034 1119 regii,

293 1128 520 1172 cuiuscumque
533 1128 730 1169 conditionis,
744 1129 912 1172 qualitatis,
927 1133 1034 1171 status,

293 1186 323 1214 et
340 1182 618 1226 praeeminentiae,
633 1182 825 1226 specialique
841 1184 915 1215 nota
932 1182 1035 1226 dign?

293 1235 365 1276 sint,
383 1235 508 1269 easdem
528 1235 677 1279 pecunias
699 1236 732 1268 in
751 1240 816 1269 toto
834 1237 882 1269 vel
899 1236 929 1269 in
947 1243 1035 1280 parte

293 1289 325 1322 in
344 1289 422 1323 alios
442 1299 537 1332 quam
557 1289 734 1333 praedictos
751 1300 826 1323 usus
842 1290 900 1323 sub
918 1290 1035 1323 eisdem

294 1342 436 1376 censuris
462 1347 492 1375 et
517 1343 627 1387 poenis
654 1343 724 1387 ipso
741 1344 821 1376 sacto
838 1343 1036 1377 incurrendis

294 1400 478 1429 convertere
494 1405 558 1429 non
574 1396 704 1439 possint,
718 1396 874 1440 quodque,
894 1397 925 1429 in
943 1407 1036 1430 even-

295 1455 362 1483 tum
394 1450 659 1483 contraventionis
695 1460 750 1483 seu
784 1450 1036 1484 inobservantiae

295 1503 437 1537 omnium
458 1509 487 1537 et
507 1504 706 1547 singulorum
723 1503 971 1548 praemissorum
988 1505 1037 1537 vel

295 1557 461 1590 cuiuslibet
473 1567 595 1598 eorum,
609 1567 759 1601 praesens
773 1557 874 1599 gratia
888 1558 974 1590 nulla
988 1558 1036 1597 sit,

293 1615 388 1654 prout
410 1610 497 1643 illam
522 1620 558 1643 ex
581 1620 665 1643 nunc
689 1615 799 1644 tenore
823 1611 1037 1654 praesentium

293 1664 412 1697 nullam
428 1663 525 1697 fuisse
549 1668 580 1697 et
603 1674 680 1705 esse,
702 1664 1037 1708 contravenientesque

293 1716 333 1749 ad
359 1716 591 1750 restitutionem
615 1716 725 1757 teneri,
751 1721 781 1749 et
808 1717 932 1749 nonnisi
956 1718 1037 1750 facta

294 1770 408 1804 actuali
424 1769 623 1803 restitutione
641 1770 762 1804 absolvi
778 1780 881 1814 posse,
896 1770 1037 1804 declara-

295 1834 366 1857 mus
375 1823 395 1856 ⁸.

340 1878 355 1921 ἓ
380 1877 408 1910 7.
429 1877 579 1911 Similiter
596 1877 802 1920 declaramus,
820 1888 856 1911 ac
873 1878 967 1911 ctiam
987 1878 1038 1911 de-

296 1931 465 1974 cernimus,
479 1932 564 1976 quod
574 1932 725 1965 sexennio
734 1932 916 1965 huiusmodi
931 1933 1037 1976 elapso

296 1990 326 2018 et
342 1985 468 2018 interim
481 1985 546 2018 siet
554 1989 723 2029 postquam
741 1985 901 2029 praedicta
915 1996 1038 2019 summa

295 2038 602 2083 quadringentorum
621 2038 755 2071 millium
776 2039 988 2072 cruciatorum
1008 2040 1038 2071 in

296 2092 483 2134 civitatibus,
501 2092 624 2136 oppidis
638 2097 668 2125 et
680 2092 757 2125 locis
770 2093 939 2136 praedictis
954 2103 1039 2136 prae-

296 2145 452 2179 dictorum
469 2156 653 2189 regnorum,
668 2148 798 2189 excepta
816 2146 939 2180 civitate
954 2147 1040 2190 [lys-

296 2199 455 2243 siponensi
479 2199 671 2241 huiusmodi,
696 2199 839 2241 decursa,
865 2200 967 2233 soluta
984 2210 1038 2233 seu

297 2257 404 2287 exacta
427 2253 531 2294 suerit,
555 2264 705 2297 praesens
729 2255 830 2297 gratia
854 2255 976 2298 expiret
1002 2265 1038 2287 eo

296 2308 375 2351 ipso,
394 2317 462 2348 nee,
483 2307 541 2340 sub
566 2307 683 2340 eisdem
709 2308 850 2341 censuris
874 2313 905 2341 et
928 2308 1038 2352 poenis

296 2362 365 2406 ipso
382 2362 463 2395 sacto
483 2362 690 2403 incurrendis,
709 2362 832 2405 gabella
852 2373 907 2396 seu
935 2363 1039 2406 gabel-

331 2460 343 2486 1
365 2459 437 2487 Edit.
457 2459 537 2487 Main.
563 2459 645 2488 hahet
668 2460 816 2489 incurren.
841 2468 890 2489 nos
914 2461 1038 2499 addimus

290 2504 392 2539 poenis
405 2508 445 2538 (n.
463 2504 510 2539 T.).

309 2569 315 2574 .
330 2549 346 2576 Ξ
359 2549 488 2584 Legerem
499 2549 604 2584 dignae
615 2553 662 2577 aut
672 2549 839 2585 aliquorum,
851 2558 948 2586 nempe
959 2559 1037 2587 prae-

296 2594 474 2621 eminentiae
489 2596 516 2621 εἰ
531 2597 622 2621 status
636 2594 674 2629 (n.
691 2595 740 2629 Τ.).

332 2637 348 2667 3
363 2637 461 2666 Vocem
477 2639 657 2667 declaramus
671 2647 720 2668 nos
733 2638 856 2668 addimus
871 2642 908 2675 (a.
924 2639 972 2674 T.).

1064 279 1111 311 lae
1137 278 1316 322 praedictae
1339 279 1472 313 ulterius
1489 279 1581 323 exigi,
1602 280 1744 313 minusve
1761 291 1808 313 su-

1065 342 1122 375 per
1149 332 1193 364 cis
1221 332 1347 376 aliquod
1383 344 1479 374 onus,
1510 334 1694 377 praesertim
1727 334 1807 366 ultra

1067 385 1263 429 praedictum
1296 392 1420 431 tempus
1448 388 1656 428 duraturinn,
1689 387 1807 431 imponi

1067 451 1205 483 unquam
1224 442 1330 484 possit.

1112 495 1126 536 ξ
1152 493 1181 526 8.
1208 495 1416 528 Decerncntes
1444 496 1487 528 sic
1517 500 1547 530 ct
1575 506 1638 529 non
1663 495 1753 528 aliter
1777 495 1807 528 in

1068 546 1251 590 praemissis
1275 548 1421 579 omnibus
1438 552 1467 581 et
1487 549 1617 590 singulis
1637 559 1693 592 per
1714 559 1808 591 quos-

1069 610 1203 642 cumque
1234 599 1353 632 iudices
1383 601 1560 634 ordinarios
1585 607 1614 633 et
1639 601 1809 643 delegatos.

1069 652 1161 684 etiam
1187 663 1353 685 causarum
1379 654 1484 696 palatii
1511 654 1673 697 apostolici
1691 654 1811 688 audito-

1069 715 1128 747 res,
1147 716 1183 738 ac
1203 711 1327 738 sanctae
1351 707 1509 739 Romanae
1534 707 1689 739 Ecclesiae
1707 708 1809 740 cardi-

1068 759 1164 799 nales,
1186 759 1278 792 etiam
1299 758 1337 791 de
1362 760 1459 792 latere
1484 761 1602 802 legatos
1627 764 1656 794 et
1678 761 1810 794 nuncios

1069 811 1178 855 quavis
1201 812 1386 845 auctoritate
1410 813 1594 855 fungentes,
1620 814 1741 846 sublata
1767 814 1810 846 eis

1069 870 1099 897 et
1123 876 1233 899 corum
1259 866 1387 898 cuilibet
1411 866 1520 909 quavis
1544 867 1633 899 aliter
1654 867 1809 900 iudicandi

1069 923 1099 952 et.
1124 919 1350 963 interpretandi
1376 920 1520 953 facultate
1547 925 1577 952 ct
1605 920 1810 959 auctoritate,

1070 972 1202 1005 iudicari
1222 983 1257 1005 ac
1277 973 1402 1005 deliniri
1427 973 1553 1014 debere,
1573 984 1609 1006 ac
1633 973 1758 1005 irritum
1783 977 1813 1007 et

1070 1026 1171 1068 inane,
1190 1026 1215 1059 si
1233 1037 1324 1059 secus
1341 1037 1436 1070 super
1450 1026 1499 1059 liis
1517 1037 1534 1059 a
1551 1036 1721 1069 quoquam,
1739 1037 1813 1069 qua-

1070 1080 1115 1113 vis
1143 1080 1347 1121 auctoritate,
1379 1081 1514 1113 scienter
1543 1081 1591 1113 vcl
1620 1080 1812 1123 ignoranter,

1069 1134 1238 1176 contigerit
1261 1134 1416 1168 attentari.
1473 1173 1475 1175 Ι

1115 1188 1129 1231 ᾗ
1159 1187 1187 1220 9.
1220 1189 1288 1222 Non
1320 1188 1516 1221 obstantibus
1553 1187 1700 1220 omnibus
1730 1187 1812 1223 illis.

1069 1241 1198 1285 quaein
1222 1241 1313 1274 dictis
1338 1241 1449 1274 litteris
1474 1241 1630 1274 voluimus
1658 1251 1721 1273 non
1749 1241 1809 1274 ob—

1070 1301 1162 1335 stare,
1179 1296 1355 1338 ceterisque
1368 1294 1535 1328 contrariis
1549 1295 1811 1338 quibuscumque.

1107 1349 1219 1381 Datum
1233 1350 1360 1388 Romae,
1373 1348 1456 1392 apud
1470 1348 1498 1380 S.
1512 1348 1641 1381 Mariam
1653 1349 1813 1388 Maiorem,

1070 1402 1127 1435 sub
1155 1402 1270 1435 annulo
1295 1402 1473 1441 piscatoris,
1494 1401 1542 1433 die
1569 1412 1612 1434 xii
1637 1401 1813 1434 decembris

1070 1466 1220 1497 MDCXXIX,
1245 1456 1447 1499 pontificatus
1471 1455 1571 1488 nostri
1596 1466 1677 1488 anno
1703 1465 1756 1488 vu.

1105 1519 1163 1547 Dat.
1179 1519 1224 1546 die
1239 1519 1255 1546 2
1271 1519 1427 1547 decembris
1444 1519 1521 1553 1629,
1539 1518 1634 1554 pontif.
1652 1527 1722 1547 anno
1739 1518 1785 1546 vii,

1369 1652 1484 1686 CCCLV
1490 1653 1509 1684 l.

1137 1735 1262 1768 Erectio
1287 1735 1406 1767 montis
1433 1734 1590 1767 vocabilis
1615 1734 1746 1768 subsidii

1335 1789 1519 1832 nuncupati
1530 1788 1547 1820 ¹.

1276 1869 1410 1896 Urbanus
1432 1869 1510 1903 Papa
1530 1869 1609 1903 VIII,

1215 1914 1250 1941 ad
1272 1914 1405 1941 futuram
1425 1914 1469 1941 rei
1491 1914 1669 1942 memoriam.

1715 222 1777 255 v119
1825 232 1871 258 An.
1890 231 1917 258 c.
1938 231 2003 259 iseo

1850 505 1961 525 (ttiusrutrm

1874 1197 2010 1217 [instantii—us

1806 1224 1809 1227 ‘
1828 1224 1923 1249 detegat.

1116 1986 1131 2028 g
1157 1985 1184 2018 l.
1211 1986 1427 2029 [inpensarum
1453 1986 1563 2026 moles,
1588 1996 1665 2029 quas
1690 1986 1738 2019 liis
1762 1986 1813 2019 du-
1856 1998 1923 2018 cnm
1951 1998 2013 2018 huius

1072 2039 1205 2071 rissimis
1237 2044 1267 2071 et
1299 2039 1491 2072 difficillimis
1530 2040 1724 2083 temporibus
1755 2051 1813 2084 pro

1072 2092 1251 2126 defensione
1276 2098 1306 2125 et
1331 2093 1567 2126 conservatione
1585 2094 1688 2127 Status
1714 2095 1813 2127 nostri

1072 2146 1283 2178 Ecclesiastici
1303 2146 1405 2178 facere
1424 2147 1578 2189 cogimur,
1595 2157 1652 2180 nos
1671 2147 1813 2191 impellit,

1072 2205 1104 2231 ut
1129 2199 1305 2243 pecuniam,
1331 2200 1539 2243 undequaque
1564 2200 1673 2233 haberi
1702 2206 1813 2244 potest,

1072 2264 1129 2297 pro
1154 2253 1391 2287 imminentilnis
1422 2254 1510 2287 Sedis
1534 2259 1564 2287 et
1589 2265 1731 2287 camerae
1756 2265 1812 2287 no—

1108 2370 1119 2395 1
1138 2368 1274 2396 Materiam
1291 2368 1405 2396 subsidii
1421 2369 1474 2396 late
1486 2369 1577 2396 videre
1593 2368 1694 2404 poteris
1708 2369 1733 2396 in
1746 2369 1813 2397 Cou-

1071 2413 1125 2440 stit.
1141 2420 1206 2440 xcix
1222 2413 1296 2440 Pauli
1313 2413 1358 2446 111,
1375 2415 1492 2448 Decens,
1515 2417 1577 2441 torn-
1603 2422 1638 2446 vi,
1662 2422 1722 2449 pag.
1743 2414 1812 2447 3653

1071 2459 1133 2485 item
1149 2459 1176 2485 in
1193 2459 1285 2486 Const.
1303 2466 1366 2485 xxix
1384 2459 1456 2485 Pauli
1472 2460 1516 2493 lv,
1535 2459 1695 2493 Cupientes,
1712 2459 1812 2486 ibidem

1072 2512 1131 2540 pag.
1148 2503 1198 2531 557
1215 2507 1241 2530 et
1255 2503 1333 2530 Pauli
1348 2504 1379 2537 V,
1396 2504 1647 2535 tlonstit.xx111‚J›z
1663 2505 1811 2538 mammis,

1071 2553 1135 2576 tom.
1152 2555 1188 2582 XI,
1205 2557 1266 2583 pag.
1279 2548 1341 2576 ⁶256.
1358 2548 1566 2575 Revocationem
1584 2557 1646 2575 vero
1661 2548 1812 2584 exemptio-

1070 2602 1135 2620 num
1152 2602 1167 2619 a
1181 2593 1314 2620 solutione
1331 2593 1444 2619 subsidii
1460 2592 1598 2620 triennalis
1616 2593 1674 2620 vide
1693 2594 1719 2620 in
1740 2594 1812 2620 Con-

1070 2639 1124 2666 stit.
1138 2646 1163 2666 vr
1177 2638 1242 2666 Sixti
1256 2638 1379 2674 V,.I›zler
1393 2639 1502 2673 varias,
1520 2642 1656 2674 t01n.vi11,
1672 2646 1735 2675 pag.
1748 2640 1810 2668 578.

1830 2024 1997 2046 Ctmsututiouis.
