2248 3229
44 200 94 229 An.
115 201 146 228 G.
163 199 231 229 1636

63 363 92 383 lta
103 361 190 382 iudicari
200 361 227 382 ab

10 388 13 391 ⁴
43 389 140 410 oinnxbus
171 394 228 408 inan-

43 417 86 436 dat.

120 842 233 867 centrariis

50 868 143 895 derogat.

101 2345 246 2371 'transumptis

60 2371 123 2392 fidem
133 2371 179 2392 dari
188 2377 248 2398 prae·

61 2400 119 2426 cipit.

851 199 992 224 L'RBANUS
1016 200 1073 224 vm
1097 200 1144 224 Pr.

241 247 397 292 generalis
414 247 549 280 ministri
567 253 596 280 ct
620 247 752 282 fratrum
779 248 985 282 Discalceato-

242 312 313 336 rum
338 300 519 334 huiusmodi
535 301 777 345 Congregationi
795 301 985 346 suffragari;

287 356 302 399 ἓ
326 354 356 388 4.
374 354 486 399 Sicque
504 360 533 387 et
557 364 620 387 non
640 355 716 388 alias
740 365 796 399 per
821 365 987 399 quoscum-

244 419 305 453 que
330 407 459 450 iudices,
480 408 573 441 etiam
599 418 766 442 causarum
793 409 898 453 palatii
917 419 987 452 apo-

245 462 346 495 stolici
371 462 540 503 auditores,
558 472 594 495 ac
611 461 750 495 eiusdem
769 462 797 495 S.
816 462 849 495 R.
868 462 901 494 E.
919 472 987 494 car-

245 515 374 556 dinales,
388 515 482 549 etiam
496 515 534 548 de
547 515 644 548 latere
654 516 784 558 legatos,
801 515 989 558 vicelegatos

245 580 281 603 ac
305 569 393 603 Sedis
417 569 616 613 Apostolicae
642 562 820 613 praedictae
845 568 988 608 nuntios,

247 622 377 655 iudicari
403 628 432 655 et
455 621 579 655 definiri
604 622 739 661 debere3
766 622 888 656 irritum
912 631 990 665 quo-

247 686 307 720 que
332 681 362 709 et
391 676 483 708 inane
515 675 666 720 quicquid
702 686 792 709 secus
822 685 918 719 super
942 673 990 707 his

247 740 264 762 a
289 739 459 773 quoquam,
485 729 594 773 quavis
623 729 830 770 auctoritate,
856 727 990 761 scienter

249 783 295 816 vel
311 783 505 826 ignoranter,
523 782 691 826 contigerit
707 781 861 816 attentari.

293 837 308 880 ἓ
342 836 370 871 5.
401 837 469 871 Non
499 836 697 871 obstantibus
729 835 930 880 praemissis,
956 845 991 867 ac

249 891 411 935 quibusvis
442 890 631 935 apostolicis,
655 894 685 924 et
713 890 743 922 in
768 889 989 934 synodalibus,

250 944 559 988 provincialibusque
578 949 609 977 et
631 943 861 976 universalibus
886 942 989 976 conci-

250 997 299 1031 liis
313 998 414 1039 editis,
432 997 621 1042 specialibus
638 997 685 1029 vel
703 996 904 1039 generalibus
920 1006 990 1029 con-

250 1051 465 1085 stitutionibus
498 1055 528 1084 et
562 1049 832 1089 ordinationibus,
868 1059 991 1082 necnon

250 1104 444 1147 regularium
462 1104 642 1143 domorum,
659 1103 803 1136 locorum
820 1108 851 1136 et
866 1102 991 1136 Ordinis

250 1158 443 1199 huiusmodi,
460 1157 554 1192 etiam
577 1157 764 1199 iuramento,
782 1156 993 1190 confirmatio-

251 1223 289 1246 ne
318 1212 505 1257 apostolica,
529 1212 579 1245 vel
611 1211 721 1256 quavis
751 1211 900 1244 firmitate
932 1211 992 1244 alia

250 1266 417 1307 roboratis,
435 1265 558 1299 statutis
578 1270 608 1298 et
622 1264 913 1305 consuetudinibus,
933 1264 993 1308 pri

252 1319 372 1363 vilegiis
396 1330 533 1364 quoque,
558 1318 686 1352 indultis
710 1323 741 1352 et
764 1318 875 1351 litteris
899 1328 992 1362 apos-

252 1373 354 1406 tolicis
378 1373 586 1417 primodictae
609 1372 870 1415 Congregationi,
895 1371 993 1404 illius-

252 1437 313 1470 que
337 1426 554 1470 superioribus
586 1431 617 1459 et
640 1426 794 1470 personis,
822 1425 853 1458 in
878 1435 993 1468 genere

253 1485 303 1513 vet
316 1480 348 1512 in
367 1480 483 1524 specie,
503 1489 539 1512 ac
559 1479 644 1519 alias,
665 1479 723 1512 sub
739 1479 993 1522 quibuscumque

254 1533 416 1567 tenoribus
449 1538 480 1566 et
509 1533 639 1575 formis,
664 1543 700 1566 ac
729 1543 801 1566 cuni
833 1532 994 1576 quibusvis

254 1587 402 1620 clausulis
419 1591 449 1620 et
462 1586 606 1627 decretis,
624 1586 718 1619 etiam
732 1586 851 1619 iteratis
863 1586 992 1627 vicibus7

254 1640 492 1685 quomodolibet
509 1640 676 1680 concessis,
696 1639 879 1684 approbatis
900 1643 929 1674 et
948 1639 995 1672 in-

254 1695 375 1728 novatis
384 1706 391 1735 3
417 1693 531 1738 quibus
555 1693 712 1734 omnibus,
733 1693 856 1726 etiamsi
879 1703 939 1737 pro
963 1693 996 1725 il-

255 1748 359 1781 lorum
377 1746 542 1780 sufficienti
559 1746 764 1790 derogatione
780 1745 856 1779 alias
880 1746 918 1779 de
934 1745 995 1778 illis

257 1810 432 1845 eorumque
456 1800 529 1834 totis
553 1800 718 1834 tenoribus
743 1799 899 1844 specialis⁷
925 1810 994 1843 spe-

257 1855 355 1897 cifica,
381 1864 528 1898 expressa
548 1858 579 1886 et
602 1853 771 1894 individua,
789 1863 825 1886 ac
844 1853 883 1886 de
899 1852 996 1886 verbo

257 1907 295 1940 ad
319 1907 461 1950 verbum,
478 1917 543 1941 non
566 1911 670 1940 autem
690 1917 746 1950 per
771 1906 925 1940 clausulas
946 1916 997 1949 ge-

256 1961 380 1994 nerales
415 1960 499 1994 idem
533 1961 758 2004 importantes‚
788 1959 906 1993 mentio
942 1970 998 1993 seu

257 2015 385 2059 quaevis
401 2014 461 2048 alia
481 2014 640 2059 expressio
655 2013 798 2047 habenda
820 2019 873 2046 aut
896 2013 998 2057 aliqua

258 2069 319 2102 alia
334 2068 489 2112 exquisita
500 2068 603 2102 forma
615 2067 653 2101 ad
670 2068 729 2101 hoc
743 2067 896 2100 servanda
908 2067 998 2108 soret,

259 2123 320 2156 illis
336 2122 412 2155 alias
431 2122 463 2155 in
480 2133 536 2156 suo
554 2122 670 2156 robore
695 2122 923 2166 permansuris,
940 2121 999 2154 hac

260 2177 328 2210 vice
351 2176 514 2210 dumtaxat
530 2175 707 2220 specialiter
731 2180 762 2209 et
785 2185 932 2220 expresse
949 2175 1000 2208 ha-

260 2241 331 2264 rum
356 2229 438 2263 serie
459 2228 663 2272 derogamus;
685 2229 861 2273 ceterisque
878 2234 999 2262 contra—

261 2284 316 2317 riis
328 2283 589 2328 quibuscumque.

306 2338 373 2382 §fi
399 2337 549 2371 Volumus
581 2341 707 2380 autem,
740 2336 824 2381 quod
860 2336 1000 2380 ipsarum

261 2391 474 2437 praesentium
499 2391 672 2435 exemplis,
697 2400 752 2424 seu
775 2390 1000 2434 transumptis,

262 2447 356 2480 etiarn
383 2445 555 2491 impressis,
574 2450 605 2479 et
632 2445 764 2479 alicuius
793 2454 946 2489 personae
970 2444 1002 2477 in

263 2499 413 2544 dignitate
437 2499 647 2533 ecclesiastica
678 2498 865 2532 constitutae
899 2498 1002 2541 sigillo

263 2559 294 2587 et
315 2553 429 2587 notarii
442 2552 562 2597 publici
582 2562 677 2585 manu
695 2551 876 2595 obsignatis,
893 2556 1002 2592 stetur,

264 2605 436 2651 eademque
447 2617 580 2651 prorsus
595 2605 673 2640 fides
689 2606 721 2640 in
738 2605 854 2640 iudicio
871 2610 901 2639 et
916 2610 1003 2639 extra

1667 188 1727 222 391

1021 248 1217 289 adhibeatur,
1235 258 1314 292 quae
1335 246 1452 280 eisdem
1477 245 1698 290 praesentibus
1714 245 1763 279 ad-

1021 301 1194 342 biberetur,
1208 301 1233 334 si
1246 302 1348 335 forent
1365 300 1520 334 exhibitae
1546 300 1594 332 vel
1611 304 1761 333 ostensae.

1065 355 1080 397 ξ
1106 355 1134 387 7.
1159 355 1242 387 Nulli
1275 365 1351 398 ergo
1380 353 1508 387 omnino
1533 352 1696 386 hominum
1720 352 1759 384 li-

1021 411 1087 442 ccat
1112 408 1191 440 lianc
1216 408 1362 451 paginam
1388 412 1513 440 nostrae
1537 405 1763 446 absolutionis,
1779 403 1794 442 ’.ἦ

1022 460 1244 501 concessionis,
1271 460 1393 501 indulti,
1419 459 1555 500 decreti,
1579 458 1760 502 derogatio-

1022 514 1069 547 nis
1090 519 1119 547 et
1146 514 1314 547 voluntatis
1339 513 1512 556 infringere
1527 540 1534 554 ,
1560 514 1608 545 vel
1639 513 1666 545 ei
1687 522 1764 545 ausu

1024 567 1193 601 temerario
1221 567 1387 600 contraire.
1414 567 1444 600 Si
1473 567 1542 609 quis
1574 570 1679 599 autem
1703 565 1764 599 hoc

1023 626 1175 653 attentare
1209 619 1482 664 praesumpserit,
1517 619 1764 663 indignationem

1024 673 1249 718 omnipotentis
1278 674 1332 706 Dei
1364 684 1400 706 ac
1433 673 1598 706 beatorum
1629 672 1711 705 Petri
1736 679 1766 705 et

1024 728 1111 760 Pauli
1136 727 1351 772 apostolorum
1373 727 1438 760 eius
1464 737 1495 760 se
1520 727 1639 760 noverit
1666 726 1766 760 incur<

1025 792 1144 815 surum.

1069 836 1180 868 Datum
1205 836 1332 878 Romae,
1358 835 1442 880 apud
1462 835 1491 869 S.
1512 835 1639 869 Petrum
1653 862 1660 876 ,
1685 844 1767 868 anno

1024 889 1253 923 Incarnationis
1278 889 1460 923 Dominicae
1481 899 1654 930 nincxxxw,
1680 898 1699 921 v
1716 887 1767 921 ka-

1026 943 1135 977 lendas
1151 943 1271 987 aprilis,
1289 943 1493 986 pontificatus
1514 943 1615 976 nostri
1628 952 1711 976 anno
1724 951 1766 975 x1.

1061 1007 1120 1034 Dat.
1137 1007 1181 1034 die
1197 1007 1231 1034 2⁴2
1246 1006 1336 1034 martii
1358 1006 1437 1040 1632,
1454 1007 1550 1041 pontif.
1568 1014 1637 1033 anno
1653 1013 1689 1033 λι.

1311 1158 1499 1192 CDLxxxv.

1028 1240 1219 1284 Proroqatz'o
1238 1239 1377 1272 tubilaei
1396 1239 1593 1272 universatis
1619 1239 1660 1271 ast
1683 1237 1770 1271 alias

1071 1294 1151 1326 duas
1180 1292 1404 1327 hebdomadas.

1237 1375 1372 1402 Urbanus
1392 1374 1472 1408 Papa
1491 1373 1569 1407 vlu,

1029 1428 1184 1456 Universis
1205 1427 1455 1455 christifidelibus
1485 1429 1662 1460 praesentes
1690 1425 1774 1454 litte-

1063 1480 1112 1500 ras
1133 1471 1337 1506 inspecturis,
1360 1472 1490 1498 salutem
1520 1473 1551 1498 et
1576 1471 1771 1505 apostolicam

1062 1516 1312 1544 benedictionem.

1072 1589 1086 1632 ξ
1116 1588 1140 1621 1.
1166 1587 1319 1621 pastorali
1349 1587 1517 1628 charitate,
1549 1597 1611 1631 qua
1643 1597 1771 1631 gregem

1028 1642 1223 1675 dominicum
1249 1652 1343 1674 curae
1366 1645 1494 1674 nostrae
1519 1640 1668 1674 divinitus
1692 1652 1774 1674 com-

1029 1696 1160 1729 missum
1185 1695 1418 1739 prosequimur,
1444 1695 1576 1739 eiusque
1599 1705 1730 1739 precum
1745 1702 1775 1729 et

1028 1750 1155 1794 piorum
1181 1760 1314 1792 operum
1339 1748 1454 1781 fiducia
1472 1747 1608 1790 adducti,
1634 1747 1672 1780 ad
1697 1748 1774 1781 divi-

1031 1813 1105 1836 nam
1131 1813 1222 1847 opem
1240 1813 1298 1846 pro
1312 1802 1532 1846 praesentibus
1548 1802 1707 1835 Ecclesiae
1723 1813 1775 1835 ne<

1031 1856 1237 1898 cessitatibus,
1249 1856 1436 1900 praesertim
1447 1855 1478 1888 in
1493 1855 1661 1890 Germania
1672 1855 1775 1899 vigen-

1030 1911 1123 1952 tibus,
1142 1909 1385 1954 implorandam,
1408 1920 1464 1953 per
1484 1915 1608 1942 nostras
1632 1909 1664 1942 in
1682 1909 1774 1942 simili

1031 1965 1133 1998 forma
1158 1963 1264 1997 Brevis
1281 1963 1338 1996 sub
1359 1963 1408 1996 die
1424 1972 1502 1996 xxm
1516 1963 1619 1996 martii
1632 1963 1776 2007 proxime

1032 2017 1194 2061 praeteriti
1219 2016 1378 2060 expeditas
1409 2016 1530 2049 litteras
1561 2016 1715 2049 universis
1745 2023 1771 2050 et

1033 2070 1163 2113 singulis
1189 2069 1448 2103 christifidelibus
1471 2070 1504 2102 in
1524 2070 1607 2102 alma
1623 2069 1706 2103 L'rbe
1723 2080 1776 2103 no-

1034 2126 1097 2158 stra
1121 2123 1318 2167 degentibus,
1343 2123 1397 2167 qui
1422 2123 1679 2167 processionibus
1702 2127 1775 2158 tunc

1033 2178 1190 2222 expressis
1214 2177 1448 2217 interfuissent,
1472 2177 1521 2210 vel
1552 2176 1698 2210 basilicas
1722 2184 1772 2210 aut

1034 2230 1181 2264 ecclesias
1207 2230 1300 2263 etiam
1317 2235 1392 2264 tunc
1410 2240 1572 2274 expressas
1589 2230 1774 2271 visitassent,

1034 2290 1064 2317 et
1093 2283 1136 2316 ibi
1167 2294 1225 2327 pro
1257 2282 1329 2316 fidei
1364 2283 1536 2316 catholicae
1573 2283 1774 2323 defensione,

1034 2337 1201 2370 haeresum
1226 2335 1436 2380 extirpatione
1450 2347 1484 2369 ae
1497 2336 1678 2380 principum
1693 2336 1775 2369 chri-

1035 2391 1208 2424 stianorum
1226 2390 1395 2423 concordia
1410 2390 1520 2423 devote
1538 2395 1690 2432 orassent,
1708 2399 1777 2423 nec-

1035 2455 1099 2478 non
1130 2444 1208 2477 scria
1240 2445 1353 2487 quarta
1390 2449 1420 2476 et
1460 2445 1546 2476 sexta
1578 2454 1614 2476 ac
1649 2443 1777 2477 sabbato

1036 2499 1127 2532 unius
1152 2509 1187 2531 ex
1211 2497 1334 2530 duabus
1350 2497 1556 2530 hebdomadis
1578 2497 1777 2538 ieiunassent,

1036 2558 1127 2596 atque
1153 2555 1280 2596 peccata
1304 2561 1359 2584 sua
1383 2551 1515 2584 confessi
1550 2551 1692 2595 sequenti
1717 2551 1776 2584 sal-

1037 2612 1099 2641 tem
1124 2606 1174 2640 die
1193 2605 1354 2640 dominico
1374 2604 1607 2640 sanctissimum
1631 2605 1778 2639 Euchari-

1779 198 1827 224 An.
1848 198 1876 225 C.
1891 199 1960 227 1534

1817 371 1961 390 &turtionmu-

1795 403 1819 415 un·
1853 399 1934 422 poi-nat·
1945 404 1962 416 m

1797 424 1909 449 lgmt'ddiltt,

1824 1596 1911 1616 Enarrat
1925 1602 1973 1615 run-

1789 1627 1904 1642 cessionem
1913 1628 1974 1648 prde-

1789 1648 1840 1668 dicti
1856 1649 1940 1669 nubilam
