2248 3229
234 227 281 254 An.
301 228 329 255 C.
347 228 416 255 1634

462 220 526 253 410

433 277 548 310 lemnis
571 276 820 315 benedictionis,
853 286 941 308 more
974 275 1120 308 abbatum
1146 281 1175 308 et

433 331 646 373 praelatorum
663 329 775 361 haculo
790 333 819 361 et
837 327 929 360 mitra
949 328 1115 369 utentium,
1130 339 1175 361 re-

433 384 536 426 cipere
560 392 622 414 non
647 381 780 421 differet,
803 385 835 414 ut
860 381 998 424 plenarie
1023 381 1081 413 sibi
1114 382 1192 415 601-

433 436 502 468 latis
526 434 700 478 privilegiis
726 434 756 466 in
783 433 907 467 Ordinis
941 433 1104 467 utilitatem
1131 435 1173 467 uti

432 494 459 520 et
484 487 580 531 potiri
605 487 713 520 valcat.

475 540 548 573 Eius
573 540 714 584 supellex
744 540 781 572 ab
807 539 940 573 aliorum
966 540 1098 573 fratrum
1123 546 1191 573 stt-i

430 594 578 637 pellectili
602 604 665 627 non
690 593 822 634 differat,
848 594 985 637 exceptis
1010 593 1173 626 abbatialis

431 647 590 690 dignitatis
616 647 808 690 insignibus,
831 647 989 691 pecunias,
1007 647 1174 691 pensiones

432 702 478 733 vel
503 700 643 733 redditus
668 700 844 744 peculiares
876 710 938 734 non
963 700 1093 741 habeat,
1119 701 1173 734 sed

430 756 467 787 de
493 754 653 788 communi
685 764 757 787 aere
790 754 973 787 monasterii
998 755 1174 787 necessaria

430 810 467 841 ad
485 819 651 853 personam
673 814 701 841 et
723 808 861 842 officium
880 808 922 841 illi
941 809 1087 841 decenter
1106 809 1174 842 sub-
1190 826 1191 874 1

430 860 656 894 111inist1··.entui

475 914 508 947 In
522 914 680 947 communi
695 913 861 947 refectorio
877 913 1078 947 refectionem
1094 924 1175 947 sum-

429 974 551 1013 pturus,
576 967 615 1000 ab
637 967 706 1000 aliis
731 967 906 1009 distinctus,
933 973 1064 1011 plopter
1089 978 1173 1001 ι6ι6-

430 1023 578 1061 rentiam,
605 1022 676 1055 sede
680 1027 725 1062 {‚1[
752 1032 807 1054 nec
832 1021 906 1054 alibi
932 1021 1089 1063 comedat,
1113 1022 1191 1076 nisi4=

431 1077 590 1121 hospitum
617 1076 764 1119 religiosa
791 1080 957 1108 excusetui
982 1075 1172 1134 receptione,

431 1131 461 1163 in
486 1140 547 1174 qua
572 1130 666 1162 talem
688 1128 815 1162 modum
836 1128 980 1170 seixabit,
1003 1139 1064 1172 quo
1086 1129 1131 1161 dis
1120 1129 1174 1161 561-

430 1184 514 1227 plina
538 1183 685 1225 relis›iosa
711 1193 772 1216 non
798 1182 995 1226 periclitetur
1021 1183 1067 1215 vel
1098 1192 1173 1226 pau-

431 1241 537 1280 pertas
561 1237 703 1269 violetur

474 1290 638 1323 Munetum
663 1289 863 1332 laigItionem
890 1289 949 1321 sibi
976 1289 1192 1322 interdictam

430 1353 492 1377 non
507 1342 637 1383 dubitet,
648 1342 706 1375 nisi
722 1347 753 1374 ut
769 1353 874 1386 supra,
887 1347 913 1375 et
929 1342 1004 1375 aliisi
1018 1342 1101 1375 iuxta
1116 1342 1174 1374 for-

430 1407 513 1443 mam
531 1396 630 1429 dictae
651 1395 887 1429 Constitutionis
911 1395 1077 1428 Clementis
1098 1395 1192 1436 Vqltl

430 1441 576 1490 Quamxis
601 1449 684 1482 illius
704 1449 900 1482 obedientiae
918 1454 946 1481 et
964 1424 1191 1482 iurisdictioni1

430 1504 552 1537 subsint
577 1504 681 1537 onmia
699 1509 729 1535 et
745 1503 867 1546 singula
889 1503 982 1536 totius
1002 1514 1060 1547 per
1077 1507 1172 1537 totam

431 1557 689 1591 christianitatem
719 1556 822 1589 diffusi
848 1556 971 1589 Ordinis
1001 1566 1172 1600 personae,

430 1610 676 1655 praeceptoriae,
687 1610 848 1651 ecclesiae,
861 1610 1022 1654 cappellae
1037 1615 1065 1643 et
1080 1620 1173 1654 quae.-

431 1675 565 1708 cumque
590 1664 649 1696 alia
674 1663 848 1704 beneficia,
874 1663 982 1696 altaria
997 1690 1004 1703 ,

430 1771 555 1805 Antonii
574 1771 713 1803 instituta
735 1776 764 1803 et
781 1775 895 1811 erecta,
914 1776 943 1803 et
961 1770 990 1803 in
1010 1774 1172 1814 posterum

430 1825 619 1858 instituenda
634 1829 663 1857 et
677 1824 836 1866 erigenda,
850 1834 961 1857 eorum
977 1829 1078 1856 tamen
1092 1824 1172 1857 bona

431 1878 604 1911 immobilia
637 1878 683 1910 vel
710 1877 837 1910 mobilia
861 1887 1080 1921 quaecumque
1112 1877 1173 1910 alio

431 1942 493 1965 non
518 1931 699 1971 transferat,
725 1940 781 1963 nec
806 1930 967 1963 transferri
993 1930 1161 1974 permittat,

476 1987 509 2018 In
534 1984 602 2029 ipso
628 1985 812 2018 visitationis
843 1990 913 2017 actu
938 1995 1000 2018 non
1027 1985 1174 2018 immore-

431 2045 492 2080 tur,
511 2039 565 2072 sed
583 2044 687 2071 actum
703 2038 856 2082 expediat,
873 2049 912 2071 ne
930 2038 1074 2082 expensis
1087 2049 1174 2082 prae-

432 2093 591 2137 ceptoriae
618 2098 647 2125 et
672 2092 783 2125 domus
802 2097 986 2135 graventur,
1008 2092 1039 2124 in
1060 2092 1173 2136 quibus

432 2147 457 2179 si
480 2146 532 2179 diu
557 2145 806 2179 commorabitur
825 2150 895 2190 post
920 2146 1077 2189 expletum
1105 2145 1175 2179 risi-

433 2201 558 2234 tationis
584 2210 714 2237 munuS,
745 2200 791 2232 vel
816 2200 890 2233 alias
916 2199 1173 2243 quomodolibet,

434 2264 589 2297 expensae
614 2264 721 2286 omnes
747 2263 782 2286 ex
808 2253 980 2286 redditibus
1005 2253 1078 2286 dicti
1094 2252 1174 2286 'mo-

433 2307 561 2340 nasterii
583 2307 691 2350 capitis
716 2307 839 2340 Ordinis
864 2307 1084 2340 destituantur:
1107 2307 1174 2340 aliis

420 2362 528 2403 'Quam
555 2360 711 2403 religiosis
731 2360 879 2393 fratribus
898 2360 928 2392 in
946 2361 1096 2395 comitatu
1113 2371 1174 2394 non

436 2419 556 2456 utatur,
583 2419 612 2447 et
636 2414 706 2447 illos
731 2419 890 2455 assumat,
916 2414 968 2458 qui
994 2415 1124 2448 consilio
1145 2420 1175 2448 et

435 2467 601 2510 prudentia
627 2468 687 2500 sint
713 2468 857 2512 praediti,
878 2479 1013 2511 quorum
1034 2479 1114 2501 unus
1132 2479 1175 2501 se—

435 2521 510 2553 creti
536 2526 626 2554 tenax
651 2522 810 2555 secretarii
830 2522 912 2555 vices
937 2523 1043 2555 obeat:
1062 2522 1173 2566 poterit

435 2574 526 2606 etiam
551 2575 667 2608 habere
692 2576 843 2608 famulum
875 2586 971 2609 unum
1001 2577 1173 2610 secularem

434 2620 739 2673 equitem,‘aliosque
765 2628 844 2662 duos
870 2629 997 2673 pedites.

1036 1663 1172 1698 oratoria
1190 1674 1191 1679 ¹

430 1724 460 1751 et
484 1717 756 1751 confraternitates
774 1717 832 1749 sub
854 1717 1050 1750 invocatione
1075 1717 1172 1750 sancti
1190 1731 1191 1734 ¹

1008 229 1186 253 BULLAnltJM
1207 228 1362 253 ROMANUM

1251 276 1328 309 Cum
1353 276 1434 308 inter
1454 281 1557 309 cetera
1575 277 1831 321 Congregationis
1847 279 1945 312 refor—

1208 328 1359 362 foimatae
1384 328 1549 372 prixilegia
1573 329 1649 362 illud
1665 330 1802 365 notabile
1818 331 1866 373 sit,
1883 342 1944 376 quo

1190 381 1398 440 praecipitur
1415 387 1450 414 ut
1467 382 1571 414 nullus
1595 382 1728 424 eligatui
1749 383 1780 416 in
1800 384 1944 418 abbatem

1190 421 1237 468 ’61
1264 434 1463 478 superiorem
1495 434 1675 478 generalem
1700 435 1798 478 ipsius
1821 436 1945 471 Ordinis

1190 485 1237 520 et
1257 488 1515 531 Congreoationis
1536 488 1589 531 qui
1613 498 1676 521 non
1700 489 1740 521 sit
1759 488 1796 522 de
1823 491 1946 532 gremio

1208 540 1371 584 ipsiusmet
1391 541 1648 584 Congregationis
1673 542 1874 583 reformatae,
1899 543 1946 576 id-

1208 595 1293 628 cireo
1318 594 1438 635 electio,
1463 605 1543 638 quae
1568 600 1677 628 contra
1701 595 1762 629 hoe
1786 595 1947 629 decretum

1189 648 1286 683 tsaClss
1312 648 1420 689 fuerit,
1437 649 1522 681 nulla
1547 649 1585 682 sit
1610 654 1639 682 et
1663 649 1779 683 nullius
1804 650 1947 691 effectus;

1207 701 1260 745 qui
1287 712 1362 735 vero
1387 702 1621 744 contrafecerit,
1642 702 1779 746 aliquem
1805 703 1949 738 videlicet

1208 754 1339 797 elegerit
1364 754 1418 798 qui
1443 765 1506 788 non
1531 755 1569 787 sit
1593 756 1750 799 praefatae
1773 756 1950 801 Congrega-

1208 807 1300 840 tionis
1317 808 1504 841 reformatae
1521 808 1686 853 presbyter
1710 809 1877 852 religiosus
1897 821 1949 844 ex-

1190 861 1296 904 ’1-55)ι6
1284 872 1315 894 56
1347 862 1528 905 professus,
1561 863 1850 896 excommunicatus
1881 864 1949 908 ipso

1189 915 1289 985 ifacto
1319 915 1446 955 existat3
1474 920 1543 949 iota
1576 920 1681 950 autem
1712 926 1766 949 seu
1800 916 1949 961 suffragia

1189 957 1390 1011 'eligentium
1405 968 1540 1012 aliquem
1561 979 1624 1002 non
1642 970 1848 1004 reformatum
1864 971 1950 1005 nulla

1190 1021 1268 1054 *sint
1293 1027 1322 1055 et
1346 1033 1404 1066 pro
1429 1023 1522 1055 nullis
1552 1023 1737 1066 habeantur
1756 1029 1785 1057 et
1805 1024 1842 1058 de
1868 1031 1949 1059 cete·
1965 1023 1967 1026 ⁴

1189 1056 1251 1127 {ris
1276 1076 1483 1109 leformatum
1518 1076 1705 1119 elioentibus
1738 1077 1776 1110 sit
1800 1078 1949 1113 canonica

1189 1123 1336 1182 16166ίίο;
1362 1139 1418 1162 nec
1452 1129 1585 1172 etio-atui·
1614 1131 1666 1174 qui
1697 1141 1759 1164 non
1790 1132 1884 1165 fuerit
1914 1143 1950 1166 ex

1190 1182 1349 1224 jlegitiino
1382 1182 1474 1216 thoro
1504 1188 1615 1225 natus,
1648 1185 1846 1228 trigesimum
1876 1196 1949 1219 suae

1190 1235 1316 1267 'aetatis
1341 1245 1456 1268 annum
1481 1246 1542 1270 non
1576 1238 1801 1281 compleverit,
1833 1239 1950 1284 quique

1190 1279 1284 1320 xit-:1¹
1302 1289 1493 1332 experientia
1510 1290 1675 1333 probatus,
1692 1291 1820 1325 scientia
1837 1298 1867 1326 et
1882 1303 1950 1327 mo-

1190 1339 1296 1374 tibus
1321 1341 1452 1375 idoneus
1476 1352 1539 1375 non
1565 1343 1667 1376 fuerit.

1253 1395 1282 1429 Si
1304 1395 1473 1429 fascinante
1496 1396 1621 1431 diabolo
1639 1398 1794 1432 malorum
1809 1399 1949 1433 omnium

1208 1454 1393 1491 suggestore
1418 1449 1530 1493 aliquis
1561 1449 1660 1484 abbas
1684 1452 1840 1494 generalis
1864 1463 1952 1497 supe-

1190 1495 1273 1545 {rior
1300 1503 1330 1535 in
1355 1503 1510 1536 haeresim
1538 1503 1673 1545 caderet,
1698 1506 1745 1538 rel
1771 1505 1809 1540 de
1833 1508 1951 1541 carnali

1190 1583 1191 1588 ,
1208 1556 1320 1599 copula
1335 1556 1586 1599 6οιινίη66ι61ιιι,
1608 1564 1660 1591 aut
1676 1558 1813 1603 aliquam
1828 1565 1950 1604 partem

1208 1609 1365 1643 bonorum
1383 1610 1518 1651 Ordinis,
1539 1584 1656 1646 iudicio
1676 1613 1805 1658 capituli
1823 1625 1951 1658 genela-

1208 1663 1244 1696 lis
1269 1655 1452 1705 notabilem,
1478 1664 1508 1697 in
1533 1666 1698 1710 propriam
1717 1667 1881 1702 utilitatem
1903 1670 1949 1702 tel

1207 1716 1341 1749 alienam
1361 1727 1476 1750 comet
1481 1717 1576 1761 tisset
1595 1719 1642 1752 vel
1656 1720 1694 1753 ab
1712 1720 1859 1756 institutis
1876 1723 1951 1756 Con-

1208 1770 1400 1814 gregationis
1418 1777 1544 1805 nostrae
1559 1747 1747 1808 deformatae
1760 1777 1950 1819 recessisset,

1209 1829 1261 1857 aut
1286 1824 1413 1868 aliquod
1438 1826 1558 1859 crimen
1583 1838 1600 1859 a
1624 1827 1693 1861 iure
1726 1828 1808 1861 civiti
1834 1830 1950 1874 capite,

1208 1878 1296 1910 vela
1330 1879 1482 1912 canonico
1517 1880 1714 1924 depositione
1749 1883 1951 1926 plectendum

1190 1958 1191 1963 ,
1207 1931 1393 1975 admisisset,
1413 1933 1476 1966 sire
1501 1934 1575 1967 alias
1601 1935 1746 1969 inhabilis
1763 1936 1862 1970 factus
1879 1938 1951 1972 fuis-

1208 1990 1263 2027 set,
1281 1996 1353 2018 eum
1371 1996 1444 2020 sane
1463 1987 1561 2030 (quod
1580 1998 1752 2032 numquam
1770 1992 1950 2034 speramus)

1208 2039 1246 2071 ab
1264 2039 1333 2083 ipso
1352 2040 1492 2082 generali
1510 2041 1646 2086 capitulo
1666 2042 1887 2086 deponendum
1901 2044 1950 2078 de-

1208 2103 1377 2127 cernimus.

1251 2147 1516 2192 Quotiescun‘ique
1543 2149 1649 2183 sedem
1667 2150 1855 2185 abbatialem
1876 2163 1950 2197 quo-

1191 2210 1345 2244 ,cumque
1369 2201 1462 2235 modo
1488 2212 1597 2236 vacare
1622 2204 1800 2248 contigerit,
1818 2210 1848 2239 et
1864 2206 1950 2240 Ordi-

1190 2264 1278 2300 ⁴nem
1304 2254 1650 2301 Congregafionemque
1683 2263 1823 2292 nostram
1853 2270 1948 2303 gene-

1210 2307 1265 2339 rali
1292 2313 1416 2351 pastore
1441 2308 1584 2351 destitui,
1610 2321 1648 2344 ne
1672 2311 1791 2345 interea
1815 2313 1949 2357 praedo-

1208 2371 1282 2393 num
1310 2361 1487 2396 incursibus
1520 2369 1643 2407 pateat,
1676 2370 1705 2398 et
1733 2365 1800 2398 eius
1824 2367 1949 2410 negotia

1208 2415 1350 2458 neglecta
1376 2415 1575 2460 dispereant,
1602 2428 1656 2451 seu
1681 2418 1774 2451 etiam
1800 2419 1948 2462 religiosa

1209 2468 1372 2512 disciplina
1396 2470 1574 2512 relaxetur,
1606 2477 1743 2515 potestas
1767 2472 1948 2514 abbatialis,

1210 2522 1404 2565 iurisdictio,
1430 2524 1571 2567 regimen
1604 2531 1633 2557 et
1657 2525 1886 2559 administratio
1910 2526 1948 2560 ad

1209 2576 1348 2619 priorem
1374 2577 1573 2610 claustralem
1598 2583 1628 2611 et
1651 2582 1786 2622 quatuor
1805 2579 1948 2614 definito-

1246 2640 1255 2666 1
1274 2638 1373 2668 Forsan
1390 2640 1464 2668 vitae
1478 2649 1526 2676 pro
1543 2640 1600 2669 vita
1615 2641 1722 2677 legend.
1739 2640 1774 2676 (a.
1788 2642 1835 2677 Τ.).

1955 231 2002 257 An.
2023 231 2050 258 C.
2077 230 2145 259 163⁴
2235 0 2248 335 ἱ

2238 338 2248 514 l

2241 869 2248 1107 ,πων-*Α
2246 852 2248 855 .
2241 822 2248 828 ;
