2248 3229
208 237 256 264 An.
271 237 300 265 e.
319 237 385 265 1632
430 229 494 263 30⁶2
873 256 888 270 s

407 287 526 321 vicibus
555 286 737 331 approbatis
770 290 799 318 et
830 285 1004 326 innovatis,
1030 286 1144 329 quibus

407 340 552 373 omnibus
576 344 606 372 et
631 339 783 381 singulis,
804 338 923 372 etiamsi
949 339 985 372 de
1011 339 1071 372 illis
1096 350 1146 372 eo-

406 404 540 436 rumque
559 392 630 425 totis
652 392 813 425 tenoribus
830 393 985 436 specifica,
1000 403 1146 436 expressa

406 453 436 479 et
460 446 628 486 individua,
648 456 711 479 non
728 451 830 479 autem
849 456 905 490 per
923 447 1077 480 clausulas
1097 457 1147 489 ge-

406 499 528 532 nerales
564 500 647 532 idem
684 500 912 543 importalites,
938 501 1055 534 mentio
1091 511 1145 533 seu

406 553 533 596 quaevis
549 553 609 586 alia
628 554 788 597 expressio
812 559 865 587 aut
889 554 992 597 aliqua
1017 554 1076 587 alia
1094 565 1145 587 ex-

406 606 521 650 quisita
538 606 639 640 forma
663 606 701 639 ad
725 607 785 640 hoc
809 607 962 640 servanda
978 608 1068 650 soret,
1085 607 1146 640 illis
1163 616 1165 626 ¹

406 659 482 692 alias
499 659 531 692 in
548 671 604 693 suo
624 660 740 693 robore
757 660 984 704 permansuris,
1002 661 1060 694 hac
1080 661 1147 694 vice

406 712 575 754 dumtaxat,
599 713 714 746 harum
738 714 819 747 serie
843 714 1019 758 specialiter
1044 719 1074 747 et
1095 725 1147 747 ex-

406 774 514 807 presse
538 763 749 807 derogamus3
778 765 952 808 ceterisque
981 765 1147 799 contrariis

406 817 666 862 quibuscumque.

227 882 392 909 Archiepiscopo
452 872 467 915 ἓ
490 871 519 904 4.
541 872 691 906 Volumus
716 876 829 916 autem,
847 877 878 906 et
898 873 1072 917 apostolica
1096 883 1147 907 au-

207 910 392 966 ffittss‘tssoffit'ffi
407 925 551 959 ctoritate
574 925 783 969 decernimus,
808 926 893 970 quod
916 932 960 967 tu,
984 927 1080 960 frater
1097 937 1146 960 ar-

207 963 391 1019 g'tffimlftgffijgt'ss
407 978 616 1024 cliiepiscope‚
641 980 672 1012 in
696 985 842 1013 eventum
871 980 1028 1014 absentiae
1053 981 1146 1014 unius

208 1016 287 1037 ‘mm'
405 1043 461 1065 seu
484 1033 622 1076 plurium
652 1044 687 1066 ex
712 1034 880 1077 praedictis
912 1034 1144 1067 venerabilibus

406 1086 554 1119 fratribus
578 1087 694 1120 nostris
719 1087 888 1131 episcopis,
914 1088 1028 1132 quibus
1052 1099 1143 1131 prae-

404 1144 507 1172 sentes
532 1139 668 1173 directae
693 1141 904 1184 reperiuntur,
923 1146 975 1173 aut
995 1141 1055 1173 illis
1071 1141 1145 1183 legi-

405 1192 478 1226 time
493 1193 660 1237 impeditis,
674 1204 729 1226 seu
741 1194 913 1237 procedere
929 1194 1144 1234 renuentibus,

403 1256 458 1279 seu
482 1246 709 1288 differentibus,
730 1247 826 1280 alium
849 1248 897 1280 vel
922 1247 999 1280 alios
1023 1247 1144 1291 episco-

401 1310 478 1343 pum
503 1310 558 1332 seu
582 1300 745 1344 episcopos
770 1301 895 1333 illarum
920 1300 1069 1344 partium,
1094 1300 1145 1332 ab·

402 1352 537 1385 sentium
562 1353 609 1385 vel
637 1353 863 1398 impeditorum
892 1359 944 1387 aut
971 1353 1144 1397 procedere

401 1407 613 1439 recusantium
632 1418 685 1440 seu
703 1407 914 1442 differentium
932 1408 1012 1449 loco,
1027 1408 1143 1450 eligere

401 1459 512 1502 possis,
531 1470 602 1493 eum
627 1460 741 1504 quibus
767 1461 969 1503 coniunctim,
995 1465 1029 1494 ut
1052 1471 1142 1504 prae-

401 1513 509 1555 fertur,
535 1514 619 1547 circa
644 1515 817 1558 praemissa
841 1515 946 1548 omnia
964 1520 993 1547 et
1010 1516 1141 1558 singula,

402 1567 495 1599 etiam
522 1578 619 1611 usque
643 1568 681 1600 ad
706 1568 880 1602 definitivas
905 1568 1074 1602 sententias
1094 1569 1142 1601 in-

402 1620 517 1654 clusive
542 1621 714 1665 procedere
739 1622 847 1666 possis.

446 1674 557 1707 Datum
592 1674 623 1707 in
654 1675 734 1708 Arce
769 1675 946 1719 [landulphi
981 1675 1140 1710 Albanen-

402 1727 444 1761 sis
469 1727 642 1770 dioecesis,
662 1729 719 1761 sub
744 1729 859 1762 annulo
884 1729 1068 1769 piscatoris,
1094 1728 1143 1761 die

402 1791 458 1815 v111
483 1781 622 1815 octobris
640 1792 802 1824 iuncxxxn,
823 1782 1023 1826 pontificatus
1043 1782 1142 1816 nostri

402 1844 484 1868 anno
509 1846 537 1867 x.

438 1896 497 1923 Dat.
519 1896 561 1924 die
581 1896 596 1924 8
612 1896 731 1925 octobris
746 1897 826 1931 1632,
842 1897 937 1933 pontis.
955 1906 1024 1925 auno
1040 1906 1066 1925 x.

694 2041 854 2075 CDXLVII.

402 2119 528 2154 Erectio
567 2119 667 2163 officii
704 2120 850 2154 advocati
885 2129 1072 2165 pauperum
1108 2120 1144 2153 in

451 2173 530 2206 Urbe
554 2184 627 2207 cum
652 2175 849 2208 concessione
873 2174 1066 2218 facultatum
1079 2172 1098 2207 ¹.

608 2253 743 2292 Urbanus
764 2254 842 2288 Papa
862 2254 940 2287 VIII,

551 2297 588 2325 ad
607 2298 739 2326 futuram
758 2298 802 2326 rei
822 2299 1001 2326 memoriam.

233 2375 354 2398 Exordium·
448 2369 493 2402 Ex
517 2369 676 2402 commissi
710 2369 800 2403 nobis
835 2381 891 2414 per
923 2370 1143 2404 abundantiam

405 2422 527 2457 divinae
551 2424 670 2467 gratiae
696 2424 862 2468 pastoralis
894 2425 988 2458 officii
1013 2435 1143 2458 munere

405 2477 442 2510 ad
463 2487 509 2519 ea,
537 2488 594 2521 per
617 2488 696 2522 quae
720 2488 894 2522 pauperum
920 2483 950 2511 et
973 2489 1142 2521 egenarum

405 2541 613 2574 personarum
637 2542 749 2565 causae
773 2537 906 2575 agantur
926 2536 956 2564 et
981 2531 1144 2564 defendan-

406 2589 465 2626 tur,
482 2587 612 2628 paterna
637 2596 698 2629 qua
722 2590 866 2618 tenemur
883 2585 1033 2618 charitate
1050 2585 1144 2618 liben-

444 2647 453 2674 1
472 2646 509 2674 Ex
524 2647 633 2682 Regest.
650 2649 677 2675 in
692 2648 792 2676 Secret.
809 2648 886 2677 Brev.

982 237 1161 263 BULLARIUM
1185 237 1341 262 ROMANUM

1922 239 1974 267 An.
1994 239 2024 267 C.
2046 239 2113 267 1632

1181 290 1226 320 ter
1251 285 1452 326 intendimus,
1483 296 1519 319 ac
1543 286 1677 331 desuper
1701 287 1794 322 officii
1818 286 1917 321 nostri

1180 343 1283 382 partes
1307 338 1520 372 favorabiliter
1544 339 1795 384 interponimus,
1822 346 1917 385 prout

1181 391 1391 435 conspicimus
1420 392 1451 424 in
1475 392 1607 426 Domino
1637 393 1804 427 salubriter
1828 404 1918 439 expe-

1181 445 1256 479 dire.

1225 499 1239 542 ξ
1264 499 1292 531 l.
1318 499 1400 532 Alias
1425 499 1599 543 siquidem,
1626 500 1706 533 sicut
1729 501 1917 545 accepimus,
1959 513 2014 534 turs
2031 518 2117 543 conser-

1181 552 1218 585 de
1244 563 1325 586 anno
1350 563 1512 587 MDxxxvnt
1533 559 1607 587 tunc
1631 554 1796 588 existentes
1821 565 1918 587 came·
1933 540 2117 587 ississssffssri'a‘fifflffi

1181 617 1233 639 rae
1247 607 1346 640 almae
1370 607 1462 640 Urbis
1477 612 1604 641 nostrae
1621 613 1858 641 conservatores
1871 608 1917 641 of-
1933 593 2116 641 Ῡιῗξῖἶῖῧέἶῗιῗῖἷιωη

1182 660 1288 693 ficium
1309 659 1474 693 dohanerii
1491 660 1633 694 dohanae
1648 661 1815 705 pecudum,
1832 666 1918 694 certo

1181 718 1255 747 tunc
1268 723 1414 758 expresso
1428 714 1522 748 modo
1536 725 1657 756 vacam,
1671 714 1828 759 quondam
1841 715 1919 758 Aga-

1181 767 1245 811 pito
1263 767 1300 800 de
1318 767 1483 810 Magistris,
1498 771 1573 801 tunc
1593 768 1624 801 in
1643 768 1788 801 humanis
1804 767 1919 811 agenti,

1181 820 1219 853 ad
1244 820 1309 853 eius
1331 820 1424 855 vitam
1448 820 1610 854 dumtaxat
1633 825 1870 861 concesserunt;
1891 824 1921 854 et

1181 874 1313 907 subinde
1337 874 1430 907 etiam
1460 874 1498 908 de
1529 884 1610 908 anno
1635 883 1746 908 MDan
1771 879 1845 907 tunc
1873 873 1917 906 si-

1181 927 1298 960 militer
1322 927 1488 961 existentes
1512 927 1611 961 dictae
1636 937 1779 961 camerae
1798 936 1921 960 conser-

1182 985 1303 1014 vatores
1329 982 1466 1015 officium
1491 982 1686 1026 praedictum
1715 982 1816 1015 eidem
1839 982 1920 1024 Aga-

1180 1035 1244 1079 pito
1269 1035 1300 1068 in
1324 1040 1513 1079 perpetuum
1531 1046 1589 1080 pro
1609 1046 1641 1069 se
1665 1046 1701 1069 ac
1725 1034 1870 1069 omnibus
1890 1040 1919 1068 et

1180 1088 1311 1131 singulis
1335 1089 1523 1122 haeredibus
1556 1089 1619 1122 suis
1644 1089 1736 1122 etiam
1763 1088 1917 1121 extraneis

1179 1141 1323 1175 similiter
1346 1148 1587 1183 concesserunt;
1606 1143 1751 1188 idemque
1768 1143 1918 1187 Agapitus

1180 1197 1433 1231 seeundodietam
1469 1198 1702 1232 concessionem
1736 1197 1916 1231 huiusmodi

1178 1260 1236 1293 per
1260 1250 1357 1283 felicis
1382 1251 1609 1284 recordationis
1634 1251 1723 1284 Pium
1747 1251 1862 1294 Papam
1881 1250 1917 1282 lV

1178 1303 1454 1346 praedecessorem
1473 1308 1617 1337 nostrum
1640 1304 1821 1337 confirmari
1841 1303 1919 1336 obti-

1178 1357 1261 1397 nuit,
1285 1362 1380 1400 prout
1404 1357 1434 1389 in
1459 1358 1557 1401 ipsius
1578 1357 1623 1389 Pii
1644 1355 1917 1400 praedecessoris¹

1178 1420 1213 1442 ac
1230 1410 1408 1453 patentibus
1423 1410 1578 1444 dictorum
1596 1414 1855 1444 conservatorum
1872 1409 1919 1441 lit-

1178 1462 1252 1496 teris
1270 1463 1404 1506 desuper
1421 1463 1574 1507 expeditis
1590 1463 1712 1507 plenius
1730 1462 1916 1496 continetur.

1222 1516 1236 1560 g
1261 1516 1290 1549 2.
1315 1518 1393 1551 Cum
1411 1522 1514 1550 autem
1535 1526 1603 1558 nos,
1621 1527 1795 1560 pauperum
1813 1527 1918 1560 perso-

1177 1580 1289 1603 narum
1315 1570 1415 1603 dictae
1440 1571 1534 1604 Urbis
1564 1570 1656 1603 statui
1681 1570 1916 1614 compatientes,

1178 1623 1297 1656 eisdem
1322 1624 1360 1656 de
1378 1624 1483 1667 aliquo
1500 1623 1660 1664 advocato,
1677 1634 1735 1667 per
1758 1634 1850 1667 quem
1871 1633 1917 1656 ea·

1177 1687 1247 1709 rum
1269 1687 1379 1709 causae
1403 1677 1454 1719 agi
1475 1682 1505 1710 et
1525 1676 1647 1709 defendi
1666 1677 1797 1725 valeant,
1814 1677 1918 1720 prori-

1177 1729 1251 1763 dere
1276 1729 1492 1769 intendamus3
1515 1729 1644 1770 ideireo,
1662 1735 1749 1763 motu
1774 1730 1916 1773 proprio,

1178 1788 1207 1816 et
1231 1794 1268 1816 ex
1293 1784 1378 1816 certa
1403 1783 1531 1817 scientia
1559 1793 1594 1816 ac
1618 1785 1740 1816 matura
1766 1783 1919 1816 delibera-

1178 1837 1261 1870 tione
1284 1837 1410 1879 nostris,
1431 1836 1569 1870 officium
1593 1836 1791 1880 praedictum
1809 1836 1916 1880 (quod,

1178 1896 1211 1923 ut
1235 1891 1328 1924 etiam
1353 1891 1543 1934 accepimus,
1564 1890 1695 1923 dilectus
1719 1890 1802 1923 silius
1827 1889 1917 1923 Octa-

1178 1944 1245 1977 vius
1270 1944 1452 1977 Pierleonus
1477 1944 1646 1985 Romanus,
1660 1944 1818 1988 quondam
1842 1943 1918 1976 Her-

1177 1998 1263 2031 siliae
1287 1998 1325 2031 de
1350 1998 1505 2041 Magistris
1528 2003 1629 2040 natus
1654 1997 1693 2030 ad
1716 2007 1865 2041 praesens
1885 1998 1916 2030 in

1177 2052 1239 2085 vim
1264 2051 1441 2096 praedictae
1459 2051 1670 2085 concessionis
1691 2056 1860 2095 perpetuae
1886 2057 1915 2084 et

1177 2105 1354 2138 facultatem
1381 2104 1458 2137 illud
1483 2103 1639 2137 alienandi
1667 2104 1816 2147 obtinet),
1840 2114 1913 2137 om-

1177 2168 1311 2202 nemque
1328 2157 1411 2190 illius
1429 2162 1553 2199 statum,
1575 2157 1739 2190 essentiam
1758 2162 1787 2190 et
1800 2156 1916 2200 depen-

1159 2211 1314 2246 rdentiam
1331 2239 1338 2253 ,
1369 2211 1540 2255 apostolica
1564 2210 1773 2253 auctoritate,
1806 2215 1914 2244 tenore

1178 2263 1413 2309 praesentium,
1439 2265 1477 2298 de
1502 2275 1651 2309 expresso
1675 2264 1773 2308 ipsius
1798 2263 1915 2298 Octavii

1178 2328 1348 2359 consensu,
1373 2323 1527 2362 perpetuo
1552 2317 1778 2363 supprimimus
1803 2321 1833 2351 et
1848 2327 1912 2363 ,ex-

1178 2371 1357 2414 tinguimus.

1221 2425 1235 2468 g
1254 2424 1283 2457 3.
1310 2425 1475 2458 Praeterea
1491 2435 1589 2458 unum
1615 2424 1754 2458 officium
1774 2422 1914 2456 advocati
1929 2431 2114 2479 advoffii‘1'sfic‘ss'ffl

1176 2488 1349 2522 pauperum
1374 2479 1617 2522 nuncupandum
1647 2477 1787 2511 eiusdem
1810 2476 1913 2516 Urbis,
1929 2465 2112 2512 penumnsul'ua.

1177 2531 1260 2574 quod
1286 2543 1343 2575 pro
1368 2537 1511 2576 tempore
1535 2533 1679 2565 obtinens
1704 2530 1779 2563 civis
1800 2529 1914 2563 nobilis

1176 2586 1335 2618 Romanus
1367 2596 1451 2629 esse,
1480 2590 1510 2619 et
1542 2596 1559 2618 a
1587 2585 1699 2618 dilecto
1728 2583 1793 2616 silio
1817 2583 1915 2617 nobili

1968 1526 2024 1547 lllud.
2034 1527 2115 1553 suppri-

1933 1554 1970 1575 mit
1986 1553 2088 1575 Urbanus.

1214 2650 1224 2676 'l
1243 2650 1311 2679 Quas
1326 2657 1377 2677 non
1394 2651 1459 2684 puto
1475 2656 1534 2676 esse
1548 2648 1575 2676 in
1590 2647 1726 2676 Butlnrz'o
1740 2647 1780 2682 (n.
1799 2647 1847 2682 r).
