2248 3229
141 208 192 236 An.
207 207 237 236 C.
258 207 323 236 1631

947 208 1089 233 URBANUS
1113 208 1170 233 VIII
1192 209 1242 233 1²1³.

338 264 414 299 pum
438 254 600 289 humiliter
619 254 838 299 supplicando,
855 260 889 289 ut
906 266 939 290 se
959 257 1080 290 consor—

338 312 439 343 maret
462 318 534 342 cum
558 308 671 342 litteris
691 319 798 343 sacrae
815 310 1078 354 congregationis,

338 361 421 395 illius
437 361 591 397 mandatis
608 362 757 407 parendo,
775 363 829 407 qui
848 363 1021 408 respondit,
1046 374 1078 397 se

338 415 458 449 litteras
471 426 578 450 sacrae
591 416 845 460 congregationis
860 418 979 450 narrati
996 422 1080 450 teno-

339 469 384 501 ris
407 470 575 513 recepisse,
600 470 654 503 sed
679 470 782 504 statim
799 471 999 514 respondisse
1016 481 1080 504 cer-

341 521 486 556 tiorando
510 522 548 556 de
571 523 770 568 possessione
790 523 822 556 in
842 535 903 568 qua
927 524 1080 557 existebat

341 574 539 616 cathedralis,
555 585 595 608 ne
610 575 848 619 praedicaretur
873 577 904 609 in
928 577 1080 620 parochia

340 628 466 672 quando
482 629 515 662 in
531 629 704 663 cathedrali
723 631 816 663 etiam
833 630 1080 674 praedicandum

341 687 416 724 erat,
442 682 650 726 significando
675 684 769 717 etiam
794 685 948 718 resultare
972 684 1081 718 incon-

341 735 498 768 venientia
523 746 560 769 ex
585 747 622 770 eo
647 737 733 781 quod
757 738 790 770 in
809 738 892 771 dicta
908 737 1082 781 parochiali

341 798 379 822 eo
403 792 545 833 tempore
568 790 806 834 praedicaretur
825 796 856 824 ct
872 795 1014 824 oratores
1031 790 1084 823 ob-

342 841 509 875 tinuissent
532 842 697 884 intentum,
718 848 749 876 et
767 843 852 887 quod
867 843 1022 876 habuerat
1038 853 1084 876 re-

342 905 494 939 sponsum
518 906 536 929 a
559 906 617 930 suo
640 901 753 940 agente
777 897 809 930 in
828 897 969 930 Romana
995 897 1084 930 curia

342 948 477 992 qualiter
493 959 601 983 sacrae
614 949 853 993 congregationi
866 955 1084 994 praesentatae

343 1000 474 1035 fuissent
486 1011 561 1035 suae
573 1001 695 1035 litterae
707 1002 938 1046 responsoriae,
956 1007 987 1036 et
1000 1001 1085 1046 quod

322 1069 326 1072 ·
343 1054 475 1089 ulterius
487 1061 692 1099 praeceptum
708 1065 816 1089 sacrae
830 1055 1085 1099 congregationis

343 1118 406 1140 non
430 1108 603 1149 habuerat,
629 1114 659 1142 et
682 1109 767 1152 quod
791 1114 857 1142 erat
880 1114 1008 1153 paratus
1031 1120 1086 1153 pa-

343 1170 414 1194 rere
437 1161 626 1206 cuicumque
649 1171 731 1195 novo
748 1162 906 1204 mandato,
927 1162 981 1196 sed
1001 1161 1087 1206 quod

344 1213 468 1247 interim
494 1224 558 1248 non
580 1220 705 1259 poterat
728 1215 803 1249 dare
823 1216 981 1249 licentiam
999 1227 1087 1260 prae-

343 1267 478 1309 dicandi,
491 1268 564 1313 quia
576 1273 643 1303 erat
657 1268 688 1301 in
701 1269 932 1313 praeiudicium
946 1270 1040 1309 tertii,
1055 1273 1086 1302 ut

344 1326 431 1365 patet
454 1332 491 1355 ex
515 1322 726 1356 instrumento
750 1322 931 1356 authentico
956 1333 1087 1366 respon-

345 1375 442 1408 sionis
466 1374 524 1408 sub
548 1375 599 1408 die
622 1375 726 1419 prima
743 1375 895 1408 februarii
914 1376 1085 1420 praeteriti.

389 1427 466 1461 Cum
491 1428 589 1471 igitur
605 1428 751 1461 dominus
767 1429 942 1472 episcopus,
956 1428 1086 1461 abutens

346 1480 523 1514 urbanitate
546 1481 725 1524 praedictae
745 1491 852 1514 sacrae
872 1481 1088 1524 congregatio-

346 1534 394 1567 nis
412 1535 506 1578 (quae
529 1534 720 1568 modestiae¹
737 1545 814 1578 ergo
830 1545 893 1569 non
916 1535 1086 1579 praecipit,

347 1587 420 1629 sed,
444 1597 588 1621 asserens
618 1588 770 1621 inclinare
783 1588 804 1631 ²,
828 1589 901 1621 fecit
925 1588 1088 1621 intendere

347 1641 476 1674 domino
501 1641 659 1685 episcopo,
685 1647 719 1674 ut
738 1652 771 1674 se
788 1642 1000 1675 conformaret
1017 1653 1087 1675 cum

347 1694 519 1728 intentione
533 1694 673 1727 eiusdem
689 1704 796 1728 sacrae
810 1695 1088 1739 congregationis),

349 1752 380 1780 et
402 1747 513 1780 nolens
536 1747 713 1791 intelligere
733 1747 817 1792 quod
834 1758 942 1781 sacrae
959 1758 1090 1791 congre-

349 1800 483 1843 gationis
491 1811 601 1844 preces
610 1805 682 1833 sunt
693 1806 870 1845 praecepta,
880 1801 992 1834 litteris
1002 1811 1092 1845 prae-

349 1853 441 1886 dietis
456 1863 570 1897 parere
586 1853 757 1893 recusavit;

394 1906 578 1950 Supplicant
600 1911 742 1941 oratores
758 1907 910 1951 praedicti
929 1907 1092 1940 humiliter

350 1960 410 1994 DD.
424 1960 484 1994 W.
498 1960 764 2002 eminentissimis,
789 1966 944 2005 quatenus
961 1961 1092 2004 dignen-

352 2019 403 2046 tur
416 2013 588 2054 declarare,
603 2014 701 2047 licere
716 2014 834 2047 vicario
847 2020 877 2047 et
888 2014 1092 2058 portionariis

352 2066 455 2100 dictae
478 2066 629 2100 ecclesiae
653 2066 682 2100 S.
708 2067 792 2100 Petri
809 2067 842 2100 in
859 2067 923 2100 suis
946 2067 1093 2100 festivita-

354 2119 438 2152 tibus
449 2119 673 2162 singularibus,
682 2119 826 2153 videlicet
837 2120 935 2153 sancti
945 2120 1094 2164 Stephani

353 2173 608 2217 protomartyris,
632 2173 731 2206 sancti
755 2173 854 2213 Petri,
878 2173 978 2206 sancti
1001 2172 1094 2206 Blasii

354 2236 390 2259 ac
414 2226 512 2259 sancti
534 2226 656 2270 Lucae,
680 2236 803 2260 necnon
826 2226 958 2270 singulis
982 2226 1094 2270 primis

355 2280 466 2313 diebus
481 2280 647 2314 dominicis
664 2281 863 2324 singulorum
879 2281 1045 2323 mensium,
1065 2281 1094 2313 in

356 2333 470 2377 quibus
493 2340 664 2367 renovatur
687 2339 922 2368 sacrosanctum
951 2334 1094 2367 euchari-

356 2386 434 2420 stiae
447 2393 678 2420 sacramentum
691 2397 762 2421 eum
774 2387 977 2431 processione
991 2392 1021 2419 ct
1034 2397 1097 2419 ma-

357 2441 420 2483 gna
445 2440 652 2482 solemnitate,
676 2440 780 2473 faeere
799 2440 983 2484 praedicare
998 2439 1031 2473 in
1048 2441 1098 2473 ea-

395 2521 406 2546 ¹
428 2518 496 2547 Male
516 2519 582 2548 edit.
603 2519 687 2547 Main.
707 2519 774 2554 legit
793 2519 934 2547 modestia
953 2521 990 2553 (R.
1004 2521 1053 2553 T.)-

1113 257 1185 290 dem
1201 256 1344 297 ecclesia,
1363 257 1456 290 etiam
1473 260 1614 301 tempore
1631 257 1662 290 in
1677 268 1740 301 quo
1758 258 1790 290 in
1807 268 1853 291 ca-

1114 311 1247 343 thedrali
1271 310 1488 355 praedicatur,
1514 314 1646 353 urgente
1671 311 1773 353 gloria
1798 312 1853 345 Dei

1113 374 1149 396 ac
1173 364 1377 406 Sanctorum,
1403 369 1433 397 et
1456 364 1588 397 utilitate
1612 363 1800 405 animarum,
1825 368 1855 398 et

1115 417 1209 450 totius
1244 416 1377 450 civitatis
1416 423 1446 450 et
1483 418 1590 462 populi
1630 418 1853 452 consolatione.

1113 469 1217 510 Quod,
1242 475 1299 502 etc.
1324 470 1406 509 Quas
1429 471 1525 513 Deus,
1552 475 1610 505 etc.

1158 522 1213 556 Die
1237 533 1291 557 xxl
1316 524 1394 556 iunii
1420 535 1574 565 unexm,
1599 526 1693 558 Sacra
1717 526 1856 568 Congre-

1114 577 1199 618 gatio
1224 577 1544 611 eminentissimoruiu
1571 584 1695 621 patrum
1726 579 1856 613 Concilii

1115 629 1288 662 Tridentini
1313 630 1521 674 interpretum
1547 632 1725 675 respondit,
1750 632 1856 675 dispo-

1115 683 1261 717 sitionem
1289 684 1500 717 Clementinae
1523 685 1658 718 Dudum
1686 685 1724 717 cle
1755 686 1858 729 sepul-

1118 737 1202 769 turis
1225 747 1289 770 non
1319 748 1388 771 esse
1419 737 1664 779 observandam,
1690 738 1751 770 nisi
1785 749 1858 771 eum

1118 789 1252 832 ipsemet
1266 790 1432 834 episcopus
1448 791 1616 834 praedicat,
1634 791 1790 835 parochos
1807 802 1859 823 au-

1117 847 1181 875 tem
1190 842 1272 876 inter
1285 843 1452 876 missarum
1468 844 1630 887 solemnia,
1645 844 1737 877 etiam
1748 844 1859 877 eadem

1118 895 1208 936 hora,
1233 906 1315 941 quae
1335 896 1568 940 episeopusmet
1583 897 1755 941 praedicat,
1768 908 1859 940 posse

1118 948 1157 981 ad
1181 948 1307 993 plebem
1331 960 1420 983 suam
1444 960 1622 983 sermonem
1644 950 1770 983 habere.

1163 1002 1178 1046 ἓ
1203 1002 1232 1035 sl.
1258 1002 1335 1036 Cum
1360 1008 1474 1044 autem,
1499 1003 1579 1036 sicut
1599 1003 1755 1046 expositio
1775 1014 1862 1047 prae-

1119 1054 1203 1088 dicta
1224 1055 1453 1099 subiungebat,
1474 1055 1549 1089 dicti
1576 1062 1769 1100 exponentes
1794 1057 1862 1099 plu-

1120 1109 1237 1142 rimum
1271 1109 1400 1153 cupiant
1433 1109 1595 1143 decretum
1630 1110 1861 1153 praeinsertum

1120 1162 1310 1206 apostolicae
1327 1168 1454 1196 nostrae
1479 1162 1726 1196 confirmationis
1748 1163 1863 1196 robore

1121 1215 1311 1248 communiri
1323 1226 1329 1247 ε

1166 1268 1180 1311 ἓ
1193 1267 1223 1301 3.
1238 1269 1311 1309 Nos,
1325 1269 1451 1302 eosdem
1466 1275 1657 1313 exponentes
1674 1270 1863 1313 specialibus

1121 1320 1283 1355 favoribus
1307 1327 1338 1355 et
1362 1323 1472 1365 gratiis
1491 1323 1639 1366 prosequi
1666 1324 1815 1365 volentes,
1835 1329 1864 1355 et,

1122 1385 1233 1408 eorum
1258 1375 1434 1418 singulares
1467 1386 1618 1419 personas
1654 1387 1671 1408 a
1703 1377 1864 1419 quibusvis

1122 1429 1467 1469 excomnumicationis,
1494 1429 1709 1472 suspensionis
1727 1435 1755 1462 et
1773 1430 1866 1462 inter-

1123 1481 1207 1524 dicti,
1225 1482 1357 1525 aliisque
1374 1483 1593 1515 ecclesiasticis
1609 1483 1779 1525 sententiis7
1799 1494 1867 1516 een-

1124 1535 1206 1568 suris
1224 1541 1253 1568 et
1269 1535 1389 1579 poenis,
1404 1546 1421 1568 a
1438 1536 1506 1568 iure
1523 1537 1570 1568 vel
1587 1535 1625 1570 ab
1644 1537 1780 1578 homine,
1794 1548 1867 1580 qua-

1126 1588 1169 1621 vis
1183 1589 1349 1622 occasione
1364 1589 1410 1621 vel
1424 1591 1518 1621 causa
1535 1589 1614 1631 latis,
1626 1590 1651 1622 si
1665 1590 1779 1633 quibus
1793 1601 1867 1635 quo-

1125 1642 1297 1676 modolibet
1314 1643 1479 1676 innodatae
1496 1643 1642 1683 existunt,
1662 1644 1700 1675 ad
1721 1644 1867 1676 effectum

1125 1696 1337 1738 praesentium
1355 1696 1516 1728 dumtaxat
1533 1696 1800 1739 consequendum,
1815 1697 1868 1729 lia-

1126 1759 1197 1781 rum
1226 1749 1307 1782 serie
1335 1749 1530 1782 absolventes
1558 1754 1589 1781 ct
1615 1749 1772 1783 absolutas
1800 1751 1867 1782 sore

1126 1806 1297 1843 censentes,
1308 1802 1590 1845 supplicationibus
1601 1803 1726 1835 illorum
1740 1803 1868 1835 nomine

1126 1855 1217 1888 nobis
1237 1865 1331 1899 super
1352 1855 1412 1888 hoc
1432 1855 1594 1888 humiliter
1611 1856 1765 1898 porrectis
1783 1856 1870 1887 ineli-

1125 1908 1211 1949 nati‚
1241 1908 1403 1941 decretum
1432 1909 1665 1952 praeinsertum
1694 1909 1869 1952 apostoliea

1127 1961 1322 2001 auctoritate,
1341 1967 1449 1994 tenore
1468 1962 1693 2005 praesentium,
1719 1962 1871 2004 approba-

1128 2025 1199 2048 mus
1223 2020 1253 2048 et
1277 2015 1522 2056 confirmamus,
1548 2015 1655 2058 illique
1683 2015 1870 2048 inviolabilis

1128 2068 1319 2111 apostolicae
1342 2068 1501 2101 firmitatis
1526 2068 1624 2101 robur
1642 2068 1816 2109 adijcimus,
1835 2079 1871 2101 ae

1129 2130 1238 2153 omnes
1263 2125 1292 2154 et
1316 2121 1456 2164 singulos
1483 2127 1545 2154 tam
1569 2121 1647 2153 iuris
1673 2131 1769 2165 quam
1798 2122 1871 2154 sacti

1129 2173 1278 2214 desectus,
1296 2173 1321 2206 si
1336 2174 1390 2218 qui
1415 2174 1550 2218 desuper
1569 2174 1807 2218 quomodolibet
1824 2175 1871 2206 in-

1129 2226 1336 2266 tervenerint,
1361 2227 1555 2270 supplemus.

1174 2279 1228 2323 §4
1241 2279 1452 2314 Decernentes
1464 2280 1541 2313 illud
1553 2290 1678 2313 necnon
1691 2286 1870 2323 praesentes

1755 200 1819 233 235
1865 210 1917 237 An.
1937 209 1966 238 G.
1984 209 2048 238 1031

1898 537 2017 559 Decretum.

1928 1015 2062 1040 [monentes

1878 1040 1985 1062 decretum
2022 1043 2062 1062 hoc

1878 1070 1947 1092 petunt
1988 1069 2062 1089 contir-

1878 1101 1937 1114 iiiiiiii

1920 1280 1986 1309 [ruo-l*
1997 1279 2063 1300 [sba-

1879 1313 1917 1327 nus
1932 1308 2003 1327 etheit.

1910 2287 2020 2307 Clausulae
2031 2292 2068 2312 pm

1886 2317 2027 2338 prat-§eitiunt
2038 2314 2070 2332 ht-

1130 2333 1249 2366 litteras
1272 2333 1389 2373 valida,
1412 2333 1506 2366 firma
1530 2338 1560 2366 et
1580 2333 1718 2366 efficacia
1736 2333 1869 2365 existere
1886 2343 1977 2361 iuratum
2008 2340 2070 2360 firmi-

1131 2391 1161 2418 et
1184 2386 1261 2427 fore,
1286 2396 1421 2430 suosque
1443 2387 1603 2430 plenarios
1623 2392 1653 2419 et
1673 2387 1812 2428 integros
1831 2387 1871 2419 es-

1131 2440 1229 2474 fectus
1253 2439 1360 2472 sortiri
1385 2444 1416 2472 et
1439 2439 1592 2480 obtinere,
1609 2450 1645 2472 ac
1662 2439 1700 2471 ab
1714 2439 1870 2480 omnibus,

1132 2493 1171 2526 ad
1194 2503 1274 2536 quos
1298 2497 1418 2536 spectat
1431 2497 1461 2526 et
1472 2503 1531 2537 pro
1545 2499 1687 2537 tempore
1706 2494 1870 2537 spectabit,

393 2563 411 2590 2
425 2563 526 2591 Forsan
545 2563 688 2599 legendum
707 2572 837 2592 asserens
856 2572 884 2591 se
902 2564 1047 2593 inclinare
1069 2564 1099 2591 ιή
1134 2545 1357 2579 inviOlabilitffl'
1380 2546 1558 2586 0b501'vffl'i3
1584 2547 1690 2590 Sicque
1710 2557 1766 2590 pes
1783 2558 1874 2590 QUOS*

361 2617 452 2637 unam
463 2611 579 2644 partem
595 2609 634 2644 (R.
646 2608 695 2644 r).

1135 2609 1271 2643 cumque
1296 2599 1414 2634 iudices
1439 2599 1616 2633 ordinarios
1641 2604 1669 2633 et
1691 2599 1873 2643 delegatos,

1885 2369 1937 2388 tate.
