2248 3229
212 239 260 265 An.
277 238 305 266 c.
328 237 395 266 1633
440 229 505 264 350
992 236 1171 260 BULLARIUM
1195 235 1349 260 Romaim

410 293 441 320 et
464 287 601 321 efficacia
618 287 750 319 existere
763 290 793 318 et
807 284 882 325 fore,
900 294 935 316 ac
950 284 989 316 ab
1004 284 1150 316 omnibus

410 341 448 373 ad
472 351 550 385 quos
574 344 692 383 spectat
709 342 739 372 et
752 349 811 382 pro
829 342 972 382 tempore
987 337 1149 382 spectabit,

411 392 632 426 inviolabiliter
655 391 833 431 observari,
859 391 964 435 sicque
984 401 1040 435 per
1060 401 1151 434 quos-

411 456 544 489 cumque
569 445 687 479 iudices
711 445 889 479 ordinarios
915 449 945 478 et
973 444 1151 488 delegatos,

412 499 504 531 etiam
529 509 694 532 causarum
718 498 825 542 palatii
845 497 1009 542 apostolici
1034 497 1152 531 audito-

412 563 471 592 res,
490 552 621 585 iudicari
639 557 668 585 et
688 552 812 585 definiri
830 551 955 594 debere,
974 562 1009 584 ac
1028 550 1151 584 irritum

413 610 442 637 et
466 605 568 646 inane,
593 605 618 638 si
643 616 733 638 secus
758 615 853 649 super
874 605 922 637 liis
945 615 960 637 a
982 614 1152 648 quoquam,

412 658 521 702 quavis
545 659 749 700 auctoritate,
774 659 908 692 scienter
933 658 978 691 vel
1006 658 1153 701 ignoran-

414 718 475 756 ter,
501 713 669 757 contigerit
693 713 849 746 attentari.

457 767 472 810 ἓ
488 766 517 799 4.
536 767 603 800 Non
621 767 816 800 obstantibus
836 765 1111 800 constitutionibus
1125 769 1154 798 et

413 820 663 854 ordinationibus
679 820 870 865 apostolicis,
888 820 1063 865 ceterisque
1080 829 1154 853 con—

416 874 519 908 trariis
544 874 805 918 quibuscumque.

281 940 398 962 Contrariis
459 928 515 972 55.
540 928 692 961 Volumus
706 934 820 971 autem,
841 927 926 972 quod
940 927 1154 972 praesentium

215 968 310 994 ¹¹⁹¹'⁰²³¹'
416 983 637 1027 transumptis,
662 983 756 1016 etiam
782 983 959 1026 impressis,
986 992 1080 1015 mann
1105 982 1156 1014 ali-

416 1037 505 1069 enius
525 1037 639 1069 notarii
660 1036 778 1080 publici
798 1036 991 1079 subscriptis,
1007 1040 1037 1070 et
1053 1035 1156 1078 sigillo

416 1100 567 1134 personae
589 1090 619 1122 in
641 1089 792 1133 dignitate
816 1089 1027 1122 ecclesiastica
1046 1088 1157 1122 consti-

417 1148 498 1178 tutae
524 1144 662 1184 munitis,
687 1143 795 1176 eadem
820 1153 951 1187 prorsus
976 1142 1053 1175 fides
1073 1142 1157 1174 adbi-

416 1198 538 1238 beatur,
560 1208 640 1240 quae
658 1197 732 1240 ipsis
752 1196 970 1240 praesentibus
994 1195 1157 1228 adbibere-

418 1255 484 1292 tur,
511 1250 534 1282 si
561 1251 663 1284 forent
686 1249 842 1282 exhibitae
868 1250 913 1282 vel
941 1254 1093 1282 ostensae.

462 1304 572 1336 Datum
604 1304 729 1343 Romae,
749 1303 831 1347 apud
855 1302 884 1335 S.
909 1302 1037 1335 Mariam
1062 1301 1157 1334 Maio—

418 1368 495 1400 rem,
514 1357 571 1390 sub
589 1357 704 1390 annulo
722 1356 888 1390 piscatoris
902 1383 909 1396 ‚
929 1356 979 1388 die
1001 1366 1062 1389 xxv
1082 1355 1157 1388 iunii

418 1421 589 1454 tincxxxlu,
615 1410 814 1455 pontificatus
835 1409 933 1444 nostri
955 1420 1036 1442 anno
1058 1419 1086 1442 x.

454 1475 512 1502 Dat.
534 1474 577 1502 die
597 1474 631 1503 25
652 1475 716 1502 iunii
735 1474 811 1508 1633,
833 1473 927 1510 pontif.
946 1481 1016 1501 anuo
1032 1479 1059 1500 x.

715 1617 863 1651 CDLXVI.

421 1699 577 1734 Fctcultas
610 1698 831 1732 ecclesiasticis
861 1697 956 1741 requi
987 1696 1162 1731 Sardiniae

463 1757 590 1796 partem
603 1753 677 1786 novi
690 1751 831 1785 subsidii
843 1751 1161 1794 quadrinqentorum

465 1807 611 1839 ‘millium
627 1810 803 1844 scutorum,
820 1805 906 1848 quod
922 1805 992 1847 νομί
1005 1803 1162 1836 catholico

465 1860 560 1902 requi
579 1863 682 1893 slatus
702 1858 897 1898 obtulerunt,
918 1857 960 1891 acl
980 1858 1163 1901 quxc'uquen-

467 1913 562 1946 nium
579 1911 782 1956 persolvendi
792 1910 810 1944 ¹.

425 1993 604 2021 charissimo
624 1993 655 2020 in
675 1993 790 2020 Christo
809 1992 871 2020 filio
891 1994 993 2020 nostro
1013 1991 1162 2026 Philippo,

566 2038 776 2072 Hispaniarum
786 2037 849 2072 regi
861 2036 1021 2068 catholico,

633 2091 768 2118 Urbanus
787 2091 863 2124 Papa
881 2090 959 2118 VIII.

515 2152 694 2181 charissime
711 2152 741 2179 in
762 2152 879 2180 Christo
899 2152 942 2179 fili
962 2154 1076 2185 noster,

462 2199 592 2225 salutem
611 2200 642 2225 et.
661 2197 855 2231 apostolicam
881 2196 1128 2225 benedictionem.

283 2277 412 2298 Facultatem
472 2269 487 2313 g
510 2268 540 2302 ³1.
565 2269 648 2302 Alias
672 2279 690 2301 a
712 2268 804 2302 nobis
834 2273 1020 2301 emanarunt
1044 2268 1165 2301 litterae

229 2305 281 2325 aba<
313 2305 413 2325 ecclesia-

229 2331 413 2378 gieziffietxwlgssffi
430 2322 545 2356 tenoris
562 2322 780 2366 subsequentis
793 2322 949 2356 videlicet:
967 2322 1166 2356 Clearissimo

230 2384 413 2432 d‘uvlffigidlsub-
428 2377 464 2409 in
483 2376 609 2410 Christo
624 2376 694 2419 filio
711 2380 830 2416 nostro,
846 2381 903 2409 etc.
921 2375 1091 2409 Ειείυιίηε9
1102 2385 1167 2408 wea-

229 2417 290 2432 nfflm
362 2426 368 2432 ’
429 2430 553 2463 {estatis
571 2434 654 2471 tuac,
675 2435 743 2470 etc.,
769 2430 826 2462 sub
850 2430 958 2462 datum
983 2429 1032 2462 die
1049 2440 1067 2462 v
1086 2434 1167 2462 octo-

429 2483 494 2516 bris
524 2493 679 2523 MDcxxvl,
707 2493 840 2516 ann01v
866 2483 978 2527 (prout
1004 2493 1061 2516 suo
1092 2482 1166 2523 loeo,

430 2540 587 2578 tom.x111‚
611 2547 682 2581 pag.
708 2536 796 2580 493).

468 2610 478 2634 1
502 2607 538 2634 Ex
558 2609 666 2643 Regest.
689 2609 715 2635 in
735 2608 837 2636 Secret.
858 2608 935 2635 Brev.

466 2652 483 2678 2
498 2651 568 2680 Edit.
585 2652 663 2683 Maia.
680 2652 744 2689 legit
758 2653 897 2683 Ewimiae
911 2653 948 2688 (n.
961 2653 1008 2687 T.).

1227 284 1242 327 ἓ
1266 284 1295 316 2.
1312 283 1387 316 Cum
1402 285 1516 322 autem,
1534 283 1612 315 sicut
1628 283 1731 316 denuo
1748 281 1917 315 maiestatis

1185 341 1254 369 tuae
1279 335 1406 370 nomine
1430 335 1521 368 nobis
1537 345 1638 378 nuper
1658 335 1833 379 expositum
1851 334 1918 375 suit,

1184 389 1299 422 subditi
1324 388 1368 421 tui
1388 388 1479 431 regni
1496 387 1657 422 Sardiniae
1673 387 1705 420 in
1720 387 1853 421 comitiis
1870 398 1921 430 ge-

1184 442 1351 484 neralibus,
1377 441 1660 475 animadvertentes
1683 440 1824 473 eamdem
1849 451 1917 473 ma-

1185 496 1326 529 iestatem
1350 499 1434 530 tuam
1455 506 1513 539 pro
1531 494 1603 527 fidei
1624 493 1795 527 catholicae
1812 494 1843 526 in
1859 493 1922 526 Bel-

1185 550 1262 592 gicis
1287 549 1458 583 ditionibus
1474 548 1653 582 defensione
1673 546 1866 591 gravissimis
1879 556 1923 580 as-

1186 604 1273 637 sidue
1298 603 1475 648 sumptibus
1499 602 1618 646 urgeri,
1643 601 1922 646 quadrigentorum

1186 658 1319 691 millium
1337 661 1497 692 scutorum
1515 656 1701 699 subsidium,
1720 655 1821 699 spatio
1838 654 1925 698 quin-

1187 722 1246 756 que
1259 721 1425 752 annorum,
1440 710 1619 754 octuaginta
1632 709 1764 742 millium
1782 707 1922 742 videlicet

1187 776 1245 809 pro
1276 765 1419 810 quolibet
1450 774 1553 805 anno,
1577 763 1840 808 persolvendum,
1865 772 1925 806 pro

1188 819 1290 852 causis
1321 819 1352 851 in
1384 818 1589 863 praeinsertis
1623 817 1734 850 litteris
1769 815 1926 860 expressis

1189 873 1340 907 maiestati
1366 878 1436 906 tuae
1460 873 1599 906 oblatum
1616 876 1646 905 et
1671 881 1727 915 per
1742 880 1798 904 nos
1815 880 1927 914 appro-

1189 928 1305 968 batum,
1329 932 1364 960 ut
1388 927 1583 971 praefertur,
1608 925 1646 958 ad
1670 923 1869 964 decennium,
1893 934 1927 956 0-

1189 980 1347 1023 etuaginta
1372 980 1504 1013 millium
1536 979 1654 1013 scilicet
1684 982 1844 1013 scutorum
1868 987 1928 1020 pro

1189 1034 1329 1078 quolibet
1347 1034 1420 1067 dicti
1441 1033 1584 1067 decennii
1605 1043 1697 1074 anno,
1712 1032 1743 1065 in
1760 1031 1854 1065 certis
1873 1036 1929 1064 ter-

1190 1088 1283 1121 minis
1307 1099 1342 1121 ac
1368 1087 1462 1121 niodo
1487 1091 1516 1121 et
1541 1087 1641 1120 forma
1675 1091 1748 1119 tunc
1774 1084 1929 1129 expressis

1190 1153 1244 1175 seu
1269 1142 1480 1186 exprimendis
1498 1141 1695 1184 exigendum,
1713 1140 1751 1173 de
1768 1150 1849 1173 noro
1868 1150 1930 1171 ma-

1191 1195 1289 1228 iestati
1315 1200 1385 1228 tuae
1411 1195 1602 1235 obtulerint,
1627 1205 1682 1227 seu
1707 1193 1783 1226 illud
1808 1193 1845 1225 ad
1870 1192 1929 1225 de-

1191 1250 1335 1282 cennium
1360 1248 1540 1282 huiusmodi
1566 1247 1761 1282 extenderint
1791 1252 1820 1279 et
1850 1257 1928 1290 pro—

1192 1303 1372 1346 rogaverint
1403 1303 1441 1335 ad
1472 1302 1617 1335 effectum
1647 1299 1869 1333 manutenendi
1901 1301 1930 1332 in

1191 1356 1281 1391 dictis
1301 1356 1434 1399 Belgicis
1459 1355 1639 1396 ditionibus,
1660 1358 1790 1399 propter
1813 1353 1930 1386 bellum

1192 1415 1301 1443 contra
1315 1409 1490 1442 haereticos
1503 1414 1533 1442 et
1546 1408 1618 1441 fidei
1632 1407 1803 1441 catholicae
1816 1407 1931 1446 hostes,

1192 1474 1289 1497 unum
1304 1463 1429 1496 tertium
1444 1462 1577 1496 militum
1588 1461 1759 1496 Sardorum
1776 1471 1934 1504 nuncupa-

1193 1523 1309 1559 torum,
1320 1528 1374 1551 seu
1388 1515 1682 1560 nuncupandorum,
1692 1525 1728 1548 ac
1738 1514 1934 1548 venerabiles

1193 1572 1306 1604 fratres
1328 1569 1573 1614 archiepiscopi,
1590 1568 1731 1613 episcopi
1749 1572 1779 1601 et
1794 1567 1933 1611 reliquae

1194 1634 1349 1668 personae
1373 1622 1622 1662 ecclesiasticae,
1647 1622 1700 1665 qui
1731 1621 1763 1653 in
1793 1620 1932 1653 eiusdem

1194 1678 1285 1721 regni
1309 1676 1445 1710 comitiis
1470 1676 1697 1717 interfuerunt,
1723 1674 1754 1706 in
1778 1673 1932 1707 solutione

1195 1731 1335 1774 subsidii,
1361 1730 1462 1763 eidem
1488 1729 1641 1763 maiestati
1658 1733 1729 1761 tuae
1746 1731 1780 1762 ut
1799 1727 1934 1771 praeser-

1197 1788 1246 1819 lur
1276 1784 1315 1817 de
1346 1794 1427 1818 novo
1459 1783 1557 1817 oblati
1581 1793 1634 1815 seu
1661 1781 1781 1814 extensi
1805 1786 1835 1813 et
1858 1790 1933 1824 pro-

1196 1838 1308 1881 rogati,
1332 1848 1391 1881 pro
1416 1847 1525 1870 eorum
1551 1837 1630 1877 rata,
1654 1840 1763 1869 nostro
1788 1839 1818 1868 et
1842 1834 1934 1867 huius

1196 1896 1319 1924 sanctae
1343 1890 1430 1923 Sedis
1455 1889 1621 1923 accedente
1640 1888 1847 1932 beneplacito,
1864 1898 1934 1921 con-

1197 1955 1325 1978 currere
1354 1944 1498 1978 similiter
1525 1947 1672 1987 prompte
1696 1947 1727 1976 et
1749 1942 1849 1975 libere
1877 1941 1934 1974 ol)-

1198 1998 1325 2032 tulerint
1349 2003 1378 2030 et
1401 1996 1605 2042 promiserint
1614 2007 1622 2036 3

1241 2053 1256 2096 ἓ
1279 2052 1309 2086 3.
1335 2053 1378 2085 Ex
1403 2062 1440 2086 eo
1457 2057 1559 2085 antem
1578 2049 1662 2094 quod
1678 2059 1736 2093 per
1752 2049 1935 2082 Lateranen-

1198 2117 1231 2139 se
1259 2106 1427 2140 concilium
1460 2104 1630 2138 novissime
1661 2103 1853 2136 celebratum
1882 2102 1933 2135 di-

1198 2169 1366 2203 versasque
1390 2159 1465 2191 alias
1490 2157 1654 2191 canonicas
1679 2156 1854 2190 sanctiones
1878 2156 1936 2189 sub

1198 2213 1330 2246 diversis
1354 2212 1494 2246 censuris
1527 2215 1557 2245 et
1586 2211 1696 2255 poenis
1725 2215 1852 2244 cavetur
1883 2220 1935 2243 ex-

1199 2277 1306 2310 presse
1331 2276 1370 2299 ne
1393 2275 1496 2308 reges,
1520 2264 1688 2309 principes,
1706 2263 1800 2298 etalii
1817 2264 1935 2297 secula-

1199 2332 1248 2353 res
1273 2320 1474 2363 magistratus
1506 2319 1544 2351 ab
1576 2318 1832 2362 areliiepiscopiS,
1861 2317 1937 2361 epis-

1199 2374 1296 2417 copis,
1321 2373 1486 2406 abbatibus
1504 2377 1534 2405 et
1551 2372 1618 2405 aliis
1635 2371 1779 2416 personis
1797 2370 1938 2404 ecclesia-

1200 2427 1296 2468 sticis,
1314 2427 1407 2460 etiam
1432 2431 1543 2470 sponte
1567 2425 1780 2467 offerentibus,
1801 2424 1937 2467 aliquam

1200 2481 1350 2525 pecuniae
1367 2490 1523 2513 summam
1544 2480 1608 2513 sive
1628 2479 1863 2513 subventionem
1881 2476 1940 2510 exi-

1201 2539 1275 2577 gant
1299 2545 1353 2567 seu
1378 2534 1553 2578 recipiant,
1579 2533 1722 2566 maiestas
1753 2537 1805 2564 tua
1834 2535 1864 2563 et
1894 2531 1939 2563 tui

1202 2588 1284 2620 illius
1305 2588 1394 2631 regni
1412 2587 1546 2621 ministri
1564 2586 1715 2627 dubitent,
1732 2589 1831 2617 ratam
1849 2594 1939 2628 prae-

1202 2641 1317 2675 dictam
1353 2640 1534 2685 recipicndo
1571 2648 1719 2674 censuras
1755 2643 1786 2673 et
1821 2647 1938 2682 poenas

1932 232 1981 259 An.
1998 231 2026 258 C.
2047 232 2117 260 1633

1959 292 1975 313 Ῑι
1991 298 2040 314 vero
2059 293 2117 313 atiud

1934 320 1996 340 eliam
2049 320 2118 340 subsi-

1934 347 1991 367 dium
2002 348 2075 372 sponte
2089 346 2118 366 os·

1936 373 2011 395 serunt.

2023 2055 2082 2079 Quod
2098 2058 2133 2076 rex

1949 2084 2066 2108 apostotica
2082 2083 2134 2108 petit

1950 2110 2079 2130 auctoritate
2099 2114 2134 2129 re·

1951 2136 2028 2158 boi-ari.
