2248 3229
73 230 121 260 An.
143 231 173 260 G.
190 229 258 259 1632

107 2468 248 2492 Prooemium.

878 228 1022 253 URBANUS
1046 227 1103 253 VIII
1126 229 1175 253 Pr.

271 278 524 324 praedecessoris
542 277 640 312 nostri
654 277 692 312 de
707 277 779 319 una,
794 277 868 311 etin
881 276 1015 311 concilio

271 332 411 376 generali
429 332 514 365 edita
537 331 576 365 de
593 331 725 374 duabus,
743 331 916 365 dummodo
933 331 1016 363 ultra

271 392 336 419 tres
361 385 460 419 dietas
484 385 598 430 aliquis
622 385 661 418 ad
685 385 837 418 iudicium
868 394 932 418 non
958 389 1016 418 tra—

272 439 376 479 hatur,
394 438 527 482 aliisque
545 437 821 472 constitutionibus
841 442 871 470 ct
894 436 1017 471 ordina-

272 490 430 525 tionibus¹
455 492 646 536 apostolicis,
663 502 700 524 ac
720 491 1015 534 congregationum,

273 546 420 589 ordinum
438 551 468 579 et
484 545 698 580 institutorum
712 545 904 587 huiusmodi,
923 543 1015 577 ctiam

274 600 461 641 iuramento,
491 597 731 632 confirmatione
758 597 943 642 apostolica,
968 597 1016 630 vel

274 652 383 696 quavis
406 652 557 685 firmitate
580 651 641 685 alia
664 651 833 693 roboratis,
849 650 970 684 statutis
987 654 1017 683 et

275 704 575 747 consuctudinibus,
600 704 775 748 privilegiis
807 714 944 748 quoquc,
969 703 1016 736 in-

276 758 370 792 dultis
394 763 424 791 et
439 757 552 791 litteris
577 758 758 802 apostolicis
776 757 807 790 in
823 756 1015 791 contrarium

274 811 523 856 praemissorum
564 811 802 854 quomodolibet
837 810 992 844 concessis
1008 837 1016 851 ,

276 865 469 899 confirmatis
486 871 517 899 et
533 865 705 906 innovatis;
731 865 847 910 quibus
871 863 1017 897 omnibus

276 925 303 953 et
319 919 461 962 singulis,
472 929 581 952 eorum
593 924 717 953 tenores
730 917 947 963 praesentibus
959 928 1017 961 pro

276 973 367 1017 plene
381 978 411 1006 et
428 973 618 1006 sufficienter
635 972 790 1016 expressis
812 982 848 1005 ac
866 971 905 1004 dc
922 971 1017 1004 verbo

275 1026 315 1059 ad
332 1027 465 1059 verbum
489 1026 614 1060 insertis
631 1025 792 1066 habentes,
809 1024 870 1057 illis
894 1024 970 1057 alias
987 1024 1018 1056 in

278 1091 335 1114 suo
345 1080 463 1114 robore
474 1079 701 1124 permansuris,
711 1078 750 1111 ad
767 1078 1017 1123 praemissorum

277 1132 426 1166 effectum
450 1133 509 1166 hac
525 1132 592 1166 vice
609 1131 771 1166 dumtaxat
794 1131 971 1176 specialiter
989 1136 1019 1164 et

276 1196 423 1230 expresse
440 1185 643 1229 derogamus3
658 1185 834 1229 ceterisque
851 1184 1018 1218 contrariis

276 1237 537 1284 quibuscumque.

319 1293 430 1326 Datum
447 1293 575 1335 Romae,
588 1291 671 1336 apud
688 1292 717 1326 S.
734 1292 872 1333 Petrum,
892 1291 951 1324 sub
967 1301 1019 1324 an-

274 1347 351 1380 nulo
379 1346 565 1386 piscatoris,
593 1346 643 1379 die
671 1356 690 1378 v
715 1345 821 1379 martii
845 1355 1017 1388 MDcxxxn,

276 1400 476 1444 pontificatus
492 1399 592 1433 nostri
617 1409 698 1433 anno
718 1409 761 1432 lx.

314 1462 371 1490 Dat.
388 1462 432 1490 die
446 1463 464 1490 5
478 1462 567 1490 martii
585 1462 662 1496 1632,
683 1462 778 1498 pontif.
800 1470 870 1490 anno
886 1470 923 1490 ix.

565 1588 730 1621 CDXXXll.

277 1658 414 1692 Mandat
428 1658 556 1692 n'mztiis
569 1659 754 1702 apostolicis
774 1658 864 1703 apud
880 1659 1018 1704 impera-

323 1716 417 1745 torem
441 1717 470 1745 ct
493 1722 597 1756 reyem
613 1713 784 1753 Potoniae,
805 1717 842 1745 ut
866 1712 1019 1756 deputent

322 1776 424 1798 unam
444 1775 500 1798 scu
519 1765 630 1809 plures
640 1776 795 1809 personas
808 1767 844 1799 in
858 1766 1019 1810 (ligynz'talc

323 1819 539 1851 ecclesiastica
553 1819 755 1859 constitutas,
765 1830 848 1863 quac
868 1819 1018 1853 ecclesias

323 1872 543 1905 cathedralem
569 1876 598 1905 cl
622 1872 828 1916 colleqz'alam
851 1873 883 1907 S.
910 1873 1019 1907 Crucis

329 1925 592 1958 Vrastslaviensis
615 1926 712 1958 semet
737 1930 866 1959 lantum
886 1926 1017 1960 visitent

323 1983 351 2011 cl
374 1978 548 2021 reforment
556 1978 577 2010 ⁹.

279 2050 405 2077 Dilectis
429 2050 512 2084 filiis,
533 2050 643 2078 nostris
664 2054 695 2078 et
714 2051 905 2085 Apostolicae
933 2051 1019 2079 Sedis

315 2095 394 2129 apud
410 2095 603 2123 charissimos
618 2096 650 2123 in
666 2096 783 2123 Christo
798 2096 878 2123 filios
898 2099 1018 2124 nostros

316 2140 531 2168 Perdinandum
547 2141 743 2169 Romanorum
762 2148 860 2175 regem
879 2142 910 2168 in
930 2141 1020 2175 impe-

314 2188 446 2213 ratorem
467 2187 599 2213 electum
628 2194 660 2214 ac
686 2186 906 2220 Sigismundum
934 2187 1019 2213 Polo-

314 2230 382 2256 niae
402 2232 433 2258 et
452 2231 576 2258 sveciae
595 2239 695 2266 regem
715 2232 866 2259 illustrem
885 2231 1017 2267 nunciis,

474 2283 612 2311 Urbanus
638 2284 717 2318 Papa
742 2285 820 2312 VIII.

493 2345 603 2373 Dilecti
617 2346 673 2373 filii
688 2346 803 2379 nostri,

316 2389 446 2416 salutem
466 2391 498 2417 et
516 2390 712 2424 apostolicam
730 2391 982 2419 benedictionem.

324 2459 508 2504 Cupientes,
531 2464 565 2494 ut
589 2460 620 2493 in
644 2461 760 2501 maiori
784 2462 1018 2497 Vratislaviensi

281 2523 316 2546 ac
333 2513 465 2546 seculari
479 2517 508 2548 et
529 2513 693 2557 collegiata
710 2515 850 2549 eeclesiis
867 2517 896 2550 S.
911 2517 1019 2551 Crucis

318 2585 327 2611 1
347 2584 417 2611 Edit.
435 2584 513 2612 Main.
531 2584 596 2620 legit
610 2585 761 2614 ordinibus
775 2586 813 2621 (R.
830 2587 880 2621 Τ,).

315 2628 332 2655 2
350 2628 388 2656 Ex
407 2628 516 2666 Regest.
535 2629 563 2657 in
581 2629 684 2658 Secret.
704 2630 782 2659 Brev.

1048 276 1280 310 Vratislariensi
1310 274 1519 309 ecclesiastica
1534 302 1541 316 ‚
1573 275 1792 321 regularisque

1048 330 1225 374 disciplina,
1244 328 1298 362 ubi
1318 329 1457 373 collapsa
1480 334 1539 370 cst,
1561 328 1745 363 restituatur
1762 335 1792 363 et

1048 382 1101 416 ubi
1119 387 1303 416 conservata
1321 386 1367 416 est
1382 382 1577 416 constantius
1592 387 1790 426 perseveret:

1093 436 1108 479 g
1132 435 1162 468 1.
1187 436 1271 469 Motu
1302 435 1400 478 igitur
1431 435 1562 480 proprio
1591 440 1621 469 et
1645 445 1682 469 cx
1707 437 1792 469 certa
1827 449 1992 481 commissimus

1049 488 1179 522 scientia
1202 488 1327 529 nostris,
1346 488 1434 522 vobis
1454 494 1484 521 et
1508 494 1648 522 vestrum
1665 489 1793 523 cuilibet
1807 481 1880 503 ΨΜ]
1896 476 1990 498 mmm·

1049 551 1106 586 per
1129 546 1310 586 praesentes
1343 542 1572 576 committimus
1604 548 1634 576 ct
1664 542 1792 576 manda-

1050 606 1136 638 mus,
1161 599 1316 640 quatenus
1348 606 1403 629 vos
1438 601 1468 629 ct
1500 600 1638 630 vestrum
1662 596 1794 641 quilibet

1049 649 1082 682 in
1105 648 1261 682 solidum¹
1281 658 1375 682 unam
1393 659 1448 682 seu
1464 649 1571 693 plures
1593 660 1745 693 personas
1761 650 1793 683 in

1049 702 1201 745 dignitate
1231 702 1443 736 ecclesiastica
1476 703 1660 736 constitutas
1677 730 1684 744 ‚
1713 714 1793 747 quac

1051 756 1199 794 ecclesias.
1224 755 1420 799 praedictas,
1444 755 1633 800 illarumque
1658 757 1794 800 capitula

1051 815 1081 842 ct
1105 820 1278 853 personas,
1304 809 1397 843 ctiam
1423 815 1603 854 exemptas,
1633 821 1668 843 ac
1702 810 1794 844 nobis

1051 868 1081 896 et
1106 863 1302 906 Apostolicac
1320 862 1391 896 Sedi
1416 862 1582 903 subiectas,
1606 864 1701 896 semel
1727 869 1794 896 tan-

1052 921 1128 958 tum,
1143 915 1329 948 auctoritate
1351 916 1459 948 nostra
1482 915 1612 958 visitent,
1628 926 1663 949 ac
1683 921 1744 949 tam
1762 916 1793 949 in

1052 969 1152 1013 capite
1166 979 1261 1013 quam
1278 969 1310 1001 in
1335 969 1486 1001 membris
1502 970 1691 1012 reforment,
1710 980 1745 1002 ac
1763 970 1794 1003 in

1052 1022 1181 1055 illorum
1207 1026 1321 1056 statum
1333 1032 1347 1062 ,·
1365 1021 1475 1064 vitain,
1501 1032 1624 1063 mores,
1649 1023 1793 1066 regulas,

1052 1075 1206 1118 regimen,
1232 1079 1360 1116 statuta,
1386 1075 1639 1116 consuetudines,
1660 1075 1739 1108 ritus
1765 1081 1795 1109 et

1052 1129 1252 1173 disciplinam
1266 1133 1328 1161 tam
1350 1128 1544 1162 coniunctim
1558 1139 1651 1172 quam
1670 1129 1794 1163 divisim

1052 1182 1220 1226 diligenter
1241 1181 1412 1226 inquirant,
1436 1192 1559 1216 necnon
1580 1183 1795 1226 (evangelicae

1053 1240 1082 1269 et
1102 1235 1293 1279 apostolicae
1306 1235 1477 1276 doctrinae,
1498 1246 1725 1280 sacrorumque
1745 1247 1795 1270 ca-

1052 1299 1170 1321 nonum
1180 1293 1211 1321 et
1223 1288 1418 1331 generalium
1428 1288 1646 1331 conciliorum,
1660 1295 1690 1322 et
1705 1300 1796 1334 prae-

1053 1341 1161 1375 sertim
1180 1341 1354 1374 Tridentini
1378 1341 1524 1383 decretis,
1550 1353 1586 1375 ae
1611 1348 1793 1377 sanctorum

1053 1400 1178 1439 patrum
1206 1394 1425 1427 traditionibus
1451 1394 1666 1440 inhaerendo)
1699 1407 1795 1442 quae-

1053 1447 1208 1492 cumque⁹
1224 1448 1407 1488 mutatione,
1425 1449 1632 1493 correctione,
1652 1451 1795 1484 emenda-

1054 1501 1149 1543 tione,
1170 1501 1384 1542 renovatione,
1404 1502 1614 1545 revocatione,
1639 1514 1675 1537 ac
1702 1504 1795 1538 etiam

1053 1566 1089 1588 ex
1114 1555 1239 1598 integro
1263 1554 1400 1588 editione
1414 1555 1555 1599 indigere
1579 1559 1794 1601 cognoverint,

1052 1608 1245 1651 reforment,
1270 1613 1410 1650 mutent,
1437 1610 1614 1653 corrigant,
1640 1621 1675 1644 ac
1700 1611 1794 1644 etiam

1053 1660 1090 1693 de
1106 1671 1188 1694 novo
1203 1662 1348 1701 condant,
1362 1661 1496 1705 condita,
1511 1664 1608 1696 sacris
1622 1664 1795 1698 canonibus

1053 1718 1083 1748 et
1114 1714 1244 1748 Concilii
1272 1716 1444 1749 Tridentini
1475 1717 1626 1761 praedicti
1660 1718 1795 1752 decretis

1053 1779 1089 1802 ac
1106 1769 1379 1803 constitutionibus
1399 1771 1581 1815 apostolicis
1598 1782 1661 1805 non
1675 1777 1796 1806 contra-

1053 1822 1108 1865 ria,
1134 1823 1333 1866 confirment,
1359 1824 1476 1857 abusus
1500 1836 1717 1870 quoscumque
1741 1828 1796 1860 tol-

1053 1876 1126 1916 lant,
1153 1875 1251 1909 bonas
1276 1882 1306 1909 et
1330 1877 1502 1911 laudabiles
1520 1878 1741 1923 institutiones,
1759 1891 1796 1914 ac

1053 1928 1083 1961 in
1103 1929 1214 1973 primis
1231 1929 1373 1963 divinum
1394 1932 1512 1965 cultum
1539 1933 1796 1967 ecclesiasticam-

1052 1993 1114 2026 que
1127 1983 1324 2027 disciplinam
1339 1990 1369 2017 et
1392 1985 1636 2028 observantiam,
1652 1986 1794 2021 ubicum-

1053 2047 1113 2079 que
1130 2037 1314 2080 exciderint,
1338 2038 1440 2072 modis
1464 2040 1613 2083 congruis
1631 2041 1796 2075 restituant

1053 2094 1084 2122 et
1099 2089 1302 2133 reintegrent,
1325 2091 1469 2135 ipsasque
1486 2103 1637 2136 personas
1654 2094 1693 2126 ad
1713 2094 1796 2128 debi-

1055 2147 1119 2176 tum
1138 2148 1168 2176 ct
1184 2144 1353 2177 honestum
1379 2145 1457 2179 vitae
1482 2146 1612 2179 modum
1637 2154 1794 2191 revocent,

1053 2207 1089 2230 ac
1113 2197 1264 2241 quidquid
1295 2198 1367 2231 inde
1393 2200 1557 2234 statuerint.
1581 2206 1611 2234 et
1635 2202 1796 2235 ordinave-

1053 2250 1116 2283 rint
1146 2250 1307 2284 observari
1342 2252 1476 2296 saciant,
1509 2264 1545 2287 ac
1580 2254 1795 2289 inobedientes

1053 2314 1110 2347 per
1126 2313 1274 2338 censuras
1291 2305 1517 2340 ecclesiasticas
1534 2308 1657 2352 aliaque
1682 2320 1795 2353 oppor—

1055 2362 1128 2390 tuna
1151 2357 1229 2391 iuris
1246 2362 1276 2392 et
1290 2358 1360 2392 facti
1378 2360 1518 2393 remedia
1536 2367 1650 2405 cogant.
1666 2368 1696 2395 ct
1713 2373 1794 2396 com-

1053 2412 1184 2455 pellant,
1210 2412 1333 2456 aliaque
1357 2415 1464 2447 onmia
1488 2421 1515 2448 et
1548 2416 1690 2459 singula,
1714 2428 1795 2461 quae

1053 2476 1111 2509 pro
1141 2466 1369 2500 ecclesiastieae
1398 2467 1580 2512 disciplinae
1612 2469 1794 2504 huiusmodi

1053 2519 1249 2554 restitutione
1274 2521 1461 2563 necessaria,
1478 2532 1533 2556 scu
1557 2523 1795 2567 quomodolibet

1091 2593 1102 2618 1
1122 2591 1220 2618 Vocem
1240 2595 1383 2626 quatenus
1397 2593 1540 2628 repetitam
1556 2593 1676 2622 delemus
1690 2596 1728 2630 (n.
1742 2596 1791 2631 Τ.).

1089 2635 1106 2662 2
1120 2634 1189 2662 Edit.
1206 2634 1284 2666 Μαίη.
1301 2635 1384 2664 habet
1399 2644 1578 2673 quacumque
1593 2637 1633 2674 (R.
1650 2638 1699 2674 Τ.).

1694 218 1758 252 279
1804 229 1853 256 An.
1874 228 1989 258 (21632
