2248 3229
267 238 316 266 An.
334 239 361 267 C.
383 240 450 268 1638
496 231 558 265 646

296 1521 406 1542 Decretum
425 1522 449 1542 ir-

268 1552 340 1569 filansr

312 2265 454 2291 Eaequntores

272 2291 363 2317 deputat.

468 289 560 332 cipali
585 287 805 327 ascendentes,
827 286 864 318 ad
889 285 1042 319 rationem
1068 287 1205 330 quinque

466 352 524 386 pro
541 339 730 379 centenarIO,
745 349 838 382 super
853 349 981 371 suorum
997 340 1204 372 monasterio-

466 405 536 426 rum
562 393 651 426 bonis
676 393 847 435 imponere,
869 392 1001 435 illosque
1026 392 1094 424 aliis
1118 392 1206 425 ditio-

466 447 553 479 ribus
585 446 658 478 dicti
691 445 815 478 Ordinis
852 445 1051 478 monasteriis
1084 450 1203 478 tantum

466 500 619 539 alienare,
645 509 740 542 seque
766 503 795 532 et
820 499 901 531 dieta
926 499 1115 532 monasteria
1141 500 1204 531 sive

465 552 590 585 illorum
616 551 697 584 bona
715 552 752 583 ad
778 551 965 584 solutionem
992 562 1141 584 censuum
1161 552 1203 584 sic

465 605 727 648 imponendorum
743 610 772 637 et
785 605 1020 638 alienandorum
1032 605 1204 637 faciendam

465 659 621 701 obligare,
642 659 831 691 monasteria
856 669 930 691 rero
957 658 1071 692 ditiora
1095 659 1204 691 huius-

466 712 548 744 modi
563 712 805 755 pauperioribus
823 712 1022 745 monasteriis
1037 712 1205 756 praedictis

464 765 667 808 pecuniarum
700 776 837 798 summas
868 766 912 798 eis
942 766 1134 799 necessarias
1167 766 1205 799 ad

465 829 575 851 census
599 829 652 851 seu
672 829 731 862 pro
756 819 901 852 censibus
923 820 1102 853 huiusmodi
1129 831 1203 853 con-

465 872 588 912 cedere,
602 882 775 915 censusque
791 873 969 916 praedietos
983 873 1051 915 sibi,
1067 878 1099 905 ut
1115 884 1205 916 prae-

464 926 573 966 fertur,
591 926 770 959 vendendos
784 931 814 958 et
831 926 1035 969 assignandos
1052 927 1204 970 recipere,

464 990 500 1012 ac
520 979 728 1012 instrumenta
745 979 881 1023 desuper
905 980 1082 1012 necessaria
1103 985 1132 1012 et
1152 991 1206 1024 op-

464 1038 599 1076 portuna
611 1033 770 1065 celebrare
785 1032 957 1076 respective
968 1033 1065 1065 libere
1079 1038 1109 1065 et
1123 1033 1206 1066 licite

464 1086 584 1129 possint
610 1091 640 1120 el
664 1087 795 1127 valeant,
813 1087 984 1130 apostolica
1010 1087 1205 1129 auctoritate,

465 1145 573 1173 tenore
593 1140 816 1183 praesentium,
835 1140 1037 1172 concedimus
1058 1145 1087 1172 et
1108 1140 1208 1172 indul-

466 1203 598 1234 gemus,
619 1193 772 1237 dictisque
798 1194 904 1225 abbati
929 1204 983 1226 seu
1008 1194 1206 1237 procuratori

466 1246 666 1288 generalibus
682 1247 881 1279 monasteriis
895 1246 1081 1290 praedictis¹
1100 1247 1138 1280 ad
1158 1258 1208 1291 pe-

465 1300 627 1332 cuniarum
640 1310 779 1332 summas
793 1300 854 1332 illis
866 1300 1069 1340 necessarias,
1080 1306 1113 1332 ut
1122 1311 1208 1344 prae-

465 1353 573 1393 fertur,
584 1353 798 1386 concedendas
811 1353 943 1396 cogendi
954 1359 983 1386 et
998 1354 1206 1397 compellendi

465 1406 599 1449 plenam,
613 1407 797 1439 auctoritate
815 1411 845 1439 et
861 1411 969 1439 tenore
984 1406 1142 1450 praefatis,
1156 1407 1208 1438 tri—

465 1460 590 1493 buimus
608 1461 796 1494 facultatem.

511 1514 567 1558 §4
583 1515 981 1558 Decernentespraesentes
998 1514 1116 1547 litteras
1131 1526 1207 1548 sem—

466 1578 521 1610 per
547 1567 683 1610 validas,
709 1568 816 1599 firmas
848 1571 877 1601 et
906 1568 1048 1600 efficaces
1073 1568 1206 1601 existere

467 1623 495 1652 et
519 1620 595 1659 sore,
616 1630 751 1663 suosque
776 1619 934 1663 plenarios
955 1625 984 1653 et
1008 1620 1147 1663 integros
1168 1622 1207 1653 es-

466 1672 563 1705 sectus
588 1673 695 1705 sortiri
719 1678 749 1705 et
773 1673 926 1713 obtinere,
944 1683 979 1706 ac
1000 1673 1037 1705 ab
1058 1674 1206 1706 omnibus

467 1731 495 1758 ct
510 1726 651 1768 singulis,
667 1727 704 1759 ad
720 1737 798 1769 quos
815 1731 934 1770 spectat
950 1732 979 1759 et
991 1737 1049 1770 pro
1066 1731 1205 1770 tempore

466 1780 628 1822 spectabit,
654 1780 876 1812 inviolabiliter
901 1780 1073 1822 observari,
1095 1791 1206 1824 paupe-

466 1832 604 1865 rioribus
628 1843 703 1865 vero
728 1833 927 1865 monasteriis
952 1833 1120 1876 praedictis
1141 1834 1207 1877 ple-

467 1885 593 1918 nissime
607 1886 783 1928 suflragari,
797 1886 903 1929 sicque
920 1897 976 1930 per
989 1897 1205 1930 quoscumque

468 1938 587 1972 iudices
621 1939 798 1972 ordinarios
834 1944 863 1973 et
899 1939 1080 1982 elongatos,
1113 1941 1205 1973 etiam

469 2002 633 2024 causarum
658 1993 762 2035 palatii
789 1993 952 2036 apostolici
973 1993 1142 2034 auditores,
1162 1994 1207 2026 iu-

469 2045 565 2077 dicari
599 2050 627 2078 et
659 2046 782 2078 deliniri
807 2046 943 2087 debere,
968 2058 1002 2079 ae
1029 2047 1152 2079 irritum
1179 2052 1208 2079 et

469 2098 569 2138 inane,
587 2098 611 2130 si
626 2109 715 2131 secus
740 2109 834 2142 super
852 2099 899 2131 his
917 2109 932 2131 a
951 2110 1120 2143 quoquam,
1136 2111 1208 2143 qua-

468 2151 513 2183 ris
537 2152 742 2193 auctoritate,
767 2152 901 2184 scienter
926 2153 972 2185 vel
1004 2153 1207 2196 ignoranter,

469 2204 636 2246 eontigerit
653 2205 806 2238 attentari.

514 2258 528 2300 ἓ
553 2257 581 2290 5.
607 2258 759 2296 Quocirca
784 2259 931 2292 omnibus
956 2263 986 2292 ct
1010 2259 1143 2302 singulis
1164 2259 1208 2292 lo-

471 2322 581 2343 corum
599 2311 773 2345 Ordinariis
793 2323 848 2355 per
865 2317 1046 2356 praesentes
1064 2312 1207 2345 comunt-

471 2364 563 2397 timus
588 2370 618 2398 et
642 2366 848 2405 mandamus,
873 2372 1026 2409 quatenus
1056 2366 1136 2410 ipsi,
1162 2366 1206 2398 vel

470 2418 541 2460 duo,
567 2423 619 2452 aut
643 2429 723 2451 unus
747 2430 867 2459 eorum,
886 2430 941 2463 per
962 2430 1003 2461 se,
1030 2420 1077 2452 rel
1101 2420 1208 2460 alium,

472 2482 525 2504 seu
545 2472 632 2512 alios,
647 2478 827 2515 praesentes
848 2473 966 2505 litteras
984 2478 1010 2506 et
1031 2473 1061 2505 in
1078 2473 1122 2505 eis
1140 2483 1210 2505 con-

471 2530 553 2558 tenta
577 2536 812 2570 quaecumque,
837 2527 890 2559 ubi
923 2531 951 2560 et
980 2526 1104 2570 quando
1130 2537 1209 2570 opus

509 2597 518 2621 rl
538 2596 630 2630 Aptius
645 2596 735 2624 forsan
752 2597 890 2632 legeretur
905 2598 1084 2626 monasteria
1095 2597 1210 2633 praecli-

472 2642 516 2667 οἱα
533 2649 629 2675 neinpe
645 2643 752 2671 ditiora
768 2646 804 2677 (n.
820 2646 867 2677 T.).

1042 237 1220 263 BULLAmUM
1243 237 1397 264 ROMANU'M

1240 287 1348 327 suerit,
1374 291 1404 318 et
1428 287 1549 329 quoties
1573 297 1631 330 pro
1663 293 1753 330 parte
1777 287 1898 321 abbatis
1922 296 1977 319 seu

1239 340 1454 383 procuratoris
1475 340 1679 382 generalium,
1699 341 1978 374 monasteriorum-

1239 403 1299 435 que
1323 392 1424 425 dictae
1440 392 1709 435 Congregationis,
1726 393 1914 436 illorumque
1931 404 1978 426 su-

1239 448 1413 491 periorum,
1431 453 1461 480 et
1485 458 1540 480 seu
1564 447 1695 480 alicuius
1720 457 1841 487 eorum,
1861 446 1978 478 suerint

1240 501 1392 544 requisiti,
1418 501 1599 534 solemniter
1624 500 1834 544 publicantes,
1858 510 1894 532 ac
1918 499 1978 531 illis

1239 554 1270 586 in
1281 554 1462 597 praemissis
1477 553 1611 586 efficacis
1621 553 1810 586 defensionis
1820 551 1978 596 praesidio

1239 607 1427 647 assistentes,
1445 607 1557 639 saciant
1583 606 1768 639 auctoritate
1791 607 1897 638 nostra
1915 614 1978 637 eas-

1239 660 1309 692 dem
1330 665 1520 703 praesentes,
1540 670 1575 692 ae
1592 659 1697 693 omnia
1714 659 1745 692 in
1762 659 1806 692 eis
1824 661 1978 699 contenta,

1240 715 1278 747 ab
1305 714 1450 747 omnibus
1487 725 1566 757 quos
1602 714 1654 746 illa
1678 717 1871 747 concernunt
1905 712 1979 744 inte-

1239 778 1295 810 gre
1313 772 1343 800 et
1360 767 1583 800 inviolabiliter
1600 766 1770 800 observari.

1283 822 1298 864 ξ
1312 821 1340 854 Ο.
1358 821 1611 855 Contradictores
1627 820 1783 864 quoslibet
1799 825 1829 853 et
1845 819 1978 852 rebelles

1239 885 1295 918 per
1319 874 1499 915 sententias,
1516 885 1664 907 censuras
1690 878 1719 906 et
1742 884 1860 917 poenas
1884 873 1979 906 eccle-

1240 928 1389 970 siasticas,
1410 928 1533 972 aliaque
1557 932 1734 971 opportuna
1759 927 1836 960 iuris
1860 931 1890 959 et
1908 926 1979 960 sacti

1241 982 1392 1022 remedia,
1418 981 1625 1025 appellatione
1649 981 1834 1025 postposita,
1859 990 1981 1024 compe-

1241 1034 1376 1075 scendo,
1401 1034 1612 1077 legitimisque
1637 1045 1732 1078 super
1755 1034 1804 1066 bis
1829 1033 1980 1066 habendis

1241 1089 1370 1121 servatis
1395 1087 1605 1131 processibus,
1631 1087 1808 1127 sententias,
1833 1096 1981 1119 censuras

1243 1147 1272 1174 et.
1289 1152 1405 1184 poenas
1425 1141 1518 1184 ipsas,
1535 1141 1627 1173 etiam
1647 1140 1766 1173 iteratis
1784 1140 1914 1180 vicibus,
1932 1149 1982 1182 ag-

1241 1194 1410 1237 gravando,
1433 1195 1576 1227 invocato
1593 1194 1686 1226 etiam
1707 1193 1745 1226 ad
1770 1194 1840 1235 hoe,
1858 1193 1882 1225 si
1901 1203 1980 1236 opus

1242 1248 1345 1287 suerit,
1362 1247 1477 1280 auxilio
1494 1247 1615 1279 brachii
1637 1247 1796 1280 secularis.

1286 1302 1300 1344 ἓ
1327 1301 1355 1333 7.
1374 1301 1442 1333 Non
1459 1300 1653 1334 obstantibus
1677 1300 1775 1333 felicis
1792 1299 1980 1332 recordatio-

1242 1354 1288 1386 nis
1298 1354 1383 1386 Pauli
1398 1355 1498 1397 Papae
1509 1354 1544 1394 ll,
1555 1353 1753 1397 aliorumque
1766 1353 1980 1386 Romanorum

1242 1408 1427 1440 Pontificum
1444 1407 1724 1450 praedecessorum
1741 1410 1923 1440 nostrorum
1944 1405 1981 1438 de

1242 1462 1335 1494 rebus
1360 1461 1515 1494 Ecclesiae
1546 1470 1609 1493 non
1634 1460 1827 1499 alienandis,
1852 1459 1982 1502 aliisque

1241 1513 1518 1547 constitutionibus
1548 1517 1578 1546 et
1610 1512 1861 1545 ordinationibus
1886 1522 1980 1555 apos-

1242 1567 1363 1608 tolicis,
1400 1576 1524 1599 necnon
1560 1566 1662 1599 dictae
1702 1565 1981 1608 Congregationis,

1241 1621 1386 1664 illiusque
1401 1620 1677 1659 monasteriorum,
1690 1619 1783 1651 etiam
1794 1618 1980 1657 iuramento,

1240 1673 1479 1706 confirmatione
1503 1672 1690 1715 apostolica,
1714 1671 1762 1704 vel
1788 1670 1896 1714 quavis
1920 1670 1974 1702 fir⁷

1241 1727 1346 1759 mitate
1370 1726 1431 1758 alia
1455 1725 1621 1765 roboratis,
1644 1725 1765 1757 statutis
1790 1728 1819 1758 et
1843 1734 1977 1757 consue-

1242 1779 1416 1821 tudinibus,
1442 1778 1615 1822 privilegiis
1640 1787 1775 1822 quoque,
1800 1776 1927 1809 indultis
1952 1781 1981 1808 et

1241 1833 1352 1866 litteris
1382 1832 1582 1876 apostolicis,
1609 1832 1638 1863 in
1673 1830 1866 1864 eontrarium
1891 1839 1980 1874 prae-

1242 1886 1409 1918 missorum
1428 1884 1666 1928 quomodolibet
1686 1883 1854 1924 concessis,
1871 1882 1982 1916 confir-

1242 1939 1332 1971 matis
1363 1942 1392 1972 ct
1425 1937 1597 1977 innovatis,
1628 1937 1742 1980 quibus
1775 1936 1921 1969 omnibus
1952 1940 1981 1968 et

1241 1992 1388 2035 singulis,
1414 1992 1540 2024 illorum
1567 1991 1709 2024 oninium
1735 1994 1860 2023 tenores
1884 1999 1981 2033 prae-

1241 2047 1382 2079 sentibus
1399 2057 1457 2090 pro
1475 2046 1567 2090 plene
1592 2050 1621 2078 ct
1646 2043 1835 2077 sufficienter
1860 2053 1982 2086 expres-

1241 2099 1282 2132 sis
1315 2099 1487 2139 habentes,
1518 2098 1579 2131 illis
1608 2098 1683 2130 alias
1715 2097 1745 2130 in
1778 2107 1834 2130 suo
1866 2096 1982 2129 robore

1242 2152 1466 2196 permansuris,
1491 2152 1527 2184 ad
1554 2151 1798 2195 praemissorum
1825 2150 1981 2191 effectum,

1242 2205 1420 2249 specialiter
1445 2210 1474 2238 et
1500 2215 1646 2248 expresse
1671 2204 1879 2247 derogamus,
1904 2207 1982 2236 cete-

1242 2260 1347 2303 risque
1363 2259 1529 2292 contrariis
1545 2259 1804 2302 quibuscumque.

1288 2314 1302 2356 ξ
1326 2313 1355 2345 8.
1382 2312 1533 2345 Volumus
1558 2317 1672 2352 autem,
1690 2311 1773 2355 quod
1791 2320 1903 2344 census
1926 2309 1982 2342 hu-

1245 2365 1403 2405 iusmodi,
1429 2366 1473 2398 sic
1507 2370 1541 2398 ut
1573 2365 1750 2408 praefertur
1778 2362 1980 2407 imponendi,

1243 2425 1359 2462 quanto
1385 2419 1476 2452 citius
1500 2419 1567 2451 sieri
1593 2418 1718 2462 poterit,
1744 2418 1979 2460 extinguantur:

1243 2472 1389 2516 quodque
1409 2472 1623 2516 praesentium
1648 2471 1861 2514 transumptis,
1888 2470 1980 2503 etiam

1243 2526 1413 2570 impressis,
1444 2537 1538 2558 manu
1567 2525 1697 2558 alicuius
1725 2524 1838 2558 notarii
1863 2523 1979 2567 publici

1243 2579 1441 2623 subscriptis,
1456 2585 1485 2612 et
1499 2579 1602 2622 sigillo
1616 2588 1769 2622 personae
1787 2577 1981 2620 indignitate

1227 2632 1453 2675 ¹ecclesiastiea
1489 2632 1672 2665 constitutae
1698 2630 1847 2671 munitis,
1872 2629 1980 2662 eadem

1990 236 2038 264 An.
2056 237 2084 265 C.
2106 236 2174 266 1638

2027 830 2178 856 Transgressu-

1993 863 2027 878 τες
2037 858 2105 884 puniri
2120 864 2178 878 man·

2017 1309 2132 1330 Contrariis
2143 1308 2180 1329 do-

1997 1338 2062 1361 rogat.

2035 2318 2179 2343 'francumpus

1997 2344 2053 2364 cred·
2072 2344 2135 2364 iubet.
