2248 3229
242 218 291 246 An.
313 218 341 247 c.
360 219 424 249 1631
473 212 539 246 ⁶254

264 704 403 726 Prooemium.

268 2189 418 2211 christifideles

234 2217 261 2237 ad
285 2217 319 2237 insi
326 2218 418 2243 ascripta

235 2244 357 2268 perag-*uda
381 2245 417 2265 ad-

234 2269 337 2292 hortatur.

745 270 870 303 CDXXI.

436 333 624 366 Iuhilaeum
646 332 832 366 universate
851 333 893 366 acl
913 332 1062 367 divinam
1086 345 1176 378 opem

480 380 722 424 implorandam
733 381 769 414 in
780 383 1006 425 praesentibus
1016 383 1176 417 Ecclesiae

479 430 723 463 necessitatibus
736 428 755 462 ¹.

636 501 772 529 urbanus
793 501 873 536 Papa
893 503 970 531 vm.

436 553 588 581 Universis
600 554 858 589 christifidelibus,
867 559 1043 590 praesentes
1054 556 1174 585 litteras

470 593 664 629 inspecturis,
682 596 810 623 salutem
827 599 858 624 et
874 597 1071 631 apostolicam
1086 598 1175 626 bene-

470 633 640 662 dictionem.

479 695 619 739 Supplici
649 696 901 731 christifidelium
929 708 1004 732 voce
1033 699 1176 732 clamavi-

435 759 505 781 mus
521 749 558 781 ad
576 747 754 791 Dominum,
773 756 803 783 et
823 751 981 785 clamore2
996 762 1175 796 persevera-

436 811 515 842 mus,
528 812 592 835 non
608 802 764 836 modicam
780 804 811 836 in
825 804 929 837 Italiac
946 805 1174 839 calamitatibus

435 854 557 888 divinae
589 856 772 890 clementiae
798 858 1045 892 consolationem
1075 859 1174 903 perci-

435 907 564 950 pientes;
574 909 707 942 nostris³
718 914 821 943 tamen
831 910 987 944 Ecclesiae
997 911 1173 945 Catholicae

435 960 584 1003 periculis
598 961 834 996 imminentibus
846 964 879 996 in
895 964 1072 1004 Germania,
1086 976 1174 1009 prac-

435 1014 543 1046 sertim
568 1015 673 1048 bellici
697 1017 851 1050 tumultus
876 1018 996 1061 impetu
1019 1023 1049 1051 et
1070 1019 1174 1063 perni-

435 1066 519 1099 ciosa
542 1067 681 1101 hostium
705 1069 899 1103 orthodoxae
919 1071 992 1104 fidei
1016 1071 1117 1104 maius
1142 1072 1172 1104 in

434 1119 500 1153 dies
524 1121 623 1154 robur
647 1122 807 1156 invasione
824 1129 976 1166 sumente,
994 1125 1173 1168 praecipuis

435 1174 580 1207 eumdem
604 1175 781 1218 Dominum,
807 1176 860 1219 qui
884 1176 970 1210 dives
995 1182 1040 1210 est
1063 1178 1095 1210 in
1119 1178 1174 1210 mi-

434 1227 616 1270 scricordia,
641 1229 790 1271 precihus
808 1230 895 1263 adire
915 1230 1122 1273 decrevimus,
1140 1235 1174 1265 ut

434 1280 652 1323 complacitior
685 1281 725 1314 sit
759 1282 882 1323 adhuc,
919 1288 949 1315 et
986 1283 1172 1326 religionem

433 1332 620 1367 catholicam
645 1344 663 1366 a
686 1334 777 1368 malis
808 1335 931 1378 penitus
956 1336 1095 1370 eximere
1120 1337 1169 1370 di-

433 1392 555 1428 gnetur.
587 1387 747 1431 Imprimis
782 1389 878 1431 igitur
910 1400 966 1433 per
994 1395 1171 1425 accuratam

432 1445 635 1483 peccatorum
667 1442 876 1485 expiationem
909 1444 1044 1478 contrito
1078 1445 1173 1478 corde

432 1493 656 1537 poenitentiam
673 1501 811 1538 agentes,
829 1497 1036 1542 eleemosynis
1054 1503 1083 1532 et
1101 1499 1174 1531 ieiu-

432 1546 493 1580 niis
517 1548 599 1581 vires
624 1549 777 1582 orationis
808 1560 1001 1594 augeamus,
1033 1557 1063 1585 et
1093 1552 1172 1584 iram

432 1600 557 1644 placare
581 1612 732 1635 conemur
757 1603 822 1636 cius
837 1630 844 1644 ‚
875 1604 928 1648 qui
956 1604 1092 1648 benigne
1116 1616 1172 1639 nos

431 1654 536 1696 arguit
559 1660 590 1688 et
613 1665 702 1699 spem
733 1656 840 1690 salutis
868 1657 1019 1701 praebet,
1044 1658 1171 1692 dicens:

434 1707 669 1741 Convertimini
685 1709 801 1750 adme,
824 1715 853 1743 et
877 1721 932 1754 esso
950 1716 1117 1745 convertar
1130 1713 1173 1746 ad

431 1769 493 1792 vos.
519 1761 681 1804 Quocirca,
702 1768 746 1803 ut,
763 1768 917 1807 quantum
942 1775 1014 1797 cum
1038 1765 1171 1799 Domino

431 1823 612 1857 possumus,
637 1815 745 1849 fideles
770 1816 808 1849 ad
833 1817 910 1851 haec
933 1818 1068 1852 alacrius
1084 1829 1174 1862 pera-

432 1867 534 1908 genda
557 1867 744 1910 invitemus,
777 1880 836 1913 pro
867 1876 976 1904 nostro
1006 1873 1172 1915 pastoralis

431 1919 525 1953 officii
543 1931 683 1962 munere,
696 1933 733 1955 ex
751 1924 882 1956 solemni
900 1924 999 1968 ipsius
1014 1926 1172 1959 Ecclesiae

431 1972 504 2015 ritu⁷
515 1964 655 2007 eiusdem
670 1975 826 2008 Ecclesiae
841 1976 1015 2017 thesauros,
1025 1989 1171 2021 quorum,

431 2026 504 2059 licet
526 2027 620 2060 nullis
644 2029 760 2061 nostris
778 2030 909 2070 meritis,
927 2041 943 2063 a
962 2031 1094 2065 Domino
1111 2032 1172 2066 dis-

431 2085 616 2123 pensatores
641 2082 800 2115 constituti
825 2093 953 2124 sumus,
975 2085 1118 2128 proferre
1143 2091 1173 2120 et

432 2131 609 2173 largissime
634 2143 766 2176 erogare
786 2134 1038 2170 deliberavimus.

477 2185 492 2228 ἓ
514 2185 543 2217 4.
566 2185 681 2228 ltaque,
698 2197 734 2219 ex
760 2192 849 2231 parte
874 2189 1098 2233 omnipotentis
1118 2191 1171 2224 Dei

433 2236 533 2270 Patris
558 2243 588 2270 et
612 2239 681 2271 Filii
707 2244 738 2272 et
761 2241 897 2283 Spiritus
921 2242 1035 2285 Sancti,
1062 2254 1172 2277 omnes

432 2296 463 2324 et
479 2291 619 2335 singulos
636 2294 802 2338 utriusque
826 2306 917 2329 sexus
943 2297 1170 2340 christifideles,

431 2348 494 2377 tam
527 2345 558 2377 in
590 2346 673 2379 alma
707 2347 789 2380 Urbe
813 2350 941 2390 nostra,
971 2361 1066 2394 quam
1098 2351 1171 2383 alibi

431 2398 547 2442 ubique
581 2400 724 2434 locorum
760 2403 965 2446 constitutos,
999 2404 1171 2448 apostolica

431 2454 616 2487 auctoritate
633 2460 763 2499 paterne
780 2456 980 2500 requirimus,
995 2468 1170 2500 monemus,

467 2533 479 2559 1
502 2532 539 2560 Ex
558 2534 668 2570 Regest.
690 2536 717 2562 in
737 2536 839 2565 Secret.
860 2537 937 2566 Brev-

466 2576 482 2603 Ξ
499 2576 600 2606 Forsan
616 2579 760 2615 legendum
775 2582 903 2610 clamare
918 2585 954 2616 (R.
967 2584 1014 2617 τ.).

466 2620 483 2648 3
498 2620 639 2651 Videretur
654 2624 797 2660 legendum
811 2627 891 2656 novis
903 2635 950 2662 pro
962 2628 1068 2659 nostris
1079 2627 1167 2663 (mr).

1017 223 1196 248 BULLARIUM
1220 224 1375 249 ROMANUM

1211 273 1296 305 etin
1320 273 1454 306 Domino
1484 273 1649 308 hortamur
1679 275 1718 309 ad
1749 275 1947 320 infrascripta

1210 325 1320 359 devote
1343 326 1559 369 peragendum
1583 332 1613 359 et
1635 327 1886 372 adimplendum,
1911 339 1947 362 ac

1210 378 1247 410 ad
1270 378 1364 412 totins
1383 379 1605 412 consolationis
1618 379 1717 413 Deum
1731 381 1896 422 orandum,
1914 387 1945 415 ut

1209 441 1266 475 per
1290 431 1410 465 viscera
1433 432 1670 466 misericordiae
1694 443 1767 466 suae
1787 434 1882 467 sidem
1902 444 1948 467 ca-

1156 495 1159 497 ·
1210 485 1358 518 tholieam
1375 489 1552 529 protegere,
1570 485 1624 519 ae¹
1642 486 1681 519 ab
1700 486 1839 520 hostium
1860 497 1949 521 cona-

1211 538 1294 571 tibus
1319 544 1349 572 et
1373 539 1494 572 insidiis
1518 540 1700 582 defendere,
1718 540 1874 574 haeresim
1899 551 1949 574 ex-

1210 592 1339 636 tirpare,
1364 592 1562 637 principibus
1587 593 1763 626 christianis
1786 603 1895 637 pacem
1920 599 1949 626 et

1211 655 1318 678 veram
1343 645 1546 679 concordiam
1569 646 1696 689 donare,
1722 657 1758 680 ac
1780 647 1949 690 praecipue

1210 699 1429 741 praesentibus
1449 699 1606 733 Ecclesiae
1622 700 1860 734 necessitatibus
1876 700 1949 734 suh-

1210 753 1318 785 venire
1342 753 1499 796 dignetur.

1254 805 1269 849 §
1293 806 1322 838 2.
1340 806 1402 840 Nos
1422 807 1517 848 enim,
1531 807 1570 840 de
1582 808 1806 852 omnipotentis
1822 808 1877 842 Dei
1893 808 1950 841 mi-

1209 858 1382 892 sericordia
1417 870 1454 893 ac
1488 860 1656 894 beatorum
1684 861 1767 894 Petri
1800 867 1830 895 et
1860 861 1947 894 Pauli

1208 913 1423 955 apostolorum
1447 913 1514 947 eius
1539 914 1726 948 auctoritate
1750 914 1882 956 confisi,
1910 925 1946 948 ex

1208 965 1262 998 illa
1278 966 1396 1009 ligandi
1410 972 1503 1011 atque
1516 967 1657 1001 solvendi
1677 973 1841 1012 potestate,
1855 978 1948 1012 qnam

1207 1019 1297 1053 nobis
1322 1021 1474 1054 Dominus
1498 1032 1555 1065 per
1583 1022 1804 1057 abundantiam
1829 1022 1949 1066 gratiae

1208 1083 1281 1106 suae
1306 1075 1454 1116 contulit,
1480 1075 1636 1108 universis
1661 1081 1690 1108 et
1714 1076 1846 1119 singulis
1870 1077 1950 1109 chri-

1208 1127 1394 1161 stifidelibus
1425 1128 1456 1161 in
1488 1129 1572 1175 alma
1598 1130 1681 1163 Urbe
1705 1130 1865 1173 praedicta
1898 1130 1950 1163 dc-

1208 1181 1365 1223 gentibus,
1391 1181 1444 1225 qui
1470 1182 1663 1216 solemnibus
1683 1183 1947 1227 processionibus,

1209 1243 1289 1276 quae
1323 1235 1362 1267 ab
1396 1235 1528 1268 ecclesia
1558 1236 1590 1268 B.
1624 1237 1737 1269 Mariae
1772 1237 1809 1270 de
1838 1237 1948 1270 Anima

1208 1289 1386 1330 nuncupata
1420 1288 1459 1321 ad
1491 1288 1653 1322 basilicam
1682 1289 1836 1333 Principis
1867 1300 1946 1334 apo-

1208 1340 1362 1373 stolorum
1386 1341 1436 1374 dic
1460 1342 1620 1383 mercurii,
1643 1347 1673 1375 et
1697 1343 1735 1375 ab
1760 1343 1870 1376 eadem
1896 1353 1947 1376 ec-

1209 1393 1305 1426 clesia
1329 1393 1368 1426 ad
1392 1395 1556 1428 ecclesiam
1574 1396 1813 1429 Lateranensem
1834 1396 1884 1430 die
1901 1407 1948 1429 ve-

1207 1446 1304 1489 neris,
1331 1457 1454 1481 necnon
1479 1447 1518 1480 ab
1542 1448 1651 1481 eadem
1677 1449 1809 1482 ecclesia
1833 1449 1862 1482 S.
1880 1450 1946 1482 Ma-

1208 1499 1274 1533 riae
1299 1499 1337 1533 de
1368 1501 1480 1534 Anima
1513 1501 1552 1534 ad
1582 1501 1747 1536 basilicam
1775 1502 1804 1536 S.
1832 1503 1948 1536 Mariae

1206 1554 1331 1588 Maioris
1363 1555 1401 1588 de
1432 1555 1516 1589 Urbe
1547 1556 1597 1589 die
1629 1556 1748 1590 sabbati
1772 1557 1947 1601 praesentis

1206 1607 1422 1641 hebdomadae
1444 1619 1501 1652 per
1526 1609 1706 1642 universum
1728 1610 1848 1642 clerum
1869 1610 1947 1643 eius-

1206 1659 1277 1693 dem
1302 1660 1394 1694 Urbis
1418 1662 1597 1705 respective
1618 1662 1704 1703 fient,
1726 1662 1945 1704 interfuerint,

1205 1718 1258 1746 aut
1281 1713 1335 1757 qui
1360 1714 1470 1747 eadem
1494 1714 1653 1758 praesenti
1688 1715 1736 1748 vel
1765 1715 1945 1750 immediate

1206 1767 1347 1810 sequenti
1373 1767 1571 1800 hebdomada
1598 1767 1724 1801 easdem
1749 1768 1896 1802 basilicas
1917 1774 1947 1802 et

1205 1820 1353 1853 eeclesias
1378 1821 1488 1853 saltem
1508 1821 1605 1854 semel
1622 1821 1825 1864 visitaverint,
1839 1822 1946 1866 ibique

1205 1872 1326 1913 devote,
1343 1878 1378 1905 ut
1394 1883 1500 1917 supra,
1516 1874 1616 1906 Deum
1636 1874 1804 1917 oraverint,
1822 1885 1944 1908 necnon

1206 1927 1282 1959 seria
1312 1929 1424 1970 quarta
1457 1933 1488 1960 et
1517 1929 1603 1961 sexta
1632 1938 1667 1961 ac
1699 1928 1829 1962 sabbato
1862 1929 1945 1962 eius-

1205 1979 1276 2013 dem
1301 1980 1475 2023 praesentis
1492 1981 1540 2013 vel
1557 1981 1715 2024 sequentis
1731 1981 1945 2015 hebdomadae

1207 2033 1422 2076 ieiunaverint,
1433 2038 1463 2067 et
1472 2039 1598 2078 peccata
1610 2044 1665 2067 sua
1676 2034 1808 2068 confessi
1820 2035 1944 2077 suerint,

1207 2091 1299 2130 atque
1319 2086 1350 2119 in
1371 2087 1475 2130 primo
1496 2087 1546 2120 die
1566 2087 1724 2120 dominico
1741 2088 1789 2120 vel
1807 2088 1944 2122 secundo

1206 2150 1261 2172 seu
1285 2140 1383 2173 altero
1408 2140 1471 2173 alio
1494 2140 1647 2173 dictarum
1672 2140 1945 2176 hebdomadarum

1206 2192 1255 2225 die
1280 2193 1513 2226 sanctissimae*²
1528 2194 1744 2228 Eucharistiae
1761 2205 1941 2229 sacramen-

1207 2247 1673 2291 tumreverentersumpserint,
1688 2251 1717 2282 et
1730 2248 1944 2294 eleemosynas

1205 2299 1243 2331 ad
1267 2299 1410 2339 libitum,
1434 2305 1531 2344 prout
1554 2301 1690 2335 charitas
1715 2302 1846 2346 singulis
1873 2313 1945 2347 sug-

1205 2353 1347 2396 gesserit,
1372 2354 1519 2394 fecerint,

1249 2407 1264 2450 ᾗ
1287 2406 1317 2439 3.
1342 2406 1459 2440 Ceteris
1485 2417 1560 2441 vero
1585 2408 1731 2443 omnibus
1757 2414 1787 2443 et
1811 2409 1943 2453 singulis

1204 2512 1310 2546 bustis
1343 2514 1538 2558 civitatibus,
1575 2516 1668 2549 terris
1700 2521 1729 2550 et
1760 2517 1859 2558 locis,
1888 2528 1941 2561 qui

1241 2585 1251 2610 1
1271 2584 1493 2613 Coniunctionem
1509 2595 1541 2613 ac
1556 2594 1604 2614 nos
1619 2586 1744 2614 addimus
1761 2591 1796 2618 (n.
1814 2588 1863 2623 T.).

1238 2628 1255 2656 2
1269 2628 1340 2657 Alias
1354 2629 1455 2665 legitur
1469 2631 1684 2660 sanctissimum
1699 2634 1738 2667 (ιι.
1755 2631 1802 2666 12).

1960 228 2010 256 An.
2031 227 2059 257 C.
2077 228 2141 257 1631

1989 824 2024 848 lis,
2036 824 2070 850 qui
2087 829 2146 851 prae-

1963 851 2042 876 scripta
2052 851 2086 872 hic
2097 857 2146 877 ope·

1963 884 1986 898 ra
1998 877 2076 899 Romae
2087 884 2146 903 ncre-

1963 905 2045 930 gei-int,
2081 906 2146 926 indut-

1963 931 2044 956 gennas
2083 931 2147 951 infra-

1962 958 2052 983 scriptas
2072 962 2147 979 couce-

2010 2418 2066 2441 Quae
2083 2420 2140 2439 extra

1922 2464 1927 2470 ,
1957 2443 2030 2464 urbem
2054 2444 2140 2465 Rumam

1204 2458 1349 2493 fidelibus
1365 2466 1451 2494 extra
1467 2461 1582 2495 Urbem
1601 2463 1807 2496 existentibus
1827 2463 1859 2496 in
1875 2475 1942 2508 qui·
1957 2467 2078 2523 Hggffgfflm
2092 2471 2140 2497 sint.
