2221 3224
151 245 200 271 An.
224 245 251 271 c.
275 245 341 271 1629
390 236 431 270 76

164 781 245 802 Causae
256 781 334 801 aracle-

150 809 212 828 mtaiu
230 809 331 833 erigendi⁴

349 293 494 337 tirpatur,
512 293 712 336 funditusque
736 293 866 332 tollitur,
883 292 961 324 fides
983 292 1087 324 catho-

349 347 407 379 lica
439 352 467 379 et
492 347 614 379 divinus
639 346 740 378 cultus
765 350 907 387 augetur,
933 350 1025 388 atque
1049 344 1085 377 ad

350 399 494 442 specialis
511 405 539 431 et
558 399 738 442 temporalis
752 398 855 440 gaudii
871 398 1003 440 gloriam
1021 408 1088 441 per-

350 453 481 493 venitur,
498 452 704 484 laudabilibus
720 452 920 484 incrementis
933 451 1086 494 dirigant¹

350 505 491 543 ubilibet,
509 511 537 537 et
554 504 739 548 propensius
759 505 958 544 invalescant,
976 505 1007 537 in
1027 505 1088 537 illis

350 557 511 600 potissime
536 558 611 589 locis
637 562 666 589 et
690 557 844 600 partibus,
872 568 952 601 quae
977 557 1088 590 idonea

351 615 380 642 ct
400 610 568 642 accomoda
594 609 658 642 sere
682 615 856 643 noscuntur
879 610 917 643 ad
942 610 1090 654 multipli-

351 663 448 695 canda
469 662 629 695 doctrinae
651 663 779 704 semina,
797 669 827 696 et
843 664 987 706 germina
1006 664 1088 697 salu-

350 715 429 747 taria
454 716 666 759 producenda.

393 770 408 812 ξ
432 769 462 801 ’1,
481 769 569 809 Sane,
587 780 645 813 pro
666 775 753 813 parte
774 770 961 803 venerabilis
984 771 1090 803 fratris

350 823 448 855 nostri
473 823 631 856 Francisci
649 823 816 866 Guglielmi
841 825 980 868 episcopi
998 824 1091 858 Osna-

349 876 518 918 burgensis
543 882 573 909 et
598 877 676 910 sacri
703 877 835 910 Romani
860 877 984 921 imperii
1008 877 1091 921 prin-

349 930 426 962 ciois
451 930 542 964 nobis
562 941 667 974 nuper
699 931 835 965 exhibita
860 932 968 975 petitio
993 932 1091 964 conti-

348 984 451 1022 nebat,
469 984 553 1027 quod
571 984 678 1017 civitas
703 984 952 1027 Osnaburgensis
970 984 1013 1029 [in
1031 995 1091 1028 qua

349 1037 423 1069 olim
446 1037 549 1070 clarae
574 1037 746 1070 memoriae
768 1038 939 1071 memoriae
964 1037 1092 1071 Carolus

349 1089 477 1132 Magnus
503 1089 681 1123 Romanust
705 1102 759 1123 rex
785 1097 814 1124 et
839 1091 1013 1134 imperator
1037 1101 1091 1123 au-

349 1149 468 1186 gustus,
488 1151 557 1187 post
574 1143 734 1176 fundatam
753 1150 783 1177 et
799 1145 971 1177 institutam
993 1144 1024 1176 in
1045 1147 1091 1180 ea,

349 1207 442 1239 quam
460 1197 612 1230 Saxoniae
630 1197 831 1240 metropolim
849 1208 916 1230 esse
934 1197 1092 1240 cupiebat,

350 1250 454 1282 sedem
482 1250 689 1293 episcopalem
706 1278 713 1290 ,
738 1251 861 1283 scholas
885 1250 1036 1293 publicas,
1061 1250 1092 1282 in

349 1303 464 1346 quibus
489 1314 576 1335 sacra
601 1304 759 1346 theologia
777 1309 807 1336 et
839 1304 985 1336 liberales
1009 1309 1092 1336 artes

350 1367 385 1389 ac
410 1357 516 1399 lingua
541 1357 739 1400 potissimum
764 1368 877 1400 graeca
895 1363 925 1390 et
945 1357 1093 1389 hebraica

349 1410 474 1453 publice
499 1410 709 1451 docerentur,
735 1417 765 1444 et
789 1422 865 1455 quas
891 1411 980 1455 quasi
1005 1411 1094 1443 semi—

349 1464 483 1503 narium,
505 1475 521 1496 e
539 1475 602 1508 quo
628 1465 685 1497 viri
703 1465 817 1498 eruditi
835 1465 865 1497 in
885 1469 979 1498 totam
1001 1465 1095 1497 Saxo-

350 1517 433 1549 niam
460 1518 634 1561 prodirent,
652 1530 720 1551 esse
740 1519 892 1559 voluerat,
910 1519 1092 1551 fundaverat

351 1576 381 1603 et
398 1571 584 1611 instituerat,
602 1573 752 1616 cuiusque
767 1578 796 1605 et
815 1572 989 1604 fundatoris
1007 1581 1094 1603 mens

350 1625 472 1665 fuerat,
497 1631 531 1657 ut
555 1625 680 1658 scholae
709 1625 888 1658 huiusmodi
914 1626 1008 1668 (quae
1032 1625 1093 1656 iam

351 1679 390 1711 ab
408 1679 593 1724 octuaginta*
614 1679 739 1712 circiter
756 1679 854 1718 annis,
875 1678 991 1711 iniuria
1016 1684 1094 1711 tem—

352 1743 467 1776 porum
495 1738 525 1765 et
549 1733 704 1765 bellorum
734 1744 769 1765 ac
798 1733 963 1776 pestiferae
991 1732 1097 1765 haere-

354 1786 405 1826 sis,
423 1797 485 1829 qua
502 1790 563 1819 tota
581 1787 647 1819 fere
667 1786 819 1819 dioecesis
837 1786 1095 1829 Osnaburgensis,

353 1840 385 1872 in
410 1850 470 1882 qua
495 1840 586 1872 etiam
619 1840 787 1883 parochiae
816 1850 912 1883 supra
937 1844 1097 1872 tercentae

354 1899 588 1934 enumerantur,
607 1894 719 1926 infecta
745 1899 801 1933 cst,
819 1899 849 1926 et
873 1893 1019 1937 parochis
1040 1893 1096 1926 do-

355 1947 412 1979 ctis
437 1946 603 1985 destituta,
630 1946 869 1989 aboleverunt⁸)
894 1946 1038 1989 publicae
1062 1957 1096 1979 ac

355 2000 451 2033 totius
475 2000 563 2043 quasi
590 2000 742 2033 Saxoniae
773 1999 943 2044 primariae
974 2005 1097 2039 essent,

355 2059 449 2097 prout
475 2064 511 2086 ex
536 2053 611 2097 ipsis
643 2053 783 2086 historiis
815 2059 845 2086 et
869 2053 1004 2095 antiquis
1029 2053 1098 2086 illo-

357 2117 427 2139 rum
451 2112 629 2150 temporum
655 2107 866 2140 monumentis
884 2107 973 2139 facile
994 2106 1098 2149 colligi

357 2160 471 2204 potest]
490 2160 624 2193 celebris
649 2160 817 2193 admodum
837 2166 866 2192 et
882 2160 1045 2203 populosa,
1064 2170 1098 2192 ac

358 2215 419 2247 situ
443 2214 481 2247 ad
501 2214 632 2246 fluvium
660 2213 761 2246 Hasan
787 2213 932 2254 iucundo,
951 2217 1043 2256 atque
1061 2213 1097 2245 ad

358 2267 471 2307 studia,
493 2273 557 2300 tum
577 2273 708 2311 propter
729 2267 812 2299 illius
839 2277 875 2299 ac
899 2267 1041 2299 locorum
1059 2266 1100 2299 vi-

359 2321 504 2354 cinorum
520 2322 696 2354 incolarum
714 2321 827 2354 bonam
847 2320 995 2360 indolem,
1013 2320 1100 2353 tum⁴

397 2429 407 2454 1
431 2427 547 2454 Verbum
568 2428 699 2462 dirigant
719 2435 770 2454 non
786 2426 851 2453 satis
866 2430 959 2461 aptum
979 2425 1100 2460 videtum

361 2472 449 2498 forsan
466 2471 607 2506 legendum
623 2472 776 2506 erigantur
791 2476 829 2501 (R.
848 2471 897 2505 T.).

397 2516 413 2542 2
431 2517 527 2542 Forsan
543 2515 685 2551 legendum
702 2517 895 2543 Romanorum
914 2519 948 2545 (R.
967 2515 1015 2548 T.).

398 2560 414 2586 3
430 2560 589 2587 Neutrorum
613 2569 687 2587 more
704 2560 818 2586 verbum·
833 2560 928 2587 aboleo
946 2558 1005 2585 heic
1025 2558 1102 2585 adhi-

364 2605 453 2637 betur,
471 2610 501 2631 ut
518 2610 591 2631 notat
608 2605 749 2631 Forcellini
766 2605 792 2631 in
809 2605 836 2631 h.
854 2613 918 2632 voce
934 2603 961 2631 h.
974 2603 1101 2639 b.(fl.r.).

399 2649 415 2675 4
430 2650 532 2676 Vocula
546 2653 606 2677 lum
622 2650 745 2677 addimus
762 2651 798 2686 (fl.
815 2649 864 2684 T.).

934 245 1112 268 BULLARIUM
1137 244 1290 267 ROMANUM

1120 297 1248 335 propter
1263 300 1404 324 annonae
1421 296 1451 323 et
1467 296 1659 324 commeatus
1674 291 1857 335 opportuni-

1122 349 1224 384 tatem,
1243 344 1380 387 aliasque
1398 344 1643 384 commoditates,
1660 354 1722 377 non
1743 355 1855 388 parum

1119 397 1285 430 commoda
1303 397 1420 438 existit,
1438 392 1712 440 necessariumque
1729 397 1857 430 omnino

1121 451 1288 483 videturad
1300 451 1490 483 evellendam
1501 451 1667 491 haeresim„
1675 451 1857 484 formandos

1122 505 1286 547 parochos,
1294 509 1323 536 et
1333 503 1480 536 ecclesias
1491 510 1575 537 recte
1584 504 1798 548 procurandas
1807 504 1857 547 (eo

1123 557 1275 596 maxime,
1303 557 1376 599 quia
1400 556 1431 588 in
1456 556 1564 589 vicinis
1589 557 1758 590 ditionibus
1775 557 1859 601 prin-

1121 609 1338 653 cipatibusque
1363 608 1560 652 impiaruw
1579 610 1708 642 Lutheri
1733 613 1763 643 et
1785 609 1855 642 Cal-

1123 663 1185 694 vini
1202 667 1371 696 sectatores
1396 662 1537 706 publicas
1554 663 1688 706 pravae²
1704 662 1858 695 dictarum
1896 660 1903 667 '

1123 722 1278 748 sectarum
1296 720 1325 748 et
1338 715 1463 747 erronei
1475 714 1629 757 dogmatis
1642 715 1757 748 habent
1771 715 1860 748 scho-

1124 769 1167 801 las
1198 779 1253 801 seu
1283 768 1470 808 academias,
1486 778 1598 811 nempe
1626 768 1856 802 Hemstaduen-

1124 832 1200 862 sem,
1217 822 1430 861 Bremensem,
1454 821 1683 862 Rentelensem,
1708 821 1862 865 Marspur-

1124 886 1268 918 gensem,
1293 875 1505 915 Giessensem‚
1530 880 1560 907 et
1584 865 1689 908 soi-‘san
1713 875 1798 915 alias,
1823 874 1862 907 ad

1124 939 1200 972 quas
1218 929 1301 961 illius
1321 928 1472 961 dioecesis
1490 928 1579 960 multi
1605 928 1724 961 incolae
1741 927 1864 972 prosici-

1125 988 1266 1022 scuntur,
1292 983 1502 1025 haustumque
1526 982 1568 1014 ibi
1594 981 1760 1014 haeresum
1778 981 1864 1014 virus

1126 1035 1156 1068 in
1174 1035 1330 1068 civitatem
1350 1041 1379 1068 et
1402 1035 1582 1075 dioecesim,
1602 1035 1818 1078 populumque
1834 1039 1864 1067 et

1125 1089 1261 1132 plebem,
1276 1089 1319 1121 uti
1345 1089 1536 1132 experientia
1558 1089 1657 1129 docet,
1676 1088 1863 1132 effundunt),

1125 1143 1208 1185 quod
1223 1143 1289 1175 sine
1308 1142 1406 1175 solida
1428 1142 1624 1186 philosohiae
1640 1147 1669 1174 et
1688 1141 1864 1184 theologiae

1127 1196 1292 1228 traditione
1309 1206 1344 1228 ac
1360 1195 1522 1239 disciplina
1539 1196 1607 1228 sieri
1623 1196 1740 1239 nequit,
1755 1199 1787 1228 ut
1807 1195 1864 1227 viri

1126 1249 1239 1282 eruditi
1264 1249 1300 1282 ad
1319 1250 1489 1293 pastoralia
1506 1249 1607 1282 officia
1624 1250 1808 1283 formentur.

1171 1303 1185 1345 ξ
1209 1302 1238 1335 Ξ.
1264 1303 1299 1335 Et
1320 1308 1486 1346 propterea
1505 1303 1587 1335 idem
1605 1303 1790 1335 Franciscus
1807 1302 1866 1336 Gu-

1127 1355 1251 1388 lielmus
1275 1355 1455 1399 episcopus,
1473 1356 1602 1399 provide
1627 1356 1801 1397 advertens,
1822 1355 1866 1388 si³

1128 1409 1157 1441 in
1172 1409 1238 1452 ipsa
1253 1409 1387 1449 civitate,
1400 1414 1508 1452 utpote
1529 1409 1621 1448 adid,
1635 1413 1666 1442 ut
1680 1410 1865 1452 praefertur,

1127 1473 1189 1496 non
1214 1473 1324 1506 parum
1350 1465 1421 1506 apta
1440 1468 1469 1495 et
1490 1463 1666 1503 commoda,
1686 1473 1744 1506 pro
1765 1463 1863 1495 infra-

1129 1516 1252 1559 scriptis
1276 1516 1473 1548 sacultatibus
1501 1516 1659 1548 academia
1674 1543 1681 1556 ,
1709 1520 1742 1549 ut
1766 1516 1866 1556 infra,

1129 1570 1286 1612 erigatur,
1319 1569 1453 1601 maxima
1486 1575 1549 1602 tam
1584 1569 1740 1602 Ecclesiae
1774 1579 1867 1612 quam

1129 1623 1291 1655 universae
1327 1623 1517 1666 reipublicae
1553 1622 1742 1655 christianae
1775 1632 1865 1655 com-

1130 1676 1222 1708 moda
1247 1686 1314 1708 esse
1335 1675 1405 1708 inde
1427 1675 1557 1715 oritura,
1576 1681 1603 1708 et
1620 1675 1678 1708 hac
1694 1675 1743 1707 via
1767 1675 1869 1708 adole-

1131 1734 1250 1763 scentes
1281 1730 1482 1772 ingeniosos,
1507 1729 1560 1773 qui
1593 1728 1770 1762 incredibili
1796 1739 1866 1761 cum

1131 1789 1266 1827 sumptu⁷
1287 1784 1418 1827 parique
1444 1783 1539 1816 animi
1568 1789 1597 1816 et
1622 1782 1764 1826 corporis
1788 1782 1869 1826 peri-

1131 1838 1211 1878 culo,
1230 1838 1260 1869 in
1285 1841 1406 1870 exteras
1432 1837 1576 1879 regiones
1593 1836 1782 1879 obligantur,
1801 1846 1868 1868 esse

1131 1901 1341 1931 remansuros,
1363 1896 1393 1923 et
1416 1890 1459 1922 ihi
1483 1890 1663 1933 frequentes
1690 1895 1782 1933 atque
1807 1889 1869 1922 ido-

1132 1955 1217 1985 neos,
1246 1951 1308 1977 tam
1335 1955 1371 1977 ex
1397 1944 1519 1976 civitate
1537 1949 1566 1976 et
1591 1943 1726 1976 dioecesi
1755 1943 1865 1975 huius—

1132 1998 1227 2037 modi,
1244 2008 1339 2041 quam
1364 1997 1432 2029 aliis
1449 1996 1589 2029 finitimis
1610 1996 1795 2036 civitatibuS,
1815 2006 1869 2039 op-

1132 2051 1213 2095 pidis
1227 2055 1256 2085 et
1273 2051 1360 2091 locis,
1375 2051 1467 2083 etiam
1482 2049 1656 2089 haereticis,
1670 2060 1732 2082 non
1746 2049 1869 2082 defutu-

1133 2115 1195 2145 1'OS,
1213 2105 1266 2148 qui
1288 2105 1325 2136 ad
1343 2103 1522 2136 huiusmodi
1539 2103 1640 2135 studia
1657 2102 1869 2142 concurrant⁴;

1178 2159 1192 2200 ἓ
1216 2157 1245 2190 3.
1266 2158 1342 2190 Cum
1372 2163 1485 2197 autem,
1512 2157 1592 2189 sicut
1615 2156 1723 2189 eadem
1750 2155 1870 2199 exposi-

1134 2211 1176 2243 tio
1190 2211 1407 2253 subiungebat,
1421 2210 1486 2253 ipse
1502 2210 1687 2242 Franciscus
1698 2210 1871 2243 Gulielmus

1134 2265 1299 2308 episcopus
1324 2264 1515 2296 academiam
1539 2274 1597 2307 pro
1617 2263 1818 2307 philosophia
1841 2269 1872 2296 et

1135 2318 1293 2361 theologia
1318 2317 1462 2362 publica⁵
1482 2318 1514 2350 in
1540 2318 1608 2361 ipsa
1633 2318 1756 2350 civitate
1780 2317 1873 2350 Osna-

1173 2425 1182 2450 1
1201 2424 1281 2450 Deest
1297 2423 1407 2458 aliquid,
1424 2431 1465 2450 ex.
1482 2432 1508 2457 g.
1525 2424 1674 2450 haeresum
1690 2424 1726 2458 (R.
1743 2423 1792 2457 Τ.).

1170 2468 1186 2495 2
1198 2468 1242 2495 Vel
1254 2468 1312 2503 lege
1323 2476 1496 2502 pravarum,
1509 2468 1550 2495 vel
1561 2468 1630 2495 adde
1640 2468 1872 2503 doctrinaetaxr).

1171 2513 1186 2540 3
1204 2512 1348 2547 Perperam
1363 2512 1428 2539 edit.
1445 2512 1526 2539 lllain.
1544 2513 1609 2547 legit
1623 2521 1651 2540 se
1667 2521 1714 2548 pro
1729 2514 1754 2540 si
1768 2515 1808 2547 (R.
1823 2512 1874 2547 T.)-

1171 2559 1187 2584 4
1201 2557 1321 2592 Syntaxis
1335 2561 1423 2584 manet
1439 2557 1593 2584 inabsoluta
1606 2560 1642 2592 (a.
1659 2560 1699 2592 Τ.)

1158 2603 1188 2630 -5
1204 2602 1303 2629 Forsan
1328 2603 1473 2637 legendum
1494 2604 1640 2637 publicam
1658 2610 1757 2638 nempe
1772 2602 1875 2631 acade-

1137 2647 1234 2683 miam,
1256 2647 1296 2675 vel
1311 2647 1425 2682 publice
1444 2648 1578 2676 docendis
1595 2648 1634 2683 (R.
1651 2646 1698 2682 T.)-

1870 243 1920 269 An.
1941 242 1969 269 C.
1984 243 2054 271 1629

1917 1313 1983 1336 Quam
1998 1312 2062 1341 Eran-

1880 1341 1948 1361 ciscus
1981 1344 2063 1364 evisco-

1880 1373 1918 1394 pus
1934 1367 1984 1391 erigi
1997 1366 2063 1389 curat,

1912 2162 1938 2184 Et
1951 2161 2012 2189 petit.
