2221 3224
175 219 222 244 Au.
241 220 270 246 C.
290 220 356 247 1629

240 707 356 727 (ζοηιτῑινικ

175 734 294 758 derogaturi

223 1080 356 1100 Gubernator

171 1107 223 1127 nihil
247 1107 356 1132 recipere.

171 1135 255 1159 praeter
264 1134 356 1153 esculen-

172 1162 193 1179 ta
209 1162 229 1180 et
245 1161 355 1185 poculenta

172 1189 247 1212 potest.

207 2274 315 2297 Faruttiss,
331 2275 356 2294 de

174 2306 216 2326 qua
230 2307 249 2321 ln
265 2303 357 2322 inimica.

372 269 496 312 cipiant‚
522 269 640 313 tibique
664 275 803 313 pareant,
823 270 944 302 faveant
968 274 996 303 et
1020 270 1112 302 assis-

373 326 447 362 tant,
466 328 579 365 tuaque
600 323 692 362 iussa,
707 322 825 355 monita
848 327 878 354 et
902 322 1057 363 mandata,
1075 324 1111 354 ea

371 386 442 418 qua.
457 376 543 408 decet
569 376 745 408 obedientia
770 379 799 408 et
822 375 894 416 fide,
919 381 1112 419 exequantur

373 433 402 462 ct
437 429 641 472 adimpleant,
667 428 806 472 alioquin
830 429 1015 461 sententiam
1047 429 1111 462 sive

373 492 526 525 poenam,
552 492 643 524 quam
670 482 729 513 rite
755 481 862 514 tuleris
887 492 942 514 seu
967 483 1111 516 statueris

373 536 402 567 in
424 536 565 575 rebelles,
585 540 683 567 ratam
700 535 896 576 habebimus,
915 540 943 568 et
960 535 1111 569 faciemus

373 593 500 620 auctore
524 588 657 621 Domino
682 598 782 631 usque
805 588 843 620 ad
868 588 1110 622 satisfactionem

373 640 559 683 condignam
581 640 802 674 inviolabiliter
819 641 990 674 observari.

416 694 430 736 g
455 694 482 726 li.
510 694 577 726 Non
597 694 792 727 obstantibus
810 695 972 738 quibusvis
996 695 1110 728 consti-

374 747 547 780 tutionibus
560 753 587 779 et
603 747 852 781 ordinationibus
865 748 1054 792 apostolicis,
1065 758 1110 790 ac,

372 805 524 842 quatenus
542 811 621 844 opus
639 801 687 842 sit,
704 801 778 834 dicti
797 800 1002 845 principatus,
1019 801 1110 834 etiam

371 854 558 894 iuramento,
583 854 822 888 confirmatione
848 855 1038 899 apostolica,
1064 856 1110 889 vel

371 907 478 950 quavis
503 906 650 940 firmitate
671 908 731 940 alia
755 908 923 949 roboratis,
944 909 1066 942 statutis
1082 914 1112 941 et

371 960 659 1001 consuetudinibus,
674 961 849 1005 ceterisque
866 962 1031 995 contrariis
1047 963 1112 1006 qui-

371 1014 574 1057 buseumquc.

416 1068 430 1109 ,ξ
454 1067 482 1099 5.
511 1068 660 1100 Volumus
685 1073 799 1107 autem,
825 1068 909 1111 quod
941 1068 979 1101 de
1008 1068 1111 1101 officio

371 1120 590 1162 gubernatoris
615 1120 795 1153 huiusmodi
824 1127 907 1153 recte
932 1126 962 1153 et
978 1121 1111 1155 fideliter

371 1173 556 1213 exercendo,
578 1184 613 1206 ac
638 1173 675 1206 de
700 1184 763 1206 non
784 1174 968 1218 recipiendo
985 1174 1110 1218 aliquod

371 1238 469 1270 genus
487 1228 637 1267 muneris,
655 1233 780 1271 praeter
797 1229 956 1261 esculenta
973 1232 1002 1262 et
1019 1239 1110 1273 pocu-

370 1281 453 1312 lenta
467 1290 546 1323 quae
562 1280 664 1314 triduo
679 1281 820 1314 consumi
834 1282 963 1325 possint,
975 1281 1005 1314 in
1017 1282 1112 1314 mani-

371 1332 428 1365 bus
443 1333 541 1365 nostri
559 1339 588 1366 et
602 1334 742 1367 eiusdem
753 1335 781 1368 S.
793 1335 826 1368 R.
838 1335 869 1367 E.
885 1335 1051 1368 camerarii
1063 1335 1112 1368 de-

369 1386 469 1419 bitum
482 1392 622 1430 praestes
633 1388 774 1420 informa
788 1388 878 1421 solita
888 1388 1110 1422 iuramentum.

413 1441 524 1473 Datum
542 1442 668 1482 Romae,
682 1441 764 1484 apud
782 1441 810 1474 S.
829 1442 965 1482 Petrum,
986 1442 1044 1474 sub
1061 1452 1111 1474 an—

370 1494 443 1527 nulo
464 1494 643 1534 Piscatoris,
661 1494 711 1527 die
731 1504 807 1527 xvm
827 1495 936 1539 aprilis
958 1505 1110 1537 uncxxlx,

371 1548 569 1591 pontificatus
586 1548 685 1581 nostri
711 1558 792 1582 anno
814 1547 873 1581 vr'.

407 1609 464 1637 Dat.
486 1610 529 1638 die
548 1611 577 1637 18
593 1611 683 1646 aprilis
704 1610 782 1646 1629,
803 1611 900 1652 pontif.
919 1620 989 1640 anno
1006 1619 1042 1639 vr.

663 1728 818 1762 CCCXXX.

373 1790 547 1823 Cardinali
571 1791 608 1823 de
630 1791 797 1824 Riclietiea
823 1791 1010 1824 absolvendi·
1038 1793 1112 1825 liae-

415 1844 528 1876 reticos
552 1845 647 1887 regini
664 1845 824 1877 Franciae
847 1845 987 1888 facultas
1009 1856 1128 1878 conce-¹

415 1897 507 1928 ditur
520 1896 539 1928 ἵ.

371 1967 487 1994 Dilecto
503 1966 564 1994 filio
577 1970 680 1994 nostro
692 1968 838 1995 Armando
855 1968 971 1999 Ioanni,
987 1971 1110 1996 sanctae

406 2012 553 2038 Romanae
583 2011 734 2039 Ecclesiae
762 2013 937 2046 presbytero
964 2013 1110 2040 cardinali

407 2056 441 2082 de
462 2056 620 2082 Richelieu
639 2059 821 2090 nuncupato,

573 2106 709 2132 Urbanus
730 2106 808 2139 Papa
827 2106 903 2134 V111.

584 2159 699 2187 Dilecte
719 2159 762 2186 fili
782 2163 896 2192 noster,

408 2205 536 2231 salutem
557 2207 587 2232 et
606 2204 801 2238 apostolicam
821 2205 1072 2233 benedictionem.

416 2268 492 2299 Cum
510 2266 547 2298 ad
565 2267 697 2298 salutem
714 2267 889 2298 animarum
908 2267 995 2309 regui
1015 2268 1111 2299 Fran-

373 2319 437 2352 ciae
450 2319 583 2351 maxime
597 2319 756 2362 pertinere
770 2319 994 2360 existimemus,
1009 2321 1033 2352 si
1052 2321 1112 2353 cir-

412 2401 418 2424 l
438 2399 491 2426 Hac
506 2399 598 2426 eadem
615 2399 667 2434 die,
684 2400 836 2435 litterisque
852 2401 972 2427 eiusdem
985 2401 1111 2436 exempli,

373 2443 494 2470 Pontifex
511 2444 648 2479 deputarit
664 2448 816 2479 praetorem
832 2445 1034 2472 marchionatus
1049 2446 1112 2472 Cre-

372 2488 473 2521 pacorii
496 2492 522 2514 et
545 2488 659 2515 aliorum
683 2492 833 2516 castrorum
852 2498 899 2516 seu
920 2489 1041 2517 locorum
1060 2490 1111 2517 sub

373 2532 469 2558 eodem
480 2531 666 2559 marchionatu
677 2533 945 2568 comprehensorum,
954 2542 1022 2569 quae
1031 2534 1112 2562 etiam

373 2579 435 2602 sunt
453 2575 533 2602 feuda
552 2580 660 2603 sanctae
681 2577 815 2604 Romanae
834 2578 982 2605 Ecclesiae.

408 2620 426 2646 9.
441 2619 476 2646 Ex
494 2620 599 2655 Regest.
617 2620 643 2647 in
659 2621 759 2648 Secret.
776 2621 852 2650 Brev.

953 222 1132 246 BULLARIUM
1157 222 1310 246 ROMANUM

1146 269 1370 313 cumspectioni
1394 274 1466 303 tuae
1492 269 1667 305 haereticos
1688 270 1883 316 poenitentes

1146 321 1226 354 etad
1243 322 1400 364 gremium
1414 327 1538 355 sanctae
1555 323 1713 357 Romanae
1725 323 1883 357 Ecclesiae

1145 374 1311 408 redeuntes
1326 374 1497 418 recipiendi
1510 381 1540 408 et
1558 376 1738 409 absolvendi
1760 377 1884 409 faculta-

1147 432 1207 460 tem
1233 427 1455 461 concedamus:
1481 439 1548 470 nos,
1573 429 1625 472 qui
1650 440 1709 473 pro
1734 430 1882 473 pastorali

1145 491 1275 514 munere
1300 481 1329 513 id
1354 492 1450 513 unum
1475 492 1646 525 procurare
1671 488 1825 523 tenemur,
1851 488 1884 516 ut

1145 534 1320 567 haereticae
1337 534 1499 578 pravitatis
1519 545 1645 569 errores
1665 546 1701 568 cx
1719 536 1882 569 hominum

1146 587 1303 620 mentibus
1321 587 1502 628 evellantur,
1516 593 1555 628 et,
1574 588 1598 620 si
1616 599 1696 632 quae
1713 599 1786 621 oves
1803 599 1820 621 a
1836 599 1884 622 ve-

1146 641 1247 673 ritatis
1272 640 1383 674 semita
1407 640 1588 682 deviarunt,
1614 641 1645 673 in
1670 641 1750 674 viam
1776 642 1884 674 salutis

1146 699 1347 736 revocentur,
1373 704 1494 727 necnon
1519 693 1557 726 de
1582 694 1733 737 singulari
1758 694 1884 738 pietate,

1146 747 1323 791 prudentia,
1337 747 1500 790 religionis
1517 747 1593 787 zelo,
1612 747 1742 791 aliisque
1762 747 1884 781 eximiis

1146 800 1324 841 virtutibus,
1343 800 1458 844 quibus
1478 800 1602 833 illarum
1619 800 1751 843 largitor
1768 800 1885 834 Altissi-

1147 864 1216 886 mus
1234 863 1403 897 personam
1422 857 1504 886 tuam
1526 852 1741 896 multipliciter
1757 853 1884 896 insigni-

1147 906 1198 946 vit,
1214 906 1383 949 plurimam
1404 905 1435 938 in
1455 906 1589 939 Domino
1606 905 1753 939 fiduciam
1769 906 1885 939 haben-

1146 964 1202 1000 tes,
1226 959 1264 992 de
1288 960 1515 992 venerabilium
1546 960 1677 993 fratrum
1702 964 1884 993 nostrorum

1146 1017 1269 1046 sanctae
1293 1013 1451 1046 Romanae
1475 1013 1633 1046 Ecclesiae
1664 1013 1884 1054 cardinalium,

1146 1066 1340 1108 generalium
1366 1066 1515 1099 adversus
1540 1066 1730 1099 haercticam
1754 1067 1885 1111 pravita-

1147 1123 1206 1153 tem
1225 1119 1448 1164 inquisitorum
1465 1130 1482 1152 a
1497 1121 1601 1154 sancta
1615 1120 1693 1153 Sede
1705 1120 1883 1164 Apostolica

1147 1173 1326 1216 specialiter
1346 1172 1578 1217 deputatorum,
1599 1173 1740 1216 consilio,
1757 1173 1822 1215 tibi,
1840 1179 1884 1215 ut,

1145 1226 1183 1259 ad
1194 1226 1380 1259 decennium
1390 1226 1570 1270 proximum
1584 1231 1713 1268 tantum,
1721 1237 1885 1270 quoscum-

1145 1290 1205 1323 que
1216 1279 1306 1323 regni
1316 1279 1475 1320 Franciae,
1485 1279 1629 1324 illiusque
1639 1280 1883 1324 provinciarum,

1137 1339 1175 1367 et
1192 1334 1404 1368 dominiorum
1425 1334 1525 1367 eidem
1542 1345 1639 1378 regno
1657 1334 1883 1377 subiectorum,

1146 1387 1183 1419 ad
1208 1393 1237 1420 te
1262 1392 1461 1421 recurrentes
1492 1388 1656 1431 utriusque
1685 1398 1794 1430 sexus,
1820 1393 1883 1421 tam

1145 1441 1241 1473 laicos
1264 1451 1358 1484 quam
1385 1441 1527 1481 clericos,
1545 1446 1573 1473 et
1600 1440 1737 1474 cuiusvis
1761 1440 1885 1475 Ordinis

1145 1494 1323 1536 regulares,
1349 1493 1537 1535 haereticos,
1563 1493 1788 1535 schismaticos,
1814 1500 1844 1528 et
1867 1505 1885 1528 a

1145 1546 1205 1579 fide
1226 1546 1380 1579 catholica
1398 1551 1555 1590 apostatas
1572 1551 1664 1590 atque
1686 1547 1882 1590 aberrantes,

1144 1610 1207 1632 non
1222 1605 1325 1632 tamen
1339 1600 1440 1642 Italos,
1459 1605 1511 1632 aut
1523 1600 1601 1633 alios
1615 1600 1696 1644 apud
1709 1611 1788 1644 quos
1801 1601 1884 1645 viget

1145 1663 1269 1686 sacrum
1296 1653 1506 1696 inquisitionis
1531 1653 1687 1694 officium,
1711 1653 1743 1686 in
1767 1654 1884 1688 iudicio

1145 1707 1263 1740 delatos
1274 1711 1303 1739 et
1314 1706 1548 1747 condemnatos,
1557 1707 1596 1739 ab
1608 1707 1801 1748 haeresibus,
1811 1718 1884 1752 apo-

1145 1759 1238 1792 stasia
1253 1765 1279 1792 et
1295 1759 1472 1801 schismate,
1485 1759 1622 1793 necnon¹
1635 1761 1885 1794 excommunica-

1144 1812 1247 1855 tionis,
1271 1812 1487 1856 suspensionis
1512 1818 1540 1845 et
1567 1813 1732 1856 interdicti,
1753 1814 1884 1858 aliisque

1145 1866 1364 1900 ecclesiasticis
1381 1867 1552 1909 sententiis,
1567 1867 1707 1900 censuris
1721 1872 1751 1900 et
1763 1868 1882 1912 poenis,

1144 1930 1222 1963 quas
1241 1925 1374 1964 propter
1393 1920 1539 1953 haereses
1564 1925 1594 1953 et
1612 1931 1758 1955 excessus
1775 1922 1881 1955 huius-

1144 1973 1228 2006 modi
1242 1973 1479 2017 quomodolibet
1492 1974 1704 2014 incurrerunt,
1713 1974 1884 2008 dummodo

1144 2027 1240 2060 corde
1265 2027 1387 2060 sincero
1412 2033 1441 2060 et
1465 2027 1527 2060 side
1550 2037 1613 2061 non
1635 2027 1708 2060 sicta
1727 2027 1884 2070 haereses,

1144 2080 1312 2113 schismata
1345 2086 1373 2113 et
1410 2091 1535 2114 errores
1567 2080 1747 2114 huiusmodi
1777 2092 1884 2114 coram

1143 2134 1266 2167 notario
1292 2139 1321 2166 et
1347 2133 1495 2176 testibus,
1520 2134 1645 2177 publice
1666 2134 1713 2167 vel
1737 2135 1883 2178 privatim

1143 2193 1237 2230 prout
1262 2198 1353 2220 casus
1373 2187 1512 2230 exegerit
1528 2197 1563 2220 ac
1581 2187 1634 2219 tibi
1662 2187 1762 2220 visum
1779 2188 1883 2229 suerit,

1144 2240 1287 2273 detestati
1322 2241 1458 2281 suerint,
1494 2241 1824 2275 anathematizaverint
1855 2248 1891 2287 etr

1144 2293 1356 2326 abiuraverint
1368 2292 1386 2334 ¹,
1407 2304 1442 2326 ac
1467 2304 1499 2326 se
1524 2294 1556 2326 in
1580 2295 1736 2337 gremium
1761 2301 1885 2329 sanctae

1145 2346 1250 2378 Matris
1263 2346 1419 2379 Ecclesiae
1434 2346 1530 2390 recipi
1545 2352 1573 2380 et
1588 2347 1708 2380 admitti
1721 2348 1884 2382 humiliter

1144 2400 1382 2443 postulaverint,
1407 2405 1437 2432 et
1459 2401 1607 2444 praestito
1624 2412 1681 2445 per
1702 2412 1755 2435 eos
1771 2402 1885 2435 iureiu-

1146 2453 1242 2487 rando
1274 2453 1496 2497 promiserint,
1521 2454 1605 2498 quod
1635 2455 1708 2487 talia
1739 2455 1885 2499 deinceps

1182 2534 1191 2559 1
1210 2533 1278 2559 Mate
1294 2533 1358 2559 edit.
1373 2533 1453 2560 Maiu.
1470 2533 1533 2569 legit
1549 2543 1598 2561 nec
1613 2536 1650 2569 (R.
1665 2535 1715 2567 12).

1180 2577 1195 2603 ἓ
1212 2576 1341 2611 Erronea,
1357 2581 1385 2604 ut
1401 2581 1474 2613 puto,
1491 2578 1554 2606 edit.
1570 2579 1654 2606 Main.
1672 2578 1754 2606 habet
1767 2578 1885 2607 obtura-

1145 2622 1240 2651 verine
1254 2623 1290 2655 (a.
1307 2621 1355 2657 r).

1901 223 1951 251 An.
1965 223 1996 251 C.
2012 223 2082 252 4629

2207 902 2209 908 ,
2198 846 2209 888 ιιι
2206 806 2210 842 ,ἓ-
2206 786 2209 802 .-
2194 367 2212 783 ssazoeQfflQQ
2198 309 2211 363 unse·-
2190 0 2221 307 ,ιι-ιω
