2221 3224
220 219 268 245 An.
287 218 315 244 C.
340 217 407 245 1628

277 384 401 413 Depositum

217 415 322 437 pecuniae
373 411 401 431 n-

217 437 316 457 ciendum
337 444 402 464 penes

215 465 307 492 montem
335 465 402 491 pieta-

217 491 251 509 tis.

289 1866 406 1887 cardinalis

223 1893 291 1914 sancti
337 1893 406 1913 tionu-

223 1919 278 1945 plirii
294 1920 390 1945 etogium.

262 2390 356 2410 indictio
379 2395 412 2410 ec-

229 2417 342 2437 clesiarum
393 2419 413 2437 et

228 2443 311 2468 piorum
318 2443 412 2463 locorum

230 2469 345 2490 visitationi

454 207 472 239 ὃ
1011 214 1189 237 BL'LLARIUM
1215 213 1367 236 ROMAM'M

418 265 500 298 Urbe
526 264 634 298 vicarii
659 264 690 296 in
716 263 934 307 spiritualibus
952 261 1108 304 generalis
1126 260 1159 292 li·
1177 281 1180 332 ξ

418 317 532 358 centia,
557 317 649 349 altius
674 316 754 359 erigi
774 325 838 348 non
862 314 1000 358 possint,

463 372 478 414 ξ
503 371 531 404 7.
558 370 710 414 Quodque
727 374 816 402 scuta
831 368 880 401 bis
897 368 984 400 mille
1001 366 1163 410 praedicta

418 424 533 468 deponi
558 423 691 456 debeant
714 432 810 466 penes
828 422 965 454 Montem
983 420 1109 464 pietatis
1125 420 1163 453 de

420 477 511 517 Urbe,
523 476 562 510 ad
575 476 720 509 effectum
734 480 767 507 ut
784 485 843 518 pro
857 472 1059 507 concurrenti
1069 482 1164 516 quan·
1178 487 1180 498 ⁴

419 531 505 562 litate
537 533 581 562 tot
614 528 712 572 ipsius
748 526 931 561 monasterii
963 527 992 559 S.
1024 525 1163 559 Silvestri

420 582 534 621 debita,
559 580 687 624 praevio
707 579 855 612 mandato
873 580 912 612 ab
934 579 1075 612 eiusdem
1097 588 1164 611 mo-

418 634 547 667 nasterii
572 633 730 666 abbatissa
756 638 786 665 et
811 633 929 666 vicario
947 637 1056 665 nostro
1073 641 1164 675 prae-

418 687 501 720 dicto
527 686 591 719 sive
617 686 683 718 eius
708 686 922 729 vicesgerente
940 695 1000 728 pro
1019 689 1164 727 ternpore

418 740 569 773 existente
594 739 836 778 subscribendo,
862 738 1095 780 extinguantur.

463 794 575 826 Datum
600 793 734 834 Romae,
760 792 842 836 apud
869 792 899 825 S.
917 791 1045 824 Mariam
1071 790 1164 823 Maio-

419 856 496 887 rem,
515 846 572 879 sub
585 846 702 879 annulo
719 844 899 885 Piscatoris,
910 844 961 877 die
974 843 1161 886 xxiaugusti

419 909 596 940 nncxxvm,
609 899 809 943 pontificatus
834 898 933 931 nostri
953 907 1035 930 anno
1055 906 1096 930 vi.

453 961 515 989 Dat.
532 961 575 988 die
590 961 620 988 21
641 960 747 996 augusti
766 959 843 992 1628,
859 959 951 995 pontif.
971 966 1041 986 anno
1057 964 1093 985 vt.

644 1031 681 1064 M.
700 1032 864 1064 Aarosws
891 1031 1073 1064 MARALnus.

486 1103 568 1135 Loco
585 1105 608 1142 †
629 1102 736 1134 annuli
754 1101 932 1135 piscatoris.

733 1260 835 1293 CCCll.

420 1340 593 1384 Deputatio
628 1340 809 1373 cardinalis
841 1340 872 1373 S.
904 1340 1097 1383 Homcphrii
1126 1340 1164 1372 in

462 1393 645 1436 praesidem
668 1392 874 1424 visitationis
903 1392 1111 1425 ecclesiarum
1135 1396 1163 1425 et

461 1447 590 1489 piorum
618 1446 759 1478 locorum
788 1445 910 1478 Urbis¹.

420 1525 535 1553 Dilecto
554 1525 616 1552 filio
636 1528 738 1552 nostro
758 1525 885 1552 Antonio
905 1525 993 1552 tituli
1012 1524 1039 1552 S.
1062 1525 1163 1552 Bonu-

454 1569 534 1603 phrii
553 1570 730 1603 presbytero
751 1568 909 1604 cardinali,
927 1572 1033 1597 nostro
1054 1576 1163 1597 secun-

454 1614 523 1641 dum
543 1620 662 1641 carnem
683 1613 770 1640 fratri
791 1620 941 1647 germano,
963 1613 1136 1648 Barberino,

631 1667 768 1694 Urbanus
781 1667 859 1701 Papa
870 1667 948 1696 v111.

632 1729 747 1756 Dilecta
766 1729 810 1756 fili
830 1732 950 1762 noster,

456 1776 586 1802 salutem
607 1778 638 1802 ot
657 1775 857 1808 apostolicam
876 1775 1128 1803 benedictionem.

465 1853 643 1896 Singularia
660 1853 955 1897 circumspectionis
971 1859 1043 1886 tuae
1060 1854 1093 1886 iu
1108 1864 1166 1888 nos

423 1912 452 1939 et
468 1907 550 1939 hauc
567 1911 706 1940 sanctam
724 1907 834 1940 Sedent
853 1907 927 1940 fidei
943 1911 973 1941 et
989 1907 1166 1940 devotionis

423 1960 544 2001 merita,
569 1960 692 2004 aliaque
710 1961 898 2004 multiplicia
914 1960 1089 2003 insignium
1107 1961 1166 1993 vir-

424 2019 524 2046 tutum
551 2014 641 2057 dona,
660 2014 774 2057 quibus
794 2020 824 2047 te
840 2025 858 2047 a
875 2014 1009 2047 Domino
1034 2014 1165 2057 insigni-

423 2072 489 2101 tum
508 2068 623 2110 iugiter
648 2068 839 2111 experimur,
863 2078 920 2101 nos
944 2067 1107 2110 inducunt,
1133 2073 1167 2101 ut

424 2125 453 2152 te
477 2120 533 2160 rei,
558 2131 637 2163 quae
661 2121 752 2153 nobis
776 2121 914 2154 maxime
930 2120 1019 2154 cordi
1038 2126 1093 2163 est,
1112 2121 1166 2153 ad-

425 2173 649 2206 ministrandae
668 2174 803 2207 libenter
824 2173 1056 2218 p1·aeficiamuS‚
1072 2173 1167 2207 firma

426 2237 479 2269 spe
505 2226 537 2258 in
561 2226 694 2260 Domino
718 2227 799 2268 freti,
824 2232 855 2260 te
879 2227 910 2260 in
935 2228 972 2260 ea
995 2226 1166 2269 functione,

426 2280 510 2312 iuxta
534 2279 638 2312 datam
663 2279 718 2312 tibi
744 2291 761 2313 a
785 2279 919 2313 Domino
942 2280 1143 2323 prudentiam
1158 2308 1165 2321 ,

426 2331 582 2365 desiderio
607 2338 717 2366 nostro
738 2333 896 2372 cumulate
921 2332 1183 2366 satisfacturum.⁴

471 2385 486 2427 ἓ
500 2385 528 2417 l.
546 2385 622 2417 Cum
635 2386 739 2428 itaque
753 2385 878 2429 pridem
892 2385 931 2418 ad
948 2386 1167 2428 exequendum
1182 2400 1184 2413 1

428 2437 610 2470 visitationis
640 2438 845 2471 ecclesiarum
870 2444 899 2471 et
923 2438 1050 2481 piorum
1074 2439 1164 2472 loco-

427 2500 509 2530 rum,
535 2500 709 2535 corumque
726 2501 937 2535 personarum
953 2491 1046 2524 huius
1067 2492 1168 2525 alinae

430 2542 521 2574 Urbis
545 2548 671 2577 nostrae
703 2554 760 2588 per
789 2554 847 2578 nos
871 2544 1005 2578 indictae
1030 2555 1166 2583 munus,

466 2606 476 2629 t
496 2603 533 2630 Ex
548 2604 658 2639 Regest.
674 2605 701 2632 in
716 2606 821 2634 secret.
837 2607 975 2634 Brevium.

1196 260 1364 293 nonnullos
1389 261 1583 294 venerabiles
1599 262 1712 294 fratres
1729 261 1938 304 archiepisco<

1196 323 1261 356 pos,
1288 312 1453 357 episcopos
1477 319 1507 347 et
1531 314 1607 347 alios
1637 315 1796 347 Romanae
1826 314 1937 347 Curiae

1196 366 1353 410 praelatos
1366 367 1552 400 nominatim
1565 366 1797 410 delegerimus¹,
1817 377 1885 407 nos,
1903 374 1937 400 ut

1197 419 1336 452 visitatio
1361 419 1522 463 praedicta
1546 419 1688 462 feliciori,
1713 430 1775 463 qua
1798 420 1866 453 fieri
1884 431 1938 464 po-

1197 477 1265 512 test,
1292 471 1412 505 ratione
1428 477 1607 515 peragatur,
1624 477 1775 515 quantum
1789 472 1879 506 nobis
1900 483 1937 505 ex

1197 526 1259 558 alto
1285 525 1478 565 conceditur,
1494 525 1659 569 providere
1685 525 1833 566 valentes,
1850 529 1937 558 motu

1197 578 1341 622 proprio,
1358 587 1421 611 non
1438 577 1476 610 ad
1497 583 1582 610 tuam
1603 580 1650 611 vel
1672 578 1801 611 alterius
1825 588 1883 622 pro
1908 583 1937 610 te

1197 630 1288 664 nobis
1313 640 1409 674 super
1426 631 1486 663 hoc
1504 630 1626 664 oblatae
1642 631 1802 674 petitionis
1819 631 1938 664 instan-

1198 684 1272 716 tiam
1286 710 1293 724 ,
1325 683 1380 716 sed
1408 694 1445 716 ex
1474 686 1558 717 certa
1589 685 1717 718 scientia
1747 695 1782 718 ac
1815 686 1938 717 matura

1198 737 1424 771 deliberatione
1454 738 1592 778 nostris,
1617 738 1719 781 deque
1748 738 1938 782 apostolicae

1198 790 1360 834 potestatis
1380 790 1585 834 plenitudine,
1603 796 1632 823 te
1648 791 1834 824 visitationis
1851 801 1940 835 prae-

1197 844 1297 877 dictae
1317 843 1560 888 praesidentem,
1578 854 1649 876 cum
1670 843 1817 878 omnibus
1833 850 1864 877 et
1880 844 1940 878 sin-

1196 897 1279 940 gulis
1294 897 1479 941 privilegiis,
1500 897 1697 938 auctoritate,
1713 897 1939 938 iurisdictione,

1197 951 1329 994 aliisque
1353 951 1463 994 gratiis
1480 956 1512 983 et
1528 950 1658 984 indultis
1675 950 1830 984 similibus
1849 961 1940 994 prae—

1197 1003 1371 1037 sidentibus
1385 1004 1423 1037 de
1440 1005 1518 1046 iure,
1539 1014 1599 1037 usu
1619 1009 1649 1037 et
1666 1007 1790 1045 statuto,
1812 1011 1942 1037 consue-

1198 1056 1315 1098 tudine,
1332 1057 1510 1101 privilegio,
1530 1057 1578 1090 vel
1599 1057 1674 1090 alias
1699 1057 1939 1101 quomodolibet

1197 1109 1447 1154 competentibus
1483 1115 1514 1143 et
1555 1110 1773 1154 competituris
1787 1137 1794 1151 ,
1830 1116 1940 1144 tenore

1195 1161 1409 1206 praesentium
1433 1162 1575 1204 facimus,
1599 1163 1820 1196 constituimus
1840 1168 1870 1196 et
1889 1163 1942 1196 de—

1196 1221 1354 1260 putamus,
1380 1227 1451 1250 cum
1476 1217 1621 1251 facultate
1641 1217 1747 1250 omnia
1767 1221 1797 1251 et
1816 1217 1940 1260 singula

1197 1269 1323 1302 decreta
1349 1280 1406 1313 per
1438 1269 1539 1302 dictae
1567 1269 1752 1302 visitationis
1783 1269 1941 1313 praelatos

1196 1333 1255 1366 pro
1275 1328 1421 1367 tempore
1437 1324 1527 1365 sacta,
1549 1323 1635 1356 iuxta
1653 1323 1700 1356 rei
1718 1328 1748 1356 et
1767 1333 1857 1356 casus
1877 1323 1942 1356 exi-

1197 1376 1345 1419 gentiam,
1364 1376 1487 1409 debitae
1505 1376 1706 1420 exequutioni
1721 1376 1940 1418 demandandi,

1198 1439 1254 1462 seu
1284 1429 1468 1462 demandari
1505 1429 1660 1469 faciendi,
1695 1429 1942 1463 contradictores

1198 1482 1366 1525 quoslibet,
1385 1487 1414 1515 et
1431 1482 1615 1526 praemissis
1630 1491 1694 1515 non
1709 1487 1866 1525 parentes,
1884 1492 1942 1526 per

1198 1535 1378 1576 sententias,
1406 1545 1556 1568 censuras
1573 1538 1603 1568 et
1622 1545 1740 1578 poenas
1757 1534 1942 1568 ecclesiasti-

1198 1598 1260 1630 cas,
1277 1588 1399 1632 aliaque
1414 1594 1592 1632 opportuna
1610 1588 1687 1621 iuris
1705 1593 1735 1621 et
1753 1588 1825 1621 sacti
1845 1598 1943 1621 reme-

1199 1641 1259 1682 dia,
1273 1641 1485 1685 appellatione
1497 1642 1683 1685 postposita,
1698 1641 1942 1685 compescendi2,

1199 1700 1367 1738 ceteraque
1383 1695 1489 1728 omnia
1514 1700 1544 1727 et
1569 1695 1691 1737 singula
1707 1694 1739 1726 in
1759 1694 1942 1738 praemissis

1199 1752 1228 1782 et
1253 1747 1337 1781 circa
1362 1758 1398 1780 ea
1422 1748 1598 1781 necessaria
1623 1758 1679 1780 seu
1703 1747 1942 1790 quomodolibet

1200 1806 1399 1844 opportuna,
1425 1800 1547 1833 etiamsi
1572 1800 1644 1833 talia
1669 1800 1730 1832 sint
1758 1800 1806 1833 vel
1828 1800 1944 1834 fuerint

1200 1864 1280 1897 quae
1304 1854 1406 1897 magis
1430 1854 1610 1898 specialem,
1636 1853 1817 1897 specificam
1837 1858 1868 1886 et
1884 1863 1941 1887 ex-

1199 1917 1342 1950 pressam
1358 1907 1561 1950 requirerent
1576 1906 1779 1947 mentionem,
1799 1906 1943 1946 faciendi,

1200 1960 1341 2002 dicendi,
1366 1959 1497 2003 gerendi
1522 1965 1553 1992 et
1576 1959 1749 2002 exequendi
1765 1986 1772 2000 ,
1798 1959 1943 1993 invocato

1201 2013 1295 2046 etiam
1319 2013 1357 2046 ad
1383 2014 1454 2053 hoc,
1475 2013 1499 2046 si
1517 2023 1596 2056 opus
1620 2013 1725 2053 fuerit,
1741 2013 1858 2046 auxilio
1875 2012 1945 2046 bra-

1201 2066 1263 2100 chii
1289 2066 1448 2100 secularis.

1245 2119 1260 2162 g
1280 2119 1309 2152 ΕΞ.
1324 2119 1503 2152 Mandantcs
1516 2123 1687 2163 propterea
1702 2119 1734 2151 in
1748 2118 1863 2152 virtute
1877 2129 1945 2152 san-

1201 2178 1268 2206 ctae
1287 2172 1499 2213 obedientiae,
1521 2182 1557 2205 ac
1574 2172 1631 2205 sub
1649 2172 1872 2215 indignationis
1891 2183 1944 2206 no-

1201 2232 1293 2267 strae,
1315 2226 1447 2269 aliisque
1464 2225 1586 2259 arbitrii
1602 2225 1703 2258 nostri
1720 2225 1839 2269 poenis,
1856 2236 1944 2270 prae-

1201 2279 1302 2312 dictae
1315 2278 1502 2312 visitationis
1518 2278 1676 2322 praelatis,
1691 2279 1868 2322 ceterisque
1879 2289 1945 2313 om-

1202 2331 1293 2364 nibus
1311 2335 1341 2364 et
1357 2331 1500 2374 singulis,
1525 2331 1562 2363 ad
1583 2341 1663 2375 quos
1687 2336 1806 2375 spectat
1829 2336 1860 2364 et
1882 2342 1943 2375 pro

1203 2388 1343 2428 tempore
1367 2384 1605 2428 quomodolibet
1624 2384 1787 2428 spectabit,
1805 2390 1849 2425 ut,
1866 2389 1896 2417 te
1911 2384 1944 2416 in

1246 2474 1255 2498 1
1288 2472 1324 2499 De
1348 2472 1400 2499 hac
1428 2472 1605 2500 ecelesiarum
1631 2472 1710 2499 Urbis
1734 2472 1884 2499 visitatione
1909 2473 1944 2499 ab

1203 2516 1310 2544 Urbano
1337 2516 1436 2543 indicta
1462 2517 1556 2552 plures
1581 2516 1666 2544 babes
1686 2516 1894 2543 constitutiones
1914 2516 1942 2542 in

1201 2565 1266 2589 tom.
1287 2568 1347 2596 xm,
1368 2569 1429 2596 pag.
1453 2561 1574 2588 125—133
1593 2562 1632 2595 (n.
1655 2561 1704 2595 T.).

1235 2606 1251 2632 ζ’).
1268 2605 1337 2633 Edit.
1355 2605 1434 2633 Maia.
1451 2605 1515 2641 legit
1529 2605 1731 2641 compescendo
1750 2607 1786 2637 (a.
1808 2605 1857 2640 τ.).

1953 214 2003 241 An.
2019 213 2048 241 G.
2070 213 2140 241 ¹628

1981 591 2114 613 Praene-itur.

1999 1226 2051 1248 Cum
2065 1231 2143 1247 netes—

1955 1253 2019 1300 ῗῗέἒῗ
2052 1253 2142 1274 ‘²⁰¹¹¹⁸³‘

1984 2123 2108 2145 Mandatum
2116 2123 2144 2144 do

1958 2150 2061 2176 parendo.

2219 2095 2221 2119 1
