2248 3229
87 232 136 262 An.
153 232 182 262 C.
204 231 272 262 1639

108 1258 164 1284 Qun
174 1260 243 1280 rector
251 1261 271 1279 et

87 1285 206 1307 boi-„timu
235 1291 248 1312 p

87 1311 189 1334 mentiti»
204 1313 270 1333 ccclv·-

86 1339 132 1360 ιὶιο
148 1339 188 1360 luel
204 1338 230 1358 de
246 1339 271 1359 A—

86 1366 136 1386 min
144 1367 272 1392 petuuteou·

87 1391 172 1413 firmari.

893 232 1036 258 unBAtxth

282 279 407 315 vitatem
433 285 463 314 et
487 280 667 320 dioecesim,
690 281 721 314 in
745 280 860 325 quibus
884 281 1041 325 deputati*

280 334 417 375 fuerint,
443 340 551 368 contra
583 345 799 380 quoscumque
827 334 1001 379 procedere
1017 362 1041 388 „

280 393 333 421 aut
357 387 429 428 alii,
454 387 502 421 vel
528 388 597 421 aliis
623 387 706 421 vices
730 398 800 421 suas
825 388 1024 421 committere

280 446 491 486 praesumant,
515 446 546 475 et
569 441 608 474 de
632 441 753 474 duabus
777 441 867 474 dietis
893 442 924 474 in
950 451 1042 495 eon-5

281 495 354 529 cilio
378 495 516 539 generali
542 495 635 534 edita,
660 495 832 528 dummodo
857 495 938 527 ultra
963 500 1041 534 tres]

283 548 381 583 dietas
401 549 513 593 aliquis
537 549 722 582 auctoritate
747 549 959 593 praesentium
977 558 1026 581 ex-

284 607 332 635 tra
356 612 444 636 suam
470 602 626 635 civitatem
653 602 699 635 rel
724 602 892 635 dioecesim
925 601 962 634 ad
984 601 1027 634 iu-

285 655 402 689 dicium
427 665 489 689 non
515 655 675 695 trahatur,
700 660 729 688 et
753 655 821 688 aliis
845 647 1043 702 apostolicis'¹

285 708 570 750 constitutionibus,
596 718 719 742 necnon
744 708 891 741 omnibus
916 718 1043 751 supra-,

285 762 390 803 dictis,
415 773 470 796 seu
495 763 519 795 si
554 763 710 806 aliquibus
735 763 947 796 communiter
980 754 1043 795 vet'

285 816 409 850 divisim
426 816 465 849 ab
483 816 591 850 eadem
609 816 648 850 sit
664 815 742 849 Sede
761 815 926 855 indultum,
943 816 1025 860 quod

285 870 451 911 interdici,
480 870 649 914 suspendi,
680 870 727 903 vel
760 859 1043 920 excommunicari}

285 933 347 958 non
379 924 500 968 possint
531 934 587 967 per
612 923 731 956 litteras
755 923 941 966 apostolicas
965 932 1026 956 non

285 977 433 1010 facientes
446 977 569 1021 plenam
583 980 613 1010 et
626 986 807 1020 expressam
824 986 858 1008 ac
873 975 911 1008 de
931 975 1027 1008 verbo

284 1030 322 1064 ad
344 1031 473 1064 verbum
495 1029 532 1063 de
553 1029 672 1062 indulto
693 1028 873 1062 huiusmodi
896 1029 1043 1062 mentio-¹

285 1094 366 1118 nem.
398 1084 508 1117 Datum
539 1083 677 1125 Romae,
703 1082 785 1126 apud
811 1083 840 1116 S.
867 1082 1043 1121 Mai·cun1,'

285 1148 366 1171 anno
379 1137 606 1171 incarnationis
623 1137 802 1170 Dominicae
818 1147 923 1179 nexui,
937 1138 1027 1170 nonis

285 1192 420 1236 augusti,
439 1191 638 1236 pontificatus
655 1191 753 1224 nostri
771 1202 853 1225 anno
871 1202 888 1224 ι.
1043 1228 1045 1241 ¹

330 1245 346 1289 g
369 1245 399 1278 2.
424 1244 500 1279 Cum
525 1250 641 1284 autem,
665 1245 743 1278 sicut
769 1244 874 1277 dilecti
899 1244 954 1277 filii
981 1250 1045 1278 Γρ-4

287 1303 355 1333 ctor
389 1305 418 1332 et
449 1298 626 1331 beneficiati
658 1299 848 1342 parochialis
879 1299 1045 1332 ecclesiae³

287 1353 346 1387 loci
372 1351 411 1385 de
435 1351 526 1385 Ariza
550 1351 740 1394 Seguntiuae
767 1351 920 1385 dioecesis
938 1353 1045 1395 nobis¹

286 1415 389 1450 nuper
413 1405 525 1449 exponi
547 1405 698 1445 fecerunt,
717 1405 810 1437 iidem
829 1405 944 1438 abusus
960 1399 1046 1439 con—¹¹

288 1463 335 1492 tra
360 1458 588 1492 immunitatem
614 1458 855 1491 ecclesiasticam
881 1458 918 1492 ad
943 1451 1047 1503 prae-³

287 1522 358 1546 sens
382 1512 475 1546 etiarn
496 1512 629 1556 rigeant,
647 1512 836 1556 cupiantque
860 1519 1029 1556 propterea

286 1565 427 1600 eiusdem
449 1566 594 1609 Gregorii
619 1565 872 1610 praedecessoris
900 1566 1028 1607 litteras,

286 1629 344 1665 pro
370 1620 494 1653 illarum
520 1619 653 1653 firmiori
677 1619 895 1659 subsistentia,
920 1627 1047 1654 aucto-¹

287 1674 378 1708 ritate
402 1673 574 1718 apostolica
605 1683 662 1717 per
685 1682 742 1706 nos
767 1672 966 1706 confirmari:

1060 232 1117 258 VIII
1141 233 1189 258 1³1⁵.

1057 281 1175 322 cimus,
1200 291 1236 314 ac
1260 290 1369 314 omnes
1401 284 1430 314 et
1459 279 1601 323 singulos
1634 282 1697 314 tam
1723 279 1801 313 iuris

1057 345 1150 378 quam
1177 334 1248 368 sacti
1274 334 1422 375 desectus,
1441 333 1465 367 si
1490 333 1542 378 qui
1568 333 1703 378 desuper
1727 343 1801 377 quo—

1058 388 1231 422 modolibet
1256 387 1491 427 intervenerint,
1517 387 1710 432 supplemus.

1102 442 1116 484 ξ
1151 441 1180 474 4.

1058 500 1161 527 sentes
1186 495 1306 527 litteras
1332 494 1458 534 validas,
1484 494 1590 527 firmas
1609 500 1637 527 et
1658 494 1801 528 efficaces

1058 547 1192 581 existere
1217 553 1246 580 et
1272 548 1348 587 sore,
1373 557 1510 591 suosque
1535 547 1692 591 plenarios
1709 553 1739 580 et
1760 547 1802 580 in-

1059 607 1165 643 tegros
1189 601 1318 634 effectus
1343 601 1449 634 sortiri
1475 606 1505 633 et
1529 601 1682 641 obtinere,
1703 611 1738 634 ac
1761 600 1801 634 ab

1059 654 1206 687 omnibus
1230 659 1260 686 et
1285 654 1436 697 singulis,
1460 653 1498 686 ad
1522 664 1601 698 quos
1630 659 1748 698 spectat
1772 659 1802 687 et

1061 719 1119 752 pro
1144 714 1287 752 tempore
1312 708 1468 752 spectabit
1489 708 1518 740 in
1541 708 1691 747 futurum,
1709 707 1803 742 invio-

1061 762 1196 794 labiliter
1220 761 1401 801 observari,
1422 761 1528 805 sicque
1554 772 1611 805 per
1635 771 1802 805 quoscum-

1060 826 1119 859 que
1141 815 1259 848 iudices
1276 815 1454 849 ordinarios
1474 821 1504 848 et
1521 815 1691 858 delegatos,
1709 815 1802 850 etiarn

1060 879 1226 902 causarum
1251 869 1355 913 palatii
1381 869 1544 913 apostolici
1570 869 1738 909 auditores,
1758 869 1803 902 iu-

1060 921 1157 954 dicari
1189 927 1219 955 et
1251 922 1375 955 deliniri
1401 922 1537 964 debere,
1563 933 1598 955 ac
1623 922 1746 956 irritum
1772 927 1804 956 et

1062 975 1162 1015 inane,
1183 975 1207 1008 si
1226 986 1315 1008 secus
1332 986 1427 1020 super
1444 976 1492 1015 his
1508 986 1525 1008 a
1543 986 1713 1020 quoquam,
1732 986 1804 1020 qua-

1061 1029 1105 1061 vis
1133 1029 1341 1069 auctoritate,
1366 1029 1500 1062 scienter
1526 1030 1571 1062 rel
1599 1030 1803 1072 ignoranter,

1061 1083 1230 1126 contigerit
1253 1083 1409 1116 attentari.
1436 1084 1503 1117 Non
1526 1083 1722 1116 obstantibus
1740 1093 1804 1116 om-

1061 1137 1152 1170 nibns
1177 1138 1247 1179 illis,
1269 1149 1348 1182 qnae
1367 1138 1397 1171 in
1414 1138 1505 1171 dietis
1523 1137 1634 1171 litteris
1656 1147 1805 1171 concessa

1061 1196 1133 1223 sunt
1164 1201 1228 1225 non
1260 1192 1407 1233 obstare,
1432 1192 1607 1236 ceterisque
1639 1191 1805 1226 contrariis

1061 1245 1322 1289 quibuscumque.

1106 1298 1217 1332 Datum
1234 1299 1365 1339 Romae,
1383 1299 1466 1344 apud
1477 1299 1506 1333 S.
1527 1300 1665 1339 Petrum,
1679 1299 1736 1332 sub
1754 1309 1806 1332 an-

1062 1353 1137 1386 nulo
1161 1352 1399 1392 Piscator-isaie
1420 1363 1473 1386 xiv
1499 1353 1608 1397 aprilis
1632 1362 1805 1393 nncxxxtx,

1064 1406 1264 1450 pontificatus
1288 1406 1388 1439 nostri
1414 1416 1495 1440 anno
1513 1416 1575 1440 xv1.

1099 1467 1157 1496 Dat.
1175 1469 1219 1496 die
1238 1470 1267 1496 Η
1284 1469 1379 1504 aprilis
1400 1469 1478 1502 1639,
1498 1468 1595 1504 pontif.
1613 1476 1683 1496 anuo
1698 1474 1751 1496 xvt.

1336 1610 1528 1645 DCXXXVII.

1067 1691 1159 1733 Quod
1184 1697 1250 1725 tam
1274 1691 1354 1726 Indi
1388 1703 1489 1736 quam
1513 1691 1658 1731 Mestizi,
1686 1701 1808 1724 necnon

1700 222 1760 258 711
1809 233 1858 261 An.
1881 231 1909 260 c.
1933 231 1999 261 ¹689

1218 442 1427 474 Decernentes
1458 441 1525 473 illas
1556 451 1678 474 necnon
1708 451 1800 485 prae-
1844 453 1963 475 onasum.

158 1737 272 1760 Confirmat

87 1763 182 1787 mm„
332 1728 347 1772 ἓ
369 1726 399 1761 3.
425 1727 497 1767 Nos,
511 1725 637 1760 eosdem
663 1731 854 1770 exponentes
878 1727 1026 1770 speciali-

287 1781 346 1814 bus
365 1780 523 1814 l'avoribus
541 1784 570 1813 et
587 1779 695 1822 gratiis
713 1780 862 1823 prosequi
881 1781 1029 1821 volente&

287 1839 317 1867 et
333 1843 444 1867 eorum
464 1833 640 1875 singulares
660 1842 810 1876 personas
830 1843 847 1865 a
867 1833 1029 1876 quibusvis
1046 1829 1047 1851 ³

287 1886 634 1926 excommunicationis,
651 1886 867 1929 suspensionis
888 1891 918 1920 et
937 1887 1030 1920 inter-

286 1940 373 1981 dicti,
387 1940 519 1984 aliisque
537 1939 756 1973 ecclesiasticis
773 1940 944 1978 sententiis,
961 1951 1030 1974 cen·
1046 1956 1047 1963 ¹

287 1994 370 2028 suris
401 1999 430 2027 et
463 1993 589 2038 poenis,
614 2003 630 2025 a
657 1993 724 2025 iure
750 1993 795 2025 rel
821 1993 860 2025 ab
885 1993 1047 2034 homine„

286 2048 395 2093 quavis
420 2048 584 2082 occasione
610 2047 657 2080 vel
682 2048 777 2079 cansa
802 2046 881 2086 latis,
913 2047 937 2079 si
959 2039 1047 2090 qni-³

287 2102 346 2136 bus
369 2102 609 2146 quomodolibet
633 2100 797 2134 innodatae
821 2100 972 2140 existunt,
992 2101 1048 2133 ad:

288 2156 434 2190 effectum
471 2155 683 2200 praesentium
719 2153 878 2186 dumtaxat
914 2164 1026 2187 conse·
1047 2168 1048 2173 ¹

288 2210 459 2255 quendum,
478 2209 589 2242 harum
615 2207 695 2241 serie
716 2208 913 2240 absolventes
931 2214 960 2240 ct
981 2208 1030 2240 ab·

289 2269 407 2297 sotutas
441 2263 507 2296 sore
537 2267 720 2301 censentes,
745 2260 1030 2305 supplicationibus

290 2317 417 2350 illorum
438 2315 564 2349 nomine
589 2315 679 2348 nobis
705 2325 799 2358 snper
825 2314 883 2347 lioc
909 2314 1031 2346 humili-

290 2373 336 2404 ter
360 2370 516 2414 porrectis
542 2368 696 2409 inclinati,
722 2368 931 2412 praeinsertas
957 2367 1029 2401 dicti

1108 1746 1254 1788 AEtiopes
1285 1749 1314 1778 el
1340 1745 1453 1779 Mauri
1482 1755 1538 1778 sen
1562 1745 1699 1778 Mulatli
1722 1755 1807 1777 nun-

1109 1799 1220 1842 capati
1231 1799 1356 1842 possin!
1369 1799 1556 1841 satisfac-fre
1563 1802 1731 1842 praecepto
1741 1808 1810 1830 con-

1108 1853 1258 1895 fessionis
1289 1857 1317 1884 el
1351 1851 1591 1884 communionis
1623 1861 1754 1884 annuae
1789 1862 1810 1884 α

1109 1904 1178 1937 dom
1186 1905 1271 1937 inieci
1285 1905 1543 1947 seplnaqesimae
1560 1914 1661 1947 usque
1674 1903 1716 1936 ad
1729 1908 1810 1936 octa-

1108 1969 1182 1990 vam
1197 1958 1346 2000 Corporis
1361 1958 1485 1992 Christi
1495 1957 1530 1989 in
1544 1967 1642 2000 reyno
1656 1957 1809 1990 Perttano

1109 2015 1137 2044 el
1162 2010 1372 2054 Paruynny¹.

1268 2090 1403 2116 Urbanus
1425 2089 1504 2124 Papa
1523 2089 1602 2119 VIII.

1216 2135 1252 2162 ad
1269 2135 1401 2162 futuram
1416 2137 1459 2162 rei
1476 2135 1658 2162 memoriam.

1111 2207 1125 2249 ς
1154 2206 1178 2238 l.
1205 2206 1291 2247 Cum,
1318 2206 1398 2238 sicut
1421 2206 1525 2239 dilecti
1551 2206 1606 2239 filii
1631 2207 1810 2240 communi·
1845 2217 2009 2238 Communitates

1066 2266 1135 2300 tas,
1160 2260 1379 2293 universitates
1411 2266 1441 2293 ct
1466 2261 1610 2294 homines
1635 2272 1808 2305 regnorum
1825 2244 2010 2309 {225223'3355'0331'131

1068 2314 1210 2354 Pernam,
1235 2313 1273 2346 de
1299 2314 1395 2353 Cliile,
1420 2320 1450 2346 et
1474 2314 1634 2359 Paraguay
1660 2315 1689 2347 in
1715 2315 1809 2348 lndiis
1825 2299 2009 2353 iii-i·1²ivii⁶“,⁰c⁴‹i¹¹3i

1066 2367 1313 2401 occidentalibus
1344 2367 1432 2399 nohis
1465 2377 1564 2410 nuper
1589 2368 1702 2411 exponi
1728 2368 1809 2401 sece-
1824 2350 2009 2398 [ἷξίἰυοῗζῖἳίἶὲἷυὼ

289 2423 434 2467 Gregorii
459 2422 710 2467 praedecessoris
728 2422 856 2462 litteras,
879 2432 949 2453 cum
967 2431 1031 2454 om·
1068 2426 1149 2461 runt,
1166 2420 1234 2464 ipsi,
1252 2420 1291 2453 ob
1305 2431 1415 2453 eorum
1438 2421 1671 2454 multitudinem
1689 2426 1719 2453 et
1739 2431 1811 2454 con-

288 2478 380 2511 nibus
409 2482 439 2510 et
466 2476 598 2519 singulis
623 2476 653 2508 in
677 2476 722 2509 eis
746 2474 920 2515 contentis,
949 2485 1031 2519 apo-
1048 2477 1049 2519 J
1067 2474 1269 2507 litssariorum
1286 2473 1449 2517 penuriam
1470 2474 1545 2507 inibi
1562 2474 1729 2516 vigentem,
1743 2486 1811 2519 pee-

290 2531 400 2565 stolica
424 2530 632 2570 auctoritate,
666 2534 773 2562 tenore
798 2529 1030 2572 praesentium,
1047 2555 1049 2583 4
1067 2533 1133 2561 cata
1172 2537 1228 2559 sua
1264 2527 1343 2559 infra
1375 2527 1469 2559 breve
1506 2533 1628 2571 tempus
1665 2528 1809 2562 conliteri

291 2584 518 2635 cqnfirmamus
541 2587 571 2617 et
595 2583 820 2627 approbamus,
839 2582 964 2625 illisque
990 2582 1032 2614 in·
1048 2586 1049 2590 ’
1068 2581 1199 2614 minime
1223 2582 1360 2625 possint,
1382 2581 1463 2613 unde
1485 2581 1528 2622 fit,
1554 2587 1587 2614 ut
1607 2582 1812 2626 quamplures

292 2637 446 2672 violabilis
463 2636 653 2682 apostolicae
669 2635 828 2669 firmitatis
845 2636 943 2670 robur
959 2635 1032 2668 adii·
1047 2623 1051 2679 l
1103 2646 1115 2672 1
1133 2643 1171 2672 Ex
1187 2644 1296 2680 Regest.
1314 2644 1341 2670 in
1355 2643 1456 2672 secret.
1474 2643 1551 2672 Bret'.
