2248 3229
204 225 251 252 An.
267 224 295 252 c.
315 225 382 254 1634
427 217 491 252 372

254 766 329 787 Preces
347 771 383 791 pro

200 792 314 813 obtinenda
334 798 383 818 apo·

199 820 273 840 statura
311 820 383 840 contir-

200 846 299 866 mallone.

270 2369 326 2390 Confi
330 2371 381 2391 rmat

198 2395 302 2418 Urbanus.

401 276 560 319 prioratus
575 279 755 313 remaneat,
773 274 910 316 demum,
932 275 1016 318 quod
1033 285 1142 308 omnes

402 329 599 373 supradictae
613 328 917 368 dismembrationes,
933 328 1076 369 uniones,
1090 339 1141 372 ap—

400 382 581 425 plicationes
596 386 625 414 et
638 381 828 414 retentiones
843 381 1058 425 intelligantur
1071 392 1141 415 con-

400 445 504 468 cessae
522 435 588 467 sine
604 434 798 478 praeiudicio
815 436 993 468 communis
1012 436 1136 477 aerarii,

400 494 429 521 et
453 498 525 521 cum
550 488 618 521 aliis
636 488 786 521 clausulis
799 494 829 521 et
846 489 1078 522 conditionibus
1093 500 1140 522 ex-

398 541 515 584 pressis
540 541 571 573 in
596 547 734 575 extracto
768 543 868 576 dictae
892 543 1018 586 linguae
1043 544 1139 576 Fran-

399 594 474 635 ciae,
499 594 537 627 ad
561 605 654 638 quem
682 595 712 628 in
737 595 864 629 decreto
894 597 1057 640 capitulari
1086 596 1140 629 de-

399 657 493 691 super
515 653 659 681 emanato
683 648 790 682 habita
809 649 866 682 suit
889 649 921 682 in
946 650 1094 683 omnibus
1111 655 1140 683 et

399 711 457 744 per
481 701 586 734 onmia
610 701 730 735 relatio.

443 754 458 797 ἓ
481 753 511 786 3.
537 754 613 787 Cum
628 760 742 797 autem,
761 755 841 788 sicut
858 755 966 788 eadem
985 756 1139 800 expositio

400 807 619 850 subiungebat,
637 813 707 852 post
731 808 976 852 publicationem
995 809 1068 842 dicti
1087 809 1139 842 de-

399 861 476 893 creti
493 871 509 893 a
527 862 752 895 commissariis
770 862 938 906 deputatis,
955 863 1038 896 iuxta
1056 863 1139 895 illius

398 914 541 957 sormam,
557 925 665 948 omnes
680 915 877 959 supradictae
891 916 1140 950 dismembratio-
1156 915 1158 943 i'

397 977 462 1009 nes,
488 969 711 1012 applicationes
736 973 766 1003 et
789 970 1017 1013 assignationes
1041 970 1139 1003 bono-

397 1033 468 1055 rum
491 1023 599 1064 sactae,
618 1028 647 1056 et
667 1023 705 1056 ab
731 1024 839 1057 eadem
863 1024 986 1067 lingua,
1012 1025 1137 1057 nemine

396 1076 604 1120 discrepante,
629 1082 724 1121 prout
747 1077 778 1109 in
803 1082 943 1110 extractu
973 1078 1054 1111 sacto
1080 1078 1138 1112 sub

397 1129 446 1162 die
471 1140 503 1163 v1
524 1131 711 1174 septembris
736 1131 878 1174 proxime
902 1131 1084 1174 praeterito,
1109 1137 1138 1164 et

396 1183 600 1225 postmodum
631 1194 647 1216 a
677 1193 791 1226 magno
824 1184 976 1226 magistro
1010 1188 1039 1218 et
1071 1184 1138 1217 eius

396 1237 528 1269 consilio
553 1237 745 1280 approbatae
770 1238 897 1280 suerint,
922 1242 1018 1281 prout
1037 1238 1069 1270 in
1090 1238 1138 1271 de-

395 1295 481 1323 creto
499 1290 633 1334 desuper
648 1291 705 1323 sub
723 1291 772 1323 die
790 1301 820 1323 XI
838 1291 978 1324 octobris
993 1291 1138 1334 proxime

394 1343 538 1376 similiter
551 1345 712 1387 praeteriti
726 1345 913 1385 continetur,
929 1345 1016 1377 nulla
1032 1350 1137 1378 tamen

394 1397 426 1429 in
450 1397 494 1430 eis
519 1398 599 1430 sacta
631 1398 791 1431 mentione
820 1398 954 1431 duarum
988 1398 1137 1432 dismem-

395 1449 599 1491 brationum‚
632 1451 778 1486 videlicet
812 1452 1048 1495 praeceptoriae
1082 1463 1136 1486 seu

396 1504 602 1537 commendae
621 1504 660 1537 de
683 1505 818 1549 Antigny
842 1515 860 1537 a
884 1505 1027 1549 prioratu
1046 1506 1138 1550 Aqui-

393 1557 516 1601 taniae,
542 1568 578 1590 ac
601 1559 840 1602 praeceptoriae
859 1569 914 1592 seu
932 1560 1137 1592 commendae

394 1610 432 1643 de
446 1611 580 1645 Beaume
598 1622 615 1644 a
632 1612 773 1655 prioratu
787 1613 984 1656 Campaniae,
999 1624 1035 1646 eo
1053 1614 1137 1657 quod
1153 1625 1155 1631 ’

394 1664 466 1698 illae
491 1671 582 1698 antea
605 1675 623 1697 a
647 1665 738 1698 dictis
763 1666 955 1709 prioratibus
976 1672 1137 1710 separatae

394 1723 424 1751 et
449 1718 695 1752 dismembratae
725 1719 984 1763 reperiebantur;
1011 1720 1138 1764 cupiant

394 1777 496 1805 autem
525 1772 599 1805 dicti
630 1778 820 1816 exponentes
854 1783 964 1806 omnes
992 1774 1136 1817 supradi-

394 1830 459 1858 ctas
476 1825 718 1858 deliberationes
736 1826 836 1859 dictae
860 1826 996 1869 linguae,
1014 1837 1137 1860 necnon

394 1879 556 1912 decretum
582 1880 752 1923 capitulare
776 1880 983 1924 praedictum,
998 1892 1060 1924 quo
1076 1892 1138 1914 ma-

394 1934 494 1967 iorem
521 1935 583 1967 vim
609 1935 780 1976 obtineant,
805 1946 841 1968 ac
865 1936 904 1968 ab
930 1936 1078 1969 omnibus
1095 1937 1138 1969 in-

395 1988 583 2022 violabiliter
611 1994 641 2022 et
671 1993 824 2033 perpetuo
849 1989 1072 2032 observentur,
1098 2001 1134 2023 a—

395 2042 566 2086 postolicae
590 2046 716 2076 nostrae
749 2043 997 2077 confirmationis
1021 2044 1137 2077 robore

396 2096 605 2128 communiri:
631 2096 722 2129 nobis
753 2102 921 2140 propterea
946 2097 1020 2130 dicti
1045 2108 1137 2142 expo-

395 2153 504 2183 nentes
529 2150 690 2182 humilitcr
715 2150 885 2193 supplicari
917 2151 1079 2192 fecerunt,
1104 2156 1154 2184 ut¹

396 2202 428 2235 in
451 2203 634 2246 praemissis
659 2207 847 2247 opportune,
867 2207 901 2238 ut
921 2204 1011 2244 infra,
1036 2205 1138 2248 provi—

396 2256 471 2290 dere
502 2257 539 2290 de
571 2257 763 2301 benignitate
788 2259 961 2302 apostolica
985 2258 1134 2302 dignare-

397 2321 478 2344 mur.

441 2364 509 2408 §ln
542 2365 605 2398 Nos
636 2365 753 2408 igitur,
785 2366 911 2399 eosdem
945 2372 1136 2411 exponentes

397 2418 585 2462 specialibus
609 2419 769 2452 favoribus
793 2424 823 2452 et
847 2420 956 2462 gratiis
987 2420 1136 2464 prosequi

398 2472 545 2512 volentes,
571 2478 601 2505 et
625 2483 737 2506 eorum
758 2473 934 2516 singulares
953 2484 1103 2518 personas
1119 2484 1136 2506 a

397 2525 558 2568 quibusvis
569 2526 912 2569 excommunicationis,
923 2527 1137 2571 suspensionis

398 2582 428 2610 et
451 2578 626 2621 interdicti,
653 2580 784 2623 aliisque
815 2580 1034 2613 ecclesiasticis
1066 2590 1134 2613 sen-

396 2632 510 2674 tentiis,
531 2633 671 2667 censuris
695 2639 725 2667 et
749 2635 873 2678 poenis,
891 2645 908 2669 a
928 2635 996 2668 iure
1020 2634 1067 2668 vel
1092 2634 1131 2667 ab

974 226 1155 252 BULLARIUM
1178 226 1333 252 ROMANUM

1175 275 1312 316 immine,
1331 275 1441 318 quavis
1457 276 1621 309 occasione
1644 277 1692 310 vel
1718 277 1811 310 causa
1831 277 1910 318 latis,

1175 328 1199 360 si
1210 328 1325 371 quibus
1337 325 1574 371 quomodolibet
1587 329 1752 363 innodatae
1765 330 1911 371 existunt,

1175 382 1213 414 ad
1238 382 1383 414 effectum
1414 382 1630 426 praesentium
1660 383 1819 417 dumtaxat
1842 394 1912 417 con-

1175 435 1385 478 sequendum,
1414 436 1526 468 harum
1558 436 1639 469 serie
1663 437 1858 470 absolventes
1883 442 1913 470 et

1174 489 1333 521 absolutas
1346 489 1413 522 sore
1427 495 1598 530 censentes,
1613 490 1794 523 huiusmodi
1809 501 1913 534 supra-

1174 541 1272 575 dictas
1297 543 1422 585 linguae
1446 543 1697 586 deliberationes,
1717 553 1841 577 necnon
1864 543 1914 576 de-

1175 601 1294 628 cretum
1320 595 1491 639 capitulare
1514 597 1713 638 huiusmodi,
1738 607 1913 640 eorumque

1175 649 1493 682 communicationem
1519 660 1536 682 a
1568 650 1658 683 dietis
1688 649 1913 684 commissariis

1174 703 1297 744 factam,
1316 708 1345 736 et
1362 713 1378 735 a
1395 703 1514 746 lingua,
1535 709 1569 736 ut
1587 704 1773 748 praefertur,
1790 714 1913 738 necnon

1174 756 1304 789 consilio
1329 756 1489 789 ordinario
1514 756 1587 789 dicti
1612 757 1775 801 hospitalis
1794 757 1826 790 in
1850 757 1913 789 vim

1174 809 1302 853 capituli
1327 809 1483 852 generalis
1508 809 1722 853 approbatam,
1742 809 1913 853 apostolica

1173 863 1368 905 auctoritate,
1394 868 1503 896 tenore
1521 864 1744 907 praesentium,
1760 863 1914 907 approba-

1174 928 1242 950 mus
1267 922 1297 950 et
1321 917 1557 957 confirmamus,
1574 917 1698 961 illisque
1723 916 1913 950 inviolabilis

1173 971 1363 1014 apostolicae
1386 970 1543 1004 firmitatis
1568 971 1667 1004 robur
1685 970 1859 1012 adiicimus,
1877 980 1913 1003 ac

1174 1035 1281 1062 omnes
1307 1029 1336 1058 et
1360 1025 1501 1068 singulos
1530 1030 1592 1057 tam
1622 1025 1699 1058 iuris
1723 1035 1818 1068 quam
1842 1023 1914 1058 facti

1173 1079 1321 1122 desectus,
1335 1079 1426 1123 siqui
1443 1079 1578 1124 desuper
1592 1079 1826 1120 intervenerint,
1844 1089 1914 1123 sup-

1172 1133 1304 1176 plemus.

1217 1187 1232 1229 §
1253 1186 1281 1218 5.
1299 1186 1508 1227 Declarantes,
1525 1186 1619 1230 quod,
1637 1186 1709 1219 licet
1725 1186 1756 1219 in
1773 1185 1834 1218 illis
1850 1195 1914 1219 non

1173 1238 1212 1271 sit
1225 1239 1305 1271 sacta
1322 1239 1439 1272 mentio
1452 1239 1742 1283 praeceptoriarum
1759 1249 1814 1272 seu
1831 1249 1914 1272 com-

1173 1292 1358 1325 mendarum
1384 1292 1422 1325 de
1446 1293 1580 1337 Antigny
1599 1298 1629 1326 et
1645 1292 1683 1325 de
1701 1293 1846 1334 Beaume,
1869 1291 1914 1324 ni-

1172 1346 1365 1387 hilominus,
1399 1351 1553 1389 quatenus
1591 1351 1681 1379 antea
1712 1345 1813 1378 valide
1850 1345 1914 1378 dis-

1172 1399 1367 1432 membratae
1401 1410 1463 1432 non
1497 1404 1620 1440 essent,
1652 1404 1756 1432 tamen
1789 1408 1915 1442 semper

1171 1452 1426 1493 dismembratae,
1441 1458 1480 1493 et,
1495 1457 1649 1496 quatenus
1666 1462 1775 1485 earum
1792 1451 1914 1496 primae

1171 1506 1465 1540 dismembrationes
1489 1505 1608 1539 validae
1632 1506 1759 1548 fuerint,
1786 1515 1822 1539 eo
1840 1515 1915 1538 casu

1172 1560 1242 1594 illae
1255 1561 1459 1594 confirmatae
1471 1566 1666 1601 censeantur,
1681 1560 1766 1594 iuxta
1778 1560 1912 1594 formam

1171 1620 1201 1647 et
1224 1620 1367 1648 tenorem
1392 1615 1466 1648 dicti
1491 1615 1608 1648 decreti
1630 1613 1821 1658 capitularis.

1215 1669 1229 1711 ξ
1247 1668 1275 1701 6.
1294 1669 1337 1702 Ac
1361 1668 1564 1701 decernentes
1589 1672 1770 1711 praesentes
1793 1667 1912 1701 litteras
1926 1675 2111 1729 pofiffmffi‘ssp'

1170 1721 1297 1762 validas,
1311 1722 1418 1754 firmas
1433 1726 1462 1754 et
1478 1721 1620 1754 efficaces
1637 1721 1771 1754 existere
1788 1724 1818 1754 et
1831 1720 1910 1761 fore,

1170 1786 1205 1808 ac
1229 1775 1268 1808 ab
1293 1775 1458 1817 omnibus,
1484 1775 1521 1807 ad
1545 1785 1624 1818 quos
1657 1777 1775 1818 spectat
1798 1779 1829 1806 et
1852 1783 1912 1818 pro

1172 1834 1312 1873 tempore
1330 1828 1490 1872 spectabit,
1506 1827 1728 1861 inviolabiliter
1738 1827 1912 1868 observari,

1171 1883 1278 1927 sicque
1294 1893 1351 1927 per
1368 1892 1585 1926 quoscumque
1602 1881 1720 1915 iudices
1733 1881 1912 1915 ordinarios

1172 1942 1201 1970 et
1221 1937 1392 1980 delegatos,
1410 1937 1503 1969 etiam
1522 1945 1687 1969 causarum
1705 1935 1810 1979 palatii
1835 1945 1912 1979 apo-

1171 1990 1272 2023 stolici
1298 1989 1475 2032 auditores,
1502 1988 1634 2022 iudicari
1659 1992 1688 2022 et
1712 1987 1835 2020 definiri
1859 1987 1912 2020 de-

1172 2043 1257 2086 bere,
1283 2053 1319 2076 ac
1343 2043 1468 2076 irritum
1491 2047 1521 2075 et
1545 2042 1646 2082 inane,
1665 2041 1689 2074 si
1708 2051 1797 2074 secus
1817 2050 1913 2085 super

1171 2097 1219 2129 his
1233 2106 1250 2129 a
1263 2107 1432 2140 quoquam,
1447 2095 1555 2141 quavis
1569 2094 1764 2135 auctoritate,
1778 2094 1913 2127 scienter

1171 2151 1218 2184 vel
1243 2151 1436 2193 ignoranter,
1462 2150 1629 2193 contigerit
1653 2148 1808 2182 attentari.

1215 2205 1230 2248 ἓ
1257 2204 1285 2237 7.
1312 2205 1380 2238 Non
1411 2204 1608 2238 obstantibus
1640 2203 1822 2248 praemissis
1836 2229 1843 2243 ,
1876 2213 1912 2236 ac

1171 2259 1447 2293 constitutionibus
1472 2264 1501 2291 et
1525 2258 1776 2291 ordinationibus
1792 2262 1912 2301 aposto-

1170 2312 1248 2353 licis,
1261 2323 1296 2345 ac
1312 2312 1386 2346 dicti
1403 2312 1578 2356 hospitalis,
1589 2316 1661 2352 ete,
1675 2310 1910 2355 capitularibus,

1171 2365 1264 2398 etiam
1279 2365 1464 2407 iuramento,
1480 2366 1718 2398 confirmatione
1729 2363 1910 2409 apostolica,

1170 2418 1217 2451 vel
1234 2419 1343 2462 quavis
1360 2419 1508 2453 firmitate
1526 2419 1586 2452 alia
1603 2418 1771 2460 roboratis,
1788 2416 1911 2451 statutis

1170 2477 1200 2504 et
1217 2473 1506 2515 consuetudinibus,
1524 2472 1697 2517 privilegiis
1714 2481 1849 2516 quoque,
1867 2470 1910 2503 in-

1170 2525 1263 2559 dultis
1288 2532 1318 2559 et
1342 2527 1454 2560 litteris
1471 2526 1651 2570 apostolicis
1667 2526 1700 2558 in
1716 2524 1910 2559 contrarium

1169 2580 1417 2623 praemissorum
1457 2579 1695 2624 quomodolibet
1727 2577 1884 2612 concessis
1901 2605 1909 2620 ‚

1169 2634 1362 2670 confirmatis
1386 2640 1415 2668 et
1439 2634 1607 2676 innovatis3
1627 2632 1741 2678 quibus
1759 2631 1908 2668 omnibus

1919 228 1969 256 An.
1988 228 2019 257 G.
2039 228 2108 257 ¹634

1973 1197 2062 1224 Supplet
2076 1196 2112 1218 de-

1928 1224 2002 1246 fectus.

1973 2208 2110 2231 Obstautibus

1926 2235 2021 2262 derogat.
