2226 3235
120 241 170 268 An.
188 241 218 268 C.
236 241 304 268 1629

146 462 232 484 Eisdem
241 462 305 488 prii-i-

119 489 175 515 legia
195 489 265 509 omnia
284 491 306 509 et

120 516 199 536 indulta
208 516 246 541 ism
253 515 306 536 Con-

119 542 236 571 gregalium
252 548 305 562 conr

121 571 215 594 petentia
228 574 304 595 conce·

120 595 157 616 dit.
168 601 193 615 ac
203 595 234 615 eis
246 596 306 620 pari-

120 621 215 641 formiter
230 622 259 641 nti
275 628 304 642 m·

121 648 199 674 dulget.

120 1528 229 1548 clau-*niae
242 1535 306 1555 prae-

120 1556 236 1602 aefvatisas
269 1556 304 1576 ait-

137 1588 141 1601 ι
154 1598 158 1602 .

132 1901 258 1931 ΔῙΜεοι-εῐηιτι
277 1902 304 1922 ir—

120 1931 185 1949 ritans
200 1931 295 1954 apponzt.

121 2378 229 2400 Contraria
245 2380 304 2400 tollit.

284 665 294 674 ⁰
320 662 532 706 indulgentiis,
547 665 803 698 concessionibus
816 670 845 697 et
863 665 981 708 gratiis,
996 664 1062 708 qui-

931 244 1074 268 URBANUS

320 289 491 333 apostolica
508 290 706 331 auctoritate,
721 296 829 324 tenore
847 292 1060 335 praesentium

319 348 473 386 perpetuo
497 343 634 382 unimus,
655 343 849 377 annectimus
867 349 896 377 et
918 345 1061 389 incorpo-

321 406 436 428 ramus.

366 449 380 492 ἓ
397 449 426 489 ζ).
445 449 558 495 Eisquc
578 450 775 494 primodictis
796 451 945 484 fratribus
966 456 995 483 ct
1015 461 1062 484 rc-

320 502 482 544 gnlaribus
507 502 662 545 domibus,
677 504 761 547 quod
786 504 932 537 omnibus
957 509 985 537 et
1003 503 1062 536 sin-

320 555 401 598 gulis
418 555 599 599 privilegiis,
619 549 757 597 indultis,
776 558 942 597 favoribus,
960 567 1060 589 exem-

320 609 502 652 ptionibus,
533 609 753 651 libertatibus,
789 611 1060 652 immunitatibus,

320 715 378 748 bus
402 716 453 748 alii
475 717 653 760 praedictae
670 717 929 761 Congregationis
950 718 1062 750 fratres

320 778 493 813 eorumque
517 770 629 803 domus
654 771 691 803 dc
710 771 787 811 iurc,
809 781 876 812 usn,
897 776 1062 803 eonsuetu-

319 822 408 865 dine,
434 823 620 867 privilegio,
645 830 697 857 aut
727 825 801 857 alias
826 824 1062 867 quomodolibet

320 881 460 918 utuntur,
487 870 634 911 frutintur
655 884 683 911 et
708 878 853 921 gaudent,
872 889 906 910 ac
927 877 982 917 uti,
1000 878 1059 910 srni

320 935 347 962 et
375 930 511 972 gaudere
536 937 669 975 possunt.
697 937 726 964 et
752 934 900 975 poterunt
928 904 1078 974 quomo-i

320 983 439 1016 dolibet
464 984 494 1016 in
520 985 670 1025 futurum,
689 984 756 1028 pari
786 985 881 1017 modo
898 990 927 1017 ct
945 958 1078 1027 absquei

319 1037 382 1070 ulla
409 1048 541 1081 prorsus
566 1038 740 1071 differentia
767 1038 827 1079 uti,
854 1038 937 1078 frui,
966 1038 1077 1081 potiri,

321 1095 347 1123 et
374 1091 511 1134 gaudere
536 1091 635 1124 libere
663 1091 809 1124 similitor
835 1096 864 1123 et.
889 1091 972 1124 licite
993 1079 1078 1135 pos-l

320 1145 380 1179 sint
404 1150 434 1178 et
455 1145 574 1178 valeant
603 1146 634 1178 in
659 1146 806 1179 omnibus
824 1151 853 1178 et,
870 1157 927 1190 per
944 1146 1059 1186 omnia,

320 1198 450 1240 perinde
475 1209 509 1231 ac
534 1199 558 1231 si
584 1199 622 1231 ab
648 1199 736 1231 initio
768 1199 934 1232 erectionis
960 1199 1059 1231 dictae

319 1251 577 1295 Congregationis
595 1252 775 1296 primodicti
796 1254 907 1285 fratres
937 1263 1060 1285 eorum-

319 1316 380 1349 que
405 1306 518 1339 domus
551 1307 714 1349 regulares
747 1307 926 1350 praedictat*
957 1307 1059 1339 eidem

319 1359 560 1402 Congregationi
586 1360 689 1392 unitae
708 1365 737 1392 et
754 1360 970 1403 incorporatae
988 1360 1060 1393 suis-

320 1417 397 1454 sent,
415 1413 600 1447 auctoritate
617 1418 644 1446 et
664 1418 770 1446 tenore
796 1413 965 1457 praedictis
990 1424 1060 1447 con-

321 1465 461 1499 cedimus
486 1471 513 1499 et
541 1466 748 1510 indulgemus.

365 1520 379 1562 g
404 1518 432 1551 6.
459 1520 667 1553 Decernentes
685 1526 866 1564 praesentes
894 1521 1014 1553 litteras
1031 1525 1060 1553 ct

321 1572 351 1603 in
385 1572 429 1605 eis
461 1578 606 1606 contenta
630 1584 848 1617 quaecumque
877 1584 1001 1618 semper
1030 1579 1060 1606 et

320 1631 473 1669 perpetuo
491 1626 601 1669 valida,
619 1627 712 1660 firma
727 1633 756 1660 et
774 1627 911 1661 efficacia
928 1628 1059 1661 existere

320 1682 346 1712 et
369 1680 444 1720 fore,
462 1690 598 1724 suosque
622 1681 780 1724 plenarios
804 1686 834 1714 et
859 1681 997 1723 integros
1021 1681 1061 1713 es-

309 1732 415 1766 sectus
439 1734 545 1766 sortiri
570 1739 600 1766 et
624 1733 776 1775 obtinere,
803 1745 838 1767 ac
863 1734 1061 1778 primodictis

320 1786 468 1819 fratribus
493 1787 523 1819 in
548 1788 696 1820 omnibus
720 1794 750 1821 et
774 1799 830 1832 pcr
863 1788 969 1821 omnia
998 1789 1061 1832 plc-

319 1838 448 1872 nissime
466 1840 649 1884 suffragari,

364 1894 378 1935 ξ
397 1893 424 1926 7.
440 1893 563 1937 Sicque,
578 1899 608 1927 et
624 1905 686 1927 non
704 1895 804 1935 aliter,
822 1905 878 1938 per
895 1905 1060 1939 quoscum-

319 1957 379 1989 que
397 1947 515 1980 iudices
541 1947 718 1980 ordinarios
736 1954 765 1980 et
782 1948 952 1991 delegatos,
967 1949 1058 1981 etiam
1076 1984 1078 1993 ,

319 2010 484 2032 causarum
508 2000 615 2043 palatii
643 2001 804 2044 apostolici
830 2001 999 2042 auditores,
1025 2012 1077 2049 ,ἰς-ἲ

319 2059 444 2086 sanctae
478 2054 635 2087 Romanae
672 2055 828 2087 Ecclesiae
864 2055 1059 2094 cardinales,

319 2107 412 2140 etiam
437 2108 475 2140 de
499 2108 597 2141 latere
624 2109 744 2151 legatos
767 2112 795 2141 et
820 2108 907 2141 Sedis
932 2109 1078 2150 Aposto-⁸

319 2160 396 2193 licae
420 2161 556 2201 nuntios,
575 2161 707 2194 iudicari
733 2165 761 2194 et
786 2161 909 2193 deliniri
935 2161 1059 2201 debere,

321 2213 508 2257 irritumque
531 2220 561 2247 et
583 2214 683 2256 inane,
709 2215 732 2246 si
754 2214 827 2258 quid
853 2224 942 2247 secus
966 2225 1060 2258 super

320 2265 368 2298 his
383 2276 399 2298 a
413 2277 581 2310 quoquam,
594 2267 703 2311 quavis
716 2267 912 2307 auctoritate,
926 2267 1060 2300 scienter

322 2320 367 2352 vel
400 2320 592 2363 ignoranter,
624 2321 792 2364 contigerit
816 2321 970 2354 attentari.

365 2373 379 2415 ξ
404 2372 432 2405 8.
450 2373 518 2406 Non
543 2373 740 2406 obstantibus
758 2374 921 2417 quibusvis
939 2379 1060 2418 aposto-

320 2426 398 2467 licis,
423 2436 459 2459 ac
484 2426 514 2458 in
539 2426 778 2467 universalibus,
795 2427 1058 2471 provincialibus-

320 2490 381 2524 que
406 2480 547 2513 conciliis
572 2480 673 2520 editis,
694 2481 892 2523 generalibus
916 2481 963 2513 vel
990 2492 1059 2525 spe-

321 2533 461 2575 cialibus,
480 2533 735 2567 contitutionibus
753 2538 783 2566 et
800 2534 1059 2574 ordinationibus,

320 2597 441 2620 necnon
465 2587 590 2621 Ordinis
615 2591 645 2620 et
668 2587 937 2630 Congregadonss,
953 2598 989 2620 ac
1009 2587 1060 2621 do-

321 2651 447 2675 morum
459 2647 488 2675 et
502 2641 738 2686 provinciarum
754 2641 946 2684 huiusmodi,
966 2642 1058 2676 etiam

1098 244 1155 268 viu
1179 244 1226 268 rr.
1762 235 1804 267 75

1095 292 1281 332 iuramento,
1307 292 1545 325 confirmatione
1569 292 1738 335 apostolica
1755 320 1762 333 ,
1786 292 1834 324 vel

1094 344 1203 387 quavis
1225 344 1372 377 firmitate
1392 345 1453 377 alia
1478 344 1645 384 roboratis,
1664 345 1785 378 statutis
1805 350 1833 377 ct

1095 397 1382 434 eonsuetudinilms,
1399 397 1573 441 privilegiis
1586 408 1722 441 quoquo,
1738 397 1835 429 indul-

1096 451 1134 482 tis
1159 455 1188 484 et
1208 451 1319 483 litteris
1344 451 1533 494 apostolicis,
1556 451 1614 483 sub
1636 451 1836 494 quibuscum-

1094 515 1155 547 que
1175 504 1335 537 tenoribus
1352 510 1382 536 et
1398 505 1516 547 formis,
1535 515 1570 537 ac
1587 515 1658 536 eum
1675 504 1836 548 quibusvis

1095 558 1242 590 clausulis
1267 563 1296 590 et
1321 558 1464 598 decretis,
1483 559 1511 591 iu
1530 559 1723 592 contrarium
1749 568 1837 601 prae-

1095 611 1263 644 missorum
1298 612 1531 655 quomodolibet
1569 613 1736 652 concessis,
1761 622 1837 645 con-

1096 665 1227 697 firmatis
1253 670 1282 698 ct
1308 666 1476 703 innoi·atis;
1499 666 1612 709 quibus
1636 666 1782 699 omnibus
1807 671 1834 698 et

1095 719 1237 761 singulis,
1255 719 1379 751 illorum
1400 725 1523 752 tenores
1540 720 1757 763 praesentibus
1778 731 1836 763 pro

1095 772 1286 805 sufficienter
1311 773 1468 816 expressis
1493 773 1655 815 habentes,
1678 774 1736 805 illis
1762 774 1837 806 alias

1095 825 1125 857 in
1143 836 1199 858 suo
1215 826 1330 858 robore
1348 826 1574 869 permansuris,
1593 827 1650 858 bar,
1666 827 1730 859 vics·
1750 826 1837 859 dum-

1095 884 1178 911 taxat
1202 879 1379 923 specialiter
1404 884 1433 912 ct
1458 890 1606 923 expresse
1632 880 1836 923 derogamus,

1095 932 1269 975 ceterisque
1287 932 1453 965 contrariis
1473 933 1733 976 quilniscumque.

1139 987 1153 1029 ἓ
1178 986 1207 1019 9.
1233 987 1384 1019 Volumus
1415 991 1542 1027 autem,
1572 987 1655 1029 quod
1689 998 1836 1030 praesen—

1095 1041 1170 1072 tium
1196 1040 1411 1083 transumptis,
1434 1041 1526 1072 etiam
1554 1040 1725 1083 impressis,
1744 1051 1837 1073 manu

1093 1093 1225 1126 alicuius
1249 1094 1362 1127 notarii
1389 1094 1506 1138 publici
1534 1094 1728 1136 subscriptis,
1747 1099 1775 1125 et
1796 1094 1836 1126 si-

1093 1147 1169 1188 gillo
1196 1157 1350 1190 personae
1383 1147 1411 1179 in
1445 1147 1596 1189 dignitato
1628 1147 1837 1179 ecclesiastica

1093 1201 1278 1234 constitutae
1307 1201 1445 1240 munitis,
1470 1200 1577 1232 ezislom
1607 1211 1736 1243 prorsus
1761 1200 1837 1233 tides

1094 1254 1288 1294 adhibeatur,
1311 1265 1389 1297 quae
1415 1254 1491 1297 ipsis
1516 1254 1733 1297 praesentil‘ius
1754 1253 1839 1286 adbi-

1093 1306 1231 1348 beretur,
1249 1307 1274 1338 si
1292 1307 1393 1339 forent
1413 1307 1569 1339 exhibitae
1586 1307 1631 1339 wt
1651 1312 1803 1339 ostensae.

1137 1360 1246 1393 Datum
1273 1361 1411 1398 Romae,
1437 1360 1518 1403 apud
1544 1362 1572 1393 S.
1599 1360 1728 1392 Mariam
1747 1360 1838 1393 Maio-

1094 1424 1171 1452 rem,
1194 1414 1251 1446 sul]
1276 1415 1391 1446 annulo
1413 1414 1596 1451 piscatoris,
1619 1414 1668 1445 dic
1696 1424 1749 1446 xil
1771 1413 1836 1447 iulii

1094 1477 1247 1507 Mticxxix,
1272 1468 1471 1510 pontificatus
1497 1467 1594 1499 nostri
1620 1477 1700 1499 anno
1727 1477 1766 1498 ri.

1129 1529 1187 1556 Dat.
1205 1529 1248 1556 die
1267 1530 1297 1556 16
1313 1529 1370 1556 iulii
1389 1530 1464 1563 1629,
1482 1529 1576 1564 pontis·
1593 1538 1661 1555 anno
1679 1536 1712 1557 vt.

1388 1655 1543 1688 CCCXLlI.

1094 1726 1249 1770 Episcopo
1269 1726 1511 1769 Osiicibiirssenss
1534 1726 1674 1769 facultas
1698 1727 1838 1759 concedi-

1139 1785 1193 1813 tur
1218 1780 1364 1823 eriyenclzss
1388 1780 1586 1812 academiam
1613 1781 1648 1812 i'n
1674 1780 1743 1823 ipsit
1762 1780 1837 1812 civi—

1140 1837 1204 1865 tate
1231 1832 1494 1875 Osnaburqensess,
1523 1834 1577 1865 cui
1606 1834 1739 1876 quidem
1764 1844 1837 1865 aca-

1138 1886 1264 1919 demiae
1288 1890 1469 1920 ceterarum
1495 1886 1737 1919 academiarum
1760 1887 1833 1929 pri-

1139 1940 1260 1983 t·e'[i³(sia
1285 1940 1506 1973 conceduntur
1520 1939 1538 1972 ¹.

1303 2012 1439 2039 Urbanus
1456 2011 1629 2045 Episcopus,

1272 2064 1378 2084 servus
1410 2064 1563 2084 servorum
1596 2057 1659 2087 Dei,

1218 2101 1254 2127 ad
1269 2105 1446 2135 perpetuam
1464 2102 1508 2129 rei
1529 2102 1711 2129 memoriam.

1138 2162 1308 2195 Salvatoris
1325 2168 1355 2195 et
1372 2163 1494 2196 Domini
1519 2164 1619 2196 nostri
1638 2164 1705 2196 lesu
1722 2164 1835 2197 Christi

1095 2215 1176 2248 vices
1207 2216 1279 2249 licet.
1310 2217 1459 2249 immeriti
1494 2211 1640 2259 gerentes
1666 2218 1696 2249 in
1721 2217 1835 2255 terris,

1095 2269 1211 2312 ingenti
1234 2270 1343 2314 utique
1363 2270 1520 2304 desiderio
1536 2271 1692 2311 ducimur,
1710 2276 1739 2303 et.
1760 2272 1836 2302 cura

1093 2323 1310 2365 propensioris
1335 2324 1553 2356 sollicitudinis
1583 2324 1777 2363 excitamur,
1803 2328 1835 2355 ut.

1093 2375 1280 2416 academiae,
1299 2377 1422 2420 aliaque
1447 2377 1621 2410 litterarum
1648 2378 1758 2415 studia,
1782 2388 1837 2419 per

1093 2440 1172 2472 quae
1198 2430 1363 2463 tenebrosa
1388 2431 1585 2473 ignorantiae
1610 2430 1711 2473 caligo
1736 2430 1838 2473 expel-

1094 2483 1189 2522 litur,
1222 2483 1423 2516 scientiarum
1449 2484 1615 2516 thesaurus
1640 2484 1835 2527 acquiritur,

1094 2536 1207 2569 veritas
1231 2537 1424 2579 agnoscitur,
1449 2537 1597 2580 pestifera
1621 2537 1762 2570 haeresis
1786 2548 1837 2570 ex-

1132 2653 1140 2677 t
1159 2650 1197 2679 Ex
1214 2651 1319 2686 Regest,
1337 2651 1363 2678 in
1378 2651 1479 2679 Secret.
1497 2652 1572 2678 Brei:

1852 245 1901 270 An.
1918 244 1945 269 C.
1965 244 2031 271 16229

1897 997 2000 1023 Exemplis
2015 997 2038 1017 ti-

1854 1025 1899 1045 itent
1916 1025 2009 1045 mandat.
