2248 3229
150 243 200 270 An.
217 241 245 270 C.
268 241 336 269 1633

177 1103 317 1125 Prooemium.

206 2062 340 2084 ferdinando

156 2091 283 2116 imperatore
307 2095 341 2110 ec-

157 2117 270 2137 etesiarum
314 2117 340 2137 ab

157 2144 271 2164 haereticis
287 2143 341 2163 dire-

157 2172 238 2196 ptarum
280 2170 341 2190 bonis

158 2197 286 2222 consulente,

958 239 1101 266 URBANUS
1119 240 1176 264 vm
1195 239 1244 264 ΓΡ.

664 289 770 324 CDLX.

350 361 560 404 Confirmatio
577 363 807 396 transactionis
824 363 927 395 initae
941 362 1026 395 inter
1038 361 1090 394 do-

392 415 497 448 minos
518 415 704 449 cardinales
728 415 768 448 ab
793 415 945 449 Harracli
966 419 994 447 et
1014 414 1091 447 Pat-

397 467 525 508 Iottam,
541 468 667 501 Summi
686 468 857 510 Pontifices
871 468 1040 511 delegatos,
1062 471 1089 499 ct

392 521 599 554 Fcrdinanclc'
612 522 820 565 imperatoris
843 521 1090 564 plenipotentia-

392 575 458 607 rios
473 601 480 615 ,
504 584 601 618 saper
633 574 724 607 bonis
752 574 974 607 ecclesiasticis
998 573 1091 617 reynz'

392 627 587 667 Bolzemiae;
612 638 677 671 qna
711 628 842 671 quidem
875 627 1090 660 transactione

388 680 560 724 praedicta
584 681 675 722 bona,
693 686 857 715 crassante
881 691 914 714 eo
938 682 974 714 in
991 690 1089 724 reqno

394 734 629 768 haereticoram
646 734 819 768 rebellione
833 739 1003 778 usurpata,
1021 734 1090 777 ressi

392 787 627 829 concedantar,
648 788 870 822 ecclesiasticis
883 794 989 821 autem
1005 792 1090 820 certa

389 851 469 885 pars
490 841 666 885 cecliyalis,
690 841 776 886 quod
797 841 869 875 salis
886 840 1085 886 appellatur,

393 894 606 929 adiudicatur
618 894 637 928 ¹.

552 976 689 1004 Urbanus
710 975 788 1009 Papa
808 975 886 1009 VIII,

465 1022 501 1048 ad
525 1023 701 1055 perpetuam
720 1020 765 1048 rei
789 1019 969 1048 memoriam.

393 1091 505 1125 Sancta
530 1094 629 1124 mater
660 1090 819 1132 Ecclesia,
849 1101 944 1135 super
980 1090 1090 1124 sunda-

350 1147 489 1178 mentum
503 1144 725 1188 Apostolorum
741 1147 770 1178 et
780 1144 1008 1188 Prophetarum
1022 1143 1091 1188 ipso

349 1208 473 1231 summo
490 1198 634 1241 angulari
655 1197 757 1242 lapide
774 1197 897 1231 Christo
914 1198 982 1230 lesu
1007 1197 1091 1230 aedi-

350 1251 451 1293 ficata,
467 1261 531 1285 non
549 1251 642 1285 modo
666 1251 785 1284 aeterni
810 1250 976 1284 sacerdotii
994 1251 1092 1294 digni-

351 1309 411 1337 tate
439 1305 478 1337 ab
499 1305 566 1349 ipso
594 1305 718 1338 Christo
743 1305 890 1348 insignita
907 1310 963 1345 est,
981 1315 1091 1337 verum

350 1358 443 1391 etiam
468 1358 499 1391 in
516 1358 629 1392 vestitu
654 1358 805 1391 deaurato
829 1358 1025 1392 circumdala
1041 1369 1092 1391 va-

350 1411 470 1454 rietate,
480 1412 704 1456 temporalium
719 1412 876 1446 bonorum
895 1412 1092 1456 possessione

352 1469 518 1506 exornata,
544 1470 578 1498 ut
609 1476 666 1498 nec
698 1465 925 1510 pulchritudini
949 1465 1093 1498 deessent

352 1524 546 1560 ornamenta,
563 1529 620 1552 nec
645 1520 798 1553 maiestati
824 1519 990 1564 praesidia.
1015 1519 1093 1559 Qua-

352 1578 483 1617 propter
492 1573 663 1617 apostolica
676 1574 891 1606 Romanorum
906 1573 1091 1606 Pontificum

351 1625 529 1659 sollicitudo
546 1635 609 1659 non
626 1625 657 1658 in
672 1626 709 1658 iis
727 1630 846 1660 tautum
863 1626 1093 1670 prospiciendis

351 1684 503 1723 versatur,
521 1690 601 1724 quae
615 1679 788 1723 spiritualis
804 1679 935 1713 traditae
951 1679 1009 1712 sibi
1028 1690 1094 1715 cae-

350 1732 424 1766 litus
455 1733 618 1777 potestatis
647 1733 754 1766 munia
782 1733 965 1778 respiciunt,
983 1744 1092 1766 verum

352 1786 445 1819 etiam
477 1786 515 1819 ad
546 1789 583 1820 'ea
614 1786 782 1831 pastoralis
814 1787 994 1830 vigilantiae
1019 1798 1093 1821 suae

351 1844 456 1884 partes
476 1840 585 1873 sedulo
603 1840 745 1882 intendit,
764 1851 821 1884 per
841 1851 920 1884 quae
936 1841 1093 1875 bonorum

354 1893 577 1937 temporalium
601 1893 784 1926 earumdem
801 1894 1004 1927 eeclesiarum
1019 1905 1093 1928 eon-

353 1947 543 1987 servationi‚
574 1952 725 1990 quantum
758 1958 829 1980 cum
861 1948 994 1981 Domino
1026 1948 1094 1981 fieri

353 2003 463 2044 potest,
489 2002 667 2044 opportuna
692 2000 813 2033 ratione
838 2001 1031 2044 providetur.

400 2053 415 2097 ξ
439 2054 469 2087 1.
490 2054 573 2087 Alias
590 2054 755 2098 siquidem,
776 2065 858 2095 cum,
879 2054 1033 2088 concitata
1051 2065 1097 2088 re-

356 2107 484 2141 troactis
512 2108 706 2153 temporibus
738 2108 768 2141 in
800 2119 899 2153 regno
928 2109 1096 2142 Bohemiae

356 2171 412 2205 per
436 2161 595 2205 principes
630 2167 660 2195 et
695 2167 863 2206 potestates
893 2163 1094 2196 tenebrarum

357 2214 549 2256 rebellione,
574 2215 814 2259 furentibusque
849 2216 941 2249 etiam
975 2218 1095 2250 armata

356 2268 478 2301 haeresi
508 2268 713 2302 seditionibus
742 2268 896 2313 bellisque
922 2269 1094 2311 intestinis,

357 2321 454 2353 multa
483 2320 566 2354 bona
596 2327 625 2354 et
655 2321 723 2354 iura
748 2322 958 2355 ecelesiastica
982 2323 1094 2366 partim

356 2373 489 2417 direpta,
507 2374 623 2417 partim
643 2378 793 2418 occupata
813 2380 842 2407 et
859 2381 1009 2419 usurpata
1026 2375 1097 2408 suis-

356 2432 434 2469 sent,
452 2431 482 2461 et
502 2432 576 2460 tune
600 2428 753 2471 temporis
778 2428 1012 2471 detinerentur,
1037 2428 1097 2462 ac2

357 2481 559 2514 charissimus
583 2481 614 2514 in
638 2481 761 2514 Christo
785 2481 868 2514 filius
893 2487 999 2516 noster
1023 2482 1097 2516 Fer-

394 2563 406 2588 1
424 2561 461 2588 Ex
477 2561 584 2597 Regest.
602 2561 629 2588 in
645 2562 750 2589 Secret.
767 2561 843 2589 BreV.

393 2606 409 2632 2
425 2606 567 2634 Coniunct.
583 2615 616 2634 ac
630 2615 679 2634 nos
694 2606 826 2640 addimus,
839 2614 901 2634 nam
917 2606 995 2635 durat
1008 2607 1097 2636 adhuc

359 2651 479 2687 regimen
495 2651 611 2688 perdens
626 2659 641 2679 a
656 2652 789 2687 particula
804 2660 865 2680 cam
880 2653 918 2686 (n.
933 2653 980 2686 r).

1125 288 1278 321 dinandus
1292 287 1507 322 Romanorum
1520 296 1575 321 rex
1594 285 1625 319 in
1639 286 1864 330 imperatorem

1124 342 1252 383 electus,
1270 352 1329 385 pro
1347 352 1404 375 suo
1424 341 1507 375 avito
1524 346 1553 374 et
1578 344 1716 385 spectato
1741 338 1866 382 religio-

1124 395 1171 427 nis
1182 400 1211 428 et
1224 395 1296 427 fidei
1314 394 1487 428 catholicae
1504 394 1569 427 zelo
1586 392 1866 438 proffigatisffluxi-

1124 448 1218 480 liante
1236 448 1367 480 Domino
1388 448 1450 480 Deo
1471 447 1676 487 exercituum,
1693 444 1865 479 rebellibus

1124 500 1301 543 haereticis,
1327 500 1504 543 sedatisque
1530 509 1692 533 armorum
1728 497 1865 532 motibus

1124 554 1196 587 fidei
1221 554 1399 598 praedictae
1418 554 1448 586 in
1473 554 1557 587 dieto
1577 563 1676 596 regno
1697 558 1727 585 et
1752 552 1795 585 illi
1813 551 1865 584 ad-

1124 607 1296 640 iacentibus
1321 607 1502 651 provinciis,
1522 607 1743 650 bonorumtpie
1768 605 1864 639 ecele-

1124 661 1322 695 siasticorum
1348 661 1537 695 restitutioni
1570 661 1643 693 totis
1667 660 1787 693 viribus
1812 658 1862 691 in-

1124 715 1304 748 cumberet:

1168 769 1183 812 ἓ
1204 768 1233 801 2,
1252 769 1324 811 Nos,
1343 779 1379 801 ex
1397 768 1499 804 causis
1517 772 1589 802 tunc
1605 767 1771 812 expressis,
1789 766 1866 800 dile-

1125 822 1181 855 ctis
1197 822 1269 855 filiis
1281 823 1399 855 nostris
1413 822 1544 855 Ernesto
1559 821 1727 855 Adalbcrto
1740 821 1779 854 ab
1793 821 1868 853 llar-

1124 876 1210 919 raeh‚
1235 876 1387 909 ecclesiae
1413 876 1578 920 Pragcnsis
1603 887 1640 909 ex
1664 875 1868 909 concessione

1124 935 1154 963 et
1178 929 1410 974 dispensatione
1435 930 1607 974 apostolica
1630 929 1785 973 praesuli,
1811 939 1868 961 nec

1124 993 1187 1017 non
1204 988 1278 1017 tunc
1295 988 1403 1018 nostro
1417 988 1446 1017 et
1463 983 1661 1027 Apostolicae
1679 982 1767 1016 Sedis
1784 981 1868 1026 apud

1125 1037 1270 1070 cumdem
1288 1037 1521 1071 Ferdinandum
1540 1047 1648 1080 regem
1673 1036 1704 1070 in
1730 1036 1868 1080 impera-

1126 1096 1227 1124 torem
1253 1091 1388 1124 electum
1412 1090 1528 1124 nuncio
1560 1089 1668 1123 Ioanni
1693 1089 1868 1133 Baptistae,

1125 1144 1155 1178 S.
1174 1145 1208 1178 R:
1223 1145 1255 1177 E.
1271 1145 1464 1190 presbyteris
1484 1143 1706 1183 cardinalibus,
1724 1143 1866 1184 Pallotto,

1125 1199 1299 1243 respective
1324 1198 1522 1242 nuncupatis,
1548 1208 1642 1242 super
1666 1197 1766 1239 bonis,
1784 1197 1867 1229 deei-

1126 1253 1195 1293 mis,
1212 1252 1370 1297 primitiis,
1391 1252 1494 1294 rebus,
1509 1251 1631 1284 iuribus
1649 1255 1679 1283 et
1693 1250 1868 1283 actionibus

1126 1306 1377 1350 quibuscumque
1402 1304 1621 1338 ecclesiasticis
1646 1303 1736 1347 regni
1761 1303 1865 1337 Bohe-

1128 1360 1207 1393 {niae
1231 1360 1382 1404 praedicti
1409 1360 1490 1403 (non
1516 1364 1621 1392 tamen
1651 1358 1689 1391 ad
1714 1358 1869 1402 hospitale

1127 1413 1155 1447 S.
1180 1413 1305 1447 Ioannis
1329 1412 1606 1457 Hierosolymstani
1631 1411 1870 1456 quomodolibet

1127 1467 1353 1511 spectantibus)
1364 1466 1590 1510 cuiuscumque
1601 1465 1767 1509 qualitatis,
1776 1475 1871 1509 quan—

1127 1521 1222 1554 titatis
1246 1524 1276 1555 et
1303 1520 1417 1554 valoris
1444 1520 1590 1561 fuissent,
1607 1530 1642 1552 ac
1669 1529 1870 1563 quocumque

1127 1578 1291 1618 praetextu
1315 1574 1363 1606 vel
1387 1574 1481 1606 causa
1506 1578 1657 1617 occupata
1674 1578 1704 1605 et
1719 1577 1871 1616 usurpata

1128 1632 1247 1667 essent,
1273 1631 1303 1661 et
1332 1626 1569 1668 detinerentur,
1602 1632 1662 1659 tam
1695 1629 1803 1659 nostro
1840 1629 1871 1659 et

1128 1681 1267 1714 eiusdem
1283 1681 1413 1714 Sanctae
1430 1680 1518 1713 Sedis
1535 1690 1628 1724 quam
1648 1679 1723 1713 cleri
1752 1679 1868 1712 secula-

1128 1735 1171 1768 ris
1189 1740 1219 1768 et
1235 1735 1391 1778 regularis
1412 1734 1551 1767 eiusdem
1569 1734 1659 1777 regni
1677 1733 1869 1775 nominibus,

1129 1800 1200 1822 eum
1226 1788 1386 1832 praedicto
1422 1787 1619 1820 Ferdinando
1656 1788 1871 1820 Romanorum

1129 1852 1203 1885 rege
1228 1841 1259 1874 in
1284 1841 1507 1884 imperatorem
1533 1841 1632 1873 electo
1654 1839 1870 1880 conveniendi,

1129 1894 1341 1929 concordandi
1359 1899 1390 1927 et
1409 1894 1613 1937 transigendi,
1634 1905 1669 1927 ac
1694 1894 1731 1926 de
1753 1894 1871 1926 eisdem

1129 1948 1219 1982 bonis
1244 1947 1440 1992 disponendi,
1466 1952 1561 1992 prout
1585 1947 1623 1980 ad
1649 1947 1720 1980 fidei
1745 1947 1872 1980 catholi-

1130 2012 1183 2035 cae
1215 2001 1246 2034 in
1278 2002 1387 2035 eodem
1420 2011 1519 2045 regno
1550 2001 1809 2045 propagationem
1841 2006 1872 2034 et

1130 2055 1398 2088 manutentionem
1435 2055 1552 2088 eisdem
1585 2055 1732 2099 expedire
1769 2055 1871 2087 risum

1130 2108 1239 2141 fuisset
1264 2108 1441 2152 (reservata
1468 2114 1570 2141 tamen
1599 2108 1691 2141 nobis
1715 2113 1745 2141 et
1769 2108 1872 2142 eidem

1131 2161 1201 2194 Sedi
1216 2160 1253 2194 de
1270 2160 1371 2203 bonis,
1388 2160 1509 2194 iuribus
1527 2166 1557 2194 et
1573 2161 1746 2194 redditibus
1763 2161 1872 2204 vigore

1131 2214 1305 2248 litterarum
1317 2219 1496 2248 nostrarum
1511 2214 1648 2259 desuper
1657 2215 1871 2248 confectarum

1130 2267 1344 2311 assignandis¹
1369 2272 1477 2301 nostro
1501 2273 1530 2300 et
1555 2268 1655 2300 dictae
1679 2267 1767 2300 Sedis
1790 2267 1872 2299 arbi-

1131 2322 1191 2354 trio
1210 2321 1248 2354 ad
1268 2321 1322 2354 Dei
1347 2321 1507 2354 servitium
1524 2326 1553 2354 et
1570 2321 1774 2354 ecclesiarum
1795 2321 1870 2354 dicti

1131 2374 1219 2417 regni
1237 2374 1401 2408 utilitatem
1427 2374 1611 2419 disponendi
1633 2374 1815 2407 omnimoda
1831 2374 1872 2406 sa-

1131 2428 1244 2461 cultate
1268 2432 1298 2460 et
1321 2429 1495 2472 potestate)
1519 2429 1643 2472 plenam
1677 2432 1707 2460 et
1737 2427 1872 2460 liberam

1131 2485 1314 2526 potestatem
1333 2486 1362 2514 et
1387 2482 1606 2515 auctoritatem
1631 2481 1803 2525 apostoliea
1819 2491 1872 2514 au-

1132 2535 1275 2570 ctoritate
1295 2536 1508 2569 concessimus
1527 2539 1556 2570 et
1577 2535 1726 2579 impartiti
1752 2545 1871 2577 sumus,

1171 2654 1179 2679 1
1198 2653 1267 2680 Male
1283 2652 1345 2680 edit.
1368 2653 1445 2681 Malu.
1463 2653 1528 2689 legit
1543 2653 1715 2688 assignandi
1732 2653 1767 2690 (a.
1784 2652 1833 2688 r.).

1767 227 1827 261 331
1878 236 1929 264 An.
1945 236 1974 265 c.
1996 235 2064 264 1633

1969 778 2066 801 Urbanus

1882 806 2025 827 cardinalibus
2039 808 2066 828 ab

1882 833 1977 854 llari-acb
1991 837 2011 854 et
2021 834 2068 854 Pat-

1883 860 1933 880 lotto
1947 860 2068 881 facultatem

1883 887 1982 907 conce-itt
2020 893 2068 907 cuni

1884 919 1909 934 eo
1938 914 2067 939 transigendi

1884 940 1934 960 cleri
1965 941 2068 960 secularis

1883 969 1903 987 et
1918 967 2021 992 regularis
2031 972 2068 988 no-

1883 995 1946 1015 minc.
