2248 3229
174 189 225 218 An.
246 187 274 219 G.
296 189 361 220 1631
409 181 475 217 2'10

201 679 339 701 Prooemium.

237 1530 357 1551 Declaratio

172 1557 300 1578 indultorum
317 1558 358 1578 cir-

174 1590 200 1605 ca
231 1584 357 1605 reservatio-

173 1616 210 1632 nes
230 1613 251 1631 et
270 1611 358 1631 transla-

174 1638 242 1657 nones
274 1639 359 1663 pensio-

172 1669 222 1684 num
245 1664 358 1684 beneficio-

174 1696 219 1710 rum
228 1696 265 1715 per
274 1690 320 1711 stt
335 1691 359 1711 E.

174 1717 294 1737 cardinales
323 1718 359 1738 ob-

173 1744 284 1765 tentorum.

661 241 812 276 CCCXCH.

373 321 560 355 Deelccratz'o
578 321 773 365 facultatum
793 321 1010 365 transferendi
1026 327 1054 355 et
1069 333 1114 357 re-

417 375 571 407 servandi
598 375 767 417 pensiones
800 375 1027 417 beneficiorum
1055 386 1114 420 per

418 427 449 460 S.
475 428 513 461 R.
541 426 578 461 E.
604 425 789 460 cardinales
814 427 1025 461 obtentorum.

579 507 716 534 Urbanus
731 507 904 542 Episcopus,

550 558 656 579 servus
686 559 841 579 servorum
869 552 932 586 Dei,

505 596 541 623 ad
560 599 737 630 perpetuam
751 597 795 624 rei
809 598 987 625 memoriam.

418 668 494 701 Cum
513 668 542 701 S.
560 668 595 701 R.
613 668 645 700 E.
661 667 844 711 cardinales,
862 669 925 712 qui,
943 669 1026 702 circa
1043 669 1113 703 uni—

372 721 502 754 versalis
523 721 673 754 eeclesiae
696 721 841 764 regimen
853 722 943 755 nobis
957 727 987 755 et
1000 723 1114 756 Roma-

372 774 422 807 nis
442 774 646 807 Pontificibus
662 785 720 818 pro
742 779 887 819 tempore
911 775 1113 810 existentibus

373 827 563 867 assistentes,
589 832 617 860 et
634 826 666 859 in
682 833 805 871 partem
829 827 1048 862 sollicitudinis
1062 840 1114 864 vo-

374 881 444 922 cati,
469 891 580 923 graves
605 886 635 914 et
655 881 821 915 continuos
840 882 967 916 labores
990 893 1027 916 ae
1049 893 1112 917 non

373 934 550 967 mediocres
574 934 732 978 impensas
757 935 790 968 in
814 935 960 970 obeundo
980 947 1113 970 munere

373 998 431 1020 suo
456 987 610 1021 sustinere
634 993 810 1031 coguntur,
832 989 959 1033 speciali
983 1001 1112 1034 praero-

372 1040 476 1084 gativa
500 1041 636 1073 maxime
661 1041 701 1074 oh
726 1042 928 1075 eminentiam
952 1043 1113 1086 dignitatis

372 1104 390 1126 a
415 1093 493 1126 Sede
516 1094 697 1137 Apostoliea
723 1094 831 1129 deceat
854 1095 1026 1137 honorari,
1050 1097 1114 1141 ple—

372 1157 507 1190 rumque
531 1157 606 1180 vero
638 1147 800 1190 contingat
824 1148 982 1190 dubitari,
1013 1159 1052 1181 an
1080 1149 1112 1182 in

372 1200 588 1241 facultatibus,
613 1200 741 1233 indultis
765 1206 795 1233 et
817 1201 991 1245 privilegiis
1013 1207 1112 1236 trans-

371 1253 492 1286 ferendi
509 1253 685 1296 pensiones,
706 1264 786 1297 quae
802 1264 819 1286 a
836 1254 915 1287 Sede
932 1256 1112 1298 Apostolica

371 1306 516 1350 personis
540 1306 743 1338 benemeritis
768 1307 957 1350 quandoque
982 1308 1110 1341 concedi

372 1360 495 1400 solent,
521 1359 735 1402 intelligantur
759 1361 981 1404 comprehensi
1011 1361 1113 1394 cardi-

371 1413 469 1453 nales,
493 1412 657 1454 beneficia,
674 1413 880 1457 pensionibus
897 1414 1043 1456 obnoxia,
1061 1415 1113 1448 ol:-

371 1466 522 1501 tinentes:

417 1520 432 1563 §
453 1519 482 1552 1.
504 1520 584 1560 Nos,
609 1530 736 1553 omnem
760 1520 972 1563 ambiguitatis
995 1522 1113 1555 nodum

373 1573 568 1617 praecidere,
589 1577 616 1607 et
637 1574 832 1607 indemnitati
850 1575 1035 1608 eorumdem
1049 1587 1115 1609 car-

374 1627 523 1659 dinalium
537 1628 700 1660 consulere
711 1628 859 1669 volentes,
870 1634 957 1661 motu
971 1629 1112 1672 proprio,

375 1686 405 1713 et
430 1691 467 1713 ex
493 1683 578 1713 certa
604 1680 733 1713 scientia
757 1686 787 1713 et
812 1685 934 1715 matura
959 1682 1113 1715 delibera-

374 1734 460 1767 tione
485 1735 610 1774 nostris,
629 1745 664 1767 ac
684 1735 721 1767 de
739 1736 929 1778 apostolieae
953 1736 1113 1778 potestatis

374 1787 578 1831 plenitudine,
603 1787 662 1819 hac
682 1790 788 1820 nostra
806 1793 961 1831 perpetuo
982 1788 1115 1822 vatitura

375 1840 597 1873 constitutione
620 1834 819 1873 deceruin'ius
845 1844 873 1873 et
898 1841 1114 1882 deelaranuis,

374 1893 481 1926 omnia
512 1898 541 1925 et
572 1893 694 1935 singula
726 1894 865 1933 indulta,
896 1894 1060 1937 privilegia
1086 1899 1115 1928 et,

373 1946 536 1978 facultates
561 1946 779 1989 transterendi,
798 1947 855 1986 vel,
875 1946 1029 1979 mediante
1043 1942 1115 1980 cas-

375 2000 494 2032 satione
519 2000 739 2043 antiquarum,
765 2000 803 2031 dc
828 2010 908 2033 novo
934 2001 1113 2033 reservandi

375 2064 589 2096 quascumque
625 2054 791 2096 pensiones
824 2065 919 2097 super
953 2055 1114 2097 quibusvis

374 2107 535 2140 beneficiis
547 2107 777 2146 ecclesiasticis,
791 2107 883 2140 etiam
898 2108 1024 2151 speciali
1040 2112 1113 2141 nota

374 2161 488 2204 dignis,
514 2161 675 2204 quibusvis
699 2161 853 2204 personis,
871 2162 963 2194 etiam
982 2163 1010 2194 S.
1029 2163 1062 2195 P..
1082 2163 1112 2195 E.

375 2215 596 2255 cardinalibus,
609 2220 699 2247 antea
716 2215 888 2257 assignatas
902 2216 949 2247 vel
966 2227 1023 2259 pro
1041 2221 1115 2248 tem-

373 2279 451 2313 pore
476 2269 687 2311 assignandas,
706 2279 763 2312 per
780 2279 836 2301 nos
857 2272 1114 2312 etquoscumque

374 2323 532 2356 Romanos
564 2321 730 2354 Pontifices
766 2322 1023 2364 praedecessores
1058 2333 1113 2355 no-

374 2379 465 2417 stros,
492 2375 584 2407 etiam
610 2374 729 2406 iteratis
754 2375 884 2415 vicibus,
902 2386 937 2407 ac
955 2386 1026 2408 eum
1044 2376 1113 2419 qui-

374 2428 481 2460 busvis
495 2427 652 2467 clausulis,
667 2427 760 2459 etiam
774 2428 1047 2471 derogatoriarum
1064 2428 1114 2461 de-

375 2481 555 2522 rogatoriis,
572 2491 607 2513 ac
625 2480 820 2513 irritantibus
839 2485 868 2514 et.
884 2481 951 2513 aliis
970 2468 1118 2522 decretis:v

375 2533 526 2565 hactenus
551 2544 699 2566 concessa
721 2539 751 2567 et
777 2534 808 2566 in
836 2535 977 2567 futurum
1002 2544 1113 2567 conce-

375 2586 475 2620 denda
496 2587 572 2631 <non
593 2592 698 2621 tamen
725 2589 935 2633 exequutioni,
958 2588 1113 2623 mediante

959 195 1138 221 numinum
1160 195 1317 220 nonanun

1106 264 1108 266 -
1149 243 1354 277 translatione
1379 252 1434 278 seu
1455 245 1627 281 cassatione
1646 251 1677 281 et
1695 247 1776 282 nova
1787 257 1886 283 reser-

1148 295 1271 329 vatione
1304 296 1485 330 huiusmodi
1518 308 1578 341 pro
1612 301 1679 332 tota
1712 301 1885 344 quantitate

1148 350 1311 393 concessa,
1337 349 1549 394 demandata),
1572 361 1631 395 pro
1655 354 1691 385 ea
1714 354 1885 397 quantitate

1147 413 1205 446 pro
1238 413 1301 447 qua
1332 404 1495 438 translatio
1524 415 1581 438 seu
1610 415 1691 439 nova
1713 408 1885 442 reservatio

1147 455 1344 498 huiusmodi,
1368 461 1510 501 tempore
1534 457 1623 490 datae
1648 460 1861 502 praesentium
1876 488 1884 502 ‚

1128 514 1218 557 ¹actu
1241 509 1321 542 facta
1343 509 1478 543 necdum
1498 511 1606 553 fuerit,
1622 511 1709 545 nullo
1733 513 1828 546 modo
1852 524 1885 547 se

1148 562 1315 595 extendere
1334 562 1451 596 debere
1467 563 1506 596 ad
1522 564 1689 608 pensiones
1711 569 1886 600 reservatas

1147 624 1202 647 seu
1226 625 1285 658 pro
1309 619 1453 659 tempore
1475 617 1680 650 reservandas
1707 628 1802 663 super
1824 619 1882 652 be*-

1146 668 1276 710 neficiis,
1294 679 1373 713 quae
1393 673 1534 713 tempore
1553 671 1769 705 vconcessionis
1793 673 1886 706 sacul-

1148 725 1246 755 tatum
1279 727 1309 755 et
1343 722 1539 756 indultorum
1574 734 1610 758 ac
1644 725 1884 769 privilegiorum

1146 775 1381 818 praedictorum
1411 776 1636 811 obtinebantur
1668 778 1717 811 vel
1749 779 1885 813 obtineri

1147 828 1314 871 contigerit
1337 839 1395 873 per
1422 829 1604 873 cardinales,
1628 835 1682 864 aut
1708 831 1796 873 alios,
1820 833 1885 876 qui,

1147 881 1204 914 etsi
1228 886 1302 915 tunc
1326 882 1478 926 temporis
1501 883 1579 916 tales
1597 893 1660 917 non
1684 889 1796 927 essent,
1821 895 1883 930 po-

1147 938 1212 969 stea
1235 935 1274 968 ad
1298 935 1508 969 cardinalatus
1531 936 1715 980 dignitatem
1728 948 1886 973 assuman-

1147 993 1198 1021 tur
1216 989 1400 1032 (dummodo
1417 994 1521 1023 tamen
1538 991 1698 1035 tempore¹
1713 992 1887 1026 translatio-

1147 1042 1194 1075 nis
1214 1052 1270 1075 seu
1291 1043 1473 1076 cassationis
1499 1048 1529 1076 et
1549 1054 1649 1077 novae
1664 1045 1886 1079 reservationis

1146 1095 1334 1139 pensionum
1351 1096 1652 1139 huiusmodiadhuc
1676 1109 1734 1142 per
1758 1099 1886 1133 eosdem

1147 1148 1390 1194 obtinerentur),
1406 1149 1466 1182 nisi
1486 1149 1517 1182 in
1537 1150 1655 1184 eisdem
1675 1151 1885 1194 facultatibus,

1146 1200 1275 1235 indultis
1292 1207 1322 1235 et
1336 1202 1510 1246 privilegiis
1531 1203 1674 1247 specialis
1691 1209 1720 1238 et
1737 1215 1885 1249 expressa

1146 1255 1332 1288 eorumdem
1357 1256 1564 1289 cardinalium
1583 1258 1738 1291 beneficia
1757 1259 1883 1302 praedi-

1147 1312 1195 1340 cta
1215 1308 1422 1342 obtinentium
1441 1310 1492 1343 vel
1512 1310 1672 1344 individua
1695 1311 1734 1344 de
1753 1323 1886 1356 corpore

1146 1360 1289 1404 ipsorum
1313 1361 1542 1396 beneficiorum
1556 1364 1674 1398 mentio
1692 1365 1771 1398 sacta
1782 1365 1886 1407 suerit,

1147 1420 1199 1447 aut
1223 1425 1344 1457 eorum,
1369 1415 1421 1459 qui
1445 1421 1591 1460 tempore
1615 1418 1827 1452 concessionis
1843 1419 1888 1452 fa-

1147 1469 1321 1512 cultatum,
1357 1470 1551 1504 indultorum
1587 1476 1617 1504 et
1647 1472 1887 1516 privilegiorum

1146 1523 1380 1567 praedictorum
1414 1524 1567 1558 beneficia
1601 1525 1801 1568 obtinerent,
1835 1537 1887 1560 ex-

1147 1586 1274 1620 pressus
1299 1576 1337 1609 ad
1362 1577 1423 1610 hoe
1447 1577 1613 1610 accesserit
1637 1588 1790 1612 assensus.

1193 1630 1208 1672 ξ
1223 1630 1252 1662 ⁶2.
1278 1630 1316 1662 Et
1333 1630 1463 1674 insuper
1476 1631 1642 1664 statuimus
1659 1637 1690 1664 et
1705 1632 1888 1666 ordinamus

1148 1683 1285 1726 indulta,
1313 1684 1479 1727 privilegia
1509 1689 1539 1717 et
1562 1685 1724 1718 facultates
1755 1687 1886 1720 transfe-

1149 1736 1238 1769 rendi
1262 1737 1310 1769 vel
1337 1737 1479 1770 cassandi
1497 1742 1527 1770 et
1544 1737 1582 1770 de
1605 1748 1688 1771 novo
1707 1739 1888 1772 reservandi

1148 1789 1324 1833 pensiones,
1349 1801 1429 1834 quae
1449 1791 1524 1823 alias
1541 1791 1651 1833 vigore
1667 1802 1890 1835 quorumcum-

1131 1878 1132 1881 ,
1149 1853 1209 1886 que
1230 1843 1468 1889 privilegiorum
1486 1845 1654 1877 translatae
1674 1846 1721 1878 vel
1746 1845 1784 1878 de
1807 1856 1889 1880 novo

1149 1902 1324 1929 reservatae
1349 1897 1474 1939 suerint,
1501 1897 1621 1930 etiamsi
1638 1897 1669 1930 in
1687 1898 1778 1931 dictis
1798 1899 1890 1932 facul-

1149 1949 1278 1991 tatibus,
1304 1950 1431 1982 indultis
1457 1955 1487 1983 et
1510 1950 1685 1993 privilegiis
1709 1951 1826 1984 inserta
1850 1952 1890 1985 sit

1149 2002 1289 2034 clausula
1314 2003 1413 2035 etiam
1437 2003 1522 2036 alitis
1548 2004 1735 2044 translatas,
1759 2014 1822 2037 non
1846 2006 1890 2038 as-

1151 2056 1243 2088 ticere
1268 2056 1430 2098 beneficia,
1447 2067 1527 2100 quae
1544 2057 1696 2100 praedicti
1714 2058 1888 2092 cardinales

1150 2114 1293 2151 tempore
1317 2108 1476 2142 iterandae
1501 2109 1713 2143 translationis
1738 2121 1794 2143 seu
1818 2122 1887 2145 cas-

1149 2162 1277 2194 sationis
1293 2167 1323 2194 et
1337 2172 1436 2195 novae
1459 2163 1680 2196 reservationis
1705 2164 1888 2198 huiusmodi

1149 2215 1335 2258 pensionum
1360 2215 1552 2256 obtinebant,
1568 2216 1641 2249 licet
1658 2222 1799 2261 tempore
1817 2229 1888 2252 con-

1149 2268 1298 2301 cessionis
1323 2269 1507 2301 eorumdem
1531 2269 1736 2312 indultorum,
1761 2272 1888 2315 privile-

1148 2322 1272 2364 giorum
1307 2325 1336 2355 et
1366 2322 1550 2355 facultatum
1583 2323 1621 2355 ab
1658 2324 1702 2356 eis
1738 2325 1787 2358 vel
1819 2324 1888 2358 aliis

1148 2375 1356 2407 cardinalatus
1385 2375 1507 2408 honore
1536 2376 1666 2410 minime
1695 2377 1887 2420 fulgentibus

1148 2429 1386 2471 obtinerentur,
1418 2429 1456 2461 ad
1481 2429 1627 2463 effectum
1657 2435 1692 2464 ut
1720 2431 1887 2474 pensiones

1148 2482 1328 2515 huiusmodi
1360 2482 1398 2515 de
1429 2487 1534 2516 cetero
1558 2483 1690 2517 ulterius
1721 2483 1886 2518 transferri

1184 2553 1193 2579 1
1212 2552 1265 2579 lsta
1279 2561 1327 2580 vox
1344 2556 1470 2588 [empore
1486 2553 1580 2581 deesse
1597 2554 1653 2581 visa
1667 2553 1744 2581 nobis
1762 2554 1822 2589 suit,
1844 2554 1887 2583 vel

1147 2599 1272 2633 tempore
1287 2606 1336 2633 pro
1351 2601 1448 2627 tamen
1464 2597 1608 2634 legendum
1623 2601 1681 2626 erat
1694 2598 1730 2634 (u.
1743 2599 1791 2634 Τ.).

1898 200 1949 230 An.
1969 201 1998 230 C.
2013 201 2079 230 1631

1941 1644 2041 1666 Extensio
2055 1645 2086 1666 di·

1902 1673 1949 1692 ctae
1960 1671 2086 1693 declaratio-
