2248 3229
461 220 522 257 766
1007 226 1183 254 BULLARIUM
1207 224 1357 253 nomnen

1165 334 1188 367 L

413 444 512 478 Laicis
537 441 673 476 dominis
689 450 751 475 non
773 440 847 475 licet
871 441 903 475 in
929 439 1066 475 ecelesia
1082 439 1202 474 habere
1220 439 1367 474 thronum
1393 438 1433 473 ad
1457 439 1556 473 instar
1580 437 1723 482 episcopi
1739 436 1791 472 vel
1810 436 1881 472 thus
1898 445 1946 472 ae-

500 496 607 539 cipere
632 504 704 528 eum
729 495 947 532 caeremoniis,
975 493 1015 526 50
1032 504 1062 526 α.

412 547 558 583 Lamolae
591 552 673 582 terra
706 547 811 592 quoad
843 546 1095 581 iurisdictionem
1127 546 1375 581 ecclesiasticam
1407 548 1513 581 unitur
1545 546 1743 590 episcopatui
1774 545 1803 579 S.
1836 543 1949 588 Angeli

501 602 532 635 in
558 599 655 642 Vade,
683 600 745 634 562
771 601 799 633 b.

412 654 597 689 Laurentius
622 656 791 698 episcopus
816 653 1059 688 Caesenatensis
1079 653 1275 698 gubernator
1300 654 1432 688 ducatus
1458 653 1579 695 Urbini,
1605 653 1645 687 22
1670 664 1700 687 α.

410 708 598 743 Laurentius
623 709 794 752 episcopus
820 707 1032 751 Hieracensis‚
1053 708 1203 742 collector
1227 707 1388 752 generalis
1405 708 1522 741 iurium
1541 715 1687 742 camerae
1707 705 1900 750 apostolicae
1915 705 1946 740 in

500 771 600 806 regno
625 761 847 805 portugalliae,
875 761 914 795 43
940 772 969 794 α.

412 815 600 850 Laurentius
625 816 795 859 episcopus
820 813 1080 858 senogalliensis.
1107 815 1240 850 ducatus
1266 814 1375 849 Urbini
1393 813 1595 859 gubernator,
1621 814 1684 848 192
1709 824 1738 846 a.

412 868 588 903 Lauretana
612 874 720 902 sancta
744 868 881 910 Domus,
907 867 970 902 528
995 879 1032 907 α,·
1058 871 1292 913 poenitentiarii
1326 868 1409 902 illius
1442 869 1555 902 maiori
1589 868 1832 912 poenitentiario
1857 865 1950 901 Urbis

498 922 728 964 sufficiuntur,
754 921 842 964 ibid„
868 931 885 955 a
910 932 972 967 quo
998 921 1163 957 facultates
1198 932 1255 966 per
1279 924 1364 957 viam
1388 922 1684 957 communicatIonis
1716 922 1862 965 accipere
1893 919 1948 954 de-

500 973 586 1017 henh
612 973 675 1008 529
700 985 729 1008 α.

412 1027 580 1063 Leodiensi
605 1027 690 1062 clero
715 1027 848 1062 hortatio
874 1028 955 1062 facta
974 1027 1154 1063 subsidium
1173 1028 1374 1063 Ferdinando
1399 1028 1643 1072 archiepiscopo
1668 1031 1698 1062 et
1723 1026 1904 1062 Coloniensi
1921 1034 1951 1059 e-

501 1080 612 1116 lectori
638 1081 799 1115 tribuendi
826 1081 887 1115 489
914 1082 941 1115 ὁ.

414 1134 500 1169 Libri
526 1135 686 1180 prohibiti,
713 1136 774 1169 217
800 1146 835 1175 α;
863 1145 1084 1180 quaecumque
1109 1135 1179 1169 illos
1204 1135 1333 1179 legendi
1359 1140 1389 1170 et
1406 1136 1566 1170 retinendi
1586 1135 1733 1170 licentiae
1751 1137 1948 1175 revocantur,

505 1188 565 1222 2¹7
592 1200 611 1222 a
636 1192 666 1222 et
690 1188 716 1221 ὰ

414 1242 576 1276 Licentiae
602 1242 730 1286 legendi
756 1246 786 1276 et
810 1242 940 1276 tenendi
966 1241 1062 1276 libros
1087 1241 1262 1286 proliibItos
1289 1247 1489 1284 revocantum
1517 1242 1578 1276 217
1604 1253 1623 1276 α
1648 1246 1679 1276 et
1702 1242 1729 1275 b⁴

414 1295 510 1329 Lillae
534 1297 565 1329 in
590 1296 699 1339 Belgio
725 1295 893 1338 collegium
920 1295 1141 1339 Hybernorum
1161 1300 1312 1336 erectum,
1332 1296 1394 1329 ‘544
1413 1307 1441 1329 α.
1460 1294 1596 1331 Oriundi
1622 1305 1662 1329 ex
1689 1295 1864 1340 provinciis
1895 1293 1950 1328 La-

503 1350 599 1392 genia
624 1353 654 1383 et
676 1348 778 1382 Media
805 1349 968 1383 dumtaxat
993 1351 1023 1382 in
1051 1360 1087 1383 eo
1113 1351 1310 1392 admittendi,
1338 1350 1417 1383 ibid.

415 1402 495 1437 Loca
513 1404 664 1436 montium
683 1413 743 1435 non
761 1403 942 1436 afficiuntur
962 1403 1172 1446 pactionibus,
1190 1413 1270 1448 quae
1291 1406 1371 1437 inter
1394 1404 1601 1448 particulares
1621 1412 1772 1449 personas
1794 1404 1951 1444 ineuntur,

504 1458 563 1490 nisi
589 1456 772 1490 officialium
798 1456 836 1489 ad
862 1456 1075 1490 conficiendas
1101 1456 1209 1491 literas
1234 1461 1379 1500 patentes
1405 1457 1629 1501 deputatorum
1654 1457 1782 1490 licentia
1806 1455 1952 1493 accedat,

504 1511 567 1544 748
592 1521 620 1543 a.

418 1564 594 1598 Ludovicus
620 1565 810 1608 Apparicius
835 1568 1019 1607 [accurator
1043 1564 1201 1608 generalis
1226 1564 1354 1598 fratrum
1382 1564 1412 1597 B.
1438 1564 1554 1598 Mariae
1579 1564 1618 1597 de
1644 1563 1790 1598 Mercede
1817 1562 1947 1597 Redem-

505 1619 620 1662 ptionis
646 1619 859 1661 captivorum,
883 1618 921 1651 24
950 1619 976 1650 b.

418 1671 595 1706 Ludovicus
621 1672 660 1706 de
685 1672 798 1705 Torres
823 1671 974 1705 Gamerae
1002 1671 1202 1714 Apostolicac
1227 1672 1370 1710 clericus„
1398 1672 1459 1704 707
1486 1682 1515 1703 a.

418 1724 594 1759 Ludovicus
619 1725 823 1758 Serristerius
855 1726 1023 1769 iuquisitor
1054 1725 1212 1767 generalis
1245 1726 1276 1757 in
1303 1724 1402 1757 insuta
1431 1724 1603 1763 Melitensi‚
1634 1723 1693 1756 150
1720 1723 1754 1761 b;
1781 1722 1951 1766 deputatur

504 1789 635 1823 praeses
660 1779 787 1822 capituli
815 1778 951 1811 habendi
978 1780 1008 1811 in
1034 1778 1180 1821 hospitali
1199 1779 1228 1811 S.
1247 1778 1374 1811 loannis
1393 1777 1681 1819 Hierosolymitani‚
1704 1776 1762 1809 151
1783 1786 1818 1815 α;
1846 1775 1952 1818 plures

506 1833 550 1865 illi
576 1832 740 1866 facultates
766 1832 906 1873 collatae,
938 1832 996 1865 152
1023 1842 1050 1873 (ι,
1080 1832 1140 1864 152
1166 1832 1191 1872 h,
1222 1832 1280 1864 1533
1307 1831 1333 1873 b,
1360 1831 1420 1863 154
1448 1841 1466 1862 α
1493 1834 1521 1863 et
1548 1829 1572 1871 b,
1601 1829 1663 1862 218
1690 1829 1717 1861 b.

419 1885 597 1921 Ludovicus
618 1886 671 1919 Xll
698 1885 888 1919 Francorum
914 1894 970 1918 rex
997 1886 1026 1917 in
1053 1884 1173 1918 ltaliam
1199 1886 1357 1918 transiens
1384 1884 1573 1916 exercitium
1599 1881 1762 1924 religionis
1779 1880 1952 1915 catholicae

507 1941 537 1973 in
560 1939 641 1973 valle
667 1939 829 1982 Pragcllae
855 1939 1011 1972 dioecesis
1036 1938 1240 1971 Taurinensis
1265 1938 1387 1971 restitui
1415 1940 1590 1976 curaverat,
1617 1936 1678 1969 133
1704 1946 1732 1968 a.

421 1993 597 2027 Ludovicus
624 1992 693 2026 Xlll
721 1992 910 2026 Francorum
944 2002 1021 2031 rcx,
1049 1992 1110 2024 132
1136 2003 1171 2027 a:
1207 1994 1236 2025 in
1263 1991 1343 2024 valle
1378 1991 1539 2033 Pragellae
1565 1989 1770 2023 Taurinensis
1797 1988 1953 2022 dioecesis

508 2047 695 2080 exercitium
721 2045 883 2088 religionis
908 2043 1082 2077 catholicae
1109 2045 1231 2078 restitui
1256 2049 1362 2085 curat⁷
1382 2045 1443 2078 133
1469 2055 1489 2077 α
1514 2048 1544 2078 et
1568 2054 1647 2087 seq.;
1673 2042 1745 2076 dala
1771 2044 1800 2075 ei
1822 2042 1953 2076 facultas

507 2103 622 2133 statuta
651 2108 707 2142 pro
732 2099 888 2141 regimine
923 2097 1051 2131 Militiae
1077 2097 1107 2130 S.
1133 2098 1269 2140 Spiritus
1295 2098 1424 2139 edendi,
1452 2098 1513 2131 252
1539 2098 1564 2130 h.
1593 2096 1792 2141 Extcrosque
1818 2095 1856 2129 ad
1885 2105 1954 2129 eam

508 2153 715 2194 admittendi⁷
740 2152 800 2185 253
827 2164 856 2185 α.
879 2153 982 2196 Atque
1004 2154 1098 2186 etiam
1124 2156 1225 2186 aetate
1258 2154 1406 2192 minores,
1433 2152 1495 2184 319
1522 2151 1554 2191 b3
1582 2155 1692 2184 contra
1722 2149 1953 2183 machinatores

509 2216 727 2251 quoscumque
752 2206 872 2240 obtinet
897 2215 912 2237 a
940 2206 1091 2239 Pontilice
1117 2210 1149 2239 ut
1175 2205 1303 2249 procedi
1332 2207 1444 2248 possit.
1472 2205 1531 2238 301
1562 2215 1579 2236 α
1607 2208 1637 2237 et
1658 2204 1684 2236 b.

1177 2367 1203 2401 31

426 2477 632 2511 naceratensi
656 2477 775 2511 civitati
800 2477 848 2510 ius
874 2485 1008 2510 coronae
1034 2475 1201 2519 ponendae
1231 2484 1327 2518 super
1357 2473 1538 2518 insignibus
1571 2475 1636 2507 suis
1665 2475 1824 2513 servatur,
1850 2471 1912 2506 633
1939 2472 1956 2504 b

515 2535 545 2564 et
568 2542 628 2575 seq.

428 2582 570 2617 Mantuae
596 2584 731 2617 clvitatis
756 2584 881 2617 moenia
907 2583 1095 2627 reparanda,
1123 2583 1183 2616 287
1209 2582 1241 2617 b:
1267 2581 1434 2624 vectigalia
1461 2584 1629 2623 propterea
1654 2582 1858 2623 imponuntur
1875 2586 1955 2621 quae

516 2636 555 2669 ab
581 2637 804 2672 ecclesiasticis
829 2640 923 2671 etiam
949 2637 1027 2671 solvi
1054 2636 1181 2675 debent,
1209 2635 1271 2668 288
1295 2645 1323 2667 α,
