2248 3229
113 200 164 230 An.
179 200 209 230 C.
226 199 298 229 1633

161 2088 299 2110 Obstanttbus

115 2115 210 2142 derogat.

930 198 1071 224 URBANUS
1096 197 1152 223 VIII
1176 198 1223 223 PF,

310 246 404 283 causa
420 247 499 290 latis,
518 247 543 280 si
564 246 680 292 quibus
699 247 936 292 quomodolibet.
960 248 1051 282 inno-

310 302 373 335 dati
405 301 559 344 existunt,
588 301 627 335 ad
659 301 806 336 effectum
838 303 1052 346 praesentium

311 355 472 389 dumtaxat
487 356 755 400 consequendum,
771 356 884 390 harum
903 356 984 390 serie
1004 357 1053 390 ab·

311 410 467 443 solventes
487 415 518 443 et
534 409 696 443 absolutos
710 410 777 443 fore
798 415 971 452 censentes,
985 421 1054 455 sup-

311 463 534 508 plicationibus
544 463 684 497 eiusdem
698 464 914 508 procuratoris
927 465 1054 498 illorum

310 516 440 550 nomine
463 516 557 550 nobis
574 527 669 561 super
686 517 746 563 hoc
766 517 928 551 humiliter
943 527 1053 561 porre-

311 570 369 604 ctis
401 570 559 611 inclinati,
593 570 631 603 dc
664 571 890 604 venerabilium
921 571 1053 604 fratrum

311 628 494 657 nostrorum
505 627 629 656 sanctae
644 624 804 657 Romanae
818 624 973 658 Ecclesiae
991 619 1056 657 car->

311 676 465 710 dinalium
479 677 607 720 negotio
625 677 849 722 Propagandae
862 677 949 711 Fidei
969 688 1055 722 prae-

311 730 488 776 positorum
509 731 651 773 consilio,
669 731 786 764 eisdem
809 731 972 772 fratribus,
988 736 1022 764 ut
1038 742 1055 763 a

311 795 531 829 quocumque,
557 795 650 829 quem
682 785 870 825 maluerint,
901 784 1055 818 catholico

311 837 448 871 antistite
457 838 592 881 gratiam
607 843 637 872 et
650 838 968 872 communicationem
978 838 1056 882 Apo-

311 892 439 925 stolicae
453 891 541 925 Sedis
566 892 710 933 habente,
723 893 754 925 in
768 892 899 936 propria
920 891 1055 925 dioecesi

311 945 478 987 residente,
498 945 545 978 vel
560 946 591 978 in
615 946 717 979 aliena
742 945 781 978 de
797 945 976 978 dioecesani
994 945 1055 979 loci

312 1010 468 1033 consensu
492 999 684 1044 pontificalia
709 1004 891 1039 exercente,
916 1009 972 1043 per
1003 1009 1056 1032 eos

312 1053 478 1098 eligendo,
504 1053 542 1086 ad
566 1056 702 1097 quatuor
731 1052 891 1095 minores,
922 1057 1056 1097 quatuor

311 1107 450 1150 feriatis,
476 1117 533 1140 seu
556 1117 620 1141 non
644 1107 777 1148 feriatis,
803 1117 858 1140 seu
890 1107 1001 1150 unica>
1027 1112 1057 1140 et

312 1161 446 1195 subinde
469 1161 508 1195 ad
533 1171 640 1195 sacros
661 1160 924 1202 subdiaconatus,
945 1161 1055 1195 diaco-

310 1220 413 1257 natus
431 1220 462 1249 et
479 1215 714 1260 presbyteratus
734 1214 862 1249 ordines
887 1214 988 1248 tribus
1005 1215 1057 1249 do-

311 1269 435 1303 minicis
455 1279 511 1302 seu
529 1269 597 1302 aliis
622 1269 739 1302 festivis
763 1268 874 1302 diebus
899 1269 1055 1302 continuis

311 1323 360 1356 vel
384 1322 591 1367 interpolatis,
616 1323 710 1356 etiam
735 1327 824 1355 extra
849 1327 993 1366 tempora
1017 1322 1055 1355 ad

312 1377 343 1409 id
367 1387 386 1410 a
409 1377 478 1410 iure
502 1380 639 1419 statuta,
663 1386 700 1409 ae
723 1376 899 1409 interstitiis
924 1387 941 1409 a
966 1387 1055 1410 sacro

313 1430 447 1465 concilio
458 1430 640 1464 Tridentino
657 1430 827 1473 designatis
841 1430 970 1463 minime
990 1441 1055 1464 scr-

312 1484 412 1526 vatis,
436 1484 573 1528 annique
604 1483 764 1517 curriculo
787 1494 851 1517 non
875 1489 1055 1528 expectato,

312 1537 435 1571 etiamsi
459 1537 492 1570 in
513 1548 703 1581 unoquoque
720 1547 757 1570 ex
777 1537 868 1570 dictis
887 1537 985 1570 sacris
1004 1548 1056 1572 or-

312 1591 447 1633 dinibus,
458 1595 625 1635 antequam
640 1591 678 1624 ad
688 1591 783 1624 aliun]
797 1596 1054 1634 promoveantur,

311 1657 344 1679 sc
363 1655 427 1679 non
458 1645 674 1686 exercuerint,
691 1644 864 1678 dummodo
890 1650 992 1678 tamen
1017 1646 1055 1678 ad

311 1700 343 1733 id
367 1699 472 1734 idonei
496 1699 707 1744 reperiantur,
726 1700 920 1743 promoveri,
938 1705 969 1733 ct
985 1711 1057 1744 pro-

312 1753 390 1788 moti
419 1753 451 1786 in
480 1753 542 1786 illis
573 1753 665 1787 etiam
689 1753 722 1786 in
746 1753 854 1786 altaris
878 1753 1055 1787 ministerio

313 1807 493 1841 ministrare
516 1807 615 1840 libere
643 1812 673 1841 et
696 1807 780 1840 licite
801 1807 933 1849 valeant,
952 1813 1056 1841 aucto-

313 1860 403 1895 ritate
420 1860 602 1905 apostolica,
616 1865 726 1894 tenore
743 1861 967 1904 praesentium,
984 1872 1056 1896 con-

315 1913 456 1947 cedimus
481 1919 512 1947 et
535 1914 753 1957 indulgemus3
780 1924 902 1948 necnon
926 1915 1055 1948 antistiti

313 1978 372 2012 per
391 1978 445 2001 eos
462 1967 608 2011 eligendo
625 1968 807 2001 huiusmodi
825 1968 951 2001 ordines
969 1979 1056 2012 prae-

314 2021 413 2056 dictos
426 2022 470 2055 eis
479 2021 661 2055 conferendi
671 2021 829 2055 licentiam
843 2021 1054 2066 impartimur.

358 2076 373 2119 g
396 2074 426 2108 3.
451 2076 521 2110 Non
550 2075 747 2108 obstantibus
780 2075 1056 2109 constitutionibus

314 2134 345 2162 et
360 2129 614 2163 ordinationibus
630 2130 822 2174 apostolicis,
839 2141 886 2171 ac,
903 2135 1056 2174 quatenus

314 2193 395 2226 opus
420 2183 468 2225 sit,
493 2183 567 2216 dicti
592 2183 726 2225 Ordinis,
751 2184 844 2217 etiam
868 2184 1055 2225 iuramento,

315 2236 556 2271 confirmatione
580 2238 763 2282 apostoliea,
790 2238 838 2271 rel
862 2238 923 2272 alia
947 2238 1055 2282 quavis

313 2289 463 2323 firmitate
476 2290 643 2334 roboratis,
655 2291 776 2325 statutis
787 2295 817 2324 et
826 2291 1056 2326 consuetudini-

313 2344 383 2386 bus,
401 2344 577 2389 ceterisque
600 2345 767 2379 contrariis
791 2346 1053 2390 quibuscumque.

357 2399 470 2435 Datum
487 2399 623 2440 Romae,
644 2399 728 2443 apud
752 2400 782 2433 S.
806 2399 936 2433 Mariam
960 2400 1055 2434 Maio-

313 2466 397 2497 rem,
423 2454 480 2487 sub
506 2454 622 2486 annulo
650 2453 838 2494 Piscatoris,
857 2453 908 2487 die
931 2464 963 2488 lx
988 2454 1054 2488 iulii

313 2518 493 2548 nncxxxni,
511 2507 712 2552 pontificatus
737 2507 837 2540 nostri
862 2517 944 2541 anno
969 2519 998 2541 x.

349 2571 410 2598 Dat.
427 2570 470 2598 die
484 2570 500 2597 9
515 2569 572 2596 iulii
586 2569 667 2602 1633,
687 2569 785 2604 pontif.
801 2577 870 2597 anno
885 2577 911 2596 x.

433 2679 511 2708 Buzt.
527 2680 607 2710 Rom.
623 2695 659 2701 -
678 2680 736 2708 Vol.
752 2679 826 2707 XIV.
972 2681 1005 2708 45

1384 246 1532 282 CDLXIX.

1087 322 1132 354 De
1151 321 1316 354 vacatione
1328 329 1393 354 non
1407 320 1530 364 expleto
1543 320 1695 353 sexennio
1708 323 1736 352 ct
1753 318 1832 352 aliis

1132 375 1257 407 casibus
1277 374 1425 407 ministri
1441 374 1601 418 (feneratis
1614 375 1757 417 fratrum
1774 373 1832 407 Di-

1132 429 1364 461 sralccatormn
1399 427 1534 461 Ordinis
1573 428 1833 471 Reformatorum

1132 481 1366 515 Sanctissinme
1396 481 1569 514 Trinitatis
1595 480 1833 526 Redemptionis

1136 535 1343 578 Captivorum
1366 534 1611 578 Hispaniarum
1624 535 1643 567 ¹.

1302 615 1439 642 Urbanus
1455 616 1535 650 Papa
1548 616 1624 648 vm,

1207 660 1244 688 ad
1264 662 1441 695 perpetuam
1460 660 1505 688 rei
1525 660 1708 689 memoriam,

1135 732 1267 765 lniuncti
1288 732 1378 765 nobis
1395 743 1452 776 per
1468 732 1690 766 abundantiam
1711 732 1833 766 divinae

1090 785 1209 829 gratiae
1234 786 1400 830 pastoralis
1421 787 1515 820 oflicii
1532 787 1612 820 ratio
1636 788 1783 831 postulat,
1801 792 1835 822 ut

1091 840 1287 883 regularium
1309 840 1462 873 t‡)rdinu1n
1487 841 1517 873 in
1541 841 1681 874 Ecclesia
1700 841 1755 873 Dei
1780 841 1834 874 ini—

1091 893 1248 926 litantium
1273 903 1426 937 prospero
1451 894 1554 934 statui,
1572 894 1719 938 felicique
1743 894 1831 928 dire—

1091 946 1187 980 ctioni
1213 946 1441 987 incumbentes,
1466 946 1498 979 in
1522 947 1581 989 his,
1603 958 1661 991 per
1685 958 1765 991 quae
1782 948 1835 981 Or—

1091 1000 1179 1033 dines
1208 1000 1288 1044 ipsi,
1313 1000 1441 1033 illorum
1474 1000 1675 1044 superiorum
1706 1012 1834 1045 quoquo

1091 1054 1185 1088 modo
1199 1058 1387 1087 occurrente
1413 1054 1584 1097 vacatione,
1602 1055 1696 1087 nullis
1714 1045 1836 1087 valeant

1090 1107 1299 1141 incommodis
1315 1108 1509 1151 pergravari,
1530 1108 1669 1152 paternis
1694 1112 1725 1141 et
1749 1108 1834 1142 solli-

1090 1162 1158 1195 citis
1183 1161 1294 1195 studiis
1318 1161 1532 1205 intendamus,
1558 1168 1652 1207 prout
1681 1162 1835 1207 conspici-

1091 1227 1160 1249 mus
1178 1216 1209 1249 in
1226 1216 1360 1250 Domino
1378 1216 1547 1250 salubriter
1563 1217 1722 1261 expedire.

1739 188 1805 223 353
1849 197 1899 227 An.
1917 198 1944 227 c.
1963 198 2032 229 1633

1875 745 1997 768 kitonitan}e

1134 1270 1150 1313 ἓ
1175 1269 1199 1302 l.
1219 1270 1338 1314 Exponi
1356 1270 1511 1313 siquidem
1528 1271 1622 1304 nobis
1638 1281 1740 1315 nuper
1763 1271 1836 1304 fecit
1877 1279 2035 1300 Cau=ae11uius

1090 1323 1222 1357 dilectus
1247 1323 1331 1356 filius
1356 1324 1487 1357 Ioannes
1512 1324 1550 1357 de
1575 1324 1835 1366 Annuntiatione,

1090 1381 1278 1421 procurator
1302 1378 1458 1420 generalis
1474 1378 1608 1411 fratrum
1633 1378 1836 1413 Discalceato-

1089 1441 1160 1463 rum
1186 1435 1441 1474 nuncupatorum
1466 1431 1590 1464 Ordinis
1615 1431 1836 1465 Sanctissimae

1090 1484 1248 1525 Trinitatis
1272 1484 1508 1529 Redemptionis
1537 1485 1735 1529 captivorum
1764 1485 1835 1519 IIis-

1089 1538 1265 1581 paniarum,
1279 1539 1363 1582 quod
1382 1539 1413 1571 in
1430 1539 1560 1583 propria
1575 1539 1760 1572 corumdem
1778 1540 1835 1573 sra-

1090 1596 1173 1624 trum
1198 1593 1308 1635 regula
1334 1603 1352 1625 a
1376 1593 1475 1625 felicis
1500 1593 1729 1626 recordationis
1747 1594 1835 1627 Inno-

1090 1647 1191 1680 centio
1201 1647 1284 1690 l'apa
1295 1647 1331 1679 111
1343 1647 1588 1690 praedecessore
1597 1652 1706 1680 nostro
1720 1647 1835 1680 sanctis

1089 1700 1276 1744 patriarchis
1304 1701 1411 1734 Ioanni
1439 1706 1469 1733 ct
1495 1701 1591 1734 Felici
1616 1701 1691 1734 dicti
1709 1701 1835 1734 Ordinis

1089 1754 1308 1787 fundatoribus
1332 1754 1447 1787 tradita
1468 1759 1498 1788 et
1517 1754 1553 1787 a²
1573 1754 1665 1788 nobis
1690 1765 1747 1798 per
1766 1765 1835 1788 nos-

1090 1813 1154 1841 tras
1172 1808 1229 1841 sub
1248 1808 1390 1852 plumbo,
1409 1808 1467 1841 sub
1485 1808 1591 1842 datum
1606 1809 1734 1848 Romae,
1752 1809 1835 1853 apud

1090 1862 1118 1896 S.
1130 1862 1259 1895 Mariam
1272 1862 1434 1905 Maiorem,
1449 1872 1531 1895 anno
1542 1862 1769 1896 Incarnationis
1778 1863 1835 1896 Do-

1090 1916 1223 1949 minicae
1252 1927 1417 1957 Mncxxm,
1445 1927 1489 1950 vn
1514 1916 1664 1949 kalendas
1682 1916 1835 1957 octobris,

1090 1971 1250 2015 expeditas
1274 1971 1394 2003 litteras
1405 1971 1416 1985 ³
1440 1970 1611 2004 reformata
1627 1998 1634 2011 ,
1659 1970 1741 2003 inter
1774 1971 1835 2003 alia

1090 2034 1237 2068 expresse
1261 2024 1449 2068 disponitur,
1475 2024 1559 2068 quod
1585 2024 1757 2068 capitulum
1785 2035 1834 2068 ge—

1089 2078 1195 2110 nerale
1220 2077 1259 2110 dc
1284 2077 1419 2111 triennio
1444 2078 1475 2110 in
1499 2077 1671 2110 triennium
1697 2078 1835 2111 celebre-

1090 2136 1151 2172 tur,
1165 2141 1200 2164 ac
1225 2131 1337 2164 electio
1358 2131 1487 2164 maioris
1512 2137 1541 2164 et
1565 2133 1722 2174 generalis
1738 2132 1833 2165 mini-

1089 2184 1144 2218 stri
1162 2184 1200 2217 dc
1220 2184 1369 2217 sexennio
1386 2184 1417 2217 in
1435 2185 1619 2217 sexennium
1640 2185 1671 2217 in
1695 2186 1834 2229 capitulo

1089 2238 1228 2282 generali
1248 2248 1305 2282 per
1330 2243 1451 2272 secreta
1475 2238 1626 2282 suffragia
1650 2239 1735 2272 iuxta
1759 2250 1834 2272 eon-

1089 2293 1195 2326 cilium
1213 2292 1431 2325 Tridentinum
1444 2292 1506 2326 fiat.
1521 2292 1598 2325 Cum
1619 2297 1734 2334 autem,
1754 2292 1834 2326 sicut

1089 2346 1197 2380 eadem
1232 2345 1387 2390 expositio
1423 2345 1656 2389 subiungebat,
1693 2345 1831 2379 officium

1127 2447 1135 2471 1
1155 2444 1244 2471 Habes
1258 2443 1292 2471 de
1308 2443 1358 2471 hac
1374 2444 1584 2479 congregatione
1602 2443 1742 2470 huiusmet·
1761 2443 1832 2471 Pon-

1089 2489 1169 2516 tifleis
1184 2488 1410 2516 Constitutionem
1422 2494 1502 2523 cxcn,
1515 2488 1589 2516 Cum
1598 2488 1681 2523 sicut,
1695 2491 1759 2517 tom.
1771 2495 1832 2524 xni,

1089 2543 1150 2570 pag.
1168 2535 1230 2561 427.

1124 2580 1139 2606 Ξ
1155 2581 1254 2615 Praep.
1271 2588 1289 2606 α
1304 2588 1353 2607 nos
1368 2580 1493 2614 addimus
1507 2580 1547 2614 (R.
1565 2581 1615 2613 T.).

1124 2625 1140 2653 3
1154 2625 1224 2656 Quas
1239 2633 1293 2654 non
1309 2624 1390 2653 habet
1404 2624 1468 2653 edit.
1484 2623 1562 2653 Main.
1580 2626 1619 2659 (n.
1637 2624 1685 2659 1.).

1851 1306 2017 1329 Constitutionis,
