2248 3229
205 222 254 251 An.
272 222 301 251 C.
320 223 387 251 1632

228 444 272 464 nux
286 443 389 470 quaedam

206 471 233 491 ad
249 477 273 491 ea
289 476 390 496 reparan-

206 497 233 517 da
278 497 389 522 vectigalia

205 523 300 550 imponit.

433 214 496 247 288

404 271 466 316 que
488 272 670 305 Mantuanus
693 268 873 302 huiusmodi
886 267 1047 316 *versus
1067 268 1140 302 hos-

405 325 481 358 tium
506 328 644 363 conatus,
663 328 755 365 atque
780 320 956 355 invasiones
981 326 1082 355 sartus
1100 327 1142 355 te-

405 383 534 421 ctusque
551 375 728 409 conservari
747 379 861 419 posset.

448 432 462 474 g
487 430 515 462 ⁶2.
541 429 694 468 Quoniam
727 438 801 461 vero
826 427 963 461 maxima
987 428 1138 472 pecunia-

404 493 475 516 rum
490 483 612 515 summa
629 481 667 514 ad
684 481 857 525 praemissa
870 481 1048 524 peragenda
1063 492 1142 525 opus

404 541 458 577 est,
477 546 534 568 nec
558 534 596 567 ad
613 544 710 568 onera
726 534 906 567 huiusmodi
927 534 1142 578 supportanda

380 623 382 625 ,
403 589 556 622 laicorum
580 588 742 621 facultates
767 593 945 632 suppetunt,
967 588 1068 622 dictus
1092 588 1144 622 Ca—

247 1294 304 1317 Quae
319 1292 391 1314 Ponti-

207 1320 239 1341 fex
250 1322 312 1340 etiam
321 1320 347 1340 ab
357 1325 391 1339 ec·

207 1347 331 1367 ctesiastieis
352 1346 391 1367 sol-

208 1373 227 1393 vi
245 1373 309 1394 iubet,

403 643 490 676 rolus
510 642 571 675 dux
592 652 744 686 personas
762 641 988 675 ecclesiasticas
1012 647 1075 674 tam
1099 652 1143 675 se-

404 697 525 729 culares
545 705 639 740 quam
657 695 819 738 regulares
840 705 1055 739 quascumque
1073 695 1143 729 civi-

404 749 474 782 tatis
505 753 535 782 et
565 749 669 783 Status
696 748 853 782 Mantuani
886 748 923 781 ad
955 749 1143 782 solutionem

404 803 538 836 duarum
555 802 761 845 gabellarum,
781 811 894 846 nempe
911 812 1006 846 super
1020 793 1143 836 mac'ina

403 856 552 889 frumenti
577 855 669 888 unius
692 855 791 888 librae
811 866 868 899 pro
894 855 1035 899 quolibet
1052 866 1143 889 sacco

404 910 543 943 valorem
567 919 679 943 novem
696 908 898 943 baioccorum
924 914 1067 942 monetae
1087 910 1143 942 Ro-

402 973 513 997 manae
538 962 774 1004 constituentis,
799 972 834 996 ac
859 962 973 1010 unius¹
1000 962 1143 997 baiocchi

403 1028 474 1050 cum
488 1017 618 1050 dimidio
632 1021 774 1050 monetae
786 1016 964 1060 praedictae
977 1027 1035 1060 pro
1049 1017 1144 1061 quali—

403 1071 455 1105 bet
468 1070 548 1104 libra
562 1070 633 1111 olei,
647 1080 705 1114 per
719 1069 865 1103 eumdem
875 1069 1020 1103 Carolum
1030 1070 1142 1103 ducem

404 1124 434 1158 in
448 1124 572 1157 civitate
588 1129 618 1157 et
631 1123 716 1157 Statu
733 1122 901 1167 praedictis
915 1123 1143 1166 inipositarum,

404 1178 511 1211 nostra
535 1181 565 1210 et
588 1176 682 1209 huius
698 1176 829 1210 Sanctae
853 1175 941 1208 Sedis
958 1175 1144 1209 auctoritate

405 1231 476 1273 cogi
500 1235 531 1263 et
554 1229 702 1273 compelli
726 1228 892 1262 desiderat.

450 1284 465 1327 ἓ
488 1282 518 1316 3.
542 1283 619 1325 Nos,
645 1281 878 1315 considerantes
904 1281 1063 1326 praedicta
1092 1293 1143 1315 ex-

406 1347 576 1381 pensarum
596 1345 702 1376 onera,
720 1345 783 1369 non
803 1335 897 1368 modo
923 1335 960 1368 ad
980 1335 1143 1378 laicorum,

407 1400 516 1422 verum
537 1389 630 1422 etiam
654 1388 692 1421 ad
717 1397 917 1421 communem
938 1398 1145 1435 personarum

407 1443 690 1477 ecclesiasticarum
708 1441 873 1474 utilitatem
892 1442 1014 1483 referri,
1032 1442 1146 1486 ipsum-

406 1507 466 1541 que
490 1497 636 1531 Carolum
661 1495 791 1537 ducem,
817 1495 858 1528 ob
884 1494 950 1529 eius
975 1495 1146 1539 singularia

406 1556 499 1594 atque
514 1548 627 1582 eximia
644 1548 675 1580 in
687 1558 744 1581 nos
759 1552 789 1581 et
805 1548 1016 1592 Apostolicam
1034 1548 1145 1582 Sedem

406 1603 479 1636 fidei
504 1608 533 1636 et
557 1602 732 1636 devotionis
753 1602 874 1645 merita,
891 1602 996 1646 aliquo
1013 1602 1146 1636 subven-

406 1657 499 1690 tionis
520 1656 654 1697 auxilio,
675 1655 856 1700 asperrimis
884 1656 969 1689 hisce
998 1656 1147 1700 tempori-

407 1711 476 1751 bus,
493 1710 668 1751 sublevare,
685 1720 720 1743 ac
737 1710 924 1754 specialibus
940 1710 1100 1743 favoribus
1118 1715 1147 1742 et

408 1764 516 1808 gratiis
539 1764 689 1808 prosequi
714 1764 865 1804 volentes,
890 1768 919 1796 et
943 1774 960 1796 a
985 1764 1147 1807 quibusvis

408 1817 752 1857 excommunicationis,
771 1816 985 1860 suspensionis
1003 1822 1030 1850 ct
1057 1817 1148 1850 inter-

408 1871 492 1913 dicti,
510 1870 641 1914 aliisque
658 1869 875 1903 ecclesiasticis
892 1870 1062 1911 sententiis,
1079 1880 1148 1903 cen-

409 1924 490 1957 suris
515 1928 544 1957 et
568 1923 697 1967 poenis,
723 1933 739 1955 a
764 1923 832 1956 iure
865 1924 911 1956 vel
937 1923 975 1956 ab
1001 1923 1147 1964 homine,

409 1976 517 2020 quavis
542 1975 707 2009 occasione
733 1975 779 2007 vel
805 1976 899 2008 causa
925 1975 1003 2014 latis,
1029 1975 1053 2007 si
1079 1975 1148 2019 qui-

408 2030 466 2062 bus
498 2028 736 2072 quomodolibet
766 2028 932 2061 innodatus
963 2028 1085 2069 existit,
1111 2029 1149 2061 ad

411 2083 555 2116 effectum
592 2082 804 2127 praesentium
844 2082 1003 2116 dumtaxat
1033 2093 1145 2115 conse-

410 2136 580 2181 quendum,
598 2136 710 2168 harum
734 2135 814 2168 serie
832 2134 1027 2169 absolventes
1045 2140 1074 2168 et
1094 2135 1148 2167 ab-

412 2191 548 2224 solutum
573 2190 639 2223 fore
664 2194 841 2231 censentes,
868 2189 1149 2233 supplicationibus

412 2244 478 2277 cius
511 2244 638 2277 nomine
669 2243 759 2276 nobis
788 2253 881 2286 super
905 2243 964 2276 hoc
988 2242 1150 2275 humiliter

412 2297 567 2343 porrectis
599 2296 759 2337 inclinati,
790 2296 844 2328 tibi
880 2306 937 2340 per
970 2299 1150 2340 praesentes

413 2351 639 2384 committimus
671 2356 698 2383 et
730 2349 932 2390 mandamus,
957 2354 1008 2390 ut,
1033 2349 1150 2382 vocatis

413 2416 520 2440 coram
551 2410 581 2438 te
619 2414 829 2449 personarum
866 2404 1149 2438 ecclesiasticarum

414 2465 476 2491 tam
501 2458 690 2491 secularium
715 2468 808 2501 quam
834 2457 1028 2500 regularium
1053 2466 1147 2501 prae-

414 2513 567 2545 dictarum
593 2511 818 2556 superioribus,
843 2521 897 2544 seu
918 2521 1028 2545 eorum
1052 2511 1150 2554 depu-

417 2566 496 2606 tatis,
522 2566 546 2599 si
571 2565 817 2605 sustentamenti,
834 2575 869 2598 ac
887 2564 1150 2605 molendinorum,

454 2630 464 2654 1
481 2627 547 2655 Male
563 2627 626 2656 edit.
645 2627 724 2655 Main.
741 2627 805 2662 legit
822 2635 894 2655 imus
909 2628 944 2662 (n.
961 2626 1008 2661 τ.).

986 220 1163 245 BULLARIUM
1190 219 1344 244 ROMANUM

1176 268 1399 312 moeniumque
1415 267 1630 312 reparationes
1652 268 1832 303 huiusmodi
1853 278 1911 314 pro

1176 321 1303 365 publica
1320 325 1349 354 et
1365 320 1525 354 communi
1549 321 1682 355 utilitate
1705 323 1861 357 faciendas
1879 323 1910 356 in

1175 374 1358 407 earumdem
1384 374 1475 407 etiam
1493 384 1701 418 personarum
1726 376 1912 410 ecclesiasti-

1176 438 1284 460 carum
1317 428 1570 461 commoditatem
1603 438 1763 469 cessuras,
1788 439 1823 462 ac
1853 440 1909 462 ex-

1175 491 1344 525 pensarum
1355 491 1451 514 onera
1462 480 1532 515 ideo
1543 481 1704 514 subeunda
1717 481 1794 514 adeo
1807 482 1913 525 gravia

1176 535 1242 567 sore
1259 534 1455 577 cognoveris,
1479 539 1513 567 ut
1536 534 1601 567 sine
1623 543 1736 577 magno
1760 534 1914 568 laicorum

1176 587 1378 621 incommodo
1403 592 1433 620 et
1457 587 1570 621 damno
1595 588 1664 621 fieri
1688 598 1751 621 non
1774 588 1914 631 possint,

1177 645 1250 673 tunc
1275 645 1305 672 et
1329 650 1365 673 eo
1391 650 1474 681 casu,
1499 645 1529 673 et
1551 650 1609 684 pro
1633 639 1914 674 restaurationibus

1177 703 1232 725 seu
1268 692 1520 736 reparationibus
1554 693 1722 736 praedictis
1755 692 1915 727 dumtaxat

1177 746 1335 787 faciendis,
1359 756 1510 790 personas
1539 746 1765 780 ecclesiasticas
1790 747 1915 790 praedi-

1177 805 1241 833 ctas
1255 799 1293 832 ad
1307 799 1570 833 contribuendum
1583 800 1615 833 in
1632 800 1762 843 gabellis
1775 799 1916 833 macinae

1177 853 1325 887 frumenti
1357 858 1387 887 et
1418 853 1479 886 olei
1516 853 1696 887 huiusmodi
1732 853 1917 887 auctoritate

1177 909 1284 941 nostra
1309 917 1403 951 cogas
1428 913 1458 940 et
1481 908 1668 951 compellas:
1686 907 1858 941 dummodo
1876 912 1917 941 ta-

1178 971 1249 994 men
1288 966 1355 994 rata
1391 971 1598 1005 personarum
1633 961 1917 996 ecclesiasticarum

1177 1014 1409 1058 praedictarum
1426 1019 1544 1048 sextam
1565 1020 1687 1059 partem
1710 1020 1795 1048 ratae
1822 1025 1916 1059 quarn

1176 1068 1246 1101 laici
1271 1068 1471 1102 contribuent
1494 1078 1558 1102 non
1581 1068 1730 1109 excedat,
1751 1073 1916 1112 ratamque

1176 1131 1385 1165 personarum
1394 1121 1675 1155 ecclesiasticarum
1685 1121 1918 1166 praedictarum

1176 1185 1234 1218 per
1249 1174 1412 1218 deputatos
1436 1185 1454 1207 a
1472 1180 1501 1208 te
1518 1175 1600 1218 exigi
1621 1175 1725 1217 facias,
1745 1175 1863 1218 absque
1879 1185 1917 1208 eo

1177 1228 1261 1271 quod
1287 1228 1358 1260 laici
1385 1227 1417 1260 in
1445 1228 1654 1272 exequutione
1681 1228 1862 1262 huiusmodi
1884 1239 1918 1262 se

1178 1281 1241 1314 ullo
1256 1281 1350 1314 modo
1369 1281 1587 1321 intromittant,
1605 1285 1768 1325 ratamque
1781 1292 1838 1326 per
1854 1292 1919 1315 eas-

1177 1334 1248 1367 dem
1272 1344 1422 1378 personas
1443 1333 1668 1368 ecclesiasticas
1691 1345 1750 1378 pro
1776 1338 1919 1379 ternpore

1178 1389 1313 1422 solutam
1345 1388 1497 1432 operariis
1528 1388 1603 1421 dicti
1636 1388 1737 1422 Caroli
1768 1388 1856 1422 duc-is
1887 1387 1919 1421 in

1179 1441 1356 1486 praedictos
1366 1441 1603 1475 restaurationis
1616 1441 1797 1475 huiusmodi
1811 1447 1841 1475 et
1856 1451 1919 1475 non

1179 1495 1256 1529 alios
1270 1506 1345 1529 usus
1359 1495 1603 1529 convertendam
1620 1495 1798 1539 consignari
1814 1495 1918 1529 facias.

1223 1550 1238 1593 g
1263 1550 1291 1582 4.
1316 1550 1385 1583 Non
1409 1549 1607 1583 obstantibus
1631 1549 1820 1594 apostolicis,
1838 1560 1874 1582 ac
1889 1549 1921 1583 in

1180 1602 1419 1644 universalibus,
1443 1602 1756 1647 provincialibusque
1781 1607 1811 1635 et
1831 1612 1921 1648 syno-

1180 1655 1302 1688 dalibus
1333 1655 1474 1688 conciliis
1512 1655 1602 1689 editis
1639 1655 1839 1699 generalibus
1874 1657 1921 1689 vel

1181 1708 1368 1752 specialibus
1393 1708 1687 1750 constitutionibus,
1712 1720 1747 1742 ac
1777 1719 1923 1752 quarum-

1181 1772 1315 1806 cumque
1341 1761 1557 1803 ecclesiarum,
1576 1761 1852 1803 monasteriorum,
1872 1762 1924 1796 do-

1182 1826 1307 1848 morum
1333 1820 1362 1847 et
1386 1815 1530 1848 locorum
1556 1815 1760 1858 regularium,
1785 1819 1815 1848 et
1838 1815 1923 1849 Ordi—

1181 1879 1256 1901 num
1282 1878 1418 1911 quorum
1443 1868 1582 1908 fuerint,
1608 1868 1740 1901 civitatis
1766 1873 1796 1901 et
1819 1868 1923 1902 Status

1182 1921 1428 1964 praedictorum,
1441 1921 1534 1954 etiam
1552 1921 1740 1963 iuramento,
1758 1922 1923 1955 confirma-

1182 1974 1265 2007 tione
1290 1974 1460 2018 apostolica
1486 1974 1531 2006 vel
1556 1974 1664 2017 quavis
1689 1974 1838 2007 firmitate
1860 1975 1923 2008 alia

1182 2027 1350 2068 roboratis,
1368 2027 1491 2060 statutis
1508 2032 1537 2060 et
1555 2027 1844 2068 consuetudinibus,
1861 2028 1922 2072 pri-

1183 2081 1303 2124 vilegiis
1329 2092 1471 2125 quoque,
1497 2081 1625 2114 indultis
1655 2087 1685 2114 et
1709 2081 1822 2114 litteris
1846 2092 1922 2126 apo-

1183 2135 1309 2176 stolicis,
1343 2135 1401 2167 sub
1425 2134 1676 2178 quibuscumque
1707 2135 1869 2181 tenoribus
1893 2141 1923 2169 et

1184 2188 1302 2229 formis,
1320 2198 1355 2221 ac
1377 2198 1447 2220 cum
1467 2187 1631 2230 quibusvis
1649 2188 1740 2220 etiam
1762 2187 1923 2232 derogato-

1183 2241 1301 2274 riarum
1315 2240 1535 2283 derogatoriis,
1554 2241 1685 2284 aliisque
1696 2241 1923 2274 efficacioribus

1184 2300 1214 2327 et
1245 2293 1377 2327 insolitis
1408 2294 1577 2334 clausulis,
1610 2294 1870 2339 irritantibusque
1894 2300 1924 2328 et

1185 2348 1251 2381 aliis
1264 2347 1407 2389 decretis,
1420 2347 1451 2379 in
1464 2347 1658 2381 contrarium
1675 2348 1923 2392 praemissorum

1924 220 1973 248 An.
1990 219 2020 247 C.
2040 219 2107 247 1632

1957 1024 1989 1045 lta
2004 1025 2080 1049 tamon,
2092 1025 2115 1045 ut

1931 1050 1952 1071 in
1967 1050 1993 1071 iis
2008 1050 2116 1076 exigendis

1930 1077 1981 1099 laici
1994 1082 2017 1098 se
2027 1082 2069 1098 nou
2078 1077 2116 1098 im-

1931 1104 2041 1127 misceant.

1936 1556 2044 1580 Contraria
2059 1556 2119 1579 tollit.

1184 2400 1420 2445 quomodolibet
1440 2400 1606 2441 concessis,
1631 2400 1812 2444 approbatis
1830 2404 1859 2434 et
1875 2399 1936 2445 in-‚

1184 2465 1238 2488 nox
1247 2455 1314 2494 atis,
1327 2454 1441 2498 quibus
1454 2453 1602 2487 omnibus
1612 2459 1642 2487 et
1657 2454 1797 2497 singulis,
1812 2463 1922 2486 eorum

1187 2515 1309 2542 tenores
1334 2507 1550 2551 praesentibus
1574 2518 1634 2551 pro
1665 2507 1756 2551 plene
1787 2511 1817 2539 et
1841 2506 1924 2539 suffi-

1185 2562 1302 2595 cienter
1327 2561 1483 2605 expressis
1519 2566 1549 2593 et
1579 2561 1618 2593 ad
1642 2560 1773 2593 verbum
1797 2559 1923 2592 insertis

1185 2615 1352 2655 habentes,
1377 2614 1435 2647 hac
1464 2613 1531 2647 vice
1562 2613 1723 2648 dumtaxat
1748 2611 1924 2657 specialiter
