2221 3224
222 229 276 256 An.
296 229 410 258 01629
458 222 499 255 88

421 279 584 323 quibusvis
608 279 719 319 modis,
740 279 831 311 etiam
850 278 933 322 apud
953 278 1063 311 Sedem
1080 279 1158 322 Apo-

423 332 586 372 stolieam,
615 333 706 365 etiam
740 331 770 363 in
798 331 903 374 aliquo
936 341 973 363 ex
998 331 1176 363 mensibus·

421 386 512 419 nobis
541 391 570 418 et
594 387 734 418 Romano
766 385 907 417 Pontifici
933 395 991 428 pro
1016 390 1157 428 tempore

422 440 574 478 existenti,
587 439 720 481 Sedique
733 438 922 479 huiusmodi,
932 449 988 482 per
997 449 1158 481 quascum-

423 504 483 536 que
499 492 736 525 constitutiones
753 491 941 535 apostolicas
966 502 1020 524 seu
1040 492 1158 524 cancel-

422 545 517 578 lariae
549 544 739 588 apostolieae
770 545 895 587 regulas
926 555 1008 577 nunc
1040 550 1069 577 et
1099 554 1158 588 pro

411 603 562 641 ,tempore
587 597 763 637 reservatis,
781 603 833 629 aut
851 597 1017 630 ordinariis
1035 597 1160 630 collato-

422 651 509 683 ribus
533 661 589 694 per
614 650 850 684 constitutiones
875 661 929 683 seu
953 651 1078 693 regulas
1096 661 1160 683 eas-

422 704 504 744 dem,
521 704 567 736 rel
585 704 704 736 litteras
719 704 986 744 alternativarum‚
1001 709 1053 736 aut
1070 714 1160 747 quae·
1176 708 1178 717 ‘

423 767 556 800 cumque
592 757 757 801 privilegia
792 762 822 790 et
856 757 975 789 indulta
1010 757 1179 794 hactenus,

422 820 570 843 concessa
585 816 614 842 et
628 810 657 842 in
672 816 835 854 posterum
855 810 1066 851 concedenda,
1080 820 1162 843 eom-

422 864 609 908 petentibus,
631 869 683 896 aut
700 864 774 897 alias
795 864 1034 908 quomodolibet
1051 875 1161 897 vacare

423 918 609 960 eontigerit,
635 928 688 950 seu
713 918 738 950 si
763 918 823 950 iam
849 918 1036 961 parochialis
1065 919 1180 951 eecle-=

423 971 467 1004 sia
491 972 519 1005 S.
552 972 721 1005 Salvatoris
751 971 931 1004 huiusmodi
956 976 1026 1004 actu
1052 972 1180 1015 vacet.),i

424 1035 598 1069 eorumque
624 1025 774 1057 membris
799 1031 828 1057 et
854 1025 1069 1069 dependentiis
1094 1025 1162 1068 qui-

422 1079 629 1122 buscumque,
648 1089 683 1111 ac
707 1078 738 1110 in
763 1078 908 1111 omnibus
930 1084 959 1111 et
976 1079 1116 1121 singulis,
1138 1079 1161 1111 si

424 1132 502 1178 qua¹
529 1132 598 1175 sint⁷
624 1132 782 1165 beneficiis
803 1132 877 1164 dicti
896 1131 1020 1165 Ordinis
1041 1132 1162 1174 regula·
1179 1142 1181 1162 s

425 1187 513 1220 ribus
530 1186 768 1230 quomodolibet
782 1185 978 1229 qualificatis,
993 1190 1023 1218 et
1036 1185 1074 1217 ab
1089 1185 1163 1229 ipsis

426 1240 623 1273 monasteriis
634 1251 687 1272 seu
698 1239 890 1283 prioratibus
904 1238 1162 1282 dependentibus,

424 1293 541 1326 dictum
559 1293 706 1326 Ordinem
725 1292 821 1325 sancti
838 1291 1005 1331 Benedicti,
1026 1302 1164 1324 omnem-

424 1359 485 1392 que
510 1348 592 1379 illius
617 1352 731 1379 statum
757 1352 786 1379 et
810 1346 976 1379 essentiam
1000 1356 1035 1378 ac
1053 1345 1164 1389 depen-

425 1401 562 1434 dentiam
587 1400 769 1443 regulares,
801 1410 922 1432 necnon
952 1399 1164 1432 conventuali-

426 1459 518 1488 tatem
544 1464 788 1498 quamcumque,
807 1464 841 1486 ac
859 1453 965 1486 omnia
989 1457 1018 1486 et
1042 1453 1163 1495 singula
1180 1495 1182 1507 V

426 1509 527 1548 officia
547 1508 735 1547 claustralia,
761 1507 784 1539 si
810 1506 891 1550 qua‘Z
916 1506 992 1547 sint,
1016 1517 1052 1539 ac
1076 1507 1163 1538 mini-

426 1563 520 1596 steria
545 1567 575 1594 et
599 1561 706 1594 munia
730 1561 903 1604 regularia,
926 1570 1047 1595 necnon
1072 1571 1165 1604 quae-

427 1626 561 1659 cumque
587 1620 699 1647 statuta
724 1620 753 1647 et
777 1614 1006 1654 ordinationeS,
1031 1624 1066 1646 ae
1094 1624 1181 1647 con-¹

426 1669 601 1702 stitutiones
627 1673 656 1701 et
680 1668 803 1702 decreta
828 1667 977 1707 eiusdem,
1002 1667 1095 1699 etiam
1121 1667 1163 1699 iu-

426 1728 590 1764 ramento,
622 1721 859 1755 confirmatione
891 1721 1085 1765 apostolica,
1116 1721 1162 1753 vel

426 1776 536 1821 quavis
556 1775 704 1808 firmitate
721 1775 781 1807 alia
798 1774 917 1807 munita
935 1774 1083 1817 (quorum
1101 1784 1164 1806 om-

425 1829 512 1862 nium
537 1834 672 1869 tenores,
697 1839 733 1861 ae
757 1828 782 1860 si
800 1828 837 1859 de
858 1827 956 1859 verbo
974 1827 1011 1859 ad
1032 1827 1162 1859 verbum

426 1884 661 1922 insererentur,
686 1881 804 1914 eisdem
830 1881 1046 1924 praesentibus
1070 1881 1162 1913 etiam

426 1947 485 1981 pro
509 1937 601 1980 plene
625 1940 655 1967 et
679 1935 869 1979 sufficienter
893 1934 1047 1978 expressis
1071 1934 1164 1966 habe-

426 1990 519 2033 mus),
537 1990 616 2022 acin
634 1989 749 2021 eisdem
768 1987 960 2032 prioratibus
981 1987 1073 2019 etiam
1092 1988 1163 2020 titu-

426 2044 482 2084 los,
507 2043 599 2076 ctiam
624 2043 741 2085 absque
766 2042 910 2085 priorum
936 2042 1162 2074 monachorum

427 2108 462 2130 ae
482 2097 614 2130 rectoris
637 2096 826 2140 parochialis
847 2095 995 2128 ecclesiae
1017 2095 1045 2127 S.
1064 2095 1182 2132 Salia.

428 2151 503 2184 toris
529 2149 707 2182 huiusmodi
734 2149 779 2181 vel
806 2148 988 2192 quorumvis
1012 2148 1162 2190 aliorum,

427 2204 465 2236 de
489 2214 623 2247 quorum
642 2203 792 2235 interesse
807 2203 911 2235 forsan
928 2202 1164 2245 quomodolibet
1180 2225 1182 2250 4

427 2261 578 2290 tractatur
595 2261 624 2289 et.
641 2256 755 2298 agitur,
780 2265 944 2295 consensu,
957 2256 1053 2288 immo
1070 2255 1162 2288 etiam

428 2311 504 2355 ipsis
529 2315 558 2344 et
578 2320 687 2342 eorum
706 2309 837 2351 singulis
855 2320 890 2341 ac
911 2308 1071 2352 quibusvis
1097 2309 1164 2340 aliis
1181 2318 1182 2344 i

427 2364 531 2397 invitis
539 2369 568 2396 et
578 2363 829 2403 reclamantibus,
842 2368 868 2395 et
881 2363 972 2395 firmo
983 2367 1164 2395 remanente

428 2418 517 2452 titulo
541 2422 571 2450 et
595 2417 847 2449 denominati0ne
871 2416 994 2449 abbatis
1018 2427 1072 2449 seu
1097 2426 1183 2460 per-2

427 2471 511 2515 petni
537 2470 794 2503 commendatarii
818 2470 974 2502 Farfensis
1000 2475 1029 2502 et
1052 2470 1080 2503 S.
1100 2470 1164 2503 Sal-

429 2525 544 2557 vatoris
563 2523 826 2556 monasteriorum
848 2523 1037 2566 huiusmodi,
1053 2528 1083 2556 et
1100 2523 1165 2556 sine

466 2596 476 2620 1
496 2595 565 2621 Edit.
583 2595 661 2621 lllain.
678 2595 742 2630 legit
756 2602 826 2629 quae
841 2595 880 2629 (u.
897 2595 945 2629 T.).

464 2639 481 2666 2
495 2639 564 2666 Edit.
582 2639 659 2666 Maia.
676 2639 740 2675 legit
753 2648 827 2674 quae
844 2640 880 2675 (fl.
896 2640 944 2675 T.).

1000 231 1179 254 BULLARIUM
1203 231 1357 255 ROMANUM

1939 232 1990 260 An.
2010 231 2040 259 C.
2058 231 2125 260 1629

1191 278 1297 322 aliquo
1331 278 1398 311 eius
1432 284 1485 312 aut
1516 289 1694 312 mensarum
1725 279 1927 313 abbatialium

1192 331 1354 375 utriusque
1385 333 1567 365 monasterii
1595 333 1775 366 huiusmodi
1806 343 1927 366 necnon

1192 395 1462 429 quorumcumque
1487 386 1645 419 fructuum
1671 387 1795 419 illarum
1829 397 1928 419 reser-

1193 438 1350 471 vationum
1376 439 1423 471 vel
1448 439 1693 482 assignationum
1722 439 1926 483 praeiudicio,

1192 491 1271 524 dicta
1295 495 1479 524 auctorita-te
1492 493 1672 535 apostoliea,
1691 492 1870 525 earumdem
1886 498 1928 525 te-

1192 555 1269 577 nore
1289 545 1510 588 praesentium,
1525 545 1617 578 etiam
1635 550 1787 589 perpetuo
1807 545 1930 589 suppri-

1194 597 1317 639 mimus,
1343 597 1553 640 extinguimus
1577 603 1606 630 et
1630 598 1801 630 abolemus.

1238 651 1252 694 g
1276 652 1304 684 6.
1331 651 1457 684 Necnon
1475 651 1580 684 omnia
1596 657 1626 684 et
1645 652 1776 694 singula,
1801 651 1825 684 si
1851 650 1928 695 qua¹
1971 665 2127 686 maanaim

1194 705 1263 747 sint,
1290 704 1392 738 officia
1416 708 1445 738 et
1468 704 1619 738 beneficia
1643 705 1717 738 dicti
1737 705 1860 739 Ordinis
1885 693 2062 740 re-fiifciissmm
2096 698 2129 713 ω’

1194 758 1326 800 gularia,
1341 758 1611 802 qualitercumque
1625 764 1801 802 nuncupata
1814 764 1844 791 et
1860 769 1931 802 qua-

1195 811 1321 853 lificata,
1347 811 1386 843 ab
1410 811 1487 855 ipsis
1512 811 1711 844 monasteriis
1735 822 1789 844 seu
1812 812 1931 855 priora-

1195 864 1278 897 tibus
1292 864 1509 908 dependentia,
1519 864 1729 908 ecclesiasque
1742 875 1797 897 seu
1811 865 1932 908 cappel—

1195 917 1250 959 las,
1268 917 1305 949 ad
1326 917 1555 950 secularitatem
1578 922 1608 950 et
1626 921 1739 950 statum
1760 918 1932 950 secularem

1197 970 1252 1014 (ita
1265 976 1298 1002 ut
1314 970 1527 1014 parochialem
1545 971 1574 1004 S.
1590 969 1757 1003 Salvatoris
1770 971 1933 1003 eeclesiam

1196 1023 1375 1057 huiusmodi
1400 1024 1437 1056 ad
1462 1034 1611 1067 praesens
1635 1023 1793 1064 obtinens,
1816 1024 1934 1068 absque

1197 1077 1256 1109 alia
1276 1079 1357 1110 nova
1382 1077 1561 1120 provisione
1576 1077 1623 1109 vel
1640 1077 1847 1120 possessionis
1864 1077 1934 1110 ade-

1197 1130 1303 1173 ptione
1321 1130 1456 1174 desuper
1472 1130 1622 1170 facienda,
1637 1130 1720 1162 illam
1737 1130 1885 1174 deinceps
1902 1130 1933 1163 in

1198 1184 1332 1224 titulum,
1357 1183 1459 1227 quoad
1485 1184 1607 1224 vixerit,
1633 1184 1778 1224 retinere,
1799 1187 1828 1217 et
1852 1184 1934 1217 illius

1179 1238 1324 1288 ,fruetus
1349 1237 1498 1278 redditus,
1522 1242 1701 1281 proventuS,
1721 1238 1799 1278 iura,
1822 1237 1936 1270 obven-

1198 1290 1296 1324 tiones
1322 1296 1352 1323 et
1376 1291 1585 1324 emolumenta
1606 1301 1821 1334 quaecumque
1838 1291 1936 1335 perei-

1197 1355 1282 1388 pere,
1308 1345 1434 1387 exigere
1459 1348 1488 1378 et
1511 1345 1632 1387 levare,
1658 1345 1741 1377 acin
1762 1355 1834 1377 suos
1859 1355 1934 1388 pro-

1197 1397 1283 1442 prios
1295 1408 1380 1438 usus,
1393 1403 1423 1430 et
1436 1408 1567 1431 onerum
1582 1398 1620 1430 ad
1634 1408 1714 1441 quae
1727 1398 1765 1430 de
1778 1398 1935 1441 praesenti

1197 1457 1320 1485 tenetur
1349 1457 1379 1484 et
1411 1452 1569 1495 obligatus
1593 1452 1695 1484 existit
1724 1452 1935 1495 supportatio-

1197 1515 1278 1547 nem,
1303 1515 1426 1538 necnon
1451 1505 1641 1549 parochialis
1666 1505 1815 1538 ecclesiae
1842 1515 1935 1548 prae-

1197 1559 1297 1591 dictae
1312 1559 1591 1599 manutentionem,
1601 1564 1635 1591 ut
1644 1559 1741 1602 prius,
1752 1564 1936 1592 convertere

1197 1613 1294 1645 libere
1308 1618 1337 1645 et
1351 1612 1433 1644 licite
1448 1612 1550 1655 possit
1564 1617 1594 1644 et
1610 1612 1732 1655 valeat),
1750 1612 1936 1645 auctoritate

1197 1671 1226 1698 et
1251 1671 1359 1698 tenore
1390 1665 1579 1710 praedietis,
1605 1665 1749 1697 similiter
1780 1671 1935 1709 perpetuo

1197 1720 1386 1759 reducimus,
1411 1730 1446 1752 ae
1471 1719 1594 1763 priores
1612 1724 1641 1751 et
1663 1719 1832 1752 monachos
1850 1730 1935 1762 prae-

1196 1774 1285 1813 fatos,
1299 1773 1350 1816 qui
1366 1772 1483 1805 dictum
1498 1772 1645 1806 Ordinem
1661 1772 1792 1815 professi
1809 1772 1934 1813 fuerint,

1196 1827 1235 1858 ab
1258 1826 1454 1858 observantia
1480 1825 1661 1868 disciplinae
1682 1825 1837 1867 regularis
1862 1825 1935 1858 dicti

1197 1879 1321 1912 Ordinis
1345 1879 1535 1912 absolvimus
1560 1883 1589 1910 et
1612 1879 1794 1911 liberamus.

1241 1933 1256 1976 ἓ
1281 1932 1309 1965 7,
1336 1932 1467 1976 Insuper
1485 1942 1594 1965 omnes
1618 1937 1648 1964 et
1673 1932 1813 1975 singulos
1831 1943 1936 1966 mona-
1951 1971 1996 1991 im
2016 1944 2135 1996 3¹⁰⁰>³0g⁴3⁸

2031 1977 2072 1991 111111
2125 1981 2136 1986 ·

1197 1987 1272 2019 elios
1304 1991 1364 2018 tam
1398 1985 1578 2018 monasterii
1599 1985 1627 2018 S.
1649 1985 1817 2018 Salvatoris
1841 1997 1934 2029 quam
1951 1998 2135 2050 xpreffiffir‘iffi

1180 2041 1182 2052 ’
1197 2041 1394 2084 prioratuum
1408 2038 1587 2072 huiusmodi
1599 2039 1734 2081 (rectore
1747 2039 1935 2082 parochialis
1951 2052 2034 2072 domos.

1198 2093 1348 2126 ecclesiae
1361 2092 1537 2136 praedictae
1552 2091 1711 2123 dumtaxat
1725 2093 1879 2135 excepto),
1892 2092 1936 2125 sie

1198 2147 1354 2179 seculares
1385 2145 1512 2178 effectos
1526 2172 1533 2185 ,
1559 2144 1704 2177 domibus
1735 2155 1771 2177 ac
1799 2145 1876 2178 locis
1906 2150 1937 2178 et

1197 2199 1296 2240 bonis,
1312 2198 1535 2238 immobilibus,
1548 2198 1716 2230 mobilibus
1730 2204 1760 2231 et
1777 2209 1937 2232 semoven-
1968 2212 1970 2215 ’

1198 2254 1289 2293 tibus,
1308 2255 1396 2285 saera
1416 2262 1539 2296 quoque
1557 2257 1587 2284 et
1604 2252 1765 2284 communi
1783 2253 1937 2296 suppelle-

1198 2307 1283 2347 ctiti,
1308 2310 1400 2350 atque
1426 2307 1550 2339 illorum
1577 2307 1719 2338 omnium
1748 2307 1936 2346 usufructu,

1181 2360 1468 2393 ,administratione
1485 2387 1491 2401 ,
1522 2360 1719 2403 possessione
1754 2359 1908 2403 spirituali
1928 2387 1936 2400 ,

1200 2413 1377 2457 temporali,
1404 2424 1439 2446 ae
1464 2413 1556 2445 etiam
1583 2413 1649 2446 iure
1674 2418 1704 2446 et
1727 2413 1847 2446 actione
1871 2413 1937 2457 pri-

1199 2478 1323 2507 vamus3
1348 2477 1462 2511 eosque
1487 2467 1634 2511 deinceps
1658 2466 1695 2499 ad
1716 2466 1862 2511 proprias
1887 2467 1938 2500 do-

1200 2532 1266 2555 mos
1291 2531 1357 2553 esse
1382 2521 1600 2561 dimittendos;

1236 2594 1246 2619 1
1265 2593 1365 2619 Iterum
1382 2591 1445 2619 edit.
1459 2591 1549 2627 Maia„
1566 2596 1596 2619 ut
1608 2592 1770 2628 plerumque
1781 2591 1859 2625 solet,
1873 2590 1938 2626 legit

1200 2645 1272 2673 quae
1285 2637 1326 2672 (n.
1345 2637 1394 2672 T.).
