2248 3229
1751 221 1816 256 655
1861 231 2043 260 An.c.1638

1104 283 1175 325 lam⁷
1201 280 1392 315 coniunctim
1412 278 1459 313 vel
1489 279 1629 319 divisim,
1660 279 1845 312 auctoritate

1103 336 1211 369 nostra
1237 334 1409 378 apostoliea
1434 333 1578 366 absolvas
1602 337 1632 366 et
1656 331 1793 366 totaliter
1810 332 1846 364 li-

1104 390 1218 428 beres,
1243 388 1403 431 dictasque
1434 397 1551 431 poenas
1584 386 1644 419 illis
1675 389 1705 420 et
1735 395 1845 418 corum

1104 442 1235 484 singulis
1259 441 1397 484 gratiose
1422 440 1562 474 remittas
1585 444 1615 472 et
1632 438 1801 472 condones.

1149 496 1164 538 ξ
1187 495 1217 527 Ιι.
1242 495 1311 527 Non
1342 493 1540 526 obstantibus
1571 491 1846 526 constitutionibus

1105 554 1134 581 et
1151 547 1401 581 ordinationibus
1419 546 1609 590 apostolicis,
1630 556 1675 586 ae,
1693 550 1847 590 quatenus

1105 612 1186 646 opus
1199 601 1247 643 sit,
1261 601 1361 635 dictae
1375 600 1534 640 ecclesiae,
1548 599 1641 633 etiam
1660 599 1846 639 iuramento,

1107 654 1346 688 confirmatione
1371 653 1563 697 apostolica,
1588 653 1636 685 vel
1661 651 1770 696 quavis
1794 652 1847 685 fir-

128 236 177 264 An.
192 236 220 264 C.
244 236 311 264 1638
944 234 1086 259 unumus
1111 234 1167 258 vm
1191 233 1238 258 er.

327 283 449 327 aliaque
463 283 677 316 emolumenta
698 284 781 316 iuxta
795 283 962 327 pristinum
978 293 1075 343 usum¹

327 342 357 371 et
381 336 640 371 consuetudinem
665 336 765 369 dietae
789 335 940 369 ecelesiae
959 345 1069 368 manu-

328 395 479 431 tenerent,
497 396 526 423 et
550 395 716 435 propterea
733 389 859 423 eosdem
880 394 1070 433 exponentes

327 443 358 476 in
383 453 532 477 censuras
552 442 781 476 ecclesiasticas
807 442 978 475 incurrisse
1004 446 1031 474 et
1053 451 1069 474 a

328 497 436 530 limine
461 497 567 530 iudicii
592 496 790 540 repellendos
814 506 891 528 esse.

373 552 388 595 ἓ
412 551 441 584 2.
467 550 543 584 Cum
567 555 672 583 antem
688 576 695 589 ,
720 549 799 582 sicut
824 548 977 592 expositio
1002 548 1071 580 sul)-

329 604 486 648 iungebat‚
500 604 571 636 licet
589 603 664 636 dieti
684 607 877 646 exponentes
893 602 1071 635 existiment

328 668 361 691 se
394 657 574 690 nullatenus
607 656 638 689 in
670 666 818 689 censuras
846 655 1071 688 ecclesiasticas

1877 504 1988 528 berne-itii·
1998 510 2046 525 con-

1861 531 1980 551 tnn‘inruui.

154 569 238 590 Nacnon
251 574 313 590 widin

128 599 203 626 ρων-ιο
229 597 313 616 ahmiu·

129 626 191 643 unnu-
206 629 218 642 ει
236 629 314 643 cemu-

128 655 164 671 ηε,
179 655 195 668 n
210 655 273 675 quain
284 650 313 670 iu-

129 679 238 697 currerint.

0 655 23 889 ‘Qua-,⁸0-
5 634 9 644 ·
7 580 15 610 .-

171 1420 270 1441 rasura-
286 1427 318 1441 -a-

134 1453 183 1468 ene
197 1448 262 1468 Rotae
283 1448 318 1467 dt·-

134 1480 187 1494 ωηο
200 1481 236 1494 rus
248 1475 308 1495 abst-t

135 1501 202 1523 wudu.

327 715 495 756 propterea
520 710 677 751 incidisse,
702 720 759 743 nec.
783 720 934 753 umquam
960 719 1069 742 sense-

329 764 391 798 rint
417 763 532 797 debere
549 764 588 797 ab
604 764 710 808 aliquo
727 764 794 807 geri
818 773 928 797 eorum
945 763 1072 796 nomine

328 818 500 863 quidquam
526 818 644 859 illiciti,
669 818 810 851 minusve
842 817 1003 850 intendant
1028 815 1072 848 uti

329 872 426 915 gestis
435 872 473 905 ab
483 873 611 905 assertis
624 871 885 916 procuratoribus
894 870 1072 915 praedietis,

330 927 395 959 imo
426 936 484 959 nec
516 936 552 959 ea
591 925 763 969 quidquam
799 924 990 958 immunitati
1026 923 1072 956 vel

330 979 466 1013 libertati
491 978 719 1012 ecclesiasticae
749 977 973 1021 praeiudiciale
997 986 1073 1010 con-

331 1033 430 1066 tinere
455 1032 636 1072 videantur,
660 1031 866 1065 nihilominus
894 1030 990 1063 iidem
1014 1040 1071 1062 ex-

330 1092 483 1131 ponentes
506 1086 545 1119 ad
568 1096 695 1120 omnem
719 1085 904 1129 scrupulum
929 1094 945 1117 e
969 1083 1074 1117 medio

330 1141 514 1181 tollendum,
535 1150 570 1174 ac
589 1145 623 1174 ut
640 1139 698 1184 ipsi
716 1139 813 1172 tutius
833 1138 902 1171 iura
918 1148 974 1171 sua
998 1149 1073 1182 pro-

332 1204 459 1228 movere
489 1194 631 1234 valeant,
657 1192 749 1226 nobis
773 1192 935 1225 humiliter
955 1191 1073 1235 suppli-

331 1247 397 1281 cari
421 1247 573 1288 fecerunt,
593 1250 627 1280 ut
651 1246 711 1279 sibi
735 1245 774 1278 dc
794 1250 973 1289 opportuno
991 1244 1074 1278 circa

331 1300 504 1345 praemissa
517 1299 722 1333 absolutionis
737 1299 891 1332 benetie-io
906 1298 1074 1342 providere

333 1353 371 1387 de
387 1353 578 1396 benignitate
602 1352 775 1396 apostolica
793 1352 996 1395 dignaremur
1011 1362 1016 1384 z

377 1408 393 1451 ἓ
408 1406 438 1440 3.
455 1407 519 1440 Nos
533 1406 638 1449 igitur,
653 1406 779 1439 eosdem
797 1410 988 1450 exponentes
1005 1414 1074 1448 spe-

334 1460 465 1493 cialibus
479 1460 639 1493 savoribus
653 1465 683 1492 et
696 1459 805 1502 gratiis
815 1458 963 1503 prosequi
974 1459 1076 1491 rolen-

334 1519 380 1547 tes
409 1518 439 1546 et
468 1523 578 1546 eorum
609 1513 784 1555 singulares
807 1523 957 1556 personas
977 1522 995 1545 a
1011 1512 1076 1555 qui-

334 1567 440 1600 busvis
454 1566 800 1607 excommunicationis,
814 1566 1028 1610 suspensionis
1046 1571 1075 1598 et

335 1619 502 1660 interdicti,
519 1619 651 1663 aliisque
666 1619 885 1653 ecelesiasticis
902 1619 1075 1660 sententiis,

334 1673 474 1708 censuris
499 1678 528 1706 et
552 1673 672 1717 poenis,
696 1683 714 1705 a
738 1673 806 1706 iure
822 1673 870 1705 vel
891 1672 929 1705 ab
950 1672 1076 1705 homine

334 1729 443 1772 quavis
457 1727 623 1761 occasione
640 1728 689 1760 vel
706 1729 800 1761 causa
818 1727 898 1768 latis,
916 1727 941 1760 si
962 1727 1076 1770 quibus

334 1781 575 1826 quomodolibet
593 1781 758 1815 innodatae
783 1781 927 1821 existunt,
944 1780 983 1813 ad
1008 1780 1077 1813 effe-

335 1841 418 1868 ctum
443 1834 656 1878 praesentium
683 1834 844 1868 dumtaxat
875 1844 1075 1878 consequen-

336 1890 422 1930 dum,
441 1890 555 1922 harum
570 1888 650 1921 serie
668 1888 864 1923 absolventes
877 1894 908 1921 et
920 1889 1078 1922 absolutas

337 1944 402 1976 sore
428 1948 609 1982 censentes,
634 1942 814 1977 huiusmodi
840 1942 1077 1986 supplicationi-

335 1997 394 2030 bus
413 1996 562 2036 inclinati‚
577 1995 631 2028 tibi
657 2006 716 2040 per
735 2000 918 2039 praesentes
938 1995 1079 2028 commit-

336 2051 431 2084 timus
464 2056 494 2083 et
518 2049 721 2091 mandamus,
746 2054 919 2092 quatenus,
945 2049 1079 2082 constito

336 2104 391 2137 tibi
412 2104 551 2147 legitime
571 2103 609 2136 de
630 2103 813 2147 praemissis
837 2102 963 2136 eosdem
985 2113 1079 2146 expo-

337 2163 446 2191 nentes
479 2163 509 2190 et
540 2168 651 2190 eorum
677 2157 839 2199 singulos,
864 2157 888 2189 si
914 2157 973 2189 hoc
1003 2167 1020 2189 a
1052 2162 1079 2189 te.

337 2212 499 2245 humiliter
522 2211 682 2255 petierint,
708 2209 853 2254 imposita
878 2210 955 2254 ipsis
972 2215 1000 2243 et
1025 2220 1079 2243 eo-

339 2276 408 2299 rum
434 2265 575 2308 singulis,
600 2264 733 2298 arbitrio
757 2270 819 2305 tuo,
845 2263 947 2308 aliqua
972 2263 1080 2307 poeni-

339 2319 435 2352 tentia
460 2318 614 2361 salutari,
638 2318 886 2361 renunciatoque
910 2317 999 2361 prius
1024 2328 1081 2361 per

339 2383 393 2406 eos
408 2372 576 2416 praedictis
593 2377 623 2405 et
640 2372 892 2416 quibuscumque
907 2371 974 2404 aliis
994 2381 1081 2415 prae-

339 2426 434 2460 tensis
451 2426 632 2459 recursibus
660 2431 689 2459 et
715 2425 871 2459 attentatis
891 2436 997 2458 coram
1015 2425 1080 2469 qui-

339 2481 535 2524 buscumque
548 2479 703 2513 iudicibus
717 2479 804 2512 laicis
817 2479 1081 2523 quandocumque

339 2538 369 2567 et
393 2533 692 2578 quomodocumque
722 2533 825 2573 sactis,
850 2543 867 2565 a
892 2533 1081 2577 quibuslibet

341 2587 483 2620 censuris
508 2592 538 2620 et
562 2587 670 2631 poenis
700 2587 918 2620 ecclesiasticis
942 2597 1082 2631 quomo-

341 2641 459 2675 dolibet
478 2641 583 2675 forsan
603 2651 660 2685 per
684 2651 737 2675 eos
761 2640 905 2682 incursis,
923 2640 961 2674 ad
982 2645 1082 2675 caute-

1107 708 1213 741 mitate
1237 707 1298 740 alia
1323 706 1489 747 roboratis,
1513 706 1637 738 statutis
1662 710 1692 738 et
1715 715 1848 738 consue-

1109 762 1278 803 tudinibus,
1291 761 1466 804 ceterisque
1475 760 1640 794 contrariis
1649 759 1849 804 quibuscum-

1107 827 1178 860 que.

1151 870 1262 902 Datum
1277 870 1404 909 Romae,
1415 868 1497 913 apud
1510 868 1539 902 S.
1549 867 1677 901 Mariam
1688 867 1848 907 Maiorem,

1108 923 1166 957 snb
1174 923 1290 958 annulo
1299 922 1476 963 piscatoris,
1485 922 1535 954 die
1545 931 1566 954 n
1577 921 1643 954 iulii
1653 929 1849 961 uncxxxvui,

1107 978 1309 1023 pontificatus
1331 976 1429 1010 nostri
1451 986 1532 1009 anno
1549 985 1601 1009 xv.

1145 1040 1202 1068 Dat.
1225 1040 1268 1068 die
1287 1040 1304 1067 2
1323 1039 1380 1067 iulii
1402 1039 1482 1073 1638,
1504 1039 1597 1074 pontif.
1622 1046 1691 1066 anno
1707 1046 1750 1066 xv.

1414 1182 1538 1217 DCVIIl.

1110 1266 1260 1301 Irrilatz'o
1284 1270 1415 1298 actuum
1435 1265 1607 1308 sactorum,
1629 1267 1695 1296 lam
1717 1274 1776 1308 per
1793 1263 1852 1297 mi-

1154 1322 1274 1353 nistros
1297 1320 1402 1363 reqios
1425 1318 1656 1362 Portuyalliac
1673 1318 1848 1358 etimlices,

1153 1385 1254 1418 quam
1270 1384 1328 1418 per
1347 1372 1516 1405 ministros
1532 1372 1670 1405 Sanctae
1683 1371 1785 1411 Sedis,
1801 1381 1853 1404 szc-

1153 1438 1209 1471 pcr
1234 1426 1335 1469 bonis,
1355 1425 1512 1470 cappellis
1530 1426 1624 1469 mclyo
1642 1425 1852 1469 nttncupalis,

1153 1481 1361 1514 ecclesiarum
1381 1484 1408 1512 ce
1428 1480 1568 1511 Iocorum
1586 1479 1718 1522 piorum
1742 1488 1852 1521 requo-

1153 1546 1228 1567 γυνη
1239 1533 1469 1577 Portitsycelliae
1482 1537 1510 1565 et
1524 1533 1761 1575 Alqarln'orum
1777 1542 1851 1564 con-

1155 1593 1203 1621 tra
1229 1587 1530 1620 iurisdictionemel
1553 1587 1734 1619 libertatem
1759 1586 1853 1618 ecclc-

1153 1641 1320 1675 siasticam
1344 1645 1373 1674 ct
1397 1641 1474 1673 iura
1499 1639 1590 1673 Sedis
1614 1639 1639 1673 A
1645 1637 1848 1684 postolicae‘.

1319 1721 1454 1748 Urbanus
1476 1721 1554 1754 Papa
1573 1720 1653 1752 VIII,

1253 1766 1290 1794 ad
1309 1766 1444 1793 futuram
1463 1765 1508 1792 rei
1527 1764 1709 1796 memoriam.

1157 1839 1171 1882 ἓ
1196 1838 1225 1870 ’1.
1251 1837 1408 1878 Quamvis,
1428 1837 1513 1869 iuxta
1533 1835 1855 1876 canonicassanctio-

1111 1901 1167 1924 nes
1185 1896 1214 1924 et
1231 1890 1472 1924 constitutiones
1496 1889 1696 1934 apostolicas,
1713 1889 1806 1922 etiam
1826 1889 1855 1921 in

1113 1945 1254 1978 conciliis
1279 1944 1510 1977 universalibus
1536 1943 1643 1985 editas,
1664 1943 1748 1976 acin
1768 1943 1855 1975 Bulla

1114 1999 1144 2030 in
1161 1998 1263 2032 Coena
1281 1997 1403 2031 Domini
1426 1997 1592 2041 quotannis
1616 1996 1677 2039 legi
1703 1997 1793 2030 solita
1816 1996 1856 2028 in-

1113 2057 1241 2085 novatas
1266 2056 1295 2083 et
1319 2051 1517 2094 approbatas,
1534 2050 1728 2094 prohibitum
1755 2055 1783 2082 et
1805 2060 1854 2082 ex-

1114 2115 1221 2148 presse
1240 2104 1441 2137 interdictum
1459 2104 1507 2146 sit,
1524 2114 1563 2136 nc
1576 2103 1658 2137 bona
1678 2103 1774 2136 semel
1793 2103 1856 2136 Deo

1114 2158 1215 2191 dicata
1232 2157 1270 2190 ad
1295 2157 1419 2190 laicales
1437 2168 1491 2190 seu
1515 2158 1664 2201 profanos
1688 2167 1764 2189 usus
1785 2167 1856 2189 con-

1115 2214 1286 2253 vertantur,
1308 2221 1385 2244 nevc
1407 2211 1524 2244 iudices
1549 2216 1579 2243 et
1604 2211 1766 2255 principes
1784 2210 1855 2243 laici

1115 2276 1210 2309 super
1222 2265 1313 2298 bonis
1329 2265 1532 2298 ecclesiarum
1547 2270 1577 2298 et
1591 2265 1854 2298 monasteriorum

1115 2318 1404 2362 beneficiorumque
1430 2318 1713 2352 ecclesiasticorum
1731 2328 1766 2351 ac
1794 2318 1856 2361 pio-

1117 2383 1185 2405 rum
1204 2383 1336 2416 opernm
1355 2382 1466 2405 manus
1486 2377 1654 2416 apponant,
1669 2371 1854 2415 praesertim

1115 2425 1153 2458 ad
1172 2426 1296 2458 illorum
1319 2425 1568 2469 occupationem,
1590 2425 1793 2469 ipsarumque
1811 2435 1856 2457 ec-

1115 2479 1292 2519 clesiarum,
1318 2478 1594 2518 monasteriorum,
1618 2477 1857 2512 beneficiorum—

1115 2544 1176 2578 que
1196 2533 1480 2566 eeclesiasticornm
1509 2543 1546 2566 ac
1570 2533 1696 2577 piorum
1722 2542 1856 2576 operum

1152 2652 1162 2676 1
1182 2649 1218 2677 Ex
1237 2650 1343 2686 Regest.
1361 2649 1388 2677 in
1404 2649 1509 2677 Secret.
1529 2648 1606 2676 Brev.

1897 1844 1954 1864 [fadi
1971 1843 2043 1863 ‹oriesi
