2221 3224
188 204 237 232 An.
255 204 282 232 C.
309 205 372 234 1629

232 1861 369 1886 Facultates,

185 1892 327 1913 exemptiones
349 1891 369 1908 et

184 1915 296 1939 pontesia
319 1920 366 1934 :soii-

185 1941 241 1962 cedit
258 1942 367 1962 nionltslls.

420 198 482 231 12⁶2

385 258 492 289 causa:
519 260 565 297 et,
591 256 728 289 volentes
753 260 891 288 montem
912 254 1124 298 praedictum,

385 308 530 352 illiusque
548 309 711 341 montistas
736 313 764 341 et
785 307 958 340 creditores
975 318 1033 350 pro
1052 313 1125 340 tem-

385 371 463 404 pore
494 361 660 394 existentes
686 360 873 404 specialibus
904 360 1063 392 favoribus
1096 365 1125 392 et

386 414 494 456 gratiis
505 414 665 453 decorare,
682 413 891 453 decernimus,
903 417 996 456 atque
1013 413 1123 446 eadem

385 467 568 501 auctoritate
588 468 752 500 statuimus
769 472 799 499 et
816 467 1025 509 indulgemus,
1040 468 1122 511 quod

384 520 452 553 loca
472 532 524 554 seu
549 521 709 564 portiones
737 520 810 553 dicti
827 520 942 553 montis
959 531 1016 564 per
1033 521 1123 564 quin-

384 574 556 617 quennium
566 573 779 616 incipiendum
797 584 813 605 a
830 573 970 606 kalendis
984 573 1123 606 ciusdem

385 627 500 659 mensis
521 626 586 659 iulii
603 627 746 670 proxime
772 626 932 670 praeteriti
951 627 1123 670 praesentis

384 679 456 712 anni
468 679 614 720 nncxxx¹,
625 684 654 712 et
664 685 697 712 ut
707 680 848 723 sequitur
857 680 1029 712 finiendum
1036 679 1056 721 ἵ,
1068 691 1124 723 per

385 732 505 765 obitum
530 743 748 776 personarum,
767 743 864 776 super
887 743 1021 775 quarum
1044 733 1123 765 vitae

383 785 532 829 periculis
549 785 617 818 loca
634 786 792 826 extabunt,
810 787 858 819 vel
876 786 913 818 ab
939 786 982 818 eis
997 796 1121 819 causam

383 839 467 872 dicto
481 839 696 883 quinquennio
706 840 837 872 durante
851 840 1044 880 habentium,
1060 850 1122 872 non

384 898 502 935 vacent,
512 893 564 926 sed
575 893 626 925 illa
643 893 679 925 ad
694 893 922 933 decedentium,
934 893 1122 936 illorumque

382 946 420 978 ad
445 957 524 990 quos
549 947 617 979 loca
641 946 800 990 praedicta
829 946 1026 990 spectabunt,
1053 947 1124 979 liae-

381 999 472 1032 redes
490 1010 525 1032 ex
544 1004 728 1033 testamento
754 1010 808 1032 seu
833 1000 871 1031 ab
893 999 1037 1032 intestato
1059 1010 1124 1032 om-

381 1052 455 1085 nino
473 1052 647 1093 deveniant,
659 1053 780 1096 ipsique
795 1053 944 1085 haeredes
959 1056 988 1086 et
1005 1063 1124 1086 succes-

382 1117 470 1139 sores
502 1107 570 1139 loca
598 1117 651 1139 seu
682 1107 842 1150 portiones
869 1106 1047 1139 huiusmodi
1078 1117 1124 1138 re-

382 1160 481 1192 tinere
511 1161 557 1192 vel
590 1160 750 1202 resignare
782 1171 817 1192 ac
848 1160 983 1202 pretium
1013 1159 1123 1192 exinde

381 1213 569 1257 proveniens
586 1213 726 1255 recipere
744 1212 873 1255 possint,
891 1216 919 1245 el
938 1212 1122 1254 resignatio-

381 1276 436 1298 nes
460 1267 504 1298 sic
536 1276 593 1309 per
618 1277 671 1298 eos
698 1266 796 1298 sactae
822 1265 942 1297 admitti
968 1265 1122 1304 debeant,

382 1320 474 1352 etiam
489 1330 559 1352 cum
578 1319 688 1352 eodem
704 1319 868 1362 privilegio
886 1329 947 1351 non
966 1319 1123 1351 vacantiae

382 1383 438 1417 per
455 1373 571 1405 dictum
591 1372 840 1415 quinquennium
862 1382 877 1403 a
898 1372 1039 1404 kalendis
1058 1371 1122 1403 iulii

382 1431 527 1470 utsupra
556 1426 784 1470 incipiendumj,
814 1426 897 1469 quod
924 1426 1122 1469 privilegium

382 1489 445 1513 non
463 1480 620 1512 vacantiae
641 1479 724 1512 dicto
751 1479 965 1522 quinquennio
993 1478 1124 1511 durante

384 1537 520 1566 transeat
546 1533 638 1565 etiam
669 1532 699 1564 in
728 1532 883 1575 quoslibet
910 1543 1122 1571 successores,

384 1587 497 1630 quibus
518 1586 683 1628 suflragari
702 1586 813 1618 debeat
830 1596 886 1629 pro
907 1586 1033 1618 residuo
1050 1586 1122 1618 dicti
1140 1619 1142 1622 ,

385 1640 601 1685 quinquennii:
614 1650 676 1682 quo
690 1639 806 1682 elapso,
817 1640 884 1671 loca
895 1639 1052 1682 praedicta
1068 1650 1124 1683 per

384 1693 503 1726 obitum
524 1693 574 1725 illa
592 1693 798 1726 obtinentium
820 1692 948 1725 omnino
971 1698 1078 1725 vacent
1096 1698 1124 1725 et

384 1757 493 1779 vacare
511 1747 643 1779 debeant
660 1746 697 1778 ad
716 1746 916 1779 commodum
935 1751 964 1778 et
984 1746 1122 1779 savorem

385 1798 523 1830 eiusdem
543 1808 684 1831 camerae
701 1803 835 1830 nostrae.

429 1851 443 1894 g
467 1850 495 1883 t).
523 1851 671 1883 Volumus
696 1856 876 1893 practerea,
901 1849 984 1892 quod
1009 1850 1123 1882 montis

385 1903 536 1947 praedicti
562 1903 735 1935 creditores
756 1903 793 1934 ad
814 1903 964 1945 pecunias
984 1904 1022 1935 ab
1049 1903 1123 1946 ipsis

385 1956 414 1987 in
434 1967 470 1988 eo
491 1955 607 1998 positas
625 1960 653 1986 et,
671 1959 823 1996 erogatas,
843 1958 895 1987 aut
912 1954 1034 1986 illarum
1057 1966 1124 1998 par-

385 2015 457 2050 tem,
476 2009 505 2041 in
524 2009 659 2051 aliquam
681 2009 928 2048 subventionem,
947 2009 1122 2049 utilitatem,

384 2074 438 2096 seu
470 2063 685 2095 necessitatem
710 2062 811 2095 Status
841 2063 1049 2096 Ecclesiastici
1075 2063 1120 2095 rel

383 2116 470 2150 Sedis
489 2122 517 2149 ct
535 2127 677 2149 camerae
702 2116 931 2160 praedictarum
957 2127 1122 2149 conversas

382 2170 477 2203 fuisse
506 2175 536 2202 et
560 2180 626 2202 esse
655 2170 850 2213 probandum
880 2170 1120 2213 haudquaquam

383 2228 557 2263 teneantur,
571 2223 633 2263 sed⁷
649 2234 718 2255 cum
734 2223 928 2267 simplicibus
945 2224 1055 2256 litteris
1073 2234 1122 2267 pa-

381 2277 518 2310 tentibus
528 2278 566 2309 ab
580 2276 793 2309 insradicendo
808 2277 1003 2310 thesaurario
1013 2283 1121 2309 nostro

381 2331 519 2374 generali
537 2336 568 2363 et
584 2330 752 2363 secretario
773 2330 846 2362 dicti
861 2330 986 2369 montis⁷
1000 2331 1038 2362 ab
1054 2330 1120 2374 ipso

382 2389 415 2418 ut
439 2385 520 2417 infra
540 2384 734 2428 deputando,
756 2383 916 2427 expeditiS,
939 2384 1032 2416 iidem
1058 2396 1121 2417 cre-

382 2438 499 2471 ditores
527 2441 556 2471 et
584 2438 748 2470 montistae
774 2437 829 2470 tuti
855 2437 930 2477 sint,
957 2438 1120 2481 eidemque

382 2492 479 2525 monti
498 2497 527 2524 et
542 2492 686 2536 personis
706 2491 737 2524 in
755 2502 792 2524 eo
812 2491 959 2535 pecunias
981 2492 1120 2525 habenti-

420 2562 428 2588 1
450 2561 485 2587 Ex
497 2563 556 2589 loco
569 2562 595 2588 li.
607 2562 698 2589 bullae
714 2562 820 2597 legend.
837 2562 906 2588 foret
916 2548 1016 2589 Mnxxtx
1026 2563 1116 2597 (aaz).

418 2606 434 2633 Ξ).
450 2606 592 2642 l'erperam
608 2607 650 2634 ed.
667 2607 745 2634 Main.
762 2608 825 2643 legit
840 2608 977 2643 finiendis
992 2614 1028 2642 tn.
1041 2609 1090 2644 T.).

970 207 1148 232 BULLARIUM
1173 207 1328 232 ROMANUM

1158 255 1217 288 bus
1235 255 1403 297 collegium
1420 261 1450 289 et
1466 255 1646 290 defensores
1663 258 1789 292 creandi
1807 261 1836 293 et
1851 259 1900 293 de-

1159 308 1297 351 putandi,
1319 308 1531 342 ordinationes
1556 315 1586 343 et
1605 316 1717 345 statuta
1734 323 1900 356 quaecum-

1159 371 1229 404 que,
1255 361 1339 393 licita
1363 366 1466 394 tamen
1491 367 1520 395 et
1544 363 1685 405 honesta,
1702 375 1719 397 a
1738 365 1900 408 praedicto

1159 414 1357 447 thesaurario
1389 419 1497 448 nostro
1525 417 1663 458 generali
1695 418 1900 450 examinanda

1159 472 1189 500 et
1202 467 1413 510 approbanda,
1428 468 1580 501 condendi
1595 469 1751 503 licentiam
1765 475 1794 502 et
1808 471 1901 504 sacul-

1159 525 1251 552 tatem
1271 520 1482 560 concedimus3
1500 531 1622 554 necnon
1640 521 1686 562 iis,
1703 528 1737 555 ut
1753 523 1900 556 omnibus

1159 576 1188 602 et
1210 570 1340 612 singulis
1364 570 1431 603 aliis
1456 571 1628 614 privilegiis
1646 577 1675 605 et
1691 573 1899 614 facultatibus,

1159 623 1409 667 exemptionibus
1427 629 1456 656 et
1472 624 1735 666 immunitatibus,
1752 626 1901 660 libertati·

1159 677 1227 717 bus,
1243 676 1480 720 praerogativis,
1502 678 1610 720 gratiis
1627 684 1657 711 et
1674 679 1811 722 indultis,
1830 681 1899 723 qui-

1158 730 1215 762 bus
1245 731 1340 763 ceteri
1375 729 1546 764 creditores
1577 732 1712 764 aliorum
1745 734 1899 767 montium

1159 784 1346 816 vacaliilium
1372 785 1530 817 Romanae
1554 785 1663 818 Curiae
1684 785 1846 828 potiuntur
1871 792 1900 820 et

1158 837 1304 879 gaudent,
1322 848 1357 870 ac
1373 838 1428 878 uti,
1449 837 1542 881 potiri
1561 842 1590 870 et
1607 838 1744 880 gaudere
1769 843 1901 882 possunt

1159 895 1188 923 et
1212 894 1360 934 poterunt
1384 891 1621 935 quomodolibet
1640 891 1672 923 in
1695 892 1847 932 futurum,
1864 902 1900 925 ac

1159 944 1183 977 si
1209 944 1260 976 illa
1285 944 1329 977 sic
1352 944 1389 977 de
1407 945 1502 977 verbo
1520 945 1557 977 ad
1575 945 1704 977 verbum
1722 944 1838 978 inserta
1855 946 1901 979 so-

1159 1003 1236 1038 rent,
1254 998 1308 1037 uti,
1326 998 1386 1030 srui
1410 1003 1440 1030 et
1466 998 1559 1041 potiri
1585 998 1684 1031 libere
1702 1004 1731 1031 et
1747 999 1830 1032 licite
1848 1009 1900 1032 va-

1158 1052 1238 1084 leant
1260 1051 1467 1094 indulgemus,
1482 1051 1628 1095 quodque
1643 1057 1824 1095 praesentes
1836 1052 1899 1086 vim

1159 1111 1187 1138 et
1208 1105 1304 1138 robur
1322 1105 1385 1137 veri
1404 1110 1433 1137 et
1450 1105 1541 1137 validi
1564 1111 1743 1138 contractus
1763 1116 1798 1139 ac
1818 1106 1898 1139 obli-

1159 1158 1292 1201 gationis
1320 1158 1401 1190 inter
1427 1168 1484 1190 nos
1511 1164 1540 1190 et
1564 1158 1674 1190 Sedem
1696 1163 1725 1191 et
1741 1169 1898 1192 cameram

1159 1211 1333 1254 praedictas
1351 1222 1385 1243 ex
1406 1214 1482 1250 una,
1500 1218 1529 1243 et
1549 1222 1611 1251 eos,
1632 1212 1683 1254 qui
1702 1212 1851 1255 pecunias
1867 1212 1899 1244 in

1159 1265 1226 1308 ipso
1252 1271 1357 1297 monte
1385 1264 1607 1308 posuerint,e·x
1636 1266 1734 1297 altera
1758 1265 1899 1308 partibus

1140 1326 1142 1338 ¹
1159 1318 1296 1360 legitime
1311 1318 1377 1350 initi
1393 1323 1421 1350 et
1435 1318 1571 1361 stipulati
1590 1318 1760 1358 obtineant,
1779 1323 1807 1350 et
1821 1318 1899 1351 obti-

1158 1381 1242 1411 nere,
1257 1371 1419 1413 dictusque
1439 1381 1528 1403 mons
1542 1376 1572 1402 et
1587 1371 1668 1403 illius
1686 1371 1850 1404 montistae
1866 1371 1899 1403 in

1140 1441 1142 1446 ·
1158 1424 1298 1467 pacifica,
1320 1424 1419 1456 libera
1440 1429 1469 1456 et
1486 1424 1590 1466 quieta
1611 1423 1766 1456 dictorum
1784 1434 1899 1458 annuo-

1159 1489 1227 1510 rum
1247 1483 1407 1510 scutorum
1427 1478 1536 1520 viginti
1555 1483 1672 1521 septem
1692 1478 1825 1510 millium
1843 1478 1897 1519 eis,

1158 1536 1191 1563 ut
1211 1532 1396 1574 pracl'crlur,
1416 1531 1647 1573 assignatorum
1674 1530 1844 1564 exactionis
1869 1536 1899 1564 et

1159 1585 1368 1627 perceptionis
1387 1583 1605 1627 possessione‚¹
1624 1585 1706 1617 dicto
1724 1589 1828 1618 monle
1845 1585 1898 1618 du-

1159 1643 1257 1676 rante,
1277 1638 1471 1669 manuteneri
1489 1642 1518 1669 et
1536 1638 1713 1670 conservari
1732 1638 1874 1671 debeant.

1203 1691 1217 1733 ξ,
1241 1690 1291 1722 to.
1318 1691 1483 1723 Praeterea
1507 1690 1654 1723 dilectum
1680 1691 1777 1724 filium
1803 1692 1899 1735 magi-

1158 1749 1257 1775 strum
1269 1743 1459 1786 Stephanum
1470 1744 1654 1776 Durantium
1668 1745 1897 1778 thesaurarium

1158 1802 1300 1828 nostrum
1316 1797 1505 1839 generalem,
1523 1797 1663 1840 aliosque
1680 1808 1738 1841 pro
1755 1803 1897 1842 tempore

1159 1850 1322 1882 existentes
1360 1850 1572 1882 tliesaurarios
1606 1851 1768 1893 generales
1783 1878 1789 1891 ,
1823 1851 1898 1884 dicti

1159 1903 1273 1935 montis
1292 1907 1504 1946 protectores,
1523 1914 1593 1935 cum
1611 1908 1763 1947 potestate
1781 1905 1899 1938 litteras

1158 1962 1299 1999 patentes
1323 1956 1380 1989 sub
1406 1967 1514 1989 eorum
1540 1957 1721 1989 nominibus
1741 1962 1771 1990 et
1788 1958 1897 2000 sigillis

1158 2009 1343 2052 expediendi
1369 2015 1399 2042 ct
1423 2010 1624 2050 concedendi,
1642 2020 1763 2043 necnon
1788 2021 1897 2044 omncs

1157 2067 1186 2096 el
1205 2073 1418 2106 quascumque
1436 2074 1553 2104 causas,
1572 2074 1666 2106 super
1691 2063 1773 2097 dicto
1791 2069 1896 2097 monte

1156 2117 1300 2160 illiusque
1318 2119 1410 2149 causa
1428 2122 1456 2149 et
1473 2116 1646 2159 occasione,
1665 2122 1694 2149 et
1712 2117 1750 2149 ab
1769 2128 1805 2151 co
1823 2129 1897 2162 quo.-

1157 2171 1329 2203 mobolibet
1342 2171 1562 2214 dependentes,
1579 2171 1757 2210 movendas,
1771 2172 1896 2215 privati-

1157 2235 1193 2257 ve
1210 2224 1311 2267 quoad
1330 2234 1438 2257 omnes
1455 2224 1533 2256 alios
1552 2224 1669 2257 iudices
1687 2226 1896 2267 cognoscendi

1156 2284 1185 2311 et
1204 2277 1402 2318 terminandi,
1417 2288 1452 2309 ac
1466 2277 1570 2310 onmia
1583 2278 1652 2318 alia,
1671 2290 1751 2322 quae
1767 2280 1806 2312 ad
1819 2280 1896 2313 eius-

1156 2331 1225 2363 dem
1248 2331 1361 2364 monlis
1375 2331 1552 2370 utilitatem,
1571 2332 1798 2376 [tirovidamque
1816 2333 1897 2366 dire-

1155 2384 1290 2417 ctionem
1305 2384 1462 2427 pertinere
1483 2384 1696 2427 cog110ve1=it2,
1713 2386 1894 2429 peragendi,

1155 2449 1225 2471 cum
1250 2438 1395 2471 facultate
1421 2438 1513 2470 etiam
1538 2438 1762 2482 depositarium
1794 2450 1829 2472 ac
1849 2450 1895 2472 se-

1155 2489 1323 2525 cretarium
1349 2497 1379 2524 et
1403 2491 1657 2525 ratiocinatorem
1687 2502 1742 2525 seu
1767 2502 1894 2536 compu-

1190 2564 1201 2588 1
1220 2562 1358 2589 Coniunct.
1375 2565 1399 2590 et
1415 2562 1535 2589 delemus
1551 2563 1588 2598 (R.
1607 2562 1656 2596 T.).

1187 2608 1203 2634 2
1215 2608 1397 2635 Cohaereuter
1409 2607 1516 2644 legend.
1528 2608 1597 2636 foret
1607 2608 1792 2643 coynoverint
1805 2607 1893 2644 (am).

1921 212 1970 240 An.
1986 212 2014 240 C.
2033 212 2099 240 1629

1933 1705 2097 1727 Thesaurarium

1913 1733 2033 1756 generalem
2062 1738 2097 1753 ca-

1914 1764 1983 1778 merae
1997 1759 2097 1784 apostotl-

1913 1790 1951 1804 cae
1966 1785 2028 1805 liuius
2040 1791 2097 1805 uton-

1914 1813 1939 1831 tis
1948 1811 2044 1837 designat
2052 1817 2099 1838 pro-

1914 1839 2023 1858 tectorem.
