2226 3235
145 272 195 299 An.
212 271 240 298 C.
263 269 332 298 1630

161 1122 165 1125 η
179 1095 292 1116 Decretum
307 1095 333 1116 ir-

149 1124 221 1143 rttans.

190 1682 334 1710 Exequutores

150 1710 243 1736 deputat.

1044 237 1066 259 Q

955 270 1097 294 t'RBANUs
1121 269 1178 293 VIII
1202 269 1250 293 Pr.

345 317 580 362 quomodolibet
593 323 782 362 nuncupata,
800 318 891 351 etiam
907 318 1015 361 vigore
1029 329 1083 351 seu

344 372 699 416 praetextuquorumvis
708 371 948 415 privilegiorum
966 371 1083 404 eisdem

345 425 523 465 Ordinibus,
544 426 734 469 illorumque
751 426 978 469 superioribus,
991 426 1083 458 etiam

345 478 383 511 ab
396 479 576 522 Apostolica
590 479 678 518 Sede,
694 480 804 522 quovis
818 479 911 513 modo
926 490 1086 512 concesso-

344 543 427 573 rum,
442 543 498 576 per
515 539 578 566 tres
596 534 699 566 leucas
713 534 919 566 circumcirca
933 538 1086 566 monaste-

345 587 428 619 rium
443 592 473 620 et
486 586 650 620 ecclesiam
672 587 780 620 beatae
799 588 911 620 Mariae
929 587 967 619 de
984 586 1085 619 Monte

347 640 472 674 Serrato
490 640 681 683 huiusmodi,
702 641 760 673 nisi
779 641 816 673 de
833 642 981 685 expressa
995 639 1086 672 abba-

346 693 384 727 tis
408 698 437 726 et
462 695 691 727 monachorum
717 695 790 727 dicti
821 693 1001 727 monasterii
1026 703 1085 737 pro

346 752 488 791 tempore
501 748 699 781 existentium
716 748 850 790 licentia,
862 747 1011 787 construi,
1022 748 1087 779 suuss

345 800 424 842 dari,
447 807 498 834 aut
517 802 592 835 alias
609 797 847 845 quomodolibet
866 802 945 844 erigi
971 801 1018 833 vel
1040 801 1085 833 in-

345 855 425 888 strui
448 857 578 899 possint,
597 857 654 889 sub
674 855 1006 889 excommunicationis
1024 865 1086 887 ma-

346 908 422 942 ioris
454 909 533 942 latae
565 910 735 944 sententiae
765 911 867 953 poena
881 936 888 949 ‚
913 908 1086 952 apostoliea

347 963 541 1005 auctoritate,
562 968 671 998 tenore
690 963 916 1007 praesentium,
930 962 1088 996 interdici-

347 1027 418 1049 mus
443 1022 473 1049 et
495 1017 712 1060 prohibemus.

392 1069 450 1113 53.
464 1070 672 1103 Decernentes
689 1075 871 1114 praesentes
884 1070 1002 1104 litteras
1016 1080 1088 1114 per-

347 1129 444 1168 petuo
464 1124 590 1166 validas,
609 1124 717 1157 firmas
735 1129 764 1156 et
785 1124 927 1157 efficaces
952 1124 1087 1156 existere

348 1183 377 1211 et
394 1178 471 1219 sore,
485 1188 622 1222 suosque
640 1178 800 1222 plenarios
814 1183 844 1211 et
857 1178 996 1221 integros
1018 1178 1089 1211 effe-

347 1236 415 1264 ctus
439 1231 545 1264 sortiri
570 1236 598 1264 et
624 1232 775 1272 obtinere,
801 1242 836 1264 ac
861 1231 962 1264 eidem
984 1242 1089 1264 mona-

347 1285 442 1318 sterio
460 1285 492 1318 in
505 1285 652 1318 omnibus
665 1290 695 1318 et
708 1296 764 1329 per
778 1285 883 1318 omnia
907 1285 1088 1329 plenissime

347 1339 532 1382 suffragari,
546 1339 652 1383 sicque
666 1350 723 1383 per
736 1349 953 1383 quoscumque
972 1338 1089 1371 iudices

347 1393 524 1426 ordinarios
535 1399 564 1426 et
574 1393 746 1436 delegatos,
755 1393 847 1426 etiam
859 1403 1025 1425 causarum
1040 1403 1090 1436 pa-

347 1447 410 1480 latii
422 1447 586 1490 apostolici
599 1447 769 1487 auditores,
781 1446 911 1479 iudicari
922 1452 952 1479 et
965 1446 1088 1479 deliniri

348 1500 473 1541 debere,
490 1511 526 1533 ac
550 1501 676 1533 irritum
694 1506 723 1533 et
742 1501 841 1543 inane,
863 1500 887 1533 si
905 1500 979 1543 quid
1001 1511 1090 1533 secus

348 1564 444 1597 super
466 1554 516 1586 his
540 1564 557 1586 a
581 1553 870 1597 quoquam,quavis
893 1553 1088 1593 auctoritate,

348 1607 484 1640 scienter
496 1607 543 1640 vel
558 1607 749 1650 ignoranter,
760 1606 925 1649 contigerit
935 1607 1089 1639 attentari.

393 1661 408 1704 g
432 1659 461 1692 4.
491 1660 644 1699 Quocirca
675 1660 908 1693 venerabilibus
940 1660 1090 1693 fratribus

349 1713 475 1747 Elnensi
493 1720 523 1747 et
547 1714 722 1757 Urgellensi
736 1713 902 1758 episeopis,
924 1724 959 1746 ac
977 1713 1090 1746 dilecto

349 1768 415 1801 filio
436 1769 542 1801 curiae
559 1778 725 1801 causarum
743 1778 887 1800 camerae
901 1767 1090 1811 apostolicae

350 1822 490 1864 generali
514 1821 649 1855 auditori
669 1832 727 1865 per
747 1825 929 1866 praesentes
949 1821 1092 1854 commit-

350 1875 445 1908 timus
470 1880 499 1908 et
523 1875 726 1917 mandamus,
751 1879 904 1918 quatenus
937 1874 1017 1918 ipsi,
1043 1874 1090 1906 vel

351 1929 423 1971 duo,
434 1934 577 1962 autunus
589 1939 711 1969 eorum,
725 1939 782 1972 per
798 1939 840 1969 se,
856 1928 901 1960 vel
916 1927 1022 1967 alium,
1036 1938 1090 1960 seu

351 1983 438 2023 alios,
456 1988 637 2027 praesentes
653 1983 783 2023 litteras,
798 1988 826 2015 et
844 1982 874 2014 in
889 1982 932 2014 eis
946 1986 1091 2014 contenta

351 2047 578 2080 quaecumque,
589 2037 642 2069 ubi
656 2041 685 2069 et
698 2035 823 2079 quando
840 2046 919 2079 opus
938 2035 1041 2077 suerit,
1056 2046 1090 2068 ae

352 2091 475 2133 quoties
491 2101 550 2134 pro
567 2095 655 2134 parte
675 2089 798 2122 abbatis
815 2094 845 2122 et
863 2089 1090 2121 monachorum

352 2143 427 2176 dicti
441 2143 622 2176 monasterii
639 2143 753 2176 suerint
772 2142 926 2186 requisiti,
947 2142 1091 2175 solemni-

352 2203 400 2230 ter
411 2197 617 2241 publieantes,
631 2197 737 2240 eisque
751 2197 781 2229 in
796 2196 978 2240 praemissis
992 2196 1092 2228 effica-

351 2251 395 2284 cis
407 2251 596 2284 defensionis
610 2250 766 2294 praesidio
778 2251 968 2290 assistentes,
978 2250 1092 2282 saciant

351 2305 536 2338 auctoritate
560 2307 667 2338 nostra
695 2305 820 2338 easdem
845 2309 1025 2348 praesentes
1044 2304 1092 2336 lit-

350 2364 433 2392 teras
458 2363 488 2394 et
511 2359 541 2392 in
566 2359 610 2392 eis
634 2364 780 2392 contenta
810 2369 1027 2402 quaecumque
1053 2357 1091 2390 ab

351 2413 507 2455 omnibus,
533 2412 571 2445 ad
595 2423 674 2456 quos
699 2417 819 2456 spectat
844 2417 874 2445 et
898 2412 929 2444 in
950 2412 1090 2444 futurum

326 2475 329 2477 ’
351 2466 514 2510 spectabit,
538 2466 759 2499 inviolabiliter
784 2465 960 2504 observari,
981 2476 1016 2497 ac
1041 2465 1093 2497 ab·

352 2519 457 2553 batem
483 2524 513 2552 et
546 2519 718 2553 monachos
750 2519 929 2563 praedictos
965 2519 1091 2551 illorum

352 2572 520 2606 commodo
546 2576 576 2606 et
599 2572 712 2605 effectu
735 2572 865 2616 pacifice
891 2572 951 2604 t‘rui
970 2576 1000 2605 et
1016 2582 1092 2615 gau-

352 2626 438 2667 dere,
451 2636 514 2660 non
526 2625 742 2670 permittentes
755 2635 809 2658 eos
826 2625 960 2668 desuper
979 2635 996 2657 a
1013 2635 1091 2668 quo-

354 2691 448 2724 quam
468 2678 706 2724 quomodolibet
726 2678 863 2711 indebite
883 2678 1053 2719 molestari,

1769 257 1832 291 11:39

1161 318 1175 361 g
1199 317 1227 350 ἰ).
1253 316 1506 350 Contradictores
1531 314 1685 359 quoslibet
1713 319 1740 349 et
1762 316 1859 348 rebel-

1118 371 1162 403 les
1179 382 1235 415 per
1255 381 1405 404 censuras
1429 375 1459 403 et
1483 380 1599 414 poenas
1623 361 1951 410 ecclesiasticasffititen

1118 425 1240 468 aliaque
1260 430 1438 469 tqmortuna
1460 424 1536 457 iuris
1559 429 1589 457 et
1613 423 1685 456 sacti
1710 423 1859 463 remedia,

1118 478 1326 521 appellatione
1352 477 1535 521 postposita,
1561 476 1800 520 compescendo,
1819 477 1861 508 in-

1119 535 1227 564 vocato
1244 532 1336 564 etiam
1358 531 1395 563 ad
1414 532 1482 570 hoe,
1495 532 1519 563 si
1531 542 1610 574 opus
1628 531 1730 572 suerit,
1745 531 1860 562 auxilio

1120 584 1241 617 brachii
1267 585 1426 617 secularis.
1452 586 1521 618 Non
1546 585 1739 617 obstantibus
1763 584 1861 616 felicis

1120 639 1347 672 recordationis
1372 639 1521 672 Bonit'acii
1547 640 1648 682 Papae
1674 638 1738 671 vlu
1770 648 1859 682 prae-

1119 691 1294 725 deeessorIs
1320 693 1419 725 nostri
1442 692 1480 724 de
1505 694 1586 731 una,
1613 696 1642 726 et
1667 693 1698 724 in
1722 692 1861 725 Concilio

1120 746 1260 788 generali
1281 746 1362 778 edita
1379 746 1416 778 de
1434 746 1555 778 duabus
1572 745 1673 786 dietis,
1688 745 1861 779 dummodo

1120 800 1202 832 ultra
1228 804 1291 833 tres
1316 800 1413 834 dictas
1438 800 1551 844 aliquis
1571 800 1758 833 auctoritate
1776 810 1863 843 prae-

1120 854 1255 886 sentium
1269 854 1299 886 in
1313 854 1464 886 iudiciuin
1481 864 1543 887 non
1562 854 1714 894 trahatur,
1731 853 1863 896 aliisque

1121 907 1398 940 constitutionibus
1423 913 1451 940 et
1469 907 1721 940 ordinationibus
1743 912 1864 950 aposto-

1122 961 1199 1001 licis,
1209 972 1244 994 ae
1254 961 1494 994 Mendicantium
1505 961 1656 994 Ordinum
1671 961 1862 1001 huiusmodi,

1121 1015 1214 1047 etiam
1228 1014 1415 1055 iuramento,
1430 1014 1668 1047 confirmatione
1680 1014 1863 1057 apostolica,

1122 1069 1169 1101 vel
1190 1069 1299 1113 quavis
1316 1068 1465 1102 firmitate
1483 1068 1543 1101 alia
1562 1068 1727 1108 roboratis,
1741 1068 1863 1100 statutis

1121 1128 1151 1155 et
1168 1122 1458 1163 consuetudinibus,
1477 1122 1650 1165 privilegiis
1667 1131 1803 1165 quoque,
1822 1121 1864 1153 in-

1122 1176 1216 1208 dultis
1236 1182 1270 1209 et
1290 1176 1403 1208 litteris
1424 1176 1614 1219 apostolicis,
1633 1175 1751 1208 eisdem
1775 1174 1865 1208 Οι-(Ιίη

1122 1230 1225 1271 nibus,
1240 1231 1430 1274 illorumque
1444 1229 1662 1273 superioribus
1674 1228 1864 1272 etpersonis,

1123 1284 1179 1316 sul]
1200 1284 1453 1328 quibuscumque
1467 1283 1630 1316 tenoribus
1644 1288 1674 1315 et
1692 1282 1812 1322 formis,
1830 1293 1865 1314 ae

1123 1348 1194 1370 cum
1219 1337 1380 1381 quibusvis
1405 1337 1679 1379 derogatoriarum
1704 1336 1867 1379 derogato-

1124 1392 1197 1430 riis,
1232 1392 1363 1434 aliisque
1397 1390 1626 1423 efficacioribus
1665 1395 1695 1422 et
1734 1389 1866 1423 insolitis

1124 1445 1281 1485 clausulis,
1306 1445 1567 1488 irritantibusque
1588 1448 1618 1481 et
1638 1444 1706 1476 aliis
1720 1443 1865 1485 decretis,

1124 1499 1155 1531 in
1180 1510 1294 1542 genere
1315 1499 1363 1531 vel
1388 1499 1419 1530 in
1443 1498 1559 1542 speeie,
1585 1509 1619 1530 ac
1640 1498 1715 1530 alias
1739 1498 1769 1530 in
1792 1508 1866 1530 con-

1126 1553 1257 1585 trarium
1278 1554 1525 1596 praemissorum
1542 1551 1782 1595 quomodolibet
1796 1561 1867 1584 con-

1126 1608 1242 1647 cessis,
1268 1606 1463 1640 confirmatis
1496 1612 1525 1639 et
1561 1606 1726 1646 innox-aus,
1754 1605 1867 1649 quibus

1126 1661 1284 1701 omnibus,
1309 1660 1430 1693 etiamsi
1456 1660 1493 1692 de
1512 1660 1582 1701 illis,
1604 1670 1778 1703 eorumque
1795 1659 1868 1692 totis

1125 1715 1300 1755 tenoribus,
1326 1714 1480 1758 specialis,
1500 1713 1655 1757 specifica,
1674 1723 1823 1756 expressa
1839 1716 1868 1746 et

1127 1768 1295 1808 individua,
1319 1778 1383 1801 non
1408 1773 1511 1800 autern
1529 1778 1585 1810 per
1602 1766 1757 1799 clausulas
1774 1776 1868 1808 gene-

1126 1822 1208 1854 rales
1233 1822 1316 1854 idem
1337 1821 1554 1864 importantes,
1573 1820 1691 1852 mentio
1705 1830 1760 1852 seu
1777 1830 1868 1863 quae-

1127 1876 1171 1908 vis
1196 1876 1255 1908 alia
1276 1875 1435 1918 expressio
1453 1874 1594 1907 habenula
1612 1879 1665 1906 aut
1681 1873 1786 1916 aliqua
1808 1873 1868 1906 alia

1126 1929 1280 1973 exquisita
1304 1929 1403 1961 forma
1428 1928 1466 1960 ad
1492 1928 1551 1960 hoe
1583 1927 1735 1960 servanda
1768 1928 1866 1967 soret,

1126 1982 1252 2014 illorum
1278 1982 1420 2015 omnium
1434 1986 1560 2014 tenores
1580 1980 1797 2024 praesentibus
1810 1990 1868 2023 pro

1127 2036 1317 2068 sufficienter
1342 2035 1497 2079 expressis
1522 2034 1683 2073 habentes,
1708 2034 1769 2066 illis
1793 2034 1868 2066 alias

1127 2089 1157 2121 in
1174 2101 1231 2123 suo
1251 2089 1367 2122 robore
1384 2088 1610 2132 permansuris,
1628 2088 1685 2120 hac
1698 2087 1764 2120 vice
1782 2087 1869 2119 dum-

1126 2147 1217 2184 taxat,
1244 2142 1420 2186 specialiter
1446 2147 1475 2174 et
1499 2152 1645 2185 expresse
1666 2141 1866 2183 derogamus,

1126 2196 1301 2239 ceterisque
1325 2196 1492 2229 contrariis
1516 2196 1779 2239 quilmscumque.

1149 2242 1155 2248 '
1171 2250 1185 2293 ξ
1210 2249 1240 2282 6.
1261 2249 1412 2282 Volumus
1429 2255 1543 2290 autem,
1559 2249 1641 2292 quod
1656 2248 1867 2292 praesentium
1883 2266 1909 2287 da

1126 2302 1347 2346 transumptis,
1373 2303 1465 2335 etiam
1492 2302 1672 2345 impressis,
1695 2312 1787 2333 manu
1813 2302 1867 2333 ali-

1126 2357 1214 2389 cuius
1232 2356 1345 2389 notarii
1366 2356 1483 2400 publici
1501 2356 1696 2398 subscriptis,
1712 2366 1747 2387 ac
1765 2354 1867 2397 sigillo

1126 2420 1278 2453 personae
1297 2409 1326 2442 in
1348 2409 1498 2452 dignitate
1523 2408 1734 2441 ecclesiastica
1757 2408 1869 2440 consti-

1128 2468 1210 2496 tutae
1228 2464 1368 2503 munitis,
1386 2463 1495 2496 eadem
1513 2473 1644 2506 prorsus
1658 2462 1773 2505 ubique
1790 2461 1867 2494 fides

1127 2518 1157 2550 in
1183 2517 1299 2550 iudicio
1313 2522 1343 2550 et
1359 2523 1446 2549 extra
1470 2516 1666 2556 adhibeatur,
1685 2526 1765 2559 quae
1779 2526 1865 2559 prae*

1127 2571 1268 2604 sentibus
1292 2571 1369 2614 ipsis
1386 2570 1599 2610 adhiberetur,
1620 2570 1644 2602 si
1666 2570 1767 2602 forent
1785 2569 1869 2602 exhi-

1126 2625 1207 2658 bitae
1231 2624 1278 2657 rel
1303 2630 1454 2657 ostensae.

1170 2678 1281 2711 Datum
1306 2678 1440 2717 Romae,
1465 2677 1548 2721 apud
1573 2678 1601 2711 S.
1623 2677 1750 2710 Mariam
1778 2677 1867 2709 Maio-

1879 268 1926 294 Au.
1940 268 1969 294 C.
1993 268 2061 295 1630

1911 330 2060 351 Inobetlieutcs

1958 362 2058 378 censuras

1928 587 2059 608 Obstantium

1876 612 1994 639 derogauo.

1922 2239 2068 2265 Transumptts

1912 2266 1953 2287 nda
1970 2266 2028 2287 tides.
