2248 3229
242 185 291 215 An.
307 186 336 215 C.
359 186 422 215 ¹631

286 569 379 594 θοι-0331.
393 567 430 589 ob-

245 597 357 618 stantibus.

451 924 569 958 stolicis
593 924 624 956 in
643 922 836 956 contrarium
855 921 1101 965 praemissorum
1119 930 1192 963 quo-
1208 927 1210 948 i

350 1838 443 1860 Praedi-

262 1868 310 1888 ctae
343 1866 447 1887 Constitu-

263 1893 332 1914 tiones
343 1898 448 1913 commen-

263 1919 353 1940 datur-iis
407 1924 448 1939 non

262 1946 418 1974 praeiudicant.

472 175 537 210 258
1019 179 1199 204 Burmanni

442 243 576 278 cumque
604 232 721 265 iudices
745 229 922 264 ordinarios
946 233 975 259 et
1000 227 1180 268 delegatos,

441 289 534 322 etiam
555 295 720 320 causarum
748 283 853 326 palatii
878 280 1041 324 apostolici
1062 279 1183 312 audito-

442 352 504 382 res,
527 339 658 372 iudicari
673 341 702 370 et
716 335 839 369 definiri
858 334 982 375 debere,
1001 344 1036 366 ac
1057 333 1182 366 irritum

443 400 473 428 et
496 395 597 433 inane,
623 391 648 423 si
673 400 762 423 secus
776 399 870 433 super
895 388 943 420 liis
968 398 985 420 a
1010 397 1182 431 quoquam,

443 446 552 490 quavis
563 443 757 483 auctoritate,
778 442 912 475 scienter
922 440 971 475 vel
990 441 1183 483 ignoranter,

444 497 611 540 contigerit
630 496 785 529 attentari.

489 553 504 596 g
528 552 557 585 6.
583 551 652 584 Non
683 548 878 583 obstantibus
911 546 1186 581 constitutionibus

445 612 476 639 et
500 603 750 639 ordinationibus
781 601 982 646 apostolicis,
1007 611 1043 633 ac
1072 600 1165 634 Urbis
1180 626 1187 640 ‚

446 658 581 697 Ordinis,
605 655 840 701 provinciarum
865 658 895 688 et
923 653 1186 686 monasteriorum

446 711 693 757 praedictorum,
707 709 798 742 etiam
820 708 1007 746 iuramento,
1025 706 1190 739 confirma-

448 765 533 799 tione
557 762 742 808 apostolica,
762 762 811 794 vel
835 760 944 804 quavis
964 760 1113 793 firmitate
1131 760 1189 792 alia

448 817 616 858 roboratis,
635 815 756 849 statutis
774 820 804 847 et
820 813 1111 853 consuetudinibus,
1130 813 1191 857 pri—

449 871 739 914 vilegiis-quoque,
765 867 892 900 indultis
921 872 951 899 et
984 866 1096 899 litteris
1121 876 1191 909 apo—

451 977 624 1011 modolibet
649 974 815 1014 concessis,
841 973 1045 1013 confirmatis,
1070 982 1194 1016 appro-

451 1032 534 1065 batis
548 1036 578 1064 et
592 1030 754 1069 innovatis3
768 1029 882 1072 quibus
898 1027 1054 1067 omnibus,
1072 1026 1191 1058 etiamsi

451 1096 512 1130 pro
526 1085 652 1118 illorum
670 1083 834 1116 sufficienti
853 1080 1057 1123 derogatione
1071 1080 1109 1112 de
1122 1080 1193 1119 illis,

453 1148 628 1181 eorumque
653 1137 725 1169 totis
750 1135 922 1170 tenoribus,
948 1133 1101 1176 specialis,
1128 1143 1194 1176 spe-

454 1191 554 1230 cifica,
579 1199 726 1233 expressa
750 1192 780 1221 et
804 1186 982 1225 individua,
1003 1195 1066 1218 non
1091 1189 1193 1218 autem

454 1254 512 1288 per
532 1243 687 1276 clausulas
700 1241 863 1284 generales
880 1240 960 1272 idem
980 1239 1195 1282 importantes,

455 1296 574 1329 mentio
607 1305 660 1327 seu
696 1293 824 1337 quaevis
856 1293 915 1325 alia
946 1291 1109 1335 expressio
1141 1291 1195 1323 ha-

456 1349 559 1382 benda
583 1353 636 1380 aut
661 1348 765 1390 aliqua
790 1346 848 1379 alia
866 1346 1021 1389 exquisita
1041 1346 1141 1378 forma
1158 1344 1197 1377 ad

457 1403 519 1437 hoc
542 1401 694 1435 servanda
724 1402 825 1441 soret,
850 1400 976 1433 illorum
1002 1398 1142 1431 omnium
1168 1403 1198 1431 et

459 1456 655 1499 singulorum
671 1460 797 1487 tenores
811 1453 1027 1497 praesentibus
1040 1462 1098 1495 pro
1108 1452 1198 1495 plene

459 1514 491 1542 et
515 1507 704 1541 sufficienter
729 1506 885 1549 expressis
909 1516 945 1538 ac
969 1505 1007 1537 de
1032 1505 1128 1537 verbo
1160 1504 1198 1537 ad

459 1561 591 1594 verbum
617 1559 743 1593 insertis
768 1560 938 1600 habentes,
973 1558 1035 1590 illis
1070 1557 1144 1590 alias
1169 1557 1199 1589 in

460 1625 517 1648 suo
531 1614 646 1647 robore
663 1608 888 1656 permansuris,
902 1612 939 1644 ad
954 1611 1198 1655 praemissorum

460 1667 617 1709 effectum,
635 1667 694 1699 hac
709 1666 776 1699 vice
800 1666 960 1698 dumtaxat
980 1664 1156 1708 specialiter
1171 1669 1200 1696 ct

460 1732 607 1766 expresse
622 1721 811 1763 derogamus
818 1730 826 1759 3
844 1718 1018 1762 ceterisque
1035 1717 1201 1750 contrariis

461 1775 723 1819 quibuscumque.

507 1829 574 1871 57.
601 1827 658 1860 Per
691 1830 870 1870 praesentes
902 1828 1005 1857 autem
1039 1823 1200 1856 contribu-

464 1881 614 1919 tionibus,
638 1878 915 1913 commendatariis
938 1876 1201 1910 monasteriorum

464 1934 538 1967 dicti
564 1933 688 1966 Ordinis
713 1931 835 1973 debitis,
861 1931 947 1963 nullo
972 1929 1066 1963 modo
1079 1929 1203 1973 praeiu-

464 1987 569 2021 dicare
594 1985 791 2019 intendimus.

509 2041 621 2074 Datum
648 2040 783 2079 Romae,
811 2037 894 2082 apud
924 2036 954 2069 S.
980 2037 1122 2077 Petrum,
1148 2036 1205 2069 sub

465 2095 581 2129 annulo
616 2093 805 2132 piscatoris,
842 2092 891 2124 die
928 2101 992 2124 xvn
1029 2091 1224 2124 decembris

467 2158 617 2187 MDcxxx1‚
641 2146 841 2191 pontificatus
866 2145 965 2178 nostri
991 2155 1072 2177 anno
1096 2155 1138 2177 lx.

502 2211 561 2238 Dat.
580 2210 622 2238 die
639 2210 669 2237 17
686 2208 839 2236 decembris
858 2208 935 2240 1631,
952 2207 1045 2243 pontit¹
1063 2214 1133 2234 anno
1150 2213 1187 2234 lx.

763 2343 915 2378 CDXXIII.

469 2418 623 2453 E'ectensio
641 2415 880 2449 constitutionis
900 2414 1050 2457 Greqoriz·
1070 2413 1131 2446 XV
1155 2412 1210 2456 (re-

514 2471 695 2504 vocatoriae
708 2469 854 2502 omnium
871 2468 1108 2500 concess-ioum
1121 2467 1211 2498 vi'rcm
1227 2502 1229 2508 ‚

515 2525 600 2558 vocis
614 2523 743 2556 oraculo
762 2523 922 2565 pictarum
938 2520 1109 2564 praelerS.
1127 2520 1163 2552 R.
1175 2520 1209 2552 E.

518 2577 742 2610 cardinalibus
757 2576 860 2619 factas
876 2578 904 2608 el
918 2584 1027 2608 eorum
1042 2583 1144 2606 manu
1160 2572 1212 2614 fir-

1220 179 1375 204 ROMANUM

1259 226 1377 270 maias)
1393 226 1435 259 ad
1447 236 1554 259 omnes
1571 227 1669 259 etiam
1685 226 1788 270 factas
1805 225 1954 259 cardina-

1263 280 1346 313 libus
1370 283 1398 313 et
1423 289 1534 312 eorum
1553 290 1656 312 manu
1678 280 1824 324 siynatas
1837 278 1857 312 ¹.

1966 176 2017 205 An.
2032 176 2060 205 c,
2083 176 2147 205 ¹631
2170 156 2174 160 ’

1420 369 1556 397 Urbanus
1576 368 1654 402 Papa
1672 368 1739 395 vm
1752 389 1759 401 ‚

1339 413 1375 441 ad
1394 416 1570 447 perpetuam
1591 412 1637 440 rei
1653 412 1834 440 memoriam.

1264 494 1279 537 g
1303 493 1333 526 t.
1358 493 1440 526 Alias
1464 492 1562 526 felicis
1585 491 1814 535 recordationis
1838 491 1958 535 Grego-
1999 503 2157 530 Gregoriusxv

1220 548 1286 580 rius
1301 547 1384 591 Papa
1397 547 1447 581 XV
1464 546 1687 590 praedecessor
1706 550 1823 586 noster,
1840 550 1874 578 ut
1890 547 1959 579 sub·
1973 531 2158 578 iiss'iffllncl'issfflllssss

1221 601 1421 634 nascentibus
1438 600 1553 643 iugiter
1569 600 1664 633 variis
1681 599 1914 633 difficultatibus
1931 604 1961 632 et
1975 584 2159 640 {gssssffl'gan'g'sssswssj

1222 655 1372 688 abusibus
1396 664 1432 687 ex
1457 653 1630 698 privilegiis
1646 664 1663 686 a
1680 653 1758 687 Sede
1782 653 1961 697 Apostolica
1976 638 2088 658 ‘umam'

1223 709 1310 741 vivae
1335 708 1420 741 vocis
1437 707 1566 740 oraculo
1586 717 1814 750 saepenumero
1838 717 1962 740 conces-

1224 762 1265 795 sis
1290 762 1412 795 obviam
1438 762 1508 801 iret,
1525 761 1782 794 constitutionem
1802 760 1899 794 edidit
1922 764 1964 795 te·

1224 816 1310 849 noris
1327 815 1558 858 subsequentis,
1574 813 1737 847 videlicet:

1269 869 1441 911 Gregorius
1466 869 1548 912 Papa
1572 868 1633 908 XV,
1650 868 1688 900 ad
1706 872 1893 912 perpetuam
1917 867 1964 900 rei

1225 923 1422 957 memoriam.
1436 923 1602 956 Romanus
1615 922 1770 964 Pontifex
1787 921 1823 954 in
1836 920 1966 965 specula

1226 977 1404 1009 militantis
1427 976 1597 1015 Ecclesiae,
1617 979 1674 1007 ete.
1701 974 1890 1017 (Omittitur
1919 983 1966 1007 re-

1226 1030 1371 1069 siduum,
1387 1029 1468 1073 quia
1486 1032 1530 1061 est
1546 1029 1634 1061 citat.
1651 1028 1688 1060 in
1701 1029 1777 1060 notet
1794 1026 1837 1060 ad
1853 1026 1964 1070 raban).

1272 1084 1286 1126 ἓ
1310 1083 1339 1116 ⁶2.
1357 1083 1432 1115 Cum
1449 1087 1553 1115 autem
1571 1081 1763 1125 experientia
1779 1091 1887 1114 rerum
1903 1090 1967 1113 ma·
1981 1086 2164 1134 spuamh'icigop-

1228 1137 1326 1179 gistra
1343 1141 1539 1179 compertum
1554 1135 1602 1176 sit,
1620 1134 1838 1168 eoncessiones
1853 1138 1884 1167 et
1899 1144 1967 1177 gra·
1981 1119 2038 1161 mxu
2052 1119 2162 1161 dib‘r'i'cssa's

1230 1190 1286 1223 tias
1307 1189 1392 1221 vivae
1417 1189 1502 1222 vocis
1526 1189 1666 1229 oraculo,
1682 1187 1775 1220 etiam
1795 1197 1813 1220 a
1832 1187 1860 1221 S.
1880 1187 1914 1220 R.
1932 1187 1964 1219 E.

1230 1241 1442 1275 cardinalibus
1476 1241 1617 1274 obtentas
1641 1246 1671 1273 et
1694 1240 1836 1284 ipsorum
1872 1249 1967 1272 manu

1230 1296 1380 1335 firmatas,
1405 1305 1496 1338 saepe
1521 1294 1559 1327 ab
1583 1294 1641 1336 his⁷
1666 1294 1697 1326 in
1725 1303 1860 1337 quorum
1884 1292 1967 1326 savo-

1231 1359 1297 1382 rem
1323 1352 1530 1388 emanarunt,
1555 1347 1659 1380 minus
1691 1347 1841 1382 canonica
1865 1346 1967 1380 inter-

1231 1402 1407 1446 pretatione
1431 1401 1565 1443 extendi,
1584 1406 1613 1433 et
1636 1411 1803 1444 perperam
1827 1401 1858 1433 in
1883 1400 1972 1434 disci·

1232 1456 1336 1500 plinae
1349 1455 1577 1488 ecclesiasticae
1594 1454 1819 1488 detrimentum
1837 1465 1972 1498 exequu-

1232 1509 1309 1542 tioni
1334 1508 1536 1541 demandari:
1562 1508 1701 1548 idcirco,
1725 1513 1874 1552 quantum
1900 1518 1972 1541 cum

1233 1562 1365 1596 Domino
1390 1572 1569 1606 possumus,
1591 1561 1640 1594 his
1659 1566 1690 1594 et
1713 1561 1782 1594 aliis
1805 1561 1896 1594 malis
1919 1571 1972 1594 oc-

1234 1626 1363 1648 currere
1378 1616 1526 1656 volentes,
1539 1619 1625 1648 motu
1640 1614 1781 1658 proprio,
1795 1619 1825 1646 et
1838 1624 1874 1646 ex
1887 1615 1972 1646 certa

1234 1669 1362 1702 scientia
1385 1679 1422 1701 ac
1446 1669 1569 1700 matura
1600 1667 1825 1700 deliberatione
1847 1667 1974 1708 nostris,

1235 1723 1335 1765 deque
1359 1722 1549 1766 apostolicae
1578 1721 1741 1765 potestatis
1765 1720 1974 1764 plenitudine,

1236 1781 1266 1809 et
1290 1776 1328 1808 de
1352 1775 1483 1809 consilio
1503 1775 1729 1807 nonnullorum
1746 1774 1975 1806 venerabilium

1237 1831 1367 1863 fratrum
1393 1834 1575 1862 nostrorum
1600 1828 1629 1860 S.
1648 1828 1682 1860 R.
1700 1828 1732 1860 E.
1757 1827 1975 1868 cardinalium,

1237 1883 1350 1926 quibus
1363 1882 1525 1925 negotium
1543 1881 1723 1914 huiusmodi
1741 1884 1861 1915 mature
1877 1880 1977 1913 discu-

1238 1936 1377 1968 tiendum
1410 1935 1647 1976 commisimus,
1672 1933 1778 1967 omnia
1801 1938 1833 1966 et
1854 1933 1977 1976 singula

1238 1988 1413 2033 privilegia,
1438 1988 1617 2028 facultates,
1641 1987 1783 2020 licentias
1806 1991 1837 2019 et
1860 1987 1978 2029 gratias

1239 2053 1452 2086 quascumque
1468 2052 1524 2085 per
1540 2042 1686 2074 Summos
1704 2040 1869 2074 Pontifices
1884 2049 1978 2083 prae-

1240 2097 1421 2129 decessores
1435 2101 1568 2136 nostros,
1582 2105 1618 2127 ac
1634 2104 1690 2138 per
1707 2104 1774 2135 nos,
1792 2094 1879 2126 vivae
1892 2092 1978 2127 vocis

1241 2150 1370 2182 oraculo
1394 2149 1454 2192 (et¹
1480 2149 1508 2182 S.
1527 2150 1561 2182 R.
1580 2149 1612 2182 E.
1637 2148 1817 2192 praedictae
1837 2147 1979 2181 cardina-

1224 2211 1225 2220 *
1242 2204 1316 2236 lium
1338 2213 1613 2246 quorumcumque
1638 2211 1732 2234 manu
1749 2201 1896 2244 firmata),
1914 2201 1980 2245 qui-

1242 2257 1438 2300 buscumque
1463 2256 1684 2299 generalibus,
1713 2255 1979 2299 provincialibus,

1243 2310 1417 2353 ceterisque
1443 2310 1657 2353 superioribus
1681 2314 1711 2342 et
1740 2308 1901 2353 personiS,
1926 2318 1979 2341 cu-

1244 2363 1339 2397 iusvis
1364 2363 1497 2404 Ordinis,
1512 2362 1776 2405 congregationis,
1801 2361 1981 2410 instituti-et

1280 2446 1290 2471 1
1310 2446 1387 2471 Hanc
1411 2443 1611 2470 revocationem
1635 2443 1731 2469 saetam
1755 2451 1770 2468 a
1789 2441 1916 2476 Gregorio
1937 2439 1982 2467 XV

1244 2490 1328 2516 habes
1342 2489 1413 2515 inter
1432 2489 1516 2523 ipsius
1530 2488 1741 2515 Constitutiones
1756 2487 1805 2513 sub
1824 2494 1898 2513 num.
1918 2492 1981 2519 va‚

1245 2536 1294 2569 (al.
1307 2536 1362 2568 (331).
1380 2535 1526 2560 Romanus
1542 2534 1686 2566 Pontifex,
1702 2535 1767 2558 tom.
1783 2537 1829 2564 xli,
1845 2538 1906 2566 pag.
1919 2531 1981 2558 706.

1280 2579 1296 2606 2
1312 2579 1413 2615 Nempe
1427 2579 1479 2606 elsi
1496 2577 1535 2605 vel
1550 2577 1638 2606 eciam
1655 2577 1691 2612 (R.
1704 2578 1751 2610 12).
