2248 3229
249 239 300 268 An.
316 238 344 268 C.
365 239 433 268 1634
478 230 542 265 368

279 726 371 755 Derogat
387 730 435 747 con-

252 755 329 775 trariis.

283 1793 423 1816 Prooemium.

288 2381 370 2401 Causae
383 2381 444 2401 liuius

262 2407 428 2429 Constitutiouis.

448 289 539 333 gulis,
560 287 598 321 ad
622 296 700 330 quos
720 288 839 329 spectat
858 288 888 317 et
913 283 945 316 in
968 283 1109 316 futurum
1129 291 1189 325 pro

448 348 590 385 tempore
607 339 768 384 spectabit,
795 337 1016 371 inviolabiliter
1037 340 1189 380 perpetuo

449 393 608 428 observari
633 397 662 425 et
686 391 873 435 adimpleri,
898 395 928 423 et
951 390 993 424 ita
1016 400 1073 433 per
1097 399 1190 432 quos-

449 457 583 491 cumque
607 446 725 479 iudices
758 450 788 478 et
812 444 1057 484 commissarios,
1082 443 1190 486 quavis

448 497 632 531 auctoritate
655 497 831 540 fungentes,
856 494 988 528 iudicari
1013 499 1043 527 et
1066 493 1190 527 definiri

449 551 574 593 debere,
588 561 624 584 ac
641 550 766 583 irritum
783 554 813 583 et
829 549 930 590 inane,
948 548 973 582 si
990 558 1080 581 secus
1097 557 1191 591 super

449 605 498 638 his
522 615 539 637 a
563 614 733 648 quoquam,
751 603 860 647 quavis
884 602 1078 642 auctoritate,
1096 601 1192 634 scien-

450 662 498 691 ter
521 658 570 690 vel
594 657 786 700 ignoranter,
811 655 978 698 contigerit
1002 654 1156 687 attentari.

494 709 547 754 §5
562 711 630 744 Non
644 709 839 743 obstantibus
851 707 963 741 litteris
979 706 1096 740 nostris
1104 716 1192 750 prae-

450 764 585 806 insertis,
604 774 640 797 ac
664 763 754 796 aliter
779 761 1018 806 disponentibus
1038 761 1190 794 constitu-

451 818 590 852 tionibus
615 822 644 851 et
669 816 790 850 statutis
807 816 839 849 in
864 815 908 849 eis
933 814 1086 848 contentis
1102 825 1191 859 prae-

451 863 559 912 dictis,
569 871 701 915 aliisque
720 870 868 904 omnibus
892 874 922 902 et
946 869 1087 912 singulis,
1112 879 1191 912 quae

451 925 483 958 in
507 925 625 959 eisdem
658 923 861 968 praeinsertis
894 922 1006 955 litteris
1033 922 1191 955 voluimus

451 990 514 1013 non
538 979 674 1020 obstare,
691 978 865 1021 ceterisque
882 976 1049 1010 contrariis
1066 975 1192 1020 quibus-

452 1043 597 1077 cumque.

496 1086 607 1119 Datum
623 1086 750 1125 Romae,
768 1084 849 1128 apud
867 1084 896 1118 S.
914 1084 1050 1125 Petrum,
1065 1082 1122 1116 sub
1139 1093 1193 1115 an-

451 1140 526 1173 nulo
540 1139 717 1179 Piscatoris,
730 1139 779 1172 die
794 1148 856 1172 xxv
875 1137 1007 1170 ianuarii
1020 1146 1192 1178 nncxxxlv,

452 1193 652 1239 pontificatus
675 1192 774 1226 nostri
800 1202 880 1225 anno
905 1202 948 1225 xi.

487 1256 545 1284 Dat.
563 1255 606 1283 die
621 1255 655 1283 25
670 1254 784 1283 ianuarii
802 1254 879 1287 1634,
897 1253 990 1289 pontif.
1008 1261 1077 1281 anno
1093 1260 1129 1280 X1.

745 1398 904 1433 CDLXXV.

455 1483 665 1527 Confirmatio
681 1481 851 1515 triennalis
864 1479 1084 1524 impositionis
1097 1488 1193 1521 snper

496 1537 657 1581 fructibus
670 1535 935 1569 commendaram
953 1533 1086 1568 Ordinis
1101 1533 1131 1567 S.
1145 1533 1194 1567 Io-

497 1591 596 1624 annis
614 1588 911 1632 Hierosolymitani
923 1586 941 1620 ¹.

661 1671 797 1698 Urbanus
818 1650 896 1704 r'apa
915 1669 992 1703 vm,

596 1717 632 1745 ad
654 1716 786 1743 futuram
805 1714 850 1742 rei
869 1713 1048 1742 memoriam.

500 1788 583 1821 Inter
596 1792 726 1827 ceteras,
739 1785 854 1829 quibus
867 1784 990 1817 assidue
1010 1782 1195 1827 premimur,

456 1842 646 1886 apostolatus
661 1840 761 1874 nostri
777 1850 879 1879 curas,
898 1839 928 1871 in
946 1848 1013 1871 eam
1027 1836 1195 1881 praecipue

456 1894 678 1935 incumbimus,
694 1899 730 1926 ut
746 1893 846 1925 insula
869 1890 1069 1925 Melcvitana²
1089 1889 1196 1933 hospi-

457 1950 526 1983 talis
551 1948 580 1982 S.
606 1947 728 1981 Ioannis
753 1945 1028 1989 Hierosolymitani
1052 1943 1196 1976 firmissi—

457 2012 545 2035 mum
563 2001 724 2035 christiani
741 1999 877 2034 nominis
901 1999 1051 2032 adversus
1075 1999 1194 2030 Turca-

457 2066 529 2089 rum
555 2055 750 2099 tyrannidem
774 2053 1047 2098 propugnaculum
1062 2079 1069 2092 ,
1094 2051 1198 2084 debite

458 2110 626 2150 muniatur,
648 2113 677 2141 ct
691 2118 771 2151 quae
787 2111 955 2151 propterea
973 2106 1011 2138 ab
1032 2105 1129 2149 ipsius
1146 2105 1199 2137 ho-

459 2163 577 2207 spitalis
602 2172 716 2205 magno
740 2161 891 2204 magistro
916 2166 946 2192 ct
969 2159 1099 2193 consilio
1124 2168 1198 2202 pro-

459 2217 529 2250 vide
554 2216 697 2249 ordinata
713 2218 793 2255 sunt,
807 2213 996 2258 apostolicae
1021 2211 1198 2245 firmitatis3

460 2270 633 2304 munimine
654 2269 851 2307 roboramus,
868 2272 963 2311 prout
987 2265 1198 2310 conspicimus

461 2324 491 2357 in
515 2324 649 2358 Domino
670 2322 837 2356 salubriter
862 2320 1020 2365 expedire.

505 2379 520 2422 ξ,
544 2378 573 2411 1.
599 2377 678 2411 Sane
703 2387 761 2421 pro
794 2380 884 2420 parte
908 2375 1095 2408 dilectorum
1119 2372 1199 2405 silio-

499 2470 509 2496 1
528 2468 608 2496 lstius
624 2466 732 2495 Ordinis
747 2466 888 2493 materiam
908 2465 993 2492 habes
1009 2463 1120 2491 Constit.
1138 2470 1198 2496 XLV,

466 2513 652 2547 Universalz's,
668 2516 734 2539 tom.
752 2519 812 2545 xm,
829 2519 890 2546 pag.
908 2510 968 2543 134,
990 2513 1017 2536 et
1036 2508 1147 2537 Constit.
1164 2508 1200 2534 1η

462 2560 586 2594 specula,
603 2561 631 2585 ut
646 2566 737 2593 supra.

498 2604 514 2630 2
528 2603 628 2630 Forsan
639 2601 890 2638 legend.Melitana
900 2601 940 2628 vel
948 2599 1104 2629 Melitensis
1111 2598 1199 2634 (aaz).

499 2647 515 2676 3
529 2647 595 2676 Male
611 2647 675 2676 edit.
691 2647 771 2675 Maius
787 2646 852 2682 legit
865 2645 993 2681 firmatis
1008 2645 1046 2680 (R.
1063 2646 1110 2679 12).

1026 231 1204 258 BULLARIUM
1227 231 1382 256 ROMANUM

1222 290 1295 313 rum
1326 278 1451 312 Antonii
1483 278 1522 311 de
1551 278 1647 311 Paula
1677 277 1783 321 magni
1814 274 1958 319 magistri

1222 342 1345 366 necnon
1369 331 1490 365 consilii
1527 331 1676 374 completi
1699 330 1773 364 dicti
1796 329 1959 374 hospitalis

1223 386 1313 419 nobis
1331 385 1508 429 expositum
1531 384 1598 426 suit,
1617 384 1711 427 quod,
1728 395 1809 425 cum,
1833 394 1893 428 pro
1910 393 1960 416 re·

1224 439 1365 473 ficiendis
1391 442 1420 472 et
1443 437 1652 471 instaurandis
1669 437 1833 470 moenibus
1857 436 1962 470 civita-

1224 498 1291 525 tum
1308 492 1510 532 Victoriosae,
1528 490 1677 534 Sengleae
1695 495 1725 523 et
1747 489 1895 522 Vallettae
1911 500 1962 523 ea-

1224 556 1360 589 rumque
1390 545 1531 586 arcium,
1564 553 1686 577 necnon
1717 542 1961 587 propugnaculis

1225 599 1357 642 aliisque
1392 597 1667 631 fortificationibus
1700 596 1901 641 perficiendis
1928 606 1964 630 ac

1225 652 1262 685 de
1278 662 1359 685 novo
1377 651 1604 691 construendis,
1622 660 1789 684 commune
1805 649 1964 682 aerarium

1225 705 1298 738 dicti
1316 704 1478 748 hospitalis
1493 704 1609 747 ingenti
1622 703 1827 748 pecuniarum
1841 703 1965 736 summa

1225 759 1373 802 indigeat,
1391 758 1624 802 infrascriptam
1644 757 1889 801 impositionem,
1907 755 1964 788 sub

1225 818 1333 846 nostro
1359 817 1389 845 et
1412 812 1499 846 Sedis
1523 811 1720 855 Apostolicae
1748 809 1965 854 beneplacito,

1226 870 1401 900 statuerunt
1426 870 1456 900 ct
1480 866 1713 905 ordinaverunt,
1730 870 1825 909 prout
1839 863 1964 908 plenius

1226 920 1402 954 continetur
1436 919 1468 952 in
1499 919 1625 952 decreto
1656 919 1791 962 desuper
1822 921 1965 951 emanato

1226 974 1343 1008 tenoris
1368 973 1595 1016 subsequentis,
1619 972 1778 1005 videlicet:

1271 1028 1285 1070 ξ
1310 1027 1338 1060 2.
1364 1027 1472 1059 Frater
1489 1025 1640 1060 Antonius
1656 1025 1694 1058 de
1711 1025 1806 1058 Paula
1825 1024 1879 1058 Dei
1900 1034 1967 1068 gra-

1227 1080 1269 1113 tia
1294 1090 1401 1113 sacrae
1425 1080 1537 1113 domus
1551 1079 1713 1123 hospitalis
1731 1078 1827 1112 sancti
1844 1078 1966 1112 Ioannis

1226 1133 1511 1178 Hierosolymitani,
1529 1143 1564 1166 ac
1581 1132 1724 1165 militaris
1749 1131 1873 1165 Ordinis
1897 1141 1967 1164 san-

1227 1189 1267 1222 cti
1291 1187 1456 1232 Sepulchri
1480 1186 1634 1220 Dominici
1655 1186 1804 1229 magister
1827 1185 1966 1226 humilis,

1226 1251 1463 1285 pauperumque
1486 1240 1572 1274 IESU
1592 1239 1742 1274 CHRISTI
1767 1244 1882 1280 custos,
1902 1238 1968 1272 uni-

1227 1295 1325 1328 versis
1350 1298 1380 1328 et
1404 1293 1535 1337 singulis
1565 1298 1746 1337 praesentes
1769 1298 1894 1326 nostras
1917 1292 1967 1324 lit-

1228 1351 1309 1382 teras
1321 1347 1445 1388 visuris,
1459 1347 1587 1380 lecturis
1600 1351 1630 1379 et
1647 1345 1811 1386 audituris,
1825 1345 1965 1378 salutem.

1228 1402 1342 1434 Notum
1368 1400 1509 1440 facimus,
1530 1404 1560 1432 et
1584 1400 1614 1431 in
1638 1399 1734 1432 verbo
1758 1397 1897 1431 veritatis
1921 1402 1968 1430 at-

1228 1460 1391 1495 testamur,
1405 1453 1539 1497 qualiter
1553 1452 1790 1496 insrascriptum
1807 1451 1968 1484 decretum

1228 1514 1403 1542 extractum
1425 1508 1483 1540 suit
1500 1518 1536 1541 ex
1559 1507 1643 1540 libro
1668 1517 1722 1540 seu
1746 1506 1882 1550 registro
1899 1516 1970 1540 con-

1229 1563 1375 1597 ciliorum
1401 1565 1525 1595 nostrae
1551 1560 1766 1601 cancellariae,
1790 1560 1822 1592 in
1849 1570 1911 1604 quo
1932 1560 1969 1593 si-

1230 1616 1316 1649 milia
1342 1615 1485 1648 adnotari
1510 1619 1539 1647 et
1563 1613 1727 1657 registrari
1752 1613 1864 1654 solent,
1885 1613 1969 1656 quod

1230 1669 1355 1713 quidem
1373 1669 1405 1701 in
1422 1669 1502 1701 hanc
1522 1667 1679 1712 publicam
1696 1667 1830 1700 formam
1848 1666 1969 1700 extrahi

1230 1728 1260 1755 et
1283 1722 1384 1764 redigi
1409 1721 1568 1761 iussimus,
1585 1724 1620 1754 ut
1643 1719 1770 1764 ubique,
1787 1724 1850 1752 tarn
1876 1719 1908 1752 in
1927 1719 1970 1752 iu-

1230 1776 1312 1809 dicio
1337 1786 1431 1819 quam
1456 1780 1562 1815 extra,
1587 1773 1689 1806 eidem
1714 1773 1807 1816 plena
1831 1776 1861 1806 et
1884 1772 1971 1806 indu-

1230 1830 1328 1863 bitata
1352 1828 1429 1861 fides
1454 1827 1657 1860 adhibeatur:
1684 1826 1773 1860 cuius
1797 1830 1888 1859 tenor
1913 1831 1969 1870 est,

1231 1883 1284 1927 qui
1309 1882 1461 1926 sequitur,
1478 1881 1638 1914 videlicet:

1277 1936 1331 1969 Die
1342 1946 1380 1969 xv
1396 1935 1512 1968 mensis
1526 1934 1706 1968 novembris
1719 1943 1872 1968 Mnxxxnl.
1883 1933 1969 1976 Cum,

1232 2000 1290 2033 pro
1314 1988 1492 2022 reficiendis
1516 1993 1546 2021 et
1569 1987 1779 2021 instaurandis
1807 1987 1971 2020 moenibus

1233 2043 1393 2077 civitatum
1420 2042 1621 2081 Victoriosae,
1650 2041 1801 2083 Sengleae
1825 2045 1855 2073 et
1879 2040 1972 2074 huius

1232 2096 1460 2129 huinilissimae
1479 2095 1625 2128 Vallettae
1642 2104 1814 2138 carumque
1837 2094 1969 2135 arcium,

1233 2162 1268 2184 ac
1285 2149 1533 2195 propugnaculis
1549 2149 1681 2192 aliisque
1700 2147 1972 2182 fortificationibus

1234 2203 1433 2249 perficiendis
1453 2213 1488 2236 ae
1502 2203 1539 2236 de
1552 2213 1633 2235 novo
1648 2202 1876 2243 construendis,
1894 2213 1972 2246 opus

1234 2259 1272 2292 sit
1296 2269 1333 2291 ex
1359 2257 1520 2291 communi
1545 2256 1667 2290 aerario
1692 2256 1801 2299 ingens
1829 2255 1973 2300 pecunia—

1233 2322 1303 2344 rum
1321 2321 1452 2351 summa,
1471 2311 1556 2343 iuxta
1576 2310 1737 2344 decretum
1754 2319 1810 2353 per
1827 2319 1974 2342 veneran-

1233 2365 1308 2397 dum
1333 2364 1501 2397 concilium
1516 2392 1523 2405 ,
1554 2363 1762 2396 referentibus
1789 2362 1974 2396 venerandis

1234 2417 1459 2452 commissaliis
1499 2417 1634 2460 desuper
1669 2416 1844 2460 deputatis,
1873 2425 1974 2459 nuper

1234 2471 1405 2512 conditum,
1426 2470 1510 2514 quod
1533 2469 1705 2514 praemissa
1729 2480 1788 2513 pro
1812 2478 1974 2502 conserva-

1234 2527 1318 2559 tione
1343 2525 1436 2558 huius
1461 2524 1602 2565 dominii,
1621 2523 1685 2557 imo
1705 2523 1800 2557 totius
1816 2522 1974 2566 Reipubli-

1235 2590 1287 2613 cae
1312 2579 1505 2613 Christianae
1529 2577 1669 2618 tuifione,
1697 2576 1767 2609 fieri
1791 2576 1911 2609 censuit
1938 2586 1974 2608 ac

1236 2632 1402 2676 mandavit,
1423 2631 1688 2666 eminentissimus
1706 2640 1741 2664 ac
1757 2628 1975 2664 reverendissi-

1972 224 2021 253 An.
2037 223 2067 253 C.
2087 223 2155 253 1634

2007 1039 2119 1060 Decretum
2133 1042 2166 1057 su·

1981 1073 2019 1093 per
2036 1063 2165 1086 lortisscatio-

1981 1094 2043 1116 nibus
2055 1090 2163 1113 faciendis.
