2226 3235
106 220 156 248 An.
171 221 201 249 C.
223 221 291 249 1628

136 1457 187 1477 Cum
201 1457 288 1479 faculta-

105 1483 161 1503 tibus
190 1489 289 1505 necessa-

912 230 1054 256 URBANUS
1080 233 1136 256 VIII
1160 234 1207 258 PP-

305 279 369 304 non
393 272 571 315 criminum,
597 283 780 308 excessuum
805 280 834 310 et
857 277 1043 313 delictorum

304 324 495 369 huiusmodi,
516 338 572 371 per
592 328 710 361 dictum
731 330 890 374 Cyrillum,
910 337 944 365 ut
959 344 1046 376 prae-

303 377 403 412 fertur
426 389 462 413 ac
485 381 560 414 alias
585 383 839 425 quomodolibet,
865 386 1046 419 commisso-

303 441 385 473 rum,
404 443 475 466 cum
496 435 643 469 omnibus
661 441 691 469 et
711 438 842 480 singulis
867 449 975 472 carum
1003 439 1046 472 in-

303 485 490 530 cidentibus,
512 487 771 534 dependentibus,
798 493 1044 535 emergendfflm,

303 540 430 573 annexis
443 545 473 574 et
492 543 649 585 connexis7
667 547 794 588 totoque
814 546 941 589 negotio
959 547 1044 590 prin-

303 592 406 636 cipali,
427 595 607 637 summarie,
626 597 810 641 simpliciter
835 604 864 632 et
884 600 921 633 de
939 601 1044 644 plano,

302 655 338 678 ac
355 646 421 679 sine
447 649 580 692 strepitu
600 655 629 683 et
650 651 751 694 ligura
776 652 899 694 iudicii,
918 664 953 686 ac
978 655 1043 687 sola

302 698 373 732 facti
398 701 529 735 veritate
554 702 703 748 inspecta,
725 706 904 749 audiendas,
926 718 1043 750 cogno-

302 753 442 795 scendas,
460 760 489 788 et
508 756 570 789 fine
589 757 704 800 debito,
723 765 818 803 prout
835 760 913 793 iuris
938 761 1041 804 suerit,

301 811 364 839 tam
385 808 416 840 in
441 812 687 854 congregatione
711 814 850 856 generali
876 815 972 848 sancti
992 815 1041 849 Os-

301 859 364 893 ficii
389 867 419 894 et
438 862 469 895 in
490 866 669 907 praesentia
692 869 816 908 nostra,
841 879 934 911 quam
956 874 1042 902 extra

302 923 380 957 eam,
399 925 434 948 ae
452 926 523 949 cum
549 918 695 952 omnibus
716 924 746 952 et
766 920 898 963 singulis
917 922 1043 955 faculta-

301 966 384 1000 tibus
402 968 502 1003 eidem
521 972 756 1015 congregationi
777 984 813 1007 ac
831 975 1042 1009 cardinalibus

301 1020 440 1054 eiusdem
456 1025 709 1067 congregationis
723 1028 959 1070 quomodolibet
972 1040 1043 1063 con-

301 1075 396 1108 cessis
427 1081 457 1109 et
488 1080 756 1124 competentibus,
792 1083 878 1115 omni
908 1090 937 1116 et
966 1095 1042 1128 qua-

302 1138 438 1173 cumque
466 1133 693 1175 appellatione,
726 1146 761 1168 ac
790 1137 986 1171 restitutione
1011 1138 1042 1172 in

300 1181 477 1227 integrum,
504 1196 645 1230 recursu,
667 1199 703 1221 ac
726 1190 878 1223 nullitatis
904 1191 1041 1226 dictione

300 1237 424 1280 penitus
455 1249 492 1272 ac
523 1241 651 1274 omnino
683 1242 807 1276 reiectis
837 1250 866 1277 et
895 1246 1040 1286 remotis,

302 1291 515 1326 terminandas
532 1299 562 1326 et
579 1294 777 1337 decidendas,
798 1299 972 1341 apostoliea
990 1310 1041 1332 au-

302 1344 461 1386 ctoritate,
486 1352 595 1381 tenore
618 1351 841 1394 praesentium,
871 1353 1041 1386 committi-

265 1410 274 1420 ·
303 1408 372 1431 mus
393 1404 423 1431 et
448 1396 706 1443 demandamusj

348 1451 362 1494 ἓ
386 1450 415 1484 3.
440 1453 553 1487 Dantes
577 1456 677 1497 vobis,
695 1462 725 1489 et
741 1458 867 1491 cuilibet
889 1465 1039 1503 vestrum,

303 1503 446 1546 plenam,
471 1506 602 1540 liberam
634 1515 664 1542 ct
695 1512 832 1554 amplam
862 1513 1040 1546 facultatem

302 1565 397 1589 unam
425 1568 480 1591 seu
507 1561 614 1603 plures
638 1572 790 1605 personas
816 1565 1042 1600 ecclesiasticas

301 1610 390 1643 vobis
414 1611 576 1647 benevisas
609 1615 647 1648 ad
678 1618 851 1660 praemissa
878 1621 983 1653 onmia
1013 1627 1042 1654 et

301 1662 424 1706 singula
437 1665 672 1710 subdelegandi,
687 1680 723 1703 ac
740 1671 850 1704 etiam¹
866 1673 904 1705 ad
925 1673 1040 1707 instan-

300 1716 374 1749 tiam
399 1722 614 1761 procuratoris
639 1722 754 1756 t'isealis
786 1727 942 1767 generalis
968 1727 1040 1762 dicti

300 1769 400 1804 Officii
420 1779 542 1807 sanctae
564 1775 774 1818 inquisitionis
795 1784 824 1811 et
844 1780 949 1813 forsan
967 1781 1040 1815 alio-

299 1833 371 1856 rum
395 1824 439 1857 illi
464 1826 715 1870 adhaerentium,
741 1842 835 1874 quam
862 1844 898 1866 ex
925 1834 1038 1877 officio,

300 1880 330 1908 et
346 1877 439 1910 etiam
460 1878 497 1912 de
521 1882 657 1922 notorio,
676 1889 785 1917 contra
803 1885 921 1919 dietum
941 1888 1039 1932 Cyl-il-

298 1928 364 1963 lurn
401 1936 431 1964 et
459 1933 537 1966 alios
568 1946 784 1981 quoscumque
817 1940 984 1974 haeresum
1011 1948 1040 1976 et

298 1983 513 2029 schismatum,
535 1998 571 2021 ac
596 1990 775 2032 eriminum,
803 2003 988 2028 excessuum
1010 2002 1040 2030 et

297 2035 486 2072 delictorum
511 2041 693 2076 huiusmodi
723 2047 893 2090 complices
919 2054 948 2081 et
972 2050 1038 2083 sau-

297 2093 392 2133 tores,
412 2094 626 2140 auxiliumque
644 2103 674 2130 et
693 2100 859 2133 consilium
881 2109 1039 2145 praestan-

296 2148 361 2185 tes,
386 2151 416 2179 et
439 2158 539 2191 usque
564 2150 602 2182 ad
627 2153 814 2186 sententiam
843 2154 1036 2190 definitivam

296 2196 457 2241 inclusive,
474 2203 676 2245 procedendi,
696 2206 881 2249 privationis
903 2214 932 2241 et
949 2221 1038 2253 quas-

297 2260 433 2294 cumque
463 2254 538 2288 alias
570 2257 665 2290 etiam
699 2261 844 2303 corporis
875 2262 1036 2298 asssietixas

295 2313 412 2346 poenas
426 2306 598 2350 irrogandi,
610 2311 789 2346 declarandi
805 2320 834 2347 et
849 2317 1034 2360 exeqt1endi3

296 2356 429 2402 illosque
453 2371 562 2396 omnes
583 2369 613 2397 et
633 2365 783 2410 singulos,
802 2368 827 2401 si
848 2369 966 2403 iustitia
983 2382 1037 2415 po-

296 2476 376 2509 opus
390 2468 494 2509 suerit,
509 2470 602 2504 etiam
616 2473 699 2506 ultra
718 2474 837 2516 decem,
855 2487 890 2510 ac
910 2478 1034 2521 quibus,

295 2518 360 2561 ubi,
376 2521 501 2565 quando
515 2528 545 2556 et
559 2525 680 2568 quoties
701 2538 780 2572 opus
796 2530 901 2572 suerit,
920 2531 1034 2566 citandi

332 2638 344 2666 1
361 2637 428 2667 Heic
441 2639 560 2676 legerem
575 2646 617 2678 ac,
635 2645 696 2673 cam
712 2644 747 2680 (a.
764 2646 812 2680 1,).

1078 285 1107 314 et
1123 281 1293 325 inhibendi,
1309 283 1402 316 etiam
1416 295 1474 329 per
1487 286 1624 319 edietum
1641 288 1815 331 publicum,

1079 334 1222 376 consuto,
1241 336 1333 369 etiam
1351 339 1521 372 summarie
1535 345 1564 373 ct
1580 345 1731 383 quantum
1753 343 1817 375 sus-

1078 386 1173 420 ficere
1198 388 1365 433 videbitur,
1391 391 1428 424 de
1452 403 1515 425 non
1540 398 1606 427 tuto
1627 405 1764 436 accessu,
1783 407 1818 429 ae

1078 440 1135 472 sub
1160 443 1301 475 censuris
1322 449 1351 476 et
1375 446 1494 488 poenis,
1516 447 1609 480 ctiam
1632 449 1817 482 ecclesiasti—

1078 493 1132 535 cis,
1158 494 1256 536 vobis,
1281 501 1312 529 et
1336 499 1464 531 eorum¹
1483 500 1582 541 alteri,
1601 512 1655 534 seu
1673 507 1707 534 ut
1726 513 1818 546 prae-

1078 547 1177 579 fertur
1190 548 1405 593 deputandis&
1423 552 1591 590 benevisis;
1613 556 1819 589 contradicto-

1076 610 1127 633 res
1158 602 1315 645 quoslibct
1339 609 1368 636 et
1392 606 1547 648 rebelles,
1572 618 1607 641 ac
1636 609 1818 652 praemissis

1076 664 1138 687 non
1163 660 1318 699 parentes,
1345 659 1377 690 in
1402 670 1550 694 censuras
1575 668 1604 695 et
1628 674 1746 706 poenas
1771 675 1817 697 ee-

1077 708 1266 743 clesiasticas
1279 712 1455 754 praedictas
1470 714 1615 748 incidisse
1627 716 1817 758 declarandi,

1077 764 1267 804 aggi-arandi
1281 791 1289 805 ,
1317 768 1564 809 reaggravandi,
1592 768 1816 811 interdicendi,

1076 816 1291 861 auxiliumque
1315 819 1436 853 brachii
1461 823 1612 855 secularis
1637 823 1816 865 invocandi;

1076 869 1199 913 aliaque
1228 872 1335 905 onmia
1358 878 1387 905 et
1418 874 1540 917 singula
1572 876 1602 908 in
1636 878 1818 920 praemissis

1076 927 1105 955 et
1131 923 1213 956 circa
1245 936 1281 957 ea
1310 928 1486 960 necessaria
1519 930 1757 971 quomodolibet
1789 937 1816 964 et

1076 983 1265 1020 opportuna,
1291 979 1412 1013 etiamsi
1436 981 1508 1014 talia
1533 983 1595 1015 sint
1619 984 1667 1016 vel
1692 985 1818 1026 suerint,

1075 1040 1156 1072 quae
1180 1031 1280 1074 magis
1302 1033 1480 1076 specialem,
1506 1036 1686 1079 specificam
1712 1044 1742 1071 et.
1766 1049 1818 1071 ex-

1075 1094 1216 1126 pressam
1233 1087 1434 1129 requirerent
1453 1090 1655 1133 mentionem,
1674 1091 1817 1135 faciendi,

1075 1136 1208 1180 dicendi,
1234 1141 1364 1182 gerendi
1389 1147 1420 1174 et
1444 1144 1626 1187 exequendi.

1120 1191 1135 1234 g
1150 1191 1179 1224 4.
1197 1193 1265 1225 Non
1282 1193 1488 1238 obstantibus,
1507 1203 1661 1241 quatenus
1674 1209 1755 1243 opus
1769 1200 1816 1243 sit,

1076 1244 1173 1278 felicis
1198 1247 1427 1281 recordatiouis
1453 1249 1603 1284 Bonisacii
1629 1253 1730 1296 Papae
1752 1254 1817 1287 Vlll

1057 1299 1326 1342 ¹praedecessoris
1350 1303 1450 1336 nostri
1475 1304 1513 1337 de
1538 1307 1610 1347 una,
1632 1312 1661 1339 et
1686 1307 1717 1339 in
1743 1319 1817 1341 con-

1076 1353 1147 1386 cilio
1164 1355 1304 1397 generali
1322 1356 1404 1389 edita
1422 1357 1460 1390 de
1477 1358 1599 1392 duabus
1613 1359 1714 1401 dietis,
1733 1362 1819 1396 dum-

1076 1406 1170 1440 modo
1194 1408 1278 1440 ultra
1301 1414 1364 1442 tres
1389 1410 1487 1443 dietas
1505 1412 1617 1455 aliquis
1633 1415 1818 1448 auctoritate

1076 1461 1288 1502 praesentium
1321 1462 1360 1494 ad
1391 1463 1542 1496 iudicium
1568 1475 1632 1498 non
1657 1467 1817 1507 trabatur,

1075 1513 1206 1557 aliisque
1225 1515 1502 1549 constitutionibus
1519 1522 1548 1552 et
1565 1519 1818 1554 ordinationibus

1057 1595 1059 1607 ,
1075 1567 1267 1610 apostolicis,
1289 1569 1382 1602 etiam
1401 1570 1433 1602 in
1449 1571 1591 1605 conciliis
1617 1574 1818 1616 generalibus

1075 1624 1105 1652 et
1117 1621 1364 1663 provincialibus
1377 1623 1478 1664 editis,
1493 1625 1668 1669 privilegiis
1681 1638 1817 1672 quoque,

1075 1672 1203 1706 indultis
1229 1679 1259 1706 et
1282 1675 1395 1708 litteris
1426 1678 1605 1720 apostolicis
1631 1679 1662 1711 in
1687 1687 1815 1713 contra-

1075 1726 1156 1759 rium
1170 1729 1419 1771 praemissorum
1437 1733 1675 1774 quomodolibet
1694 1745 1819 1768 conces-

1075 1781 1125 1823 sis,
1151 1782 1356 1825 eoutirmatis,
1382 1786 1565 1828 approbatis
1590 1792 1620 1820 et
1644 1788 1816 1827 innovatis;

1074 1835 1190 1878 quibus
1214 1837 1362 1870 omnibus
1382 1843 1412 1871 et
1437 1839 1580 1882 singulis,
1602 1851 1711 1874 eorum
1733 1848 1818 1876 teno-

1073 1898 1124 1921 res
1148 1891 1365 1932 praesentibus
1385 1903 1443 1936 pro
1460 1894 1552 1936 plene
1572 1900 1602 1927 et
1626 1896 1817 1931 sufficienter

1073 1943 1230 1986 expressis
1256 1951 1284 1977 et
1302 1945 1340 1978 ad
1358 1947 1489 1979 verbum
1508 1949 1634 1981 insertis
1655 1950 1814 1992 habentes,

1073 1996 1111 2028 ad
1127 1998 1375 2039 praemissorum
1398 2000 1554 2043 effectum,
1570 2002 1627 2035 hac
1645 2003 1711 2036 vice
1729 2004 1818 2037 dum-

1073 2054 1156 2083 taxat
1180 2052 1357 2095 specialiter
1383 2059 1412 2086 et
1438 2065 1584 2099 expresse
1612 2057 1814 2100 derogamus

1073 2104 1249 2148 ceterisque
1275 2108 1443 2140 contrariis
1468 2109 1731 2155 quibuscumque.

1116 2157 1227 2191 Datum
1252 2160 1380 2201 Romae,
1405 2162 1490 2206 apud
1515 2163 1543 2197 S.
1570 2164 1698 2197 Mariam
1726 2167 1817 2200 Maio-

1108 2249 1117 2274 1
1133 2247 1197 2275 vide
1213 2257 1301 2277 annon
1317 2251 1405 2285 potius
1421 2251 1565 2286 legendum
1578 2258 1700 2283 vestrum
1714 2258 1750 2290 (n.
1764 2258 1813 2291 T.).

1105 2292 1122 2318 2
1137 2292 1206 2320 Edit.
1223 2294 1304 2321 Mein.
1326 2296 1420 2323 mutile
1437 2301 1464 2323 ut
1479 2298 1557 2333 solet,
1574 2299 1657 2326 habet
1677 2300 1812 2334 deputan.

1052 2357 1053 2360 ,
1070 2337 1141 2372 quod
1161 2343 1251 2373 posset
1268 2339 1349 2367 etiam
1368 2340 1421 2376 legi
1441 2343 1682 2378 deputandorum,
1700 2354 1811 2380 nempe:

1051 2401 1052 2409 1
1069 2391 1117 2409 seit
1137 2383 1224 2411 alteri*
1243 2393 1261 2411 α
1281 2385 1367 2416 vehite,
1387 2389 1419 2413 ut
1435 2389 1615 2422 praefertur,
1637 2389 1813 2424 deputando-

296 2412 466 2455 stulaverit‚
485 2417 591 2450 curiae
616 2420 749 2453 seculari
775 2423 931 2463 tradendi3
957 2436 1053 2469 quos¹

1070 2435 1137 2454 rum
1157 2428 1306 2456 benevisz's.
1328 2429 1361 2455 At
1385 2431 1523 2465 integrum
1545 2441 1650 2460 comma
1676 2434 1753 2461 aliter
1772 2436 1814 2462 le-

1068 2471 1188 2506 gendum
1203 2473 1310 2501 videtur
1324 2475 1375 2502 sic:
1390 2477 1540 2511 poenis...‚
1557 2479 1634 2506 robis
1649 2482 1676 2507 cl
1692 2483 1814 2509 veslrum

1068 2517 1164 2551 alteri,
1181 2525 1230 2545 seit
1249 2527 1267 2546 a
1286 2520 1373 2554 vobis,
1395 2524 1426 2548 ul
1441 2522 1621 2557 praefertur,
1643 2523 1814 2558 deputandis

1069 2564 1094 2589 et
1108 2570 1209 2590 corum
1223 2564 1311 2592 alteri
1327 2565 1479 2600 benevisis;
1496 2571 1541 2593 aut
1555 2568 1609 2595 alio
1624 2568 1718 2596 modo:
1735 2571 1812 2598 vobis

1068 2609 1095 2632 et
1113 2610 1237 2635 vestrum
1253 2609 1349 2643 alteri,
1369 2618 1418 2637 seu
1432 2618 1530 2639 eorum
1545 2612 1633 2639 atteri
1647 2621 1664 2640 a
1686 2614 1763 2642 vobis
1782 2617 1813 2642 ut

1067 2654 1235 2687 praefertur
1254 2653 1485 2689 deputandorum
1508 2657 1644 2688 benevisis
1661 2658 1699 2693 (a.
1714 2659 1763 2693 T.).

1765 232 1786 265 3
1832 242 1880 271 An.
1898 243 1927 271 c.
1948 244 2017 272 16Q8

1848 1213 1961 1242 Derogatio
1971 1221 2019 1236 con-

1834 1242 1952 1261 uariorum.
