2248 3229
239 239 287 266 An.
309 239 337 267 C.
356 239 422 267 1638

323 407 420 427 Concedit

240 433 359 453 facultatem
385 439 422 459 per

239 462 365 479 octennium.

289 1996 425 2017 obstantibus

243 2023 336 2048 detegat.

469 230 532 263 664

438 299 508 322 cere
533 287 668 325 valeant,
694 285 754 317 sibi
785 294 841 328 per
864 293 921 316 nos
953 288 987 315 ut
1012 283 1091 314 infra
1116 292 1170 325 op-

437 347 569 385 portune
587 338 746 382 provideri
763 346 963 379 summopere
980 335 1170 368 desiderent:

481 394 496 435 §
515 392 544 425 3.
563 393 633 430 Nos,
652 389 796 432 regimini
816 387 996 421 huiusmodi
1014 387 1052 419 de
1066 387 1171 430 aliquo

438 443 649 478 subventionis
673 442 787 474 auxilio
805 441 834 473 in
856 440 1039 484 praemissis
1059 450 1173 483 oppor-

437 503 509 530 tune
540 495 727 539 providere,
755 494 887 536 illosque
912 492 1099 536 specialibus
1123 493 1169 524 fa-

437 550 563 583 voribus
594 553 623 580 et
653 547 762 590 gratiis
785 546 933 590 prosequi
960 546 1119 586 volentes,
1145 551 1174 578 et

437 613 546 637 eorum
576 601 749 643 singulares
782 609 931 643 personas
963 609 980 630 a
1011 599 1174 642 quibusvis

437 654 778 694 excommunicationis,
804 652 1018 696 suspensionis
1035 658 1065 684 et
1082 653 1174 686 inter-

437 709 519 749 dicti,
534 708 665 752 aliisque
683 706 900 740 ecclesiasticis
918 705 1089 746 sententiis,
1107 717 1175 739 cen-

437 764 518 796 suris
542 768 572 795 et
594 761 720 805 poenis,
745 770 762 792 a
787 760 855 792 iure
889 759 936 792 rel
968 759 1006 791 ab
1031 759 1174 799 homine,

437 816 544 860 quavis
568 814 731 848 occasione
757 814 803 845 vel
829 814 924 846 causa
952 813 1031 853 latis,
1057 813 1081 845 si
1106 813 1174 856 qui-

436 871 496 902 bus
520 867 756 912 quomodolibet
779 866 944 900 innodatae
969 866 1114 906 existunt,
1138 866 1173 898 ad

437 922 582 955 effectum
618 920 831 965 praesentium
864 920 1023 952 dumtaxat
1059 929 1171 952 conse—

437 973 606 1018 quendum,
631 972 743 1004 harum
765 971 844 1003 serie
869 971 1065 1003 absolventes
1083 975 1112 1002 et
1127 969 1177 1001 ab·

437 1028 553 1061 solutas
586 1026 652 1058 fore
684 1029 863 1064 censentes,
893 1023 1174 1067 supplicationibus

437 1081 564 1113 illorum
588 1078 716 1112 nomine
740 1077 831 1110 nobis
856 1087 952 1120 super
968 1077 1029 1109 lioc
1053 1075 1175 1108 humili<

438 1139 485 1167 ter
508 1132 664 1177 porrectis
689 1131 837 1170 inclinati,
855 1130 1001 1172 regimini
1018 1129 1174 1173 praefatis,

437 1187 521 1231 quod
545 1186 607 1218 duo
631 1185 712 1218 datia
742 1195 795 1216 seu
821 1184 958 1226 gabellas
982 1182 1173 1223 huiusmodi,

438 1251 473 1273 ac
497 1239 637 1283 quolibet
662 1239 788 1270 illorum
813 1248 867 1269 seu
892 1236 1015 1268 illarum
1041 1235 1079 1267 ad
1105 1240 1175 1268 octo

437 1304 534 1327 annos
558 1292 701 1336 proxime
726 1291 847 1324 futuros
875 1295 1005 1331 tantum,
1031 1300 1175 1332 compre-

437 1347 543 1380 hensis
569 1350 670 1380 tamen
695 1344 724 1376 in
742 1344 825 1376 dicto
844 1347 984 1386 tempore
1000 1343 1141 1386 pecuniis
1159 1353 1175 1374 a

438 1400 499 1432 tine
515 1399 636 1444 primae
656 1396 866 1430 concessionis
884 1397 1034 1429 hactenus
1051 1395 1176 1434 exactis,

438 1454 631 1493 continuare,
646 1451 857 1496 pecuniasque
871 1454 932 1484 tam
947 1455 1068 1483 exactas
1082 1460 1175 1493 quam

438 1506 606 1549 exigendas
646 1504 825 1538 huiusmodi
864 1503 994 1547 praefati
1034 1503 1064 1535 in
1096 1503 1177 1535 aeris

438 1560 530 1592 alieni
544 1559 780 1592 dissolutionem
792 1562 820 1590 et
835 1556 1075 1589 satisfactionem
1090 1566 1177 1599 prae-

438 1613 508 1645 fatis
532 1611 730 1656 depositariis
755 1610 928 1643 faciendam
947 1614 1129 1642 convertere
1148 1614 1175 1641 et

438 1676 570 1709 erogare
595 1665 694 1697 libere
726 1669 755 1697 et
786 1663 890 1703 licite,
916 1668 945 1695 et
969 1663 1087 1706 absque
1113 1663 1176 1695 ullo

438 1719 647 1753 conscientiae
675 1717 825 1761 scrupulo
853 1727 888 1749 ar.
914 1726 1118 1749 censurarum
1148 1721 1177 1748 et.

437 1783 611 1817 poenarum
628 1772 838 1816 praefatarum
860 1770 998 1810 incursu,
1015 1769 1135 1813 possint
1148 1774 1177 1801 et

439 1826 570 1868 valeant,
580 1825 752 1869 apostolica
763 1823 957 1863 auctoritate,
971 1828 1078 1856 tenore
1092 1833 1178 1866 prae-

440 1879 583 1919 sentium,
601 1878 777 1911 facultatem
799 1876 999 1909 concedimus
1017 1881 1044 1908 et
1062 1876 1178 1919 imper-

440 1933 547 1965 timur.

485 1985 546 2028 gli.
574 1986 640 2018 Non
665 1983 860 2016 obstantibus
880 1982 1069 2026 apostolicis,
1094 1993 1129 2015 ac
1147 1983 1177 2014 in

440 2038 679 2077 universalibus,
704 2036 1016 2080 provincialibusque
1037 2036 1178 2068 conciliis

441 2092 541 2129 editis⁷
566 2090 765 2134 generalibus
782 2090 828 2122 vel
848 2089 1044 2132 specialibus,
1062 2089 1177 2121 consti-

440 2146 612 2179 tutionibus
626 2150 655 2177 et
672 2144 932 2183 ordinationibus,
949 2154 984 2175 ac
1005 2143 1178 2186 quibusvis,

441 2201 534 2232 etiam
548 2200 734 2235 iuramento,
746 2198 983 2231 confirmatione
994 2197 1177 2241 apostolica,

442 2254 488 2286 vel
513 2253 621 2298 quavis
645 2252 791 2285 firmitate
816 2252 875 2284 alia
894 2252 1061 2291 roboratis,
1086 2256 1180 2283 statu-

442 2308 481 2340 tis
495 2312 525 2340 et
548 2306 834 2346 consuetudinibus,
852 2305 1026 2349 privilegiis
1043 2316 1178 2349 quoque,

443 2360 570 2393 indultis
596 2366 625 2392 et,
654 2359 766 2392 litteris
791 2358 970 2403 apostolis-is
995 2358 1026 2390 in
1054 2364 1179 2391 eontra-

444 2414 524 2447 rium
555 2413 800 2458 praemissorum
837 2412 1072 2456 quomodolibet
1104 2423 1178 2445 con-

444 2467 556 2506 cessis,
585 2466 792 2505 confirmatis,
818 2469 846 2498 et
872 2465 1040 2499 innovatis:
1066 2465 1179 2508 quibus

445 2520 588 2552 omnibus
603 2525 632 2552 ct
649 2519 790 2562 singulis,
805 2519 930 2551 illorum
950 2524 1074 2551 tenores
1094 2528 1180 2561 prae-

447 2573 584 2606 sentibus
598 2583 656 2616 pro
667 2573 757 2616 plene
775 2577 804 2605 et
821 2572 1011 2604 sufficienter
1026 2571 1180 2615 expressis

448 2637 482 2660 ac
499 2626 536 2659 de
549 2626 645 2659 verbo
665 2626 702 2658 ad
720 2626 849 2658 verbum
876 2626 999 2658 insertis
1019 2625 1180 2666 habentes,

1011 234 1189 259 BULLARIUM
1217 233 1235 257 R
1241 233 1371 257 OMANUM

1205 281 1265 313 illis
1278 281 1353 313 alias
1370 279 1402 312 in
1422 289 1478 312 suo
1495 279 1610 312 robore
1633 280 1857 322 permansuris,
1882 278 1941 312 hac

1205 334 1272 366 vice
1304 333 1484 374 dumtaxat,
1517 332 1693 376 specialiter
1729 338 1759 365 et
1793 343 1939 377 expresse

1205 387 1412 429 derogamus,
1430 385 1604 430 ceterisque
1627 386 1791 419 contrariis
1815 386 1942 429 quibus-

1206 449 1350 482 cumque.

1249 493 1360 525 Datum
1386 493 1513 532 Romae,
1538 492 1620 536 apud
1644 492 1673 526 S.
1699 492 1826 525 Mariam
1847 492 1942 524 Maio-

1207 557 1284 587 rem,
1303 546 1359 578 sub
1374 546 1489 578 annulo
1504 545 1682 586 piscatoris,
1692 545 1742 578 die
1763 555 1797 578 111
1819 545 1943 587 augusti

1208 609 1405 639 nncxxxvni,
1423 599 1621 643 pontificatus
1641 598 1740 632 nostri
1758 608 1838 631 anno
1863 608 1913 632 xv.

1244 661 1300 689 Dat.
1319 661 1361 689 die
1380 661 1397 687 3
1416 661 1522 696 augusti
1540 661 1618 695 1638,
1633 660 1728 696 pontif.
1746 667 1816 688 anno
1832 667 1875 686 xv.

1517 803 1636 837 DCXIV.

1211 884 1304 918 Circa
1315 883 1505 927 facultatem
1516 883 1686 916 alienandi
1696 893 1797 927 usque
1809 883 1851 916 ad
1864 893 1947 916 sum·

1254 948 1341 970 viam
1353 937 1563 969 <incentorum
1576 941 1603 969 et
1617 937 1863 980 quinquaqinta
1876 936 1948 968 mil-

1254 990 1337 1022 lium
1358 994 1522 1022 scutorum
1542 994 1693 1029 monetae,
1710 999 1833 1022 necnon
1853 989 1947 1022 redu-

1253 1043 1345 1075 cendi
1358 1053 1484 1075 annuos
1494 1053 1605 1075 census
1616 1042 1659 1074 ad
1668 1042 1735 1074 min
1742 1052 1778 1074 us
1790 1043 1948 1074 interum-

1252 1097 1358 1136 rium,
1381 1107 1560 1129 concessam
1579 1096 1830 1138 Conqreqalioni
1848 1095 1949 1130 Cassi-

1252 1149 1355 1190 nemsi,
1375 1149 1562 1188 declaratio,
1583 1149 1669 1192 quod
1683 1159 1742 1191 pro
1760 1147 1949 1180 huiusmodi

1252 1201 1451 1235 alienatione
1464 1212 1528 1234 non
1542 1202 1724 1245 requiritur
1739 1201 1815 1234 licen
1823 1201 1869 1234 tia
1878 1211 1949 1244 pro-

1254 1255 1379 1287 tectoris
1392 1254 1412 1288 ¹.

1410 1335 1546 1362 Urbanus
1567 1335 1645 1368 Papa
1664 1335 1741 1366 vm,

1350 1380 1386 1406 ad
1406 1380 1538 1407 futuram
1557 1379 1600 1406 rei
1620 1378 1801 1406 memoriam.

1254 1449 1336 1482 Alias
1354 1460 1370 1482 a
1390 1449 1481 1482 nobis
1494 1454 1678 1482 emanarunt
1696 1449 1817 1482 litterae
1831 1449 1949 1482 tenoris

1211 1503 1433 1547 subsequentis
1458 1503 1619 1535 videlicet:

1259 1557 1408 1589 Urbanus
1428 1556 1523 1599 Papa
1547 1555 1647 1596 VIII,
1671 1555 1713 1588 ad
1733 1556 1884 1599 futuram
1902 1556 1951 1588 rei

1211 1611 1412 1643 memoriam.
1450 1609 1570 1653 Exponi
1601 1609 1691 1642 nobis
1724 1619 1826 1652 nuper
1859 1608 1949 1649 feeit,

1211 1664 1298 1697 etcft.

1255 1717 1270 1759 ξ
1290 1717 1315 1748 l.
1341 1716 1416 1749 Cum
1431 1720 1545 1757 autem,
1563 1715 1643 1748 sicut
1663 1714 1744 1748 idem
1762 1719 1950 1758 procurator

1212 1769 1367 1813 generalis
1378 1769 1468 1802 nobis
1481 1779 1581 1812 nuper
1595 1769 1708 1812 exponi
1722 1769 1803 1811 fecit,
1815 1779 1832 1801 a
1845 1779 1951 1812 quam-

1212 1823 1375 1867 plurimis,
1401 1823 1588 1866 praesertim
1614 1833 1688 1855 vero
1713 1832 1730 1854 a
1754 1833 1867 1855 census
1893 1833 1947 1855 su-

1212 1888 1268 1920 per
1293 1876 1385 1908 bonis
1410 1875 1548 1907 eiusdem
1581 1875 1834 1918 congregationis
1866 1869 1950 1908 iuxta

1214 1936 1353 1962 tenorem
1372 1928 1640 1972 praeinsertarum
1658 1928 1835 1961 litterarum
1852 1929 1952 1972 impo-

1213 1983 1331 2015 nendos
1356 1993 1462 2014 emere
1486 1982 1684 2022 volentibus,
1709 1982 1888 2022 dubitetur,
1914 1992 1952 2014 an

1212 2047 1270 2080 pro
1292 2035 1492 2079 imponendis
1514 2034 1658 2068 censibus
1678 2035 1857 2067 huiusmodi
1878 2034 1951 2067 dicti

1194 2102 1196 2122 t
1213 2090 1369 2123 Francisci
1388 2089 1554 2122 cardinalis
1570 2089 1758 2132 protectoris
1772 2089 1951 2123 huiusmodi

1213 2143 1399 2187 approbatio
1424 2147 1454 2175 et
1474 2142 1636 2185 regiminis
1656 2142 1807 2185 praedicti
1828 2142 1952 2175 licentia

1213 2197 1270 2228 sint
1299 2195 1513 2237 necessariae,
1547 2195 1637 2227 nobis
1661 2201 1829 2241 propterea
1853 2195 1953 2228 dietus

1213 2255 1401 2295 procurator
1425 2250 1581 2293 generalis
1602 2249 1765 2282 humiliter
1781 2249 1953 2293 supplicari

1253 2324 1258 2348 1
1281 2322 1316 2349 De
1332 2322 1444 2349 istorum
1461 2321 1656 2349 monachorum
1673 2321 1885 2356 Congregatione
1905 2329 1954 2348 no-

1214 2367 1265 2394 tavi
1282 2367 1315 2393 ad
1331 2368 1422 2393 donst.
1439 2372 1554 2393 cnxxxvt
1574 2367 1624 2400 (al.
1641 2366 1701 2400 404)
1718 2367 1823 2392 Sancta
1844 2366 1952 2399 Mater,

1213 2421 1293 2447 supra
1312 2421 1372 2447 pag.
1393 2412 1454 2438 284.
1480 2411 1511 2437 Et
1535 2411 1567 2437 ad
1591 2411 1682 2438 Const.
1705 2417 1814 2442 Dxxxvt¹
1836 2411 1953 2445 Exponi

1213 2457 1304 2487 nohis,
1322 2460 1350 2483 ut
1369 2465 1451 2490 supra
1471 2463 1530 2490 pag.
1556 2455 1617 2484 503,
1636 2459 1663 2481 et
1684 2455 1792 2481 demum
1812 2454 1843 2481 ad
1860 2455 1950 2481 Const.

1213 2508 1301 2533 niixxi,
1321 2509 1380 2535 pag.
1397 2501 1459 2527 648.

1248 2546 1264 2571 ‘2
1287 2545 1360 2571 lianc
1380 2544 1597 2572 constitutionem
1617 2543 1748 2570 inutiliter
1764 2543 1906 2578 repetitam
1926 2542 1952 2569 in

1214 2589 1277 2616 edit..
1299 2589 1381 2615 Main.
1403 2597 1451 2615 nos
1475 2587 1641 2620 omittimus,
1666 2587 1728 2622 quia
1752 2586 1805 2614 iam
1829 2586 1952 2614 dedimus

1214 2643 1294 2669 supra
1313 2642 1372 2670 pag.
1395 2634 1446 2662 593
1462 2633 1542 2660 huius
1562 2632 1628 2660 tomi
1645 2634 1681 2666 (R.
1695 2632 1743 2667 Tr).

1956 231 2004 257 An.
2025 231 2053 258 C.
2073 231 2138 259 1638

1986 1458 2058 1479 Refert
2068 1458 2148 1479 Consti-

1964 1486 2064 1505 tutionem
2096 1485 2148 1506 aliAs

1964 1512 2049 1532 editam.

2005 1723 2149 1744 Pronuraions

1966 1750 2069 1776 generalis
2095 1752 2149 1776 peti-

1966 1780 2003 1798 tio.
