<?xml version="1.0" encoding="UTF-8"?>
<!DOCTYPE html PUBLIC "-//W3C//DTD XHTML 1.0 Transitional//EN"
    "http://www.w3.org/TR/xhtml1/DTD/xhtml1-transitional.dtd">
<html xmlns="http://www.w3.org/1999/xhtml" xml:lang="en" lang="en">
 <head>
  <title>
</title>
<meta http-equiv="Content-Type" content="text/html;charset=utf-8" />
  <meta name='ocr-system' content='tesseract 3.04.00' />
  <meta name='ocr-capabilities' content='ocr_page ocr_carea ocr_par ocr_line ocrx_word'/>
</head>
<body>
  <div class='ocr_page' id='page_1' title='image "./bullarumdiplomat14cath_0334.png"; bbox 0 0 2248 3229; ppageno 0'>
   <div class='ocr_carea' id='block_1_1' title="bbox 254 225 550 264">
    <p class='ocr_par' dir='ltr' id='par_1_1' title="bbox 254 225 550 264">
     <span class='ocr_line' id='line_1_1' title="bbox 254 225 550 264; baseline -0.01 -2"><span class='ocrx_word' id='word_1_1' title='bbox 254 233 303 264; x_wconf 78' lang='lat' dir='ltr'>An.</span> <span class='ocrx_word' id='word_1_2' title='bbox 324 235 440 264; x_wconf 61' lang='lat'><strong>&amp;1632</strong></span> <span class='ocrx_word' id='word_1_3' title='bbox 485 225 550 260; x_wconf 64' lang='lat'>272</span> 
     </span>
    </p>
   </div>
   <div class='ocr_carea' id='block_1_2' title="bbox 253 458 438 511">
    <p class='ocr_par' dir='ltr' id='par_1_2' title="bbox 253 458 438 511">
     <span class='ocr_line' id='line_1_2' title="bbox 307 458 437 480; baseline -0.015 0"><span class='ocrx_word' id='word_1_4' title='bbox 307 459 328 480; x_wconf 88' lang='lat' dir='ltr'>lu</span> <span class='ocrx_word' id='word_1_5' title='bbox 345 461 392 479; x_wconf 82' lang='lat' dir='ltr'>roto</span> <span class='ocrx_word' id='word_1_6' title='bbox 412 458 437 478; x_wconf 82' lang='lat' dir='ltr'>de</span> 
     </span>
     <span class='ocr_line' id='line_1_3' title="bbox 253 484 438 511; baseline -0.011 -5"><span class='ocrx_word' id='word_1_7' title='bbox 253 491 294 506; x_wconf 81' lang='lat' dir='ltr'>non</span> <span class='ocrx_word' id='word_1_8' title='bbox 307 484 438 511; x_wconf 76' lang='lat' dir='ltr'>acceptando</span> 
     </span>
    </p>
   </div>
   <div class='ocr_carea' id='block_1_3' title="bbox 254 507 471 540">
    <p class='ocr_par' dir='ltr' id='par_1_3' title="bbox 254 507 471 540">
     <span class='ocr_line' id='line_1_4' title="bbox 254 507 471 540; baseline -0.009 -8"><span class='ocrx_word' id='word_1_9' title='bbox 254 513 367 538; x_wconf 79' lang='lat' dir='ltr'>dignitates</span> <span class='ocrx_word' id='word_1_10' title='bbox 404 517 436 531; x_wconf 81' lang='lat' dir='ltr'>ex-</span> <span class='ocrx_word' id='word_1_11' title='bbox 451 507 471 540; x_wconf 83' lang='lat' dir='ltr'>p</span> 
     </span>
    </p>
   </div>
   <div class='ocr_carea' id='block_1_4' title="bbox 252 539 438 718">
    <p class='ocr_par' dir='ltr' id='par_1_4' title="bbox 252 539 438 718">
     <span class='ocr_line' id='line_1_5' title="bbox 254 539 437 559; baseline -0.011 0"><span class='ocrx_word' id='word_1_12' title='bbox 254 541 286 559; x_wconf 82' lang='lat' dir='ltr'>tra</span> <span class='ocrx_word' id='word_1_13' title='bbox 302 539 437 559; x_wconf 74' lang='lat' dir='ltr'>Societatem,</span> 
     </span>
     <span class='ocr_line' id='line_1_6' title="bbox 254 564 438 590; baseline -0.011 -5"><span class='ocrx_word' id='word_1_14' title='bbox 254 564 438 590; x_wconf 72' lang='lat' dir='ltr'>comprehendun-</span> 
     </span>
     <span class='ocr_line' id='line_1_7' title="bbox 253 591 436 616; baseline -0.011 -5"><span class='ocrx_word' id='word_1_15' title='bbox 253 594 287 612; x_wconf 83' lang='lat' dir='ltr'>tur</span> <span class='ocrx_word' id='word_1_16' title='bbox 325 591 436 616; x_wconf 74' lang='lat' dir='ltr'>dignitates</span> 
     </span>
     <span class='ocr_line' id='line_1_8' title="bbox 254 617 436 638; baseline -0.011 0"><span class='ocrx_word' id='word_1_17' title='bbox 254 620 275 638; x_wconf 84' lang='lat' dir='ltr'>et</span> <span class='ocrx_word' id='word_1_18' title='bbox 289 617 359 638; x_wconf 65' lang='lat' dir='ltr'>officia</span> <span class='ocrx_word' id='word_1_19' title='bbox 376 622 436 637; x_wconf 82' lang='lat' dir='ltr'>secu-</span> 
     </span>
     <span class='ocr_line' id='line_1_9' title="bbox 253 644 436 669; baseline -0.005 -5"><span class='ocrx_word' id='word_1_20' title='bbox 253 644 318 667; x_wconf 75' lang='lat' dir='ltr'>laria,</span> <span class='ocrx_word' id='word_1_21' title='bbox 336 649 390 669; x_wconf 77' lang='lat' dir='ltr'>quae</span> <span class='ocrx_word' id='word_1_22' title='bbox 407 644 436 663; x_wconf 82' lang='lat' dir='ltr'>iu-</span> 
     </span>
     <span class='ocr_line' id='line_1_10' title="bbox 252 670 436 691; baseline 0.005 -1"><span class='ocrx_word' id='word_1_23' title='bbox 252 670 436 691; x_wconf 74' lang='lat' dir='ltr'>rtsdtctionemha·</span> 
     </span>
     <span class='ocr_line' id='line_1_11' title="bbox 253 697 310 718; baseline 0 0"><span class='ocrx_word' id='word_1_24' title='bbox 253 697 310 718; x_wconf 78' lang='lat' dir='ltr'>beat.</span> 
     </span>
    </p>
   </div>
   <div class='ocr_carea' id='block_1_5' title="bbox 252 1362 436 1443">
    <p class='ocr_par' dir='ltr' id='par_1_5' title="bbox 252 1362 436 1443">
     <span class='ocr_line' id='line_1_12' title="bbox 252 1362 435 1389; baseline -0.005 -5"><span class='ocrx_word' id='word_1_25' title='bbox 252 1362 361 1384; x_wconf 74' lang='lat' dir='ltr'>Clausulas</span> <span class='ocrx_word' id='word_1_26' title='bbox 375 1368 435 1389; x_wconf 74' lang='lat' dir='ltr'>prae·</span> 
     </span>
     <span class='ocr_line' id='line_1_13' title="bbox 252 1393 436 1420; baseline 0.011 -11"><span class='ocrx_word' id='word_1_27' title='bbox 252 1393 369 1420; x_wconf 63' lang='lat' dir='ltr'>serrattvas</span> <span class='ocrx_word' id='word_1_28' title='bbox 399 1396 436 1417; x_wconf 80' lang='lat' dir='ltr'>ap-</span> 
     </span>
     <span class='ocr_line' id='line_1_14' title="bbox 252 1419 317 1443; baseline 0.046 -8"><span class='ocrx_word' id='word_1_29' title='bbox 252 1419 317 1443; x_wconf 80' lang='lat' dir='ltr'>pouit.</span> 
     </span>
    </p>
   </div>
   <div class='ocr_carea' id='block_1_6' title="bbox 254 2322 437 2398">
    <p class='ocr_par' dir='ltr' id='par_1_6' title="bbox 254 2322 437 2398">
     <span class='ocr_line' id='line_1_15' title="bbox 301 2322 437 2344; baseline 0.007 -1"><span class='ocrx_word' id='word_1_30' title='bbox 301 2323 366 2343; x_wconf 74' lang='lat' dir='ltr'>Aliter</span> <span class='ocrx_word' id='word_1_31' title='bbox 384 2322 437 2344; x_wconf 75' lang='lat' dir='ltr'>iudi-</span> 
     </span>
     <span class='ocr_line' id='line_1_16' title="bbox 254 2350 437 2371; baseline 0.011 -2"><span class='ocrx_word' id='word_1_32' title='bbox 254 2350 314 2369; x_wconf 72' lang='lat' dir='ltr'>candi</span> <span class='ocrx_word' id='word_1_33' title='bbox 351 2350 437 2371; x_wconf 68' lang='lat' dir='ltr'>faculta-</span> 
     </span>
     <span class='ocr_line' id='line_1_17' title="bbox 254 2377 370 2398; baseline 0.009 -3"><span class='ocrx_word' id='word_1_34' title='bbox 254 2378 294 2396; x_wconf 59' lang='lat' dir='ltr'>tem</span> <span class='ocrx_word' id='word_1_35' title='bbox 311 2377 370 2398; x_wconf 73' lang='lat' dir='ltr'>tollit.</span> 
     </span>
    </p>
   </div>
   <div class='ocr_carea' id='block_1_7' title="bbox 449 280 1194 965">
    <p class='ocr_par' dir='ltr' id='par_1_7' title="bbox 452 280 1194 424">
     <span class='ocr_line' id='line_1_18' title="bbox 452 280 1194 318; baseline -0.005 0"><span class='ocrx_word' id='word_1_36' title='bbox 452 285 642 318; x_wconf 83' lang='lat' dir='ltr'>laxationem</span> <span class='ocrx_word' id='word_1_37' title='bbox 672 283 832 316; x_wconf 77' lang='lat' dir='ltr'><strong>dumtaxat</strong></span> <span class='ocrx_word' id='word_1_38' title='bbox 862 280 953 315; x_wconf 87' lang='lat' dir='ltr'>nobis</span> <span class='ocrx_word' id='word_1_39' title='bbox 984 286 1014 314; x_wconf 89' lang='lat' dir='ltr'>et</span> <span class='ocrx_word' id='word_1_40' title='bbox 1044 281 1194 315; x_wconf 87' lang='lat' dir='ltr'>Romanis</span> 
     </span>
     <span class='ocr_line' id='line_1_19' title="bbox 453 335 1193 380; baseline -0.003 -9"><span class='ocrx_word' id='word_1_41' title='bbox 453 337 656 372; x_wconf 86' lang='lat' dir='ltr'>Pontificibus</span> <span class='ocrx_word' id='word_1_42' title='bbox 679 346 738 380; x_wconf 91' lang='lat' dir='ltr'>pro</span> <span class='ocrx_word' id='word_1_43' title='bbox 764 340 908 379; x_wconf 89' lang='lat' dir='ltr'>tempore</span> <span class='ocrx_word' id='word_1_44' title='bbox 925 335 1129 368; x_wconf 75' lang='lat' dir='ltr'>existentibus</span> <span class='ocrx_word' id='word_1_45' title='bbox 1147 346 1193 369; x_wconf 88' lang='lat' dir='ltr'>re-</span> 
     </span>
     <span class='ocr_line' id='line_1_20' title="bbox 453 388 1095 424; baseline -0.005 0"><span class='ocrx_word' id='word_1_46' title='bbox 453 396 606 424; x_wconf 75' lang='lat' dir='ltr'>servatam</span> <span class='ocrx_word' id='word_1_47' title='bbox 630 389 725 422; x_wconf 85' lang='lat' dir='ltr'>suisse</span> <span class='ocrx_word' id='word_1_48' title='bbox 749 393 779 422; x_wconf 89' lang='lat' dir='ltr'>et</span> <span class='ocrx_word' id='word_1_49' title='bbox 798 399 865 422; x_wconf 91' lang='lat' dir='ltr'>esse</span> <span class='ocrx_word' id='word_1_50' title='bbox 889 388 1095 422; x_wconf 73' lang='lat' dir='ltr'>declaramus.</span> 
     </span>
    </p>

    <p class='ocr_par' dir='ltr' id='par_1_8' title="bbox 449 441 1193 965">
     <span class='ocr_line' id='line_1_21' title="bbox 496 441 1193 487; baseline 0 -12"><span class='ocrx_word' id='word_1_51' title='bbox 496 444 511 487; x_wconf 63' lang='grc' dir='ltr'><strong>ἓ</strong></span> <span class='ocrx_word' id='word_1_52' title='bbox 537 442 586 475; x_wconf 83' lang='lat'>13.</span> <span class='ocrx_word' id='word_1_53' title='bbox 604 442 746 486; x_wconf 80' lang='lat' dir='ltr'>Insuper,</span> <span class='ocrx_word' id='word_1_54' title='bbox 765 452 837 481; x_wconf 82' lang='lat' dir='ltr'>cum</span> <span class='ocrx_word' id='word_1_55' title='bbox 861 452 878 475; x_wconf 87' lang='lat' dir='ltr'>a</span> <span class='ocrx_word' id='word_1_56' title='bbox 903 441 1000 476; x_wconf 85' lang='lat' dir='ltr'>saeris</span> <span class='ocrx_word' id='word_1_57' title='bbox 1017 441 1193 475; x_wconf 88' lang='lat' dir='ltr'>canonibus</span> 
     </span>
     <span class='ocr_line' id='line_1_22' title="bbox 475 494 1189 539; baseline 0 -12"><span class='ocrx_word' id='word_1_58' title='bbox 475 495 646 528; x_wconf 88' lang='lat' dir='ltr'>rohibitum</span> <span class='ocrx_word' id='word_1_59' title='bbox 670 494 710 528; x_wconf 88' lang='lat' dir='ltr'>sit</span> <span class='ocrx_word' id='word_1_60' title='bbox 733 494 878 528; x_wconf 87' lang='lat' dir='ltr'>omnibus</span> <span class='ocrx_word' id='word_1_61' title='bbox 910 495 1054 539; x_wconf 86' lang='lat' dir='ltr'>personis</span> <span class='ocrx_word' id='word_1_62' title='bbox 1086 495 1189 528; x_wconf 88' lang='lat' dir='ltr'>eccle-</span> 
     </span>
     <span class='ocr_line' id='line_1_23' title="bbox 452 547 1192 592; baseline 0.001 -12"><span class='ocrx_word' id='word_1_63' title='bbox 452 548 600 591; x_wconf 82' lang='lat' dir='ltr'>siasticis,</span> <span class='ocrx_word' id='word_1_64' title='bbox 631 553 660 581; x_wconf 89' lang='lat' dir='ltr'>et</span> <span class='ocrx_word' id='word_1_65' title='bbox 688 548 877 592; x_wconf 82' lang='lat' dir='ltr'>praesertim</span> <span class='ocrx_word' id='word_1_66' title='bbox 906 547 1123 591; x_wconf 84' lang='lat' dir='ltr'>regularibus,</span> <span class='ocrx_word' id='word_1_67' title='bbox 1153 558 1192 581; x_wconf 92' lang='lat' dir='ltr'>ne</span> 
     </span>
     <span class='ocr_line' id='line_1_24' title="bbox 452 601 1191 645; baseline -0.001 -10"><span class='ocrx_word' id='word_1_68' title='bbox 452 601 553 635; x_wconf 85' lang='lat' dir='ltr'>officia</span> <span class='ocrx_word' id='word_1_69' title='bbox 583 601 735 635; x_wconf 87' lang='lat' dir='ltr'>secularia</span> <span class='ocrx_word' id='word_1_70' title='bbox 766 606 928 645; x_wconf 79' lang='lat' dir='ltr'>acceptent</span> <span class='ocrx_word' id='word_1_71' title='bbox 952 607 982 635; x_wconf 87' lang='lat' dir='ltr'>et</span> <span class='ocrx_word' id='word_1_72' title='bbox 1006 606 1191 642; x_wconf 79' lang='lat' dir='ltr'>exerceant,</span> 
     </span>
     <span class='ocr_line' id='line_1_25' title="bbox 450 654 1191 699; baseline 0 -11"><span class='ocrx_word' id='word_1_73' title='bbox 450 655 649 699; x_wconf 80' lang='lat' dir='ltr'>negotiisque</span> <span class='ocrx_word' id='word_1_74' title='bbox 680 654 874 688; x_wconf 88' lang='lat' dir='ltr'>secularibus</span> <span class='ocrx_word' id='word_1_75' title='bbox 909 665 941 688; x_wconf 89' lang='lat' dir='ltr'>se</span> <span class='ocrx_word' id='word_1_76' title='bbox 974 655 1191 696; x_wconf 81' lang='lat' dir='ltr'>immisceant,</span> 
     </span>
     <span class='ocr_line' id='line_1_26' title="bbox 452 708 1191 753; baseline 0.001 -13"><span class='ocrx_word' id='word_1_77' title='bbox 452 712 560 742; x_wconf 91' lang='lat' dir='ltr'>tenore</span> <span class='ocrx_word' id='word_1_78' title='bbox 584 708 797 752; x_wconf 86' lang='lat' dir='ltr'>praesentium</span> <span class='ocrx_word' id='word_1_79' title='bbox 831 708 948 742; x_wconf 90' lang='lat' dir='ltr'>nedum</span> <span class='ocrx_word' id='word_1_80' title='bbox 982 709 1191 753; x_wconf 78' lang='lat' dir='ltr'>praelationes</span> 
     </span>
     <span class='ocr_line' id='line_1_27' title="bbox 451 760 1190 806; baseline 0.001 -12"><span class='ocrx_word' id='word_1_81' title='bbox 451 772 506 794; x_wconf 90' lang='lat' dir='ltr'>seu</span> <span class='ocrx_word' id='word_1_82' title='bbox 530 761 698 804; x_wconf 80' lang='lat' dir='ltr'>dignitates</span> <span class='ocrx_word' id='word_1_83' title='bbox 723 760 954 795; x_wconf 86' lang='lat' dir='ltr'>ecclesiasticas</span> <span class='ocrx_word' id='word_1_84' title='bbox 978 766 1066 795; x_wconf 87' lang='lat' dir='ltr'>extra</span> <span class='ocrx_word' id='word_1_85' title='bbox 1090 761 1190 806; x_wconf 88' lang='lat' dir='ltr'>ipsam</span> 
     </span>
     <span class='ocr_line' id='line_1_28' title="bbox 450 814 1191 859; baseline 0.003 -12"><span class='ocrx_word' id='word_1_86' title='bbox 450 815 637 849; x_wconf 80' lang='lat' dir='ltr'>Societatem</span> <span class='ocrx_word' id='word_1_87' title='bbox 669 814 853 856; x_wconf 86' lang='lat' dir='ltr'>existentes,</span> <span class='ocrx_word' id='word_1_88' title='bbox 882 815 937 848; x_wconf 86' lang='lat' dir='ltr'>sed</span> <span class='ocrx_word' id='word_1_89' title='bbox 966 815 1065 849; x_wconf 88' lang='lat' dir='ltr'>multo</span> <span class='ocrx_word' id='word_1_90' title='bbox 1091 816 1191 859; x_wconf 88' lang='lat' dir='ltr'>magis</span> 
     </span>
     <span class='ocr_line' id='line_1_29' title="bbox 450 869 1191 914; baseline 0.001 -13"><span class='ocrx_word' id='word_1_91' title='bbox 450 869 607 902; x_wconf 84' lang='lat' dir='ltr'>seculares</span> <span class='ocrx_word' id='word_1_92' title='bbox 636 879 851 913; x_wconf 89' lang='lat' dir='ltr'>quascumque</span> <span class='ocrx_word' id='word_1_93' title='bbox 864 869 883 910; x_wconf 87' lang='lat'>¹,</span> <span class='ocrx_word' id='word_1_94' title='bbox 908 879 944 902; x_wconf 87' lang='lat' dir='ltr'>ae</span> <span class='ocrx_word' id='word_1_95' title='bbox 974 879 1191 914; x_wconf 88' lang='lat' dir='ltr'>quaecumque</span> 
     </span>
     <span class='ocr_line' id='line_1_30' title="bbox 449 921 1190 965; baseline 0 -10"><span class='ocrx_word' id='word_1_96' title='bbox 449 922 573 963; x_wconf 83' lang='lat' dir='ltr'>officia,</span> <span class='ocrx_word' id='word_1_97' title='bbox 598 932 737 965; x_wconf 89' lang='lat' dir='ltr'>quorum</span> <span class='ocrx_word' id='word_1_98' title='bbox 761 921 910 955; x_wconf 85' lang='lat' dir='ltr'>officiales</span> <span class='ocrx_word' id='word_1_99' title='bbox 941 921 1190 956; x_wconf 87' lang='lat' dir='ltr'>iurisdictionem</span> 
     </span>
    </p>
   </div>
   <div class='ocr_carea' id='block_1_8' title="bbox 449 974 1209 1015">
    <p class='ocr_par' dir='ltr' id='par_1_9' title="bbox 449 974 1209 1015">
     <span class='ocr_line' id='line_1_31' title="bbox 449 974 1209 1015; baseline 0.001 -8"><span class='ocrx_word' id='word_1_100' title='bbox 449 974 693 1008; x_wconf 84' lang='lat' dir='ltr'>eeclesiasticam</span> <span class='ocrx_word' id='word_1_101' title='bbox 718 974 767 1007; x_wconf 80' lang='lat' dir='ltr'>vel</span> <span class='ocrx_word' id='word_1_102' title='bbox 791 974 934 1007; x_wconf 86' lang='lat' dir='ltr'>laicalem</span> <span class='ocrx_word' id='word_1_103' title='bbox 956 974 994 1007; x_wconf 89' lang='lat' dir='ltr'>de</span> <span class='ocrx_word' id='word_1_104' title='bbox 1019 975 1107 1015; x_wconf 88' lang='lat' dir='ltr'>iure,</span> <span class='ocrx_word' id='word_1_105' title='bbox 1133 985 1209 1008; x_wconf 54' lang='lat' dir='ltr'>usu*</span> 
     </span>
    </p>
   </div>
   <div class='ocr_carea' id='block_1_9' title="bbox 448 1028 1192 1336">
    <p class='ocr_par' dir='ltr' id='par_1_10' title="bbox 448 1028 1192 1336">
     <span class='ocr_line' id='line_1_32' title="bbox 451 1028 1191 1072; baseline 0.001 -11"><span class='ocrx_word' id='word_1_106' title='bbox 451 1030 497 1062; x_wconf 73' lang='lat' dir='ltr'>rel</span> <span class='ocrx_word' id='word_1_107' title='bbox 522 1028 749 1063; x_wconf 87' lang='lat' dir='ltr'>consuetudine</span> <span class='ocrx_word' id='word_1_108' title='bbox 775 1028 900 1070; x_wconf 75' lang='lat' dir='ltr'>habent,</span> <span class='ocrx_word' id='word_1_109' title='bbox 924 1039 978 1062; x_wconf 84' lang='lat' dir='ltr'>seu</span> <span class='ocrx_word' id='word_1_110' title='bbox 997 1029 1191 1072; x_wconf 86' lang='lat' dir='ltr'>quomodoli-</span> 
     </span>
     <span class='ocr_line' id='line_1_33' title="bbox 448 1083 1190 1127; baseline 0.001 -11"><span class='ocrx_word' id='word_1_111' title='bbox 448 1084 501 1116; x_wconf 88' lang='lat' dir='ltr'>bet</span> <span class='ocrx_word' id='word_1_112' title='bbox 524 1088 612 1116; x_wconf 88' lang='lat' dir='ltr'>extra</span> <span class='ocrx_word' id='word_1_113' title='bbox 629 1083 728 1127; x_wconf 85' lang='lat' dir='ltr'>ipsam</span> <span class='ocrx_word' id='word_1_114' title='bbox 750 1083 937 1117; x_wconf 84' lang='lat' dir='ltr'>Societatem</span> <span class='ocrx_word' id='word_1_115' title='bbox 959 1089 1114 1125; x_wconf 80' lang='lat' dir='ltr'>exercent,</span> <span class='ocrx_word' id='word_1_116' title='bbox 1133 1083 1190 1117; x_wconf 87' lang='lat' dir='ltr'>sub</span> 
     </span>
     <span class='ocr_line' id='line_1_34' title="bbox 450 1136 1190 1181; baseline 0.001 -12"><span class='ocrx_word' id='word_1_117' title='bbox 450 1136 611 1181; x_wconf 84' lang='lat' dir='ltr'>praedicto</span> <span class='ocrx_word' id='word_1_118' title='bbox 638 1140 709 1170; x_wconf 89' lang='lat' dir='ltr'>voto</span> <span class='ocrx_word' id='word_1_119' title='bbox 727 1142 757 1169; x_wconf 90' lang='lat' dir='ltr'>et</span> <span class='ocrx_word' id='word_1_120' title='bbox 776 1136 992 1179; x_wconf 82' lang='lat' dir='ltr'>prohibitione</span> <span class='ocrx_word' id='word_1_121' title='bbox 1009 1136 1190 1170; x_wconf 85' lang='lat' dir='ltr'>huiusmodi</span> 
     </span>
     <span class='ocr_line' id='line_1_35' title="bbox 450 1188 1190 1233; baseline 0 -11"><span class='ocrx_word' id='word_1_122' title='bbox 450 1189 680 1233; x_wconf 84' lang='lat' dir='ltr'>comprehensa</span> <span class='ocrx_word' id='word_1_123' title='bbox 706 1188 801 1221; x_wconf 83' lang='lat' dir='ltr'>fuisse</span> <span class='ocrx_word' id='word_1_124' title='bbox 832 1194 862 1221; x_wconf 89' lang='lat' dir='ltr'>et</span> <span class='ocrx_word' id='word_1_125' title='bbox 893 1199 961 1221; x_wconf 89' lang='lat' dir='ltr'>esse</span> <span class='ocrx_word' id='word_1_126' title='bbox 986 1199 1021 1222; x_wconf 84' lang='lat' dir='ltr'>ac</span> <span class='ocrx_word' id='word_1_127' title='bbox 1045 1199 1190 1233; x_wconf 85' lang='lat' dir='ltr'>eompre-</span> 
     </span>
     <span class='ocr_line' id='line_1_36' title="bbox 449 1242 1192 1276; baseline 0.001 -1"><span class='ocrx_word' id='word_1_128' title='bbox 449 1242 544 1276; x_wconf 85' lang='lat' dir='ltr'>hendi</span> <span class='ocrx_word' id='word_1_129' title='bbox 568 1242 683 1276; x_wconf 86' lang='lat' dir='ltr'>debere</span> <span class='ocrx_word' id='word_1_130' title='bbox 705 1242 848 1276; x_wconf 86' lang='lat' dir='ltr'>similiter</span> <span class='ocrx_word' id='word_1_131' title='bbox 872 1242 1068 1275; x_wconf 83' lang='lat' dir='ltr'>declaramus</span> <span class='ocrx_word' id='word_1_132' title='bbox 1093 1248 1123 1276; x_wconf 89' lang='lat' dir='ltr'>et</span> <span class='ocrx_word' id='word_1_133' title='bbox 1143 1243 1192 1276; x_wconf 88' lang='lat' dir='ltr'>de-</span> 
     </span>
     <span class='ocr_line' id='line_1_37' title="bbox 451 1296 627 1336; baseline 0 -7"><span class='ocrx_word' id='word_1_134' title='bbox 451 1296 610 1329; x_wconf 89' lang='lat' dir='ltr'>cernimus</span> <span class='ocrx_word' id='word_1_135' title='bbox 620 1307 627 1336; x_wconf 86' lang='lat'>;</span> 
     </span>
    </p>
   </div>
   <div class='ocr_carea' id='block_1_10' title="bbox 495 1349 1208 1393">
    <p class='ocr_par' dir='ltr' id='par_1_11' title="bbox 495 1349 1208 1393">
     <span class='ocr_line' id='line_1_38' title="bbox 495 1349 1208 1393; baseline 0.001 -11"><span class='ocrx_word' id='word_1_136' title='bbox 495 1350 510 1393; x_wconf 62' lang='grc' dir='ltr'><strong>ἓ</strong></span> <span class='ocrx_word' id='word_1_137' title='bbox 543 1349 593 1382; x_wconf 67' lang='grc'>14.</span> <span class='ocrx_word' id='word_1_138' title='bbox 626 1349 808 1382; x_wconf 85' lang='lat' dir='ltr'>Praesentes</span> <span class='ocrx_word' id='word_1_139' title='bbox 840 1359 965 1393; x_wconf 86' lang='lat' dir='ltr'>quoque</span> <span class='ocrx_word' id='word_1_140' title='bbox 998 1350 1117 1383; x_wconf 85' lang='lat' dir='ltr'>litteras</span> <span class='ocrx_word' id='word_1_141' title='bbox 1153 1350 1208 1383; x_wconf 61' lang='lat' dir='ltr'>de,</span> 
     </span>
    </p>
   </div>
   <div class='ocr_carea' id='block_1_11' title="bbox 449 1402 1192 2196">
    <p class='ocr_par' dir='ltr' id='par_1_12' title="bbox 449 1402 1192 2196">
     <span class='ocr_line' id='line_1_39' title="bbox 451 1402 1191 1447; baseline 0 -11"><span class='ocrx_word' id='word_1_142' title='bbox 451 1402 663 1447; x_wconf 83' lang='lat' dir='ltr'>subreptionis</span> <span class='ocrx_word' id='word_1_143' title='bbox 681 1403 727 1435; x_wconf 85' lang='lat' dir='ltr'>vel</span> <span class='ocrx_word' id='word_1_144' title='bbox 749 1402 944 1446; x_wconf 86' lang='lat' dir='ltr'>obreptionis</span> <span class='ocrx_word' id='word_1_145' title='bbox 965 1413 1020 1436; x_wconf 88' lang='lat' dir='ltr'>seu</span> <span class='ocrx_word' id='word_1_146' title='bbox 1040 1403 1191 1437; x_wconf 87' lang='lat' dir='ltr'>nullitatis</span> 
     </span>
     <span class='ocr_line' id='line_1_40' title="bbox 452 1456 1190 1501; baseline 0 -12"><span class='ocrx_word' id='word_1_147' title='bbox 452 1457 535 1499; x_wconf 73' lang='lat' dir='ltr'>vitio,</span> <span class='ocrx_word' id='word_1_148' title='bbox 561 1462 614 1489; x_wconf 85' lang='lat' dir='ltr'>aut</span> <span class='ocrx_word' id='word_1_149' title='bbox 634 1456 814 1489; x_wconf 87' lang='lat' dir='ltr'>intentionis</span> <span class='ocrx_word' id='word_1_150' title='bbox 832 1461 957 1490; x_wconf 85' lang='lat' dir='ltr'>nostrae</span> <span class='ocrx_word' id='word_1_151' title='bbox 974 1457 1022 1490; x_wconf 83' lang='lat' dir='ltr'>vel</span> <span class='ocrx_word' id='word_1_152' title='bbox 1042 1457 1190 1501; x_wconf 85' lang='lat' dir='ltr'>quopiam</span> 
     </span>
     <span class='ocr_line' id='line_1_41' title="bbox 450 1509 1190 1554; baseline 0 -11"><span class='ocrx_word' id='word_1_153' title='bbox 450 1511 511 1544; x_wconf 88' lang='lat' dir='ltr'>alio</span> <span class='ocrx_word' id='word_1_154' title='bbox 536 1510 659 1543; x_wconf 82' lang='lat' dir='ltr'>defectu</span> <span class='ocrx_word' id='word_1_155' title='bbox 678 1509 791 1550; x_wconf 86' lang='lat' dir='ltr'>notari,</span> <span class='ocrx_word' id='word_1_156' title='bbox 808 1510 999 1553; x_wconf 85' lang='lat' dir='ltr'>impugnari,</span> <span class='ocrx_word' id='word_1_157' title='bbox 1017 1510 1190 1554; x_wconf 60' lang='lat' dir='ltr'>invalidam,</span> 
     </span>
     <span class='ocr_line' id='line_1_42' title="bbox 450 1563 1192 1606; baseline 0 -10"><span class='ocrx_word' id='word_1_158' title='bbox 450 1563 590 1606; x_wconf 75' lang='lat' dir='ltr'>infringi,</span> <span class='ocrx_word' id='word_1_159' title='bbox 615 1564 789 1604; x_wconf 85' lang='lat' dir='ltr'>retractari,</span> <span class='ocrx_word' id='word_1_160' title='bbox 814 1563 845 1596; x_wconf 91' lang='lat' dir='ltr'>in</span> <span class='ocrx_word' id='word_1_161' title='bbox 870 1564 918 1596; x_wconf 89' lang='lat' dir='ltr'>ius</span> <span class='ocrx_word' id='word_1_162' title='bbox 942 1563 989 1596; x_wconf 73' lang='lat' dir='ltr'>vel</span> <span class='ocrx_word' id='word_1_163' title='bbox 1011 1568 1192 1597; x_wconf 86' lang='lat' dir='ltr'>controver-</span> 
     </span>
     <span class='ocr_line' id='line_1_43' title="bbox 450 1617 1191 1658; baseline 0.001 -8"><span class='ocrx_word' id='word_1_164' title='bbox 450 1617 527 1650; x_wconf 76' lang='lat' dir='ltr'>siam</span> <span class='ocrx_word' id='word_1_165' title='bbox 549 1617 665 1658; x_wconf 79' lang='lat' dir='ltr'>vocari,</span> <span class='ocrx_word' id='word_1_166' title='bbox 687 1627 742 1650; x_wconf 90' lang='lat' dir='ltr'>seu</span> <span class='ocrx_word' id='word_1_167' title='bbox 766 1617 805 1649; x_wconf 89' lang='lat' dir='ltr'>ad</span> <span class='ocrx_word' id='word_1_168' title='bbox 830 1617 910 1649; x_wconf 69' lang='lat' dir='ltr'>viam</span> <span class='ocrx_word' id='word_1_169' title='bbox 929 1622 959 1650; x_wconf 89' lang='lat' dir='ltr'>et</span> <span class='ocrx_word' id='word_1_170' title='bbox 976 1617 1127 1651; x_wconf 90' lang='lat' dir='ltr'>terminos</span> <span class='ocrx_word' id='word_1_171' title='bbox 1147 1618 1191 1650; x_wconf 87' lang='lat' dir='ltr'>iu-</span> 
     </span>
     <span class='ocr_line' id='line_1_44' title="bbox 449 1671 1191 1715; baseline -0.001 -10"><span class='ocrx_word' id='word_1_172' title='bbox 449 1672 493 1706; x_wconf 83' lang='lat' dir='ltr'>ris</span> <span class='ocrx_word' id='word_1_173' title='bbox 518 1671 636 1712; x_wconf 83' lang='lat' dir='ltr'>reduci,</span> <span class='ocrx_word' id='word_1_174' title='bbox 658 1676 711 1704; x_wconf 87' lang='lat' dir='ltr'>aut</span> <span class='ocrx_word' id='word_1_175' title='bbox 727 1671 876 1704; x_wconf 81' lang='lat' dir='ltr'>adversus</span> <span class='ocrx_word' id='word_1_176' title='bbox 901 1681 952 1704; x_wconf 86' lang='lat' dir='ltr'>eas</span> <span class='ocrx_word' id='word_1_177' title='bbox 970 1672 1191 1715; x_wconf 87' lang='lat' dir='ltr'>quodcumque</span> 
     </span>
     <span class='ocr_line' id='line_1_45' title="bbox 450 1724 1186 1769; baseline 0 -11"><span class='ocrx_word' id='word_1_178' title='bbox 450 1725 538 1766; x_wconf 86' lang='lat' dir='ltr'>iuris,</span> <span class='ocrx_word' id='word_1_179' title='bbox 563 1724 634 1757; x_wconf 84' lang='lat' dir='ltr'>sacti</span> <span class='ocrx_word' id='word_1_180' title='bbox 659 1725 706 1757; x_wconf 87' lang='lat' dir='ltr'>vel</span> <span class='ocrx_word' id='word_1_181' title='bbox 731 1724 851 1767; x_wconf 84' lang='lat' dir='ltr'>gratiae</span> <span class='ocrx_word' id='word_1_182' title='bbox 875 1725 1051 1758; x_wconf 86' lang='lat' dir='ltr'>remedium</span> <span class='ocrx_word' id='word_1_183' title='bbox 1083 1725 1186 1769; x_wconf 87' lang='lat' dir='ltr'>impe-</span> 
     </span>
     <span class='ocr_line' id='line_1_46' title="bbox 451 1777 1191 1822; baseline 0 -11"><span class='ocrx_word' id='word_1_184' title='bbox 451 1778 537 1819; x_wconf 88' lang='lat' dir='ltr'>trari,</span> <span class='ocrx_word' id='word_1_185' title='bbox 562 1782 615 1810; x_wconf 89' lang='lat' dir='ltr'>aut</span> <span class='ocrx_word' id='word_1_186' title='bbox 639 1777 779 1819; x_wconf 89' lang='lat' dir='ltr'>concedi,</span> <span class='ocrx_word' id='word_1_187' title='bbox 805 1777 869 1811; x_wconf 90' lang='lat' dir='ltr'>sive</span> <span class='ocrx_word' id='word_1_188' title='bbox 894 1777 988 1810; x_wconf 86' lang='lat' dir='ltr'>etiam</span> <span class='ocrx_word' id='word_1_189' title='bbox 1013 1782 1102 1811; x_wconf 89' lang='lat' dir='ltr'>motu</span> <span class='ocrx_word' id='word_1_190' title='bbox 1121 1789 1191 1822; x_wconf 88' lang='lat' dir='ltr'>pro-</span> 
     </span>
     <span class='ocr_line' id='line_1_47' title="bbox 449 1831 1189 1876; baseline 0 -13"><span class='ocrx_word' id='word_1_191' title='bbox 449 1832 520 1876; x_wconf 85' lang='lat' dir='ltr'>prio</span> <span class='ocrx_word' id='word_1_192' title='bbox 552 1841 607 1864; x_wconf 87' lang='lat' dir='ltr'>seu</span> <span class='ocrx_word' id='word_1_193' title='bbox 637 1831 712 1863; x_wconf 79' lang='lat' dir='ltr'>alias</span> <span class='ocrx_word' id='word_1_194' title='bbox 751 1841 900 1865; x_wconf 87' lang='lat' dir='ltr'>concesso</span> <span class='ocrx_word' id='word_1_195' title='bbox 931 1831 1113 1875; x_wconf 84' lang='lat' dir='ltr'>quempiam</span> <span class='ocrx_word' id='word_1_196' title='bbox 1146 1831 1189 1863; x_wconf 91' lang='lat' dir='ltr'>uti</span> 
     </span>
     <span class='ocr_line' id='line_1_48' title="bbox 451 1884 1190 1918; baseline 0 0"><span class='ocrx_word' id='word_1_197' title='bbox 451 1896 507 1918; x_wconf 84' lang='lat' dir='ltr'>scu</span> <span class='ocrx_word' id='word_1_198' title='bbox 531 1895 562 1918; x_wconf 88' lang='lat' dir='ltr'>se</span> <span class='ocrx_word' id='word_1_199' title='bbox 587 1885 695 1918; x_wconf 84' lang='lat' dir='ltr'>iuvare</span> <span class='ocrx_word' id='word_1_200' title='bbox 723 1884 755 1916; x_wconf 92' lang='lat' dir='ltr'>in</span> <span class='ocrx_word' id='word_1_201' title='bbox 787 1884 904 1917; x_wconf 89' lang='lat' dir='ltr'>iudicio</span> <span class='ocrx_word' id='word_1_202' title='bbox 935 1890 965 1917; x_wconf 89' lang='lat' dir='ltr'>et</span> <span class='ocrx_word' id='word_1_203' title='bbox 996 1889 1081 1918; x_wconf 87' lang='lat' dir='ltr'>extra</span> <span class='ocrx_word' id='word_1_204' title='bbox 1113 1885 1190 1918; x_wconf 91' lang='lat' dir='ltr'>illud</span> 
     </span>
     <span class='ocr_line' id='line_1_49' title="bbox 450 1937 1191 1983; baseline 0.001 -12"><span class='ocrx_word' id='word_1_205' title='bbox 450 1939 627 1972; x_wconf 88' lang='lat' dir='ltr'>nullatenus</span> <span class='ocrx_word' id='word_1_206' title='bbox 649 1948 752 1982; x_wconf 86' lang='lat' dir='ltr'>posse,</span> <span class='ocrx_word' id='word_1_207' title='bbox 773 1937 826 1970; x_wconf 89' lang='lat' dir='ltr'>sed</span> <span class='ocrx_word' id='word_1_208' title='bbox 847 1937 915 1971; x_wconf 90' lang='lat' dir='ltr'>illas</span> <span class='ocrx_word' id='word_1_209' title='bbox 936 1948 1060 1982; x_wconf 87' lang='lat' dir='ltr'>semper</span> <span class='ocrx_word' id='word_1_210' title='bbox 1077 1944 1107 1972; x_wconf 90' lang='lat' dir='ltr'>et</span> <span class='ocrx_word' id='word_1_211' title='bbox 1123 1950 1191 1983; x_wconf 88' lang='lat' dir='ltr'>per-</span> 
     </span>
     <span class='ocr_line' id='line_1_50' title="bbox 451 1991 1190 2037; baseline 0.003 -14"><span class='ocrx_word' id='word_1_212' title='bbox 451 1996 546 2037; x_wconf 76' lang='lat' dir='ltr'>petuo</span> <span class='ocrx_word' id='word_1_213' title='bbox 571 1992 698 2034; x_wconf 77' lang='lat' dir='ltr'>validas,</span> <span class='ocrx_word' id='word_1_214' title='bbox 721 1991 829 2024; x_wconf 81' lang='lat' dir='ltr'>sirmas</span> <span class='ocrx_word' id='word_1_215' title='bbox 846 1996 875 2024; x_wconf 89' lang='lat' dir='ltr'>et</span> <span class='ocrx_word' id='word_1_216' title='bbox 893 1992 1034 2025; x_wconf 87' lang='lat' dir='ltr'>efficaces</span> <span class='ocrx_word' id='word_1_217' title='bbox 1059 1992 1190 2025; x_wconf 79' lang='lat' dir='ltr'>existere</span> 
     </span>
     <span class='ocr_line' id='line_1_51' title="bbox 451 2044 1191 2089; baseline -0.001 -10"><span class='ocrx_word' id='word_1_218' title='bbox 451 2051 481 2079; x_wconf 84' lang='lat' dir='ltr'>et</span> <span class='ocrx_word' id='word_1_219' title='bbox 504 2046 581 2088; x_wconf 85' lang='lat' dir='ltr'>sore,</span> <span class='ocrx_word' id='word_1_220' title='bbox 606 2055 742 2089; x_wconf 83' lang='lat' dir='ltr'>suosque</span> <span class='ocrx_word' id='word_1_221' title='bbox 766 2044 927 2089; x_wconf 86' lang='lat' dir='ltr'>plenarios</span> <span class='ocrx_word' id='word_1_222' title='bbox 945 2050 975 2078; x_wconf 91' lang='lat' dir='ltr'>et</span> <span class='ocrx_word' id='word_1_223' title='bbox 992 2045 1132 2088; x_wconf 81' lang='lat' dir='ltr'>integros</span> <span class='ocrx_word' id='word_1_224' title='bbox 1151 2047 1191 2078; x_wconf 80' lang='lat' dir='ltr'>es-</span> 
     </span>
     <span class='ocr_line' id='line_1_52' title="bbox 451 2098 1190 2139; baseline -0.001 -7"><span class='ocrx_word' id='word_1_225' title='bbox 451 2100 549 2132; x_wconf 82' lang='lat' dir='ltr'>seetus</span> <span class='ocrx_word' id='word_1_226' title='bbox 575 2098 681 2133; x_wconf 86' lang='lat' dir='ltr'>sortiri</span> <span class='ocrx_word' id='word_1_227' title='bbox 706 2104 735 2133; x_wconf 86' lang='lat' dir='ltr'>et</span> <span class='ocrx_word' id='word_1_228' title='bbox 759 2098 910 2139; x_wconf 79' lang='lat' dir='ltr'>obtinere,</span> <span class='ocrx_word' id='word_1_229' title='bbox 935 2098 1018 2131; x_wconf 85' lang='lat' dir='ltr'>acin</span> <span class='ocrx_word' id='word_1_230' title='bbox 1034 2098 1117 2131; x_wconf 76' lang='lat' dir='ltr'>dicta</span> <span class='ocrx_word' id='word_1_231' title='bbox 1135 2099 1190 2132; x_wconf 86' lang='lat' dir='ltr'>So-</span> 
     </span>
     <span class='ocr_line' id='line_1_53' title="bbox 452 2147 1190 2196; baseline -0.001 -10"><span class='ocrx_word' id='word_1_232' title='bbox 452 2153 562 2187; x_wconf 81' lang='lat' dir='ltr'>cietate</span> <span class='ocrx_word' id='word_1_233' title='bbox 587 2152 625 2185; x_wconf 87' lang='lat' dir='ltr'>ab</span> <span class='ocrx_word' id='word_1_234' title='bbox 650 2151 795 2185; x_wconf 88' lang='lat' dir='ltr'>omnibus</span> <span class='ocrx_word' id='word_1_235' title='bbox 819 2156 849 2185; x_wconf 88' lang='lat' dir='ltr'>et</span> <span class='ocrx_word' id='word_1_236' title='bbox 873 2147 1022 2194; x_wconf 81' lang='lat' dir='ltr'>singulis,</span> <span class='ocrx_word' id='word_1_237' title='bbox 1049 2151 1086 2184; x_wconf 89' lang='lat' dir='ltr'>ad</span> <span class='ocrx_word' id='word_1_238' title='bbox 1111 2163 1190 2196; x_wconf 82' lang='lat' dir='ltr'>quos</span> 
     </span>
    </p>
   </div>
   <div class='ocr_carea' id='block_1_12' title="bbox 452 2205 1762 2293">
    <p class='ocr_par' dir='ltr' id='par_1_13' title="bbox 452 2205 1762 2293">
     <span class='ocr_line' id='line_1_54' title="bbox 452 2205 1209 2250; baseline -0.004 -10"><span class='ocrx_word' id='word_1_239' title='bbox 452 2211 570 2250; x_wconf 77' lang='lat' dir='ltr'>spectat</span> <span class='ocrx_word' id='word_1_240' title='bbox 594 2210 624 2239; x_wconf 88' lang='lat' dir='ltr'>et</span> <span class='ocrx_word' id='word_1_241' title='bbox 643 2216 701 2249; x_wconf 89' lang='lat' dir='ltr'>pro</span> <span class='ocrx_word' id='word_1_242' title='bbox 727 2209 869 2249; x_wconf 88' lang='lat' dir='ltr'>tempore</span> <span class='ocrx_word' id='word_1_243' title='bbox 894 2205 1062 2249; x_wconf 79' lang='lat' dir='ltr'>spectabit,</span> <span class='ocrx_word' id='word_1_244' title='bbox 1088 2205 1209 2238; x_wconf 46' lang='lat' dir='ltr'>invio-x</span> 
     </span>
     <span class='ocr_line' id='line_1_55' title="bbox 1206 2234 1762 2293; baseline 0.009 -11"><span class='ocrx_word' id='word_1_245' title='bbox 1206 2234 1210 2293; x_wconf 63' lang='lat' dir='ltr'>i</span> <span class='ocrx_word' id='word_1_246' title='bbox 1432 2257 1567 2285; x_wconf 81' lang='lat' dir='ltr'>Urbanus</span> <span class='ocrx_word' id='word_1_247' title='bbox 1587 2259 1665 2292; x_wconf 85' lang='lat' dir='ltr'>Papa</span> <span class='ocrx_word' id='word_1_248' title='bbox 1684 2259 1762 2292; x_wconf 86' lang='lat' dir='ltr'>vm,</span> 
     </span>
    </p>
   </div>
   <div class='ocr_carea' id='block_1_13' title="bbox 452 2259 749 2299">
    <p class='ocr_par' dir='ltr' id='par_1_14' title="bbox 452 2259 749 2299">
     <span class='ocr_line' id='line_1_56' title="bbox 452 2259 749 2299; baseline -0.007 -6"><span class='ocrx_word' id='word_1_249' title='bbox 452 2260 587 2294; x_wconf 81' lang='lat' dir='ltr'>labiliter</span> <span class='ocrx_word' id='word_1_250' title='bbox 612 2259 749 2299; x_wconf 80' lang='lat' dir='ltr'>servari;</span> 
     </span>
    </p>
   </div>
   <div class='ocr_carea' id='block_1_14' title="bbox 497 2311 1209 2358">
    <p class='ocr_par' dir='ltr' id='par_1_15' title="bbox 497 2311 1209 2358">
     <span class='ocr_line' id='line_1_57' title="bbox 497 2311 1209 2358; baseline -0.003 -12"><span class='ocrx_word' id='word_1_251' title='bbox 497 2314 512 2358; x_wconf 60' lang='grc' dir='ltr'><strong>ἓ</strong></span> <span class='ocrx_word' id='word_1_252' title='bbox 537 2313 587 2347; x_wconf 74' lang='grc'>15.</span> <span class='ocrx_word' id='word_1_253' title='bbox 613 2313 726 2356; x_wconf 86' lang='lat' dir='ltr'>Sicque</span> <span class='ocrx_word' id='word_1_254' title='bbox 749 2323 807 2356; x_wconf 90' lang='lat' dir='ltr'>per</span> <span class='ocrx_word' id='word_1_255' title='bbox 831 2322 1045 2356; x_wconf 84' lang='lat' dir='ltr'>quoscumque</span> <span class='ocrx_word' id='word_1_256' title='bbox 1073 2311 1209 2345; x_wconf 68' lang='lat' dir='ltr'>iudices⁴</span> 
     </span>
    </p>
   </div>
   <div class='ocr_carea' id='block_1_15' title="bbox 453 2366 1191 2678">
    <p class='ocr_par' dir='ltr' id='par_1_16' title="bbox 453 2366 1188 2408">
     <span class='ocr_line' id='line_1_58' title="bbox 453 2366 1188 2408; baseline -0.005 -7"><span class='ocrx_word' id='word_1_257' title='bbox 453 2367 631 2402; x_wconf 87' lang='lat' dir='ltr'>ordinarios</span> <span class='ocrx_word' id='word_1_258' title='bbox 654 2371 685 2399; x_wconf 90' lang='lat' dir='ltr'>et</span> <span class='ocrx_word' id='word_1_259' title='bbox 708 2366 877 2408; x_wconf 83' lang='lat' dir='ltr'>delegatos7</span> <span class='ocrx_word' id='word_1_260' title='bbox 903 2366 994 2398; x_wconf 90' lang='lat' dir='ltr'>etiam</span> <span class='ocrx_word' id='word_1_261' title='bbox 1021 2376 1188 2399; x_wconf 88' lang='lat' dir='ltr'>causarum</span> 
     </span>
    </p>

    <p class='ocr_par' dir='ltr' id='par_1_17' title="bbox 454 2419 1189 2465">
     <span class='ocr_line' id='line_1_59' title="bbox 454 2419 1189 2465; baseline -0.001 -13"><span class='ocrx_word' id='word_1_262' title='bbox 454 2421 560 2465; x_wconf 71' lang='lat' dir='ltr'>palatii</span> <span class='ocrx_word' id='word_1_263' title='bbox 591 2419 754 2464; x_wconf 87' lang='lat' dir='ltr'>apostolici</span> <span class='ocrx_word' id='word_1_264' title='bbox 785 2419 964 2460; x_wconf 80' lang='lat' dir='ltr'>auditores,</span> <span class='ocrx_word' id='word_1_265' title='bbox 990 2424 1017 2452; x_wconf 91' lang='lat' dir='ltr'>et</span> <span class='ocrx_word' id='word_1_266' title='bbox 1043 2420 1071 2453; x_wconf 82' lang='lat' dir='ltr'>S.</span> <span class='ocrx_word' id='word_1_267' title='bbox 1097 2420 1131 2452; x_wconf 79' lang='lat' dir='ltr'>R.</span> <span class='ocrx_word' id='word_1_268' title='bbox 1157 2419 1189 2452; x_wconf 90' lang='lat' dir='ltr'>E.</span> 
     </span>
    </p>

    <p class='ocr_par' dir='ltr' id='par_1_18' title="bbox 453 2472 1191 2516">
     <span class='ocr_line' id='line_1_60' title="bbox 453 2472 1191 2516; baseline -0.001 -10"><span class='ocrx_word' id='word_1_269' title='bbox 453 2474 637 2514; x_wconf 81' lang='lat' dir='ltr'>cardinales,</span> <span class='ocrx_word' id='word_1_270' title='bbox 652 2473 744 2506; x_wconf 86' lang='lat' dir='ltr'>etiam</span> <span class='ocrx_word' id='word_1_271' title='bbox 762 2472 800 2506; x_wconf 87' lang='lat' dir='ltr'>de</span> <span class='ocrx_word' id='word_1_272' title='bbox 816 2473 913 2506; x_wconf 87' lang='lat' dir='ltr'>latere</span> <span class='ocrx_word' id='word_1_273' title='bbox 927 2473 1057 2516; x_wconf 82' lang='lat' dir='ltr'>legatos,</span> <span class='ocrx_word' id='word_1_274' title='bbox 1072 2478 1101 2506; x_wconf 87' lang='lat' dir='ltr'>et</span> <span class='ocrx_word' id='word_1_275' title='bbox 1117 2483 1191 2505; x_wconf 90' lang='lat' dir='ltr'>nun-</span> 
     </span>
    </p>

    <p class='ocr_par' dir='ltr' id='par_1_19' title="bbox 454 2526 1188 2571">
     <span class='ocr_line' id='line_1_61' title="bbox 454 2526 1188 2571; baseline -0.001 -11"><span class='ocrx_word' id='word_1_276' title='bbox 454 2528 528 2568; x_wconf 46' lang='lat' dir='ltr'>cios</span> <span class='ocrx_word' id='word_1_277' title='bbox 546 2527 654 2571; x_wconf 77' lang='lat' dir='ltr'>quavis</span> <span class='ocrx_word' id='word_1_278' title='bbox 674 2527 859 2560; x_wconf 86' lang='lat' dir='ltr'>auctoritate</span> <span class='ocrx_word' id='word_1_279' title='bbox 876 2527 1052 2570; x_wconf 82' lang='lat' dir='ltr'>fungentes,</span> <span class='ocrx_word' id='word_1_280' title='bbox 1069 2526 1188 2560; x_wconf 77' lang='lat' dir='ltr'>sublata</span> 
     </span>
    </p>

    <p class='ocr_par' dir='ltr' id='par_1_20' title="bbox 455 2579 1191 2678">
     <span class='ocr_line' id='line_1_62' title="bbox 455 2579 1191 2624; baseline -0.003 -10"><span class='ocrx_word' id='word_1_281' title='bbox 455 2581 498 2614; x_wconf 85' lang='lat' dir='ltr'>cis</span> <span class='ocrx_word' id='word_1_282' title='bbox 523 2585 552 2615; x_wconf 91' lang='lat' dir='ltr'>et</span> <span class='ocrx_word' id='word_1_283' title='bbox 576 2591 685 2614; x_wconf 88' lang='lat' dir='ltr'>eorum</span> <span class='ocrx_word' id='word_1_284' title='bbox 712 2580 838 2614; x_wconf 86' lang='lat' dir='ltr'>cuilibet</span> <span class='ocrx_word' id='word_1_285' title='bbox 862 2580 971 2624; x_wconf 82' lang='lat' dir='ltr'>quavis</span> <span class='ocrx_word' id='word_1_286' title='bbox 996 2580 1085 2614; x_wconf 88' lang='lat' dir='ltr'>aliter</span> <span class='ocrx_word' id='word_1_287' title='bbox 1109 2579 1191 2613; x_wconf 86' lang='lat' dir='ltr'>iudi-</span> 
     </span>
     <span class='ocr_line' id='line_1_63' title="bbox 491 2642 1087 2678; baseline 0 -8"><span class='ocrx_word' id='word_1_288' title='bbox 491 2644 502 2671; x_wconf 80' lang='grc'><strong>1</strong></span> <span class='ocrx_word' id='word_1_289' title='bbox 521 2642 591 2670; x_wconf 84' lang='lat' dir='ltr'>Edit.</span> <span class='ocrx_word' id='word_1_290' title='bbox 607 2642 685 2670; x_wconf 83' lang='lat' dir='ltr'>Main.</span> <span class='ocrx_word' id='word_1_291' title='bbox 701 2642 765 2678; x_wconf 81' lang='lat' dir='ltr'>legit</span> <span class='ocrx_word' id='word_1_292' title='bbox 780 2651 971 2678; x_wconf 71' lang='lat' dir='ltr'>quoscumque</span> <span class='ocrx_word' id='word_1_293' title='bbox 985 2643 1022 2677; x_wconf 76' lang='lat' dir='ltr'>(n.</span> <span class='ocrx_word' id='word_1_294' title='bbox 1039 2644 1087 2677; x_wconf 82' lang='lat' dir='ltr'>T.).</span> 
     </span>
    </p>
   </div>
   <div class='ocr_carea' id='block_1_16' title="bbox 1028 213 1392 258">
    <p class='ocr_par' dir='ltr' id='par_1_21' title="bbox 1028 213 1392 258">
     <span class='ocr_line' id='line_1_64' title="bbox 1028 213 1392 258; baseline 0.003 -1"><span class='ocrx_word' id='word_1_295' title='bbox 1028 232 1209 258; x_wconf 60' lang='lat' dir='ltr'>numanum</span> <span class='ocrx_word' id='word_1_296' title='bbox 1235 213 1392 258; x_wconf 69' lang='lat' dir='ltr'>Romnum</span> 
     </span>
    </p>
   </div>
   <div class='ocr_carea' id='block_1_17' title="bbox 1224 281 1967 1823">
    <p class='ocr_par' dir='ltr' id='par_1_22' title="bbox 1225 281 1966 580">
     <span class='ocr_line' id='line_1_65' title="bbox 1227 281 1965 326; baseline 0.003 -12"><span class='ocrx_word' id='word_1_297' title='bbox 1227 281 1318 314; x_wconf 87' lang='lat' dir='ltr'>candi</span> <span class='ocrx_word' id='word_1_298' title='bbox 1351 285 1381 316; x_wconf 87' lang='lat' dir='ltr'>et</span> <span class='ocrx_word' id='word_1_299' title='bbox 1410 281 1634 326; x_wconf 86' lang='lat' dir='ltr'>interpretandi</span> <span class='ocrx_word' id='word_1_300' title='bbox 1665 282 1810 317; x_wconf 84' lang='lat' dir='ltr'>facultate</span> <span class='ocrx_word' id='word_1_301' title='bbox 1833 282 1965 317; x_wconf 81' lang='lat' dir='ltr'>auctori-</span> 
     </span>
     <span class='ocr_line' id='line_1_66' title="bbox 1227 333 1964 377; baseline 0.003 -11"><span class='ocrx_word' id='word_1_302' title='bbox 1227 339 1365 377; x_wconf 81' lang='lat' dir='ltr'>tateque,</span> <span class='ocrx_word' id='word_1_303' title='bbox 1391 333 1607 377; x_wconf 88' lang='lat' dir='ltr'>interpretari,</span> <span class='ocrx_word' id='word_1_304' title='bbox 1632 334 1762 368; x_wconf 85' lang='lat' dir='ltr'>iudicari</span> <span class='ocrx_word' id='word_1_305' title='bbox 1787 340 1817 368; x_wconf 85' lang='lat' dir='ltr'>et</span> <span class='ocrx_word' id='word_1_306' title='bbox 1840 334 1964 368; x_wconf 84' lang='lat' dir='ltr'>definiri</span> 
     </span>
     <span class='ocr_line' id='line_1_67' title="bbox 1227 386 1966 430; baseline 0.003 -11"><span class='ocrx_word' id='word_1_307' title='bbox 1227 386 1353 427; x_wconf 87' lang='lat' dir='ltr'>debere,</span> <span class='ocrx_word' id='word_1_308' title='bbox 1379 397 1414 420; x_wconf 88' lang='lat' dir='ltr'>ae</span> <span class='ocrx_word' id='word_1_309' title='bbox 1438 386 1564 419; x_wconf 87' lang='lat' dir='ltr'>irritum</span> <span class='ocrx_word' id='word_1_310' title='bbox 1588 390 1618 420; x_wconf 89' lang='lat' dir='ltr'>et</span> <span class='ocrx_word' id='word_1_311' title='bbox 1641 387 1742 430; x_wconf 87' lang='lat' dir='ltr'>inane,</span> <span class='ocrx_word' id='word_1_312' title='bbox 1759 388 1785 420; x_wconf 89' lang='lat' dir='ltr'>si</span> <span class='ocrx_word' id='word_1_313' title='bbox 1809 398 1897 421; x_wconf 89' lang='lat' dir='ltr'>secus</span> <span class='ocrx_word' id='word_1_314' title='bbox 1917 399 1966 421; x_wconf 89' lang='lat' dir='ltr'>su-</span> 
     </span>
     <span class='ocr_line' id='line_1_68' title="bbox 1225 439 1963 484; baseline 0.004 -12"><span class='ocrx_word' id='word_1_315' title='bbox 1225 450 1283 484; x_wconf 91' lang='lat' dir='ltr'>per</span> <span class='ocrx_word' id='word_1_316' title='bbox 1307 439 1356 473; x_wconf 88' lang='lat' dir='ltr'>his</span> <span class='ocrx_word' id='word_1_317' title='bbox 1385 450 1402 472; x_wconf 89' lang='lat' dir='ltr'>a</span> <span class='ocrx_word' id='word_1_318' title='bbox 1433 450 1602 484; x_wconf 88' lang='lat' dir='ltr'>quoquam,</span> <span class='ocrx_word' id='word_1_319' title='bbox 1628 440 1738 484; x_wconf 83' lang='lat' dir='ltr'>quavis</span> <span class='ocrx_word' id='word_1_320' title='bbox 1757 441 1941 475; x_wconf 86' lang='lat' dir='ltr'>auctoritate</span> <span class='ocrx_word' id='word_1_321' title='bbox 1956 468 1963 482; x_wconf 90' lang='lat'>,</span> 
     </span>
     <span class='ocr_line' id='line_1_69' title="bbox 1226 485 1965 538; baseline 0.003 -12"><span class='ocrx_word' id='word_1_322' title='bbox 1226 493 1362 527; x_wconf 87' lang='lat' dir='ltr'>scienter</span> <span class='ocrx_word' id='word_1_323' title='bbox 1387 485 1436 526; x_wconf 87' lang='lat' dir='ltr'>vel</span> <span class='ocrx_word' id='word_1_324' title='bbox 1459 493 1652 537; x_wconf 81' lang='lat' dir='ltr'>ignoranter,</span> <span class='ocrx_word' id='word_1_325' title='bbox 1677 493 1844 538; x_wconf 82' lang='lat' dir='ltr'>eontigerit</span> <span class='ocrx_word' id='word_1_326' title='bbox 1867 499 1965 529; x_wconf 85' lang='lat' dir='ltr'>atten-</span> 
     </span>
     <span class='ocr_line' id='line_1_70' title="bbox 1226 548 1296 580; baseline 0.014 -1"><span class='ocrx_word' id='word_1_327' title='bbox 1226 548 1296 580; x_wconf 84' lang='lat' dir='ltr'>tari.</span> 
     </span>
    </p>

    <p class='ocr_par' dir='ltr' id='par_1_23' title="bbox 1224 600 1967 1609">
     <span class='ocr_line' id='line_1_71' title="bbox 1270 600 1965 645; baseline 0.004 -12"><span class='ocrx_word' id='word_1_328' title='bbox 1270 601 1285 645; x_wconf 63' lang='grc' dir='ltr'>ξ</span> <span class='ocrx_word' id='word_1_329' title='bbox 1310 600 1361 634; x_wconf 84' lang='grc'>16.</span> <span class='ocrx_word' id='word_1_330' title='bbox 1387 600 1455 634; x_wconf 93' lang='lat' dir='ltr'>Non</span> <span class='ocrx_word' id='word_1_331' title='bbox 1472 600 1668 634; x_wconf 88' lang='lat' dir='ltr'>obstantibus</span> <span class='ocrx_word' id='word_1_332' title='bbox 1688 601 1965 636; x_wconf 88' lang='lat' dir='ltr'>constitutionibus</span> 
     </span>
     <span class='ocr_line' id='line_1_72' title="bbox 1226 653 1964 699; baseline 0.003 -12"><span class='ocrx_word' id='word_1_333' title='bbox 1226 658 1256 687; x_wconf 89' lang='lat' dir='ltr'>et</span> <span class='ocrx_word' id='word_1_334' title='bbox 1280 653 1532 688; x_wconf 89' lang='lat' dir='ltr'>ordinationibus</span> <span class='ocrx_word' id='word_1_335' title='bbox 1548 654 1738 698; x_wconf 86' lang='lat' dir='ltr'>apostolicis,</span> <span class='ocrx_word' id='word_1_336' title='bbox 1755 659 1795 696; x_wconf 86' lang='lat' dir='ltr'>et,</span> <span class='ocrx_word' id='word_1_337' title='bbox 1812 660 1964 699; x_wconf 86' lang='lat' dir='ltr'>quatenus</span> 
     </span>
     <span class='ocr_line' id='line_1_73' title="bbox 1225 708 1964 752; baseline 0.004 -12"><span class='ocrx_word' id='word_1_338' title='bbox 1225 719 1304 752; x_wconf 86' lang='lat' dir='ltr'>opus</span> <span class='ocrx_word' id='word_1_339' title='bbox 1327 708 1427 749; x_wconf 92' lang='lat' dir='ltr'>soret,</span> <span class='ocrx_word' id='word_1_340' title='bbox 1453 708 1545 741; x_wconf 88' lang='lat' dir='ltr'>etiam</span> <span class='ocrx_word' id='word_1_341' title='bbox 1570 709 1680 752; x_wconf 72' lang='lat' dir='ltr'>regula</span> <span class='ocrx_word' id='word_1_342' title='bbox 1702 710 1811 743; x_wconf 78' lang='lat' dir='ltr'>nostra</span> <span class='ocrx_word' id='word_1_343' title='bbox 1835 709 1874 742; x_wconf 90' lang='lat' dir='ltr'>de</span> <span class='ocrx_word' id='word_1_344' title='bbox 1901 719 1964 743; x_wconf 91' lang='lat' dir='ltr'>non</span> 
     </span>
     <span class='ocr_line' id='line_1_74' title="bbox 1225 761 1964 806; baseline 0.003 -12"><span class='ocrx_word' id='word_1_345' title='bbox 1225 761 1363 796; x_wconf 88' lang='lat' dir='ltr'>tollendo</span> <span class='ocrx_word' id='word_1_346' title='bbox 1387 762 1456 796; x_wconf 85' lang='lat' dir='ltr'>iure</span> <span class='ocrx_word' id='word_1_347' title='bbox 1481 762 1640 806; x_wconf 86' lang='lat' dir='ltr'>quaesito,</span> <span class='ocrx_word' id='word_1_348' title='bbox 1664 772 1786 796; x_wconf 89' lang='lat' dir='ltr'>necnon</span> <span class='ocrx_word' id='word_1_349' title='bbox 1817 763 1964 798; x_wconf 88' lang='lat' dir='ltr'>omnibus</span> 
     </span>
     <span class='ocr_line' id='line_1_75' title="bbox 1225 814 1964 859; baseline 0.004 -12"><span class='ocrx_word' id='word_1_350' title='bbox 1225 814 1296 856; x_wconf 86' lang='lat' dir='ltr'>illis,</span> <span class='ocrx_word' id='word_1_351' title='bbox 1321 825 1401 859; x_wconf 87' lang='lat' dir='ltr'>quae</span> <span class='ocrx_word' id='word_1_352' title='bbox 1425 815 1456 847; x_wconf 90' lang='lat' dir='ltr'>in</span> <span class='ocrx_word' id='word_1_353' title='bbox 1481 814 1597 848; x_wconf 90' lang='lat' dir='ltr'>eisdem</span> <span class='ocrx_word' id='word_1_354' title='bbox 1622 815 1825 859; x_wconf 87' lang='lat' dir='ltr'>praeinsertis</span> <span class='ocrx_word' id='word_1_355' title='bbox 1852 816 1964 850; x_wconf 87' lang='lat' dir='ltr'>litteris</span> 
     </span>
     <span class='ocr_line' id='line_1_76' title="bbox 1225 868 1965 913; baseline 0.003 -12"><span class='ocrx_word' id='word_1_356' title='bbox 1225 878 1374 902; x_wconf 86' lang='lat' dir='ltr'>concessa</span> <span class='ocrx_word' id='word_1_357' title='bbox 1399 873 1471 901; x_wconf 91' lang='lat' dir='ltr'>sunt</span> <span class='ocrx_word' id='word_1_358' title='bbox 1494 878 1557 902; x_wconf 90' lang='lat' dir='ltr'>non</span> <span class='ocrx_word' id='word_1_359' title='bbox 1581 868 1716 909; x_wconf 85' lang='lat' dir='ltr'>obstare;</span> <span class='ocrx_word' id='word_1_360' title='bbox 1734 869 1847 913; x_wconf 85' lang='lat' dir='ltr'>quibus</span> <span class='ocrx_word' id='word_1_361' title='bbox 1868 870 1965 903; x_wconf 90' lang='lat' dir='ltr'>omni-</span> 
     </span>
     <span class='ocr_line' id='line_1_77' title="bbox 1225 922 1966 967; baseline 0.004 -13"><span class='ocrx_word' id='word_1_362' title='bbox 1225 922 1283 955; x_wconf 86' lang='lat' dir='ltr'>bus</span> <span class='ocrx_word' id='word_1_363' title='bbox 1309 927 1338 955; x_wconf 88' lang='lat' dir='ltr'>et</span> <span class='ocrx_word' id='word_1_364' title='bbox 1362 922 1503 965; x_wconf 85' lang='lat' dir='ltr'>singulis,</span> <span class='ocrx_word' id='word_1_365' title='bbox 1529 922 1650 956; x_wconf 88' lang='lat' dir='ltr'>etiarnsi</span> <span class='ocrx_word' id='word_1_366' title='bbox 1670 932 1729 967; x_wconf 90' lang='lat' dir='ltr'>pro</span> <span class='ocrx_word' id='word_1_367' title='bbox 1753 922 1879 956; x_wconf 89' lang='lat' dir='ltr'>illorum</span> <span class='ocrx_word' id='word_1_368' title='bbox 1903 923 1966 957; x_wconf 88' lang='lat' dir='ltr'>sus-</span> 
     </span>
     <span class='ocr_line' id='line_1_78' title="bbox 1226 975 1965 1020; baseline 0.004 -12"><span class='ocrx_word' id='word_1_369' title='bbox 1226 975 1341 1008; x_wconf 82' lang='lat' dir='ltr'>ticienti</span> <span class='ocrx_word' id='word_1_370' title='bbox 1362 975 1567 1019; x_wconf 79' lang='lat' dir='ltr'>derogatione</span> <span class='ocrx_word' id='word_1_371' title='bbox 1587 975 1625 1008; x_wconf 90' lang='lat' dir='ltr'>de</span> <span class='ocrx_word' id='word_1_372' title='bbox 1642 975 1703 1008; x_wconf 89' lang='lat' dir='ltr'>illis</span> <span class='ocrx_word' id='word_1_373' title='bbox 1721 986 1895 1020; x_wconf 88' lang='lat' dir='ltr'>eorumque</span> <span class='ocrx_word' id='word_1_374' title='bbox 1918 982 1965 1011; x_wconf 91' lang='lat' dir='ltr'>to-</span> 
     </span>
     <span class='ocr_line' id='line_1_79' title="bbox 1225 1028 1966 1074; baseline 0.004 -14"><span class='ocrx_word' id='word_1_375' title='bbox 1225 1028 1263 1061; x_wconf 84' lang='lat' dir='ltr'>tis</span> <span class='ocrx_word' id='word_1_376' title='bbox 1280 1028 1441 1062; x_wconf 89' lang='lat' dir='ltr'>tenoribus</span> <span class='ocrx_word' id='word_1_377' title='bbox 1467 1028 1620 1072; x_wconf 84' lang='lat' dir='ltr'>specialis,</span> <span class='ocrx_word' id='word_1_378' title='bbox 1645 1028 1801 1073; x_wconf 83' lang='lat' dir='ltr'>specifica,</span> <span class='ocrx_word' id='word_1_379' title='bbox 1818 1039 1966 1074; x_wconf 87' lang='lat' dir='ltr'>expressa</span> 
     </span>
     <span class='ocr_line' id='line_1_80' title="bbox 1225 1081 1964 1124; baseline 0.004 -11"><span class='ocrx_word' id='word_1_380' title='bbox 1225 1086 1255 1114; x_wconf 87' lang='lat' dir='ltr'>et</span> <span class='ocrx_word' id='word_1_381' title='bbox 1279 1081 1457 1122; x_wconf 81' lang='lat' dir='ltr'>individua,</span> <span class='ocrx_word' id='word_1_382' title='bbox 1483 1092 1518 1115; x_wconf 87' lang='lat' dir='ltr'>ae</span> <span class='ocrx_word' id='word_1_383' title='bbox 1543 1081 1581 1114; x_wconf 94' lang='lat' dir='ltr'>de</span> <span class='ocrx_word' id='word_1_384' title='bbox 1613 1082 1711 1115; x_wconf 86' lang='lat' dir='ltr'>verbo</span> <span class='ocrx_word' id='word_1_385' title='bbox 1741 1082 1780 1115; x_wconf 88' lang='lat' dir='ltr'>ad</span> <span class='ocrx_word' id='word_1_386' title='bbox 1812 1083 1941 1116; x_wconf 75' lang='lat' dir='ltr'>verbum</span> <span class='ocrx_word' id='word_1_387' title='bbox 1957 1110 1964 1124; x_wconf 91' lang='lat'>‚</span> 
     </span>
     <span class='ocr_line' id='line_1_81' title="bbox 1224 1136 1965 1180; baseline 0.005 -13"><span class='ocrx_word' id='word_1_388' title='bbox 1224 1145 1287 1176; x_wconf 83' lang='lat' dir='ltr'>non</span> <span class='ocrx_word' id='word_1_389' title='bbox 1312 1142 1415 1168; x_wconf 88' lang='lat' dir='ltr'>autem</span> <span class='ocrx_word' id='word_1_390' title='bbox 1440 1146 1496 1180; x_wconf 88' lang='lat' dir='ltr'>per</span> <span class='ocrx_word' id='word_1_391' title='bbox 1521 1136 1676 1169; x_wconf 87' lang='lat' dir='ltr'>clausulas</span> <span class='ocrx_word' id='word_1_392' title='bbox 1700 1137 1864 1180; x_wconf 84' lang='lat' dir='ltr'>generales</span> <span class='ocrx_word' id='word_1_393' title='bbox 1881 1137 1965 1171; x_wconf 86' lang='lat' dir='ltr'>idem</span> 
     </span>
     <span class='ocr_line' id='line_1_82' title="bbox 1225 1188 1966 1233; baseline 0.005 -13"><span class='ocrx_word' id='word_1_394' title='bbox 1225 1188 1443 1233; x_wconf 81' lang='lat' dir='ltr'>importantes,</span> <span class='ocrx_word' id='word_1_395' title='bbox 1469 1190 1586 1223; x_wconf 90' lang='lat' dir='ltr'>mentio</span> <span class='ocrx_word' id='word_1_396' title='bbox 1611 1201 1666 1223; x_wconf 86' lang='lat' dir='ltr'>seu</span> <span class='ocrx_word' id='word_1_397' title='bbox 1691 1190 1819 1233; x_wconf 85' lang='lat' dir='ltr'>quaevis</span> <span class='ocrx_word' id='word_1_398' title='bbox 1838 1191 1898 1223; x_wconf 90' lang='lat' dir='ltr'>alia</span> <span class='ocrx_word' id='word_1_399' title='bbox 1916 1201 1966 1224; x_wconf 88' lang='lat' dir='ltr'>ex-</span> 
     </span>
     <span class='ocr_line' id='line_1_83' title="bbox 1224 1242 1965 1288; baseline 0.003 -13"><span class='ocrx_word' id='word_1_400' title='bbox 1224 1242 1346 1286; x_wconf 88' lang='lat' dir='ltr'>pressio</span> <span class='ocrx_word' id='word_1_401' title='bbox 1370 1243 1515 1276; x_wconf 82' lang='lat' dir='ltr'>habenda</span> <span class='ocrx_word' id='word_1_402' title='bbox 1540 1248 1593 1276; x_wconf 87' lang='lat' dir='ltr'>aut</span> <span class='ocrx_word' id='word_1_403' title='bbox 1616 1243 1719 1288; x_wconf 83' lang='lat' dir='ltr'>aliqua</span> <span class='ocrx_word' id='word_1_404' title='bbox 1736 1244 1796 1276; x_wconf 87' lang='lat' dir='ltr'>alia</span> <span class='ocrx_word' id='word_1_405' title='bbox 1813 1244 1965 1288; x_wconf 85' lang='lat' dir='ltr'>exquisita</span> 
     </span>
     <span class='ocr_line' id='line_1_84' title="bbox 1226 1296 1965 1338; baseline 0.003 -10"><span class='ocrx_word' id='word_1_406' title='bbox 1226 1296 1326 1329; x_wconf 79' lang='lat' dir='ltr'>forma</span> <span class='ocrx_word' id='word_1_407' title='bbox 1351 1296 1389 1329; x_wconf 85' lang='lat' dir='ltr'>ad</span> <span class='ocrx_word' id='word_1_408' title='bbox 1412 1297 1472 1330; x_wconf 89' lang='lat' dir='ltr'>hoc</span> <span class='ocrx_word' id='word_1_409' title='bbox 1497 1297 1650 1330; x_wconf 86' lang='lat' dir='ltr'>servanda</span> <span class='ocrx_word' id='word_1_410' title='bbox 1666 1297 1757 1338; x_wconf 84' lang='lat' dir='ltr'>soret,</span> <span class='ocrx_word' id='word_1_411' title='bbox 1774 1308 1884 1331; x_wconf 91' lang='lat' dir='ltr'>eorum</span> <span class='ocrx_word' id='word_1_412' title='bbox 1902 1308 1965 1331; x_wconf 91' lang='lat' dir='ltr'>om-</span> 
     </span>
     <span class='ocr_line' id='line_1_85' title="bbox 1225 1349 1964 1394; baseline 0.004 -13"><span class='ocrx_word' id='word_1_413' title='bbox 1225 1349 1312 1382; x_wconf 91' lang='lat' dir='ltr'>nium</span> <span class='ocrx_word' id='word_1_414' title='bbox 1338 1355 1366 1383; x_wconf 87' lang='lat' dir='ltr'>et</span> <span class='ocrx_word' id='word_1_415' title='bbox 1392 1350 1589 1393; x_wconf 87' lang='lat' dir='ltr'>singulorum</span> <span class='ocrx_word' id='word_1_416' title='bbox 1607 1355 1732 1383; x_wconf 89' lang='lat' dir='ltr'>tenores</span> <span class='ocrx_word' id='word_1_417' title='bbox 1749 1350 1964 1394; x_wconf 88' lang='lat' dir='ltr'>praesentibus</span> 
     </span>
     <span class='ocr_line' id='line_1_86' title="bbox 1225 1403 1966 1448; baseline 0.001 -12"><span class='ocrx_word' id='word_1_418' title='bbox 1225 1413 1284 1446; x_wconf 88' lang='lat' dir='ltr'>pro</span> <span class='ocrx_word' id='word_1_419' title='bbox 1308 1404 1398 1447; x_wconf 86' lang='lat' dir='ltr'>plene</span> <span class='ocrx_word' id='word_1_420' title='bbox 1423 1409 1453 1437; x_wconf 90' lang='lat' dir='ltr'>et</span> <span class='ocrx_word' id='word_1_421' title='bbox 1477 1403 1667 1437; x_wconf 85' lang='lat' dir='ltr'>sufficienter</span> <span class='ocrx_word' id='word_1_422' title='bbox 1685 1403 1841 1448; x_wconf 83' lang='lat' dir='ltr'>expressis</span> <span class='ocrx_word' id='word_1_423' title='bbox 1869 1409 1899 1437; x_wconf 89' lang='lat' dir='ltr'>et</span> <span class='ocrx_word' id='word_1_424' title='bbox 1926 1404 1966 1437; x_wconf 88' lang='lat' dir='ltr'>ad</span> 
     </span>
     <span class='ocr_line' id='line_1_87' title="bbox 1225 1456 1967 1499; baseline 0.003 -10"><span class='ocrx_word' id='word_1_425' title='bbox 1225 1456 1356 1490; x_wconf 73' lang='lat' dir='ltr'>verbum</span> <span class='ocrx_word' id='word_1_426' title='bbox 1381 1457 1506 1491; x_wconf 89' lang='lat' dir='ltr'>insertis</span> <span class='ocrx_word' id='word_1_427' title='bbox 1530 1458 1691 1499; x_wconf 87' lang='lat' dir='ltr'>habentes,</span> <span class='ocrx_word' id='word_1_428' title='bbox 1714 1457 1773 1490; x_wconf 88' lang='lat' dir='ltr'>hae</span> <span class='ocrx_word' id='word_1_429' title='bbox 1796 1457 1864 1491; x_wconf 89' lang='lat' dir='ltr'>vice</span> <span class='ocrx_word' id='word_1_430' title='bbox 1879 1457 1967 1491; x_wconf 91' lang='lat' dir='ltr'>dum-</span> 
     </span>
     <span class='ocr_line' id='line_1_88' title="bbox 1226 1510 1964 1555; baseline 0.003 -13"><span class='ocrx_word' id='word_1_431' title='bbox 1226 1514 1308 1542; x_wconf 84' lang='lat' dir='ltr'>taxat</span> <span class='ocrx_word' id='word_1_432' title='bbox 1332 1511 1510 1554; x_wconf 86' lang='lat' dir='ltr'>specialiter</span> <span class='ocrx_word' id='word_1_433' title='bbox 1534 1516 1564 1543; x_wconf 90' lang='lat' dir='ltr'>et</span> <span class='ocrx_word' id='word_1_434' title='bbox 1588 1521 1735 1555; x_wconf 81' lang='lat' dir='ltr'>expresse</span> <span class='ocrx_word' id='word_1_435' title='bbox 1760 1510 1964 1554; x_wconf 81' lang='lat' dir='ltr'>derogamus3</span> 
     </span>
     <span class='ocr_line' id='line_1_89' title="bbox 1225 1564 1872 1609; baseline 0.002 -12"><span class='ocrx_word' id='word_1_436' title='bbox 1225 1565 1401 1609; x_wconf 87' lang='lat' dir='ltr'>ceterisque</span> <span class='ocrx_word' id='word_1_437' title='bbox 1426 1564 1594 1598; x_wconf 85' lang='lat' dir='ltr'>contrariis</span> <span class='ocrx_word' id='word_1_438' title='bbox 1612 1565 1872 1609; x_wconf 89' lang='lat' dir='ltr'>quibuscumque.</span> 
     </span>
    </p>

    <p class='ocr_par' dir='ltr' id='par_1_24' title="bbox 1224 1618 1964 1769">
     <span class='ocr_line' id='line_1_90' title="bbox 1268 1618 1964 1663; baseline 0 -12"><span class='ocrx_word' id='word_1_439' title='bbox 1268 1618 1380 1652; x_wconf 88' lang='lat' dir='ltr'>Datum</span> <span class='ocrx_word' id='word_1_440' title='bbox 1402 1619 1530 1659; x_wconf 81' lang='lat' dir='ltr'>Romae,</span> <span class='ocrx_word' id='word_1_441' title='bbox 1547 1619 1628 1663; x_wconf 88' lang='lat' dir='ltr'>apud</span> <span class='ocrx_word' id='word_1_442' title='bbox 1638 1619 1666 1652; x_wconf 83' lang='lat' dir='ltr'>S.</span> <span class='ocrx_word' id='word_1_443' title='bbox 1679 1619 1816 1661; x_wconf 82' lang='lat' dir='ltr'>Petrum,</span> <span class='ocrx_word' id='word_1_444' title='bbox 1835 1619 1894 1651; x_wconf 85' lang='lat' dir='ltr'>sub</span> <span class='ocrx_word' id='word_1_445' title='bbox 1911 1628 1964 1652; x_wconf 87' lang='lat' dir='ltr'>an-</span> 
     </span>
     <span class='ocr_line' id='line_1_91' title="bbox 1224 1671 1964 1713; baseline 0.003 -9"><span class='ocrx_word' id='word_1_446' title='bbox 1224 1672 1298 1705; x_wconf 90' lang='lat' dir='ltr'>nulo</span> <span class='ocrx_word' id='word_1_447' title='bbox 1313 1672 1491 1713; x_wconf 73' lang='lat' dir='ltr'>piscatoris,</span> <span class='ocrx_word' id='word_1_448' title='bbox 1506 1672 1555 1705; x_wconf 90' lang='lat' dir='ltr'>die</span> <span class='ocrx_word' id='word_1_449' title='bbox 1569 1682 1635 1706; x_wconf 83' lang='lat' dir='ltr'>xxv</span> <span class='ocrx_word' id='word_1_450' title='bbox 1650 1671 1783 1705; x_wconf 84' lang='lat' dir='ltr'>ianuarii</span> <span class='ocrx_word' id='word_1_451' title='bbox 1798 1681 1964 1713; x_wconf 76' lang='lat' dir='ltr'>nncxxxn,</span> 
     </span>
     <span class='ocr_line' id='line_1_92' title="bbox 1224 1725 1691 1769; baseline 0 -11"><span class='ocrx_word' id='word_1_452' title='bbox 1224 1726 1425 1769; x_wconf 87' lang='lat' dir='ltr'>pontificatus</span> <span class='ocrx_word' id='word_1_453' title='bbox 1438 1725 1538 1759; x_wconf 87' lang='lat' dir='ltr'>nostri</span> <span class='ocrx_word' id='word_1_454' title='bbox 1552 1735 1634 1758; x_wconf 88' lang='lat' dir='ltr'>anno</span> <span class='ocrx_word' id='word_1_455' title='bbox 1649 1735 1691 1758; x_wconf 87' lang='lat' dir='ltr'>1x.</span> 
     </span>
    </p>

    <p class='ocr_par' dir='ltr' id='par_1_25' title="bbox 1260 1787 1910 1823">
     <span class='ocr_line' id='line_1_93' title="bbox 1260 1787 1910 1823; baseline 0.003 -9"><span class='ocrx_word' id='word_1_456' title='bbox 1260 1787 1318 1814; x_wconf 82' lang='lat' dir='ltr'>Dat.</span> <span class='ocrx_word' id='word_1_457' title='bbox 1336 1787 1379 1815; x_wconf 87' lang='lat' dir='ltr'>die</span> <span class='ocrx_word' id='word_1_458' title='bbox 1395 1787 1429 1816; x_wconf 81' lang='lat'>25</span> <span class='ocrx_word' id='word_1_459' title='bbox 1444 1787 1561 1815; x_wconf 84' lang='lat' dir='ltr'>ianuarii</span> <span class='ocrx_word' id='word_1_460' title='bbox 1582 1787 1660 1822; x_wconf 73' lang='lat'>1632,</span> <span class='ocrx_word' id='word_1_461' title='bbox 1676 1788 1773 1823; x_wconf 85' lang='lat' dir='ltr'>pontis.</span> <span class='ocrx_word' id='word_1_462' title='bbox 1790 1795 1860 1815; x_wconf 86' lang='lat' dir='ltr'>anno</span> <span class='ocrx_word' id='word_1_463' title='bbox 1875 1793 1910 1816; x_wconf 72' lang='lat' dir='ltr'>lx.</span> 
     </span>
    </p>
   </div>
   <div class='ocr_carea' id='block_1_18' title="bbox 1490 1855 1699 1859">
    <p class='ocr_par' dir='ltr' id='par_1_26' title="bbox 1490 1855 1699 1859">
     <span class='ocr_line' id='line_1_94' title="bbox 1490 1855 1699 1859; baseline 0 0"><span class='ocrx_word' id='word_1_464' title='bbox 1490 1855 1699 1859; x_wconf 95' lang='lat' dir='ltr'> </span> 
     </span>
    </p>
   </div>
   <div class='ocr_carea' id='block_1_19' title="bbox 1504 1903 1683 1937">
    <p class='ocr_par' dir='ltr' id='par_1_27' title="bbox 1504 1903 1683 1937">
     <span class='ocr_line' id='line_1_95' title="bbox 1504 1903 1683 1937; baseline -0.006 0"><span class='ocrx_word' id='word_1_465' title='bbox 1504 1903 1574 1937; x_wconf 78' lang='lat' dir='ltr'>CDX</span> <span class='ocrx_word' id='word_1_466' title='bbox 1581 1904 1683 1937; x_wconf 83' lang='lat' dir='ltr'>XVIII.</span> 
     </span>
    </p>
   </div>
   <div class='ocr_carea' id='block_1_20' title="bbox 1226 1974 1964 2219">
    <p class='ocr_par' dir='ltr' id='par_1_28' title="bbox 1226 1974 1964 2219">
     <span class='ocr_line' id='line_1_96' title="bbox 1226 1974 1960 2019; baseline 0.004 -12"><span class='ocrx_word' id='word_1_467' title='bbox 1226 1974 1359 2008; x_wconf 76' lang='lat' dir='ltr'>Decima</span> <span class='ocrx_word' id='word_1_468' title='bbox 1379 1984 1438 2018; x_wconf 73' lang='lat' dir='ltr'>per</span> <span class='ocrx_word' id='word_1_469' title='bbox 1462 1985 1568 2019; x_wconf 70' lang='lat' dir='ltr'>reyem</span> <span class='ocrx_word' id='word_1_470' title='bbox 1598 1975 1795 2008; x_wconf 76' lang='lat' dir='ltr'>catholicum</span> <span class='ocrx_word' id='word_1_471' title='bbox 1819 1975 1857 2009; x_wconf 82' lang='lat' dir='ltr'>ab</span> <span class='ocrx_word' id='word_1_472' title='bbox 1881 1977 1960 2010; x_wconf 80' lang='lat' dir='ltr'>uni-</span> 
     </span>
     <span class='ocr_line' id='line_1_97' title="bbox 1270 2027 1964 2071; baseline 0.003 -11"><span class='ocrx_word' id='word_1_473' title='bbox 1270 2038 1356 2060; x_wconf 76' lang='lat' dir='ltr'>verso</span> <span class='ocrx_word' id='word_1_474' title='bbox 1391 2028 1474 2061; x_wconf 79' lang='lat' dir='ltr'>clero</span> <span class='ocrx_word' id='word_1_475' title='bbox 1505 2032 1533 2061; x_wconf 82' lang='lat' dir='ltr'>et</span> <span class='ocrx_word' id='word_1_476' title='bbox 1562 2027 1710 2071; x_wconf 74' lang='lat' dir='ltr'>personis</span> <span class='ocrx_word' id='word_1_477' title='bbox 1742 2028 1964 2062; x_wconf 73' lang='lat' dir='ltr'>ecelesiasticis</span> 
     </span>
     <span class='ocr_line' id='line_1_98' title="bbox 1269 2081 1964 2124; baseline 0.003 -11"><span class='ocrx_word' id='word_1_478' title='bbox 1269 2081 1428 2124; x_wconf 56' lang='lat' dir='ltr'>exigenda</span> <span class='ocrx_word' id='word_1_479' title='bbox 1465 2081 1509 2114; x_wconf 80' lang='lat' dir='ltr'>(td</span> <span class='ocrx_word' id='word_1_480' title='bbox 1542 2091 1706 2114; x_wconf 78' lang='lat' dir='ltr'>summam</span> <span class='ocrx_word' id='word_1_481' title='bbox 1741 2086 1964 2115; x_wconf 73' lang='lat' dir='ltr'>sexcentorum</span> 
     </span>
     <span class='ocr_line' id='line_1_99' title="bbox 1269 2133 1961 2168; baseline 0.004 -3"><span class='ocrx_word' id='word_1_482' title='bbox 1269 2133 1416 2166; x_wconf 80' lang='lat' dir='ltr'>millium</span> <span class='ocrx_word' id='word_1_483' title='bbox 1448 2134 1640 2167; x_wconf 75' lang='lat' dir='ltr'>ducatorum</span> <span class='ocrx_word' id='word_1_484' title='bbox 1670 2138 1816 2168; x_wconf 78' lang='lat' dir='ltr'>monetae</span> <span class='ocrx_word' id='word_1_485' title='bbox 1848 2145 1961 2168; x_wconf 83' lang='lat' dir='ltr'>ascen-</span> 
     </span>
     <span class='ocr_line' id='line_1_100' title="bbox 1268 2185 1409 2219; baseline -0.007 0"><span class='ocrx_word' id='word_1_486' title='bbox 1268 2186 1377 2219; x_wconf 69' lang='lat' dir='ltr'>(lentes</span> <span class='ocrx_word' id='word_1_487' title='bbox 1391 2185 1409 2218; x_wconf 88' lang='lat'>¹.</span> 
     </span>
    </p>
   </div>
   <div class='ocr_carea' id='block_1_21' title="bbox 1365 2302 1817 2331">
    <p class='ocr_par' dir='ltr' id='par_1_29' title="bbox 1365 2302 1817 2331">
     <span class='ocr_line' id='line_1_101' title="bbox 1365 2302 1817 2331; baseline 0.007 -3"><span class='ocrx_word' id='word_1_488' title='bbox 1365 2303 1400 2329; x_wconf 88' lang='lat' dir='ltr'>ad</span> <span class='ocrx_word' id='word_1_489' title='bbox 1421 2302 1553 2329; x_wconf 80' lang='lat' dir='ltr'>futuram</span> <span class='ocrx_word' id='word_1_490' title='bbox 1573 2303 1618 2330; x_wconf 85' lang='lat' dir='ltr'>rei</span> <span class='ocrx_word' id='word_1_491' title='bbox 1638 2303 1817 2331; x_wconf 80' lang='lat' dir='ltr'>memoriam.</span> 
     </span>
    </p>
   </div>
   <div class='ocr_carea' id='block_1_22' title="bbox 1207 2363 1964 2677">
    <p class='ocr_par' dir='ltr' id='par_1_30' title="bbox 1207 2363 1964 2677">
     <span class='ocr_line' id='line_1_102' title="bbox 1269 2363 1964 2409; baseline 0.007 -14"><span class='ocrx_word' id='word_1_492' title='bbox 1269 2364 1284 2407; x_wconf 62' lang='lat' dir='ltr'>g</span> <span class='ocrx_word' id='word_1_493' title='bbox 1308 2364 1337 2396; x_wconf 87' lang='lat'>·1.</span> <span class='ocrx_word' id='word_1_494' title='bbox 1363 2363 1437 2397; x_wconf 84' lang='lat' dir='ltr'>Cum</span> <span class='ocrx_word' id='word_1_495' title='bbox 1464 2374 1520 2398; x_wconf 87' lang='lat' dir='ltr'>uos</span> <span class='ocrx_word' id='word_1_496' title='bbox 1540 2375 1641 2409; x_wconf 88' lang='lat' dir='ltr'>nuper</span> <span class='ocrx_word' id='word_1_497' title='bbox 1655 2365 1902 2409; x_wconf 86' lang='lat' dir='ltr'>(considerantes</span> <span class='ocrx_word' id='word_1_498' title='bbox 1919 2368 1964 2400; x_wconf 89' lang='lat' dir='ltr'>su-</span> 
     </span>
     <span class='ocr_line' id='line_1_103' title="bbox 1224 2418 1963 2454; baseline 0.005 -5"><span class='ocrx_word' id='word_1_499' title='bbox 1224 2422 1329 2450; x_wconf 83' lang='lat' dir='ltr'>nestos</span> <span class='ocrx_word' id='word_1_500' title='bbox 1352 2418 1585 2451; x_wconf 86' lang='lat' dir='ltr'>haeretieorum</span> <span class='ocrx_word' id='word_1_501' title='bbox 1611 2418 1641 2451; x_wconf 90' lang='lat' dir='ltr'>in</span> <span class='ocrx_word' id='word_1_502' title='bbox 1667 2419 1834 2453; x_wconf 85' lang='lat' dir='ltr'>Germania</span> <span class='ocrx_word' id='word_1_503' title='bbox 1859 2423 1963 2454; x_wconf 86' lang='lat' dir='ltr'>motus</span> 
     </span>
     <span class='ocr_line' id='line_1_104' title="bbox 1207 2471 1964 2517; baseline 0.003 -12"><span class='ocrx_word' id='word_1_504' title='bbox 1207 2476 1254 2513; x_wconf 47' lang='lat' dir='ltr'>,et</span> <span class='ocrx_word' id='word_1_505' title='bbox 1279 2471 1425 2505; x_wconf 88' lang='lat' dir='ltr'>intestina</span> <span class='ocrx_word' id='word_1_506' title='bbox 1450 2472 1551 2514; x_wconf 88' lang='lat' dir='ltr'>bella,</span> <span class='ocrx_word' id='word_1_507' title='bbox 1582 2472 1696 2517; x_wconf 83' lang='lat' dir='ltr'>quibus</span> <span class='ocrx_word' id='word_1_508' title='bbox 1727 2473 1888 2517; x_wconf 75' lang='lat' dir='ltr'>provincia</span> <span class='ocrx_word' id='word_1_509' title='bbox 1912 2474 1964 2507; x_wconf 84' lang='lat' dir='ltr'>illa</span> 
     </span>
     <span class='ocr_line' id='line_1_105' title="bbox 1226 2525 1963 2571; baseline 0.003 -13"><span class='ocrx_word' id='word_1_510' title='bbox 1226 2525 1339 2558; x_wconf 84' lang='lat' dir='ltr'>misere</span> <span class='ocrx_word' id='word_1_511' title='bbox 1363 2532 1548 2567; x_wconf 74' lang='lat' dir='ltr'>vexaretur,</span> <span class='ocrx_word' id='word_1_512' title='bbox 1573 2531 1751 2571; x_wconf 87' lang='lat' dir='ltr'>quantoque</span> <span class='ocrx_word' id='word_1_513' title='bbox 1782 2527 1880 2560; x_wconf 89' lang='lat' dir='ltr'>hostis</span> <span class='ocrx_word' id='word_1_514' title='bbox 1904 2527 1963 2560; x_wconf 90' lang='lat' dir='ltr'>hu-</span> 
     </span>
     <span class='ocr_line' id='line_1_106' title="bbox 1225 2579 1964 2624; baseline 0.004 -13"><span class='ocrx_word' id='word_1_515' title='bbox 1225 2579 1307 2612; x_wconf 88' lang='lat' dir='ltr'>mani</span> <span class='ocrx_word' id='word_1_516' title='bbox 1322 2579 1446 2623; x_wconf 89' lang='lat' dir='ltr'>generis</span> <span class='ocrx_word' id='word_1_517' title='bbox 1461 2580 1598 2624; x_wconf 89' lang='lat' dir='ltr'>impulsu</span> <span class='ocrx_word' id='word_1_518' title='bbox 1610 2579 1786 2613; x_wconf 87' lang='lat' dir='ltr'>charissimi</span> <span class='ocrx_word' id='word_1_519' title='bbox 1801 2579 1831 2612; x_wconf 90' lang='lat' dir='ltr'>in</span> <span class='ocrx_word' id='word_1_520' title='bbox 1841 2579 1964 2614; x_wconf 87' lang='lat' dir='ltr'>Christo</span> 
     </span>
     <span class='ocr_line' id='line_1_107' title="bbox 1207 2641 1728 2677; baseline -0.002 -7"><span class='ocrx_word' id='word_1_521' title='bbox 1207 2666 1209 2671; x_wconf 84' lang='lat'>.</span> <span class='ocrx_word' id='word_1_522' title='bbox 1260 2643 1272 2669; x_wconf 90' lang='grc'><strong>1</strong></span> <span class='ocrx_word' id='word_1_523' title='bbox 1296 2642 1333 2669; x_wconf 84' lang='lat' dir='ltr'>Ex</span> <span class='ocrx_word' id='word_1_524' title='bbox 1354 2642 1460 2677; x_wconf 83' lang='lat' dir='ltr'>Regest.</span> <span class='ocrx_word' id='word_1_525' title='bbox 1482 2643 1508 2669; x_wconf 89' lang='lat' dir='ltr'>iu</span> <span class='ocrx_word' id='word_1_526' title='bbox 1528 2641 1630 2670; x_wconf 85' lang='lat' dir='ltr'>Secret.</span> <span class='ocrx_word' id='word_1_527' title='bbox 1652 2641 1728 2669; x_wconf 86' lang='lat' dir='ltr'>Brev.</span> 
     </span>
    </p>
   </div>
   <div class='ocr_carea' id='block_1_23' title="bbox 1207 282 1211 2663">
    <p class='ocr_par' dir='ltr' id='par_1_31' title="bbox 1207 282 1211 2663">
     <span class='ocr_line' id='line_1_108' title="bbox 1207 282 1211 2663; baseline 0 0"><span class='ocrx_word' id='word_1_528' title='bbox 1207 282 1211 2663; x_wconf 95' lang='lat' dir='ltr'> </span> 
     </span>
    </p>
   </div>
   <div class='ocr_carea' id='block_1_24' title="bbox 1975 232 2162 263">
    <p class='ocr_par' dir='ltr' id='par_1_32' title="bbox 1975 232 2162 263">
     <span class='ocr_line' id='line_1_109' title="bbox 1975 232 2162 263; baseline 0 -2"><span class='ocrx_word' id='word_1_529' title='bbox 1975 233 2025 262; x_wconf 77' lang='lat' dir='ltr'>An.</span> <span class='ocrx_word' id='word_1_530' title='bbox 2046 233 2076 263; x_wconf 87' lang='lat' dir='ltr'>C.</span> <span class='ocrx_word' id='word_1_531' title='bbox 2093 232 2162 262; x_wconf 76' lang='lat'><strong>1632</strong></span> 
     </span>
    </p>
   </div>
   <div class='ocr_carea' id='block_1_25' title="bbox 1979 614 2160 638">
    <p class='ocr_par' dir='ltr' id='par_1_33' title="bbox 1979 614 2160 638">
     <span class='ocr_line' id='line_1_110' title="bbox 1979 614 2160 638; baseline 0.006 -1"><span class='ocrx_word' id='word_1_532' title='bbox 1979 614 2088 638; x_wconf 77' lang='lat' dir='ltr'>Contraria</span> <span class='ocrx_word' id='word_1_533' title='bbox 2099 616 2160 638; x_wconf 67' lang='lat' dir='ltr'>tellit.</span> 
     </span>
    </p>
   </div>
   <div class='ocr_carea' id='block_1_26' title="bbox 1977 2374 2163 2449">
    <p class='ocr_par' dir='ltr' id='par_1_34' title="bbox 1977 2374 2163 2449">
     <span class='ocr_line' id='line_1_111' title="bbox 2004 2374 2163 2402; baseline 0 -7"><span class='ocrx_word' id='word_1_534' title='bbox 2004 2374 2086 2397; x_wconf 79' lang='lat' dir='ltr'>Causae</span> <span class='ocrx_word' id='word_1_535' title='bbox 2096 2375 2163 2402; x_wconf 82' lang='lat' dir='ltr'>impo-</span> 
     </span>
     <span class='ocr_line' id='line_1_112' title="bbox 1977 2402 2162 2424; baseline 0.011 -2"><span class='ocrx_word' id='word_1_536' title='bbox 1977 2402 2060 2423; x_wconf 74' lang='lat' dir='ltr'>nendae</span> <span class='ocrx_word' id='word_1_537' title='bbox 2103 2402 2162 2424; x_wconf 79' lang='lat' dir='ltr'>deci-</span> 
     </span>
     <span class='ocr_line' id='line_1_113' title="bbox 1977 2434 2031 2449; baseline 0 0"><span class='ocrx_word' id='word_1_538' title='bbox 1977 2434 2031 2449; x_wconf 71' lang='lat' dir='ltr'>mue.</span> 
     </span>
    </p>
   </div>
  </div>
 </body>
</html>
