2248 3229
80 236 131 264 An.
152 235 181 262 C.
203 233 272 263 ¹637

277 280 442 326 capitulari
459 282 609 316 eeclesiae
634 282 908 321 Barchinonensis,
935 283 1018 316 illius

277 335 350 368 sede
373 335 545 380 episcopali
571 341 643 369 tunc
660 341 798 376 vacante,
815 336 953 378 legitime
970 335 1020 368 dc-

276 394 384 433 putato
408 389 624 432 praesentatis,
648 395 677 422 et
702 389 740 422 ab
765 389 876 422 eodem
902 389 1018 429 vicario

277 452 313 474 ex
340 448 412 475 voto
437 443 565 486 capituli
592 442 864 481 Barchinonensis,
889 452 1018 486 pracce-

277 495 369 528 dente
402 497 495 529 etiam
529 497 762 530 communitatis
793 502 823 529 et
854 497 1018 530 hominum

277 548 378 581 dictae
395 549 528 581 civitatis
545 559 710 589 consensu,
722 550 876 582 mediante
893 548 1019 592 publico
1036 562 1037 567 ¹

278 601 420 641 consilio,
429 601 557 634 obtenta
575 601 711 640 licentia,
729 606 900 635 convenius
918 602 1020 634 liuius-

279 653 363 686 modi
382 664 453 687 cum
468 654 600 687 ecclesia
619 659 817 688 constructus
831 654 933 691 fuerit·,
951 660 1020 697 post

278 707 362 740 illius
379 713 482 740 autem
501 708 818 746 erectionem,rector
835 713 865 740 et
882 706 1020 751 operarii

278 760 428 793 ecclesiae
464 761 654 804 parochialis
679 761 709 793 Β.
737 761 849 794 Mariae
877 760 914 792 de
945 760 1021 792 Pinu

278 818 489 857 nuncupatae,
509 814 588 847 intra
606 815 695 847 cuius
715 814 883 858 parochiae
907 813 1022 846 limites

279 872 453 899 conventus
486 867 664 900 huiusmodi
699 873 881 901 contructus
907 866 973 906 fuit,
1005 875 1022 898 a

280 920 398 954 vicario
416 921 566 963 generali,
584 921 666 953 dicta
685 920 764 954 Sede
784 919 953 964 episcopali
975 929 1023 951 va-

280 978 379 1014 cante,
405 974 616 1007 obtinuissent
646 974 684 1006 de
715 974 795 1006 facto
827 973 865 1005 ab
890 973 1022 1006 ecclesia

280 1025 534 1060 dicticonventus
543 1027 775 1059 sanctissimum
791 1032 1022 1059 sacramentum

280 1079 431 1119 amoveri,
445 1085 473 1112 et
498 1080 536 1111 ad
561 1079 675 1112 dictam
694 1079 906 1123 parochialem
925 1079 1024 1111 eecle-

281 1132 358 1164 siam
368 1133 533 1176 asportari,
544 1138 574 1165 et
586 1133 682 1165 altare
693 1132 848 1173 demoliri,
859 1133 1024 1176 dictusque

281 1185 496 1229 llonupbrius‚
515 1185 552 1218 ad
573 1190 715 1219 nostrum
733 1190 761 1220 et
787 1186 875 1218 Sedis
896 1187 1025 1230 Aposto-

281 1238 358 1271 licae
383 1238 414 1271 in
440 1239 546 1281 regnis
571 1239 794 1282 Hispaniarum
825 1249 1024 1272 commoran-

280 1295 342 1324 tem
367 1292 517 1325 nuncium
545 1293 654 1326 habito
671 1303 813 1332 recursu,
830 1293 1024 1336 probataque

280 1345 437 1378 dictorum
475 1346 607 1378 fratrum
642 1346 773 1389 pacifica
806 1345 1023 1389 possessione,

282 1397 462 1431 mandatum
487 1398 526 1431 de
550 1398 783 1431 manutenendo
807 1398 942 1441 desuper
967 1398 1024 1431 ob-

283 1451 441 1490 tinuisset;
467 1451 601 1495 licetque
619 1451 720 1484 dictus
745 1452 949 1495 llonupbrius
974 1462 1026 1495 po-

282 1503 392 1536 tuisset
415 1503 453 1536 de
478 1505 558 1537 facto
587 1504 817 1547 possessionem
844 1504 1023 1537 huiusmodi

281 1557 477 1595 continuare,
490 1562 519 1589 et
545 1558 573 1589 in
591 1559 627 1589 ea
647 1558 676 1589 in
703 1557 763 1590 vim
789 1557 862 1590 dicti
888 1557 1024 1589 mandati

282 1618 314 1639 se
331 1619 364 1641 se
381 1608 564 1641 defendere:
583 1609 798 1649 nibilominus,
817 1610 854 1642 ad
872 1610 1024 1642 maiorem

282 1662 447 1702 cautelam,
473 1672 508 1695 ac
534 1673 592 1706 pro
620 1663 818 1695 semovendis
843 1663 1026 1695 rumoribus

282 1721 308 1747 et
337 1715 492 1748 scandalis
516 1715 627 1748 exinde
654 1716 757 1748 forsan
783 1715 924 1754 orituris,
942 1726 958 1747 a
980 1726 1026 1747 re-

283 1768 336 1809 gio
360 1768 492 1801 consilio
509 1769 716 1802 assistentiam
742 1768 800 1800 sibi
826 1768 955 1801 concedi
976 1778 1026 1811 pe-

285 1820 341 1860 tiit;
355 1831 491 1864 cumque
504 1821 542 1853 ad
560 1822 643 1853 illam
663 1821 894 1865 impediendam
909 1822 1026 1864 pracla—

284 1872 304 1904 ti
324 1878 427 1907 rector
447 1879 477 1906 et
497 1874 634 1917 operarii
667 1874 782 1917 aliique
803 1879 1026 1917 procuratores

284 1927 418 1959 aliorum
443 1932 654 1960 conventuum
680 1937 715 1959 ac
740 1927 833 1959 etiam
859 1927 958 1960 dictae
987 1927 1027 1960 ci-

285 1979 387 2012 vitatis
412 1980 557 2024 syndicus
581 1990 614 2012 sc
643 1990 675 2012 se
699 1980 930 2023 opposuissem,
955 1990 1027 2022 pro-

285 2037 456 2077 ptereaque
480 2033 518 2066 ad
543 2034 649 2077 plures
681 2040 768 2066 actus
793 2043 899 2066 coram
926 2033 1027 2066 iudice

285 2096 301 2118 a
326 2086 410 2120 dicto
426 2087 514 2130 regio
534 2087 664 2120 consilio
685 2087 835 2130 deputato
859 2087 1025 2119 deventum

285 2139 414 2179 fuisset,
439 2140 562 2173 tandem
595 2141 678 2174 dicto
710 2141 898 2185 llonupbrio
931 2141 1026 2184 petita

287 2192 463 2226 assistentia
486 2203 633 2226 concessa
658 2194 727 2226 fuit.

142 2257 229 2283 Linoque
245 2256 271 2277 aa
332 2246 347 2289 ἓ
371 2245 400 2279 3.
417 2246 493 2279 Cum
511 2252 613 2279 autem
629 2257 646 2279 a
664 2247 804 2290 praefato
821 2246 948 2279 decreto
967 2257 1028 2279 ma-

89 2289 190 2356 ΣῗΤζίἾιῗ
192 2287 272 2363 ''2¹32''
288 2299 478 2333 nutentionis
509 2299 548 2332 ab
579 2300 689 2333 eodem
723 2304 831 2334 nostro
863 2300 1027 2344 dictaeque

88 2337 178 2383 ἷιίἰίΗΜ
158 2343 249 2383 ῐι-ιιιιιΙΪῘῖ
250 2353 377 2387 ·.Sedis
400 2353 525 2394 nuncio,
544 2357 576 2387 ut
600 2354 786 2397 praefci··,tui
807 2357 949 2386 emanato
967 2353 1028 2385 fue-

88 2395 162 2435 ι’Ϊιωιι
119 2389 144 2408 ⁰¹
161 2395 180 2410 ”’
164 2370 272 2436 »fuis'isii
268 2419 273 2434 ι
290 2407 330 2439 rit
355 2417 413 2451 pro
438 2412 527 2450 parte
551 2406 735 2439 corumdem
755 2407 887 2439 rectoris
908 2411 937 2438 et
958 2417 1028 2450 ope-

89 2423 193 2494 v'·¹·¹a'i¹=i
197 2443 273 2489 “flui—
290 2460 447 2492 rariorum
466 2459 668 2503 appellatum,
681 2469 855 2502 causaque
850 2459 1029 2502 appellatio-

88 2501 119 2515 ⁸⁴
108 2498 194 2516 ⁰¹³¹„
290 2513 338 2545 nis
363 2512 542 2545 huiusmodi
561 2512 598 2544 ad
618 2516 716 2545 rotam
734 2512 890 2551 deffivoluti
912 2512 1027 2555 tibique

290 2566 467 2606 commissa,
481 2566 554 2598 dicti
568 2565 738 2598 adversarii
757 2575 815 2608 pro
830 2564 1028 2608 impedienda

892 234 1033 259 t'nmxvs
1058 233 1113 258 vltl
1138 233 1184 257 PP.

1053 281 1201 315 dilectum
1233 280 1332 314 filium
1364 279 1512 314 Ioannem
1542 278 1580 313 de
1612 280 1793 313 Annuncia-

1054 335 1136 368 tione
1163 336 1295 367 fratrum
1321 334 1534 378 praefatorum
1552 338 1793 377 procuratorem

1053 388 1243 430 generalem,
1269 391 1298 421 et
1322 398 1380 431 pro
1405 387 1449 420 eis
1474 392 1708 431 comparentem
1733 396 1793 419 no-

1054 440 1137 472 mine
1150 440 1250 472 dictae
1268 440 1440 483 religionis,
1459 440 1586 473 minime
1603 439 1792 473 audiendum

1053 502 1130 532 esse,
1154 503 1189 525 ex
1216 503 1279 536 quo
1302 493 1403 526 dictus
1428 493 1634 537 tlonuptu·ius
1658 493 1794 537 petendo

1053 545 1168 578 dictam
1191 546 1398 579 assistentiam
1414 547 1444 579 in
1462 546 1795 580 excommunicationis

1054 608 1171 641 poenas
1196 609 1254 642 per
1278 609 1384 632 saeros
1405 609 1541 632 canones
1558 599 1795 632 recurrentibus

1053 652 1091 684 ad
1106 652 1224 685 iudices
1240 653 1337 686 laicos
1356 654 1489 686 inflictas
1506 653 1660 693 incide1·it;
1678 659 1708 686 et
1725 653 1796 686 licet

1054 705 1251 738 existimetur
1277 717 1334 749 per
1354 707 1480 750 petitam
1510 706 1720 739 assistentiam
1741 706 1795 738 hu-

1056 758 1190 791 iusmodi
1215 759 1276 791 dici
1293 769 1355 792 non
1373 770 1463 803 posse
1481 760 1612 803 petitum
1631 769 1795 792 recursum

1055 810 1092 842 ad
1118 810 1252 843 iudicem
1279 811 1415 851 laicum,
1447 822 1518 844 cum
1552 812 1604 844 illa
1636 811 1675 845 sit
1706 811 1795 856 quasi

1057 863 1237 906 imploratio
1261 864 1382 896 brachii
1407 865 1558 898 secularis
1582 875 1599 897 a
1624 865 1721 898 sacris
1745 874 1795 897 ca-

1057 916 1192 948 nonibus
1215 917 1384 960 permissa,
1409 923 1641 961 proptereaque
1666 927 1794 950 excom-

1058 969 1278 1003 municationis
1299 980 1416 1014 poenas
1435 971 1614 1004 nullatenus
1635 971 1796 1004 incursum

1057 1023 1166 1056 fuisse:
1185 1023 1399 1063 nihilominus,
1425 1024 1463 1056 ad
1488 1034 1614 1057 omnem
1634 1023 1798 1058 dubitandi

1058 1076 1221 1109 materiam
1246 1087 1263 1108 a
1283 1077 1387 1109 medio
1413 1077 1654 1117 removendam,
1679 1086 1715 1109 ae
1739 1086 1799 1120 pro

1059 1130 1169 1162 maiori
1182 1129 1391 1163 conscientiae
1405 1131 1520 1174 quiete,
1531 1130 1623 1163 nobis
1637 1129 1799 1163 humiliter

1058 1183 1229 1227 supplicari
1255 1184 1327 1216 fecit
1342 1184 1444 1217 dictus
1461 1184 1592 1217 loannes
1610 1189 1800 1227 procurator

1058 1237 1224 1278 generalis,
1239 1242 1273 1269 ut
1291 1237 1321 1269 in
1339 1237 1520 1280 praemissis
1535 1241 1714 1280 opportune
1731 1246 1800 1280 pro-

1059 1289 1174 1330 videre,
1199 1296 1229 1322 et
1252 1296 1287 1322 ut
1306 1290 1387 1323 infra
1415 1291 1580 1333 indulgere
1600 1290 1637 1323 de
1661 1289 1801 1333 benigni-

1059 1347 1118 1375 tate
1143 1343 1314 1386 apostolica
1340 1343 1553 1387 dignaremur.

1103 1396 1118 1439 g
1142 1395 1171 1428 4.
1197 1397 1259 1429 Nos
1285 1396 1391 1439 igitur,
1409 1396 1526 1429 dictum
1553 1397 1700 1430 loannem
1730 1407 1799 1441 spe-

1059 1449 1190 1482 cialibus
1215 1450 1376 1482 favoribus
1400 1455 1429 1482 et
1455 1451 1563 1493 gratiis
1582 1450 1730 1494 prosequi
1751 1461 1799 1483 vo·

1060 1502 1167 1542 lentes,
1185 1508 1215 1535 et
1239 1513 1256 1535 a
1276 1503 1437 1546 quibusvis
1455 1504 1798 1545 excommunicationis,

1059 1555 1276 1598 suspensionis
1296 1561 1324 1588 et
1350 1556 1518 1598 interdicti,
1545 1556 1675 1600 aliisque
1701 1557 1800 1590 eccle-

1059 1608 1191 1640 siasticis
1223 1609 1393 1651 sententiis,
1419 1609 1562 1643 censuris
1587 1614 1617 1644 et
1642 1611 1762 1654 poenis,
1784 1621 1799 1642 a

1061 1661 1136 1693 iuris
1158 1662 1204 1693 vel
1225 1662 1264 1694 ab
1287 1663 1425 1703 homine,
1443 1663 1552 1706 quavis
1569 1664 1734 1697 occasione
1752 1664 1799 1696 vel

1060 1716 1153 1746 causa
1178 1715 1264 1755 latis,
1294 1715 1318 1747 si
1344 1716 1459 1758 quibus
1491 1716 1729 1759 quomodolibet
1754 1717 1799 1749 in-

1061 1767 1192 1800 nodatus
1217 1768 1331 1809 existit,
1351 1768 1390 1801 ad
1414 1768 1559 1802 effectum
1586 1769 1800 1812 praesentium

1060 1821 1221 1854 dumtaxat
1238 1822 1506 1865 consequendum,
1524 1823 1636 1855 harum
1655 1823 1736 1856 serie
1753 1823 1803 1855 ab·

1060 1875 1216 1908 solventes
1229 1880 1259 1907 et
1277 1875 1454 1908 absolutum
1474 1876 1539 1908 fore
1559 1880 1731 1916 censentes,
1749 1876 1803 1909 hu-

1061 1927 1195 1961 iusmodi
1232 1928 1515 1972 supplicationibus
1552 1928 1713 1970 inclinati,
1746 1929 1801 1961 tibi

1062 1991 1116 2023 per
1129 1986 1311 2024 praesentes
1321 1982 1549 2015 committimus
1563 1987 1592 2014 et
1607 1982 1802 2022 mandamus,

1060 2039 1225 2076 quatenus,
1250 2034 1384 2068 constito
1409 2034 1466 2066 tibi
1492 2035 1631 2077 legitime
1656 2035 1694 2067 de
1711 2045 1802 2079 prae-

1062 2086 1185 2127 missis,
1209 2088 1383 2130 praefatum
1418 2087 1639 2131 IIonuphrium
1665 2093 1695 2121 et
1725 2088 1802 2122 alios

1061 2150 1288 2182 quoscumque,
1307 2139 1331 2172 si
1349 2139 1401 2183 qui
1427 2140 1532 2173 forsan
1551 2141 1591 2173 ob
1607 2141 1735 2184 petitam
1754 2151 1802 2174 as-

1062 2193 1232 2226 sistentiam
1258 2200 1287 2226 et
1311 2193 1389 2226 alios
1423 2198 1509 2228 actus
1539 2194 1569 2226 in
1604 2194 1688 2228 dicto
1714 2195 1802 2238 regio

1061 2246 1193 2279 consilio
1218 2247 1315 2280 factos
1331 2246 1361 2279 in
1381 2247 1740 2281 excommunicationem
1759 2248 1803 2280 in-

1061 2299 1230 2339 currerint,
1255 2300 1440 2333 rcnunciato
1455 2300 1544 2343 prius
1560 2311 1617 2344 per
1636 2311 1691 2334 eos
1707 2306 1803 2333 atten-

1062 2353 1131 2385 tatis
1148 2363 1255 2386 coram
1273 2353 1526 2397 quibuscumque
1542 2353 1698 2387 iudicibus
1716 2353 1802 2387 laicis

1062 2406 1159 2445 lactis,
1184 2417 1219 2439 ac
1246 2406 1384 2439 iniuncta
1416 2406 1460 2439 cis
1488 2411 1518 2439 ct
1539 2417 1650 2439 eorum
1673 2407 1803 2440 cuilibet

1061 2459 1193 2492 arbitrio
1218 2465 1271 2491 tuo
1295 2459 1486 2502 poenitentia
1511 2460 1650 2500 salutari,
1676 2459 1714 2492 ad
1734 2470 1803 2493 cau-

1063 2512 1166 2552 telam,
1181 2512 1253 2544 licet
1266 2512 1419 2553 absentes,
1440 2523 1456 2544 a
1477 2512 1641 2556 quibusvis
1661 2513 1803 2546 censuris

1062 2570 1091 2597 et
1116 2565 1225 2608 poenis
1249 2565 1479 2606 ecclesiasticis,
1500 2576 1556 2609 per
1572 2576 1626 2599 eos
1645 2571 1675 2598 et
1691 2576 1801 2600 eorum

291 2630 400 2654 causac
415 2620 593 2652 huiusmodi
609 2619 804 2662 expeditione
822 2619 1029 2662 opposuerint
1044 2646 1047 2662 ,
1062 2619 1233 2662 quemlibet
1258 2618 1497 2662 quomodolibet
1523 2619 1664 2660 incursis,
1689 2624 1799 2652 aucto·

1698 221 1761 257 597
1807 230 1857 258 An.
1873 230 1903 258 c.
1925 229 1993 258 1537

1853 1407 1948 1428 Pontifex
1964 1413 2000 1427 eun

1815 1434 1896 1454 :tbwlvt
1916 1435 1942 1454 ab
1963 1440 2001 1454 au-

1815 1461 1884 1480 ititoru
1902 1466 2000 1480 camerae

1815 1489 1933 1508 committit.
