2248 3229
83 243 134 270 An.
155 242 184 271 C.
202 243 270 271 ¹634

894 244 1035 269 rnssaurs
1060 245 1106 268 rr.
1133 244 1189 268 vm

283 291 369 331 lium,
388 291 626 334 collegiatarum
648 297 677 325 et
697 292 936 336 parochialium,
956 296 1042 326 nec-¹

282 354 345 379 non
370 346 636 380 monasteriorum
667 351 695 379 et
730 351 938 380 conventuum
955 374 962 387 ,
989 357 1024 379 ac

283 398 375 431 etiam
401 409 581 433 mensarum
606 399 881 444 patriarchalium,
910 400 1024 444 prima-

282 451 414 493 tialium,
440 452 767 497 archiepiscopalium,
786 453 1022 497 episcopalium,

283 505 506 547 abbatialium,
535 506 753 550 capitularium
781 512 810 539 et
837 512 1025 539 conventua-

283 558 386 600 lium,
424 560 622 604 prioratuum
660 565 785 604 quo'que
819 560 1020 604 praepositu-

283 623 390 646 rarum
400 640 407 654 ,
435 613 743 657 praeceptoriarum,
765 614 1023 653 canonicatuum,

284 666 547 710 praebendarum,
568 668 766 711 dignitatum,
788 671 1024 712 personatuum,

283 719 592 755 administrationum
623 727 653 755 et
684 722 877 762 officiorum,
903 726 1025 754 cetero-

285 784 418 818 rumque
451 774 680 808 beneficiorum
716 774 1022 815 ecclesiasticorum,

284 827 377 860 etiam
403 827 685 872 iurispatronatus¹
710 829 875 868 laicorum,
901 834 964 860 tam
989 837 1024 860 ex

284 881 460 925 privilegio,
478 893 572 926 quam
591 893 627 916 ex
645 883 826 916 fundatione
843 887 872 915 et
891 881 1024 914 dotatio-

284 945 332 977 ne,
351 946 423 969 cum
441 938 517 969 cura
534 941 565 969 et
581 937 647 970 sine
668 938 753 976 cura,
771 935 971 975 secularium,
990 945 1025 968 ac

284 989 380 1022 sancti
405 989 574 1031 Benedicti,
592 990 690 1024 sancti
708 989 882 1033 Augustini,
904 989 1026 1022 Clunia-

285 1043 435 1084 censium,
459 1043 712 1084 Cistercensiurn,
740 1044 1027 1076 Praemonstraten-

285 1096 364 1130 sium
379 1124 387 1138 ,
408 1097 506 1130 sancti
530 1097 655 1139 Basilii,
681 1097 939 1130 Silvestrinorum
954 1123 961 1137 ,
987 1101 1025 1138 et,

284 1150 337 1194 qui
370 1151 579 1194 proprietates
614 1150 819 1194 redditusque
854 1156 957 1183 certos
989 1161 1025 1183 ex

284 1204 452 1248 privilegio
477 1205 524 1238 vel
548 1205 624 1238 alias
653 1205 824 1249 possident,
849 1205 1027 1238 Mendican·

285 1257 373 1299 tium,
387 1268 423 1291 ac
438 1269 712 1302 quorumcumque
726 1259 860 1292 aliorum
875 1258 1027 1292 Ordinum

285 1311 450 1356 utriusque
474 1323 574 1355 sexus,
602 1323 723 1346 necnon
745 1312 1027 1355 congregationum

286 1366 490 1408 regularium,
511 1370 541 1400 et
559 1367 762 1410 hospitalium
788 1366 890 1407 etiam,
909 1376 1028 1409 paupe-

286 1429 356 1452 rum
381 1419 624 1462 hospitalitatem
649 1429 711 1452 non
732 1419 952 1459 exercentium,
974 1429 1027 1451 seu

287 1471 369 1505 bona
393 1478 423 1504 et
445 1471 586 1505 redditus
607 1472 688 1505 ultra
706 1472 905 1506 infirmorum
924 1483 1029 1505 neces-

287 1525 392 1558 sitates
417 1530 445 1558 et
470 1526 529 1558 alia
557 1536 615 1569 pro
643 1525 756 1568 quibus
790 1526 929 1559 instituta
957 1531 1027 1558 sunt

287 1578 337 1622 pia
361 1578 464 1612 officia
488 1578 660 1612 exercenda
684 1579 912 1623 possidentium
941 1580 1028 1622 (non

288 1636 392 1666 tamen
408 1643 465 1677 per
483 1632 657 1666 cardinales
674 1633 862 1677 praedictos,
879 1633 952 1676 quia
970 1632 1027 1676 ipsi

288 1696 345 1729 pro
359 1686 541 1720 sustinenda
559 1688 644 1719 tanta
661 1686 811 1729 dignitate
828 1686 1028 1729 gravissimas

289 1741 445 1785 impensas
462 1746 492 1774 et
507 1741 630 1774 labores
653 1740 855 1784 Reipublicae
880 1740 1029 1773 Christia-

289 1804 365 1827 naae
382 1796 477 1827 causa
502 1794 650 1828 continuo
667 1794 772 1827 subire
790 1798 956 1836 coguntur,
973 1794 1028 1826 ob-

289 1847 477 1888 tentorum2,
501 1858 624 1881 necnon
644 1853 768 1880 sanctae
793 1848 907 1880 Mariae
931 1848 1030 1880 Theu-

290 1901 476 1942 tonicorum,
492 1901 521 1934 S.
539 1901 645 1934 Lazari
662 1901 699 1933 de
717 1902 891 1945 Altopassu,
909 1901 1029 1945 Templi

289 1955 452 1997 Dominici,
487 1961 516 1988 et
540 1956 672 1988 aliarum
685 1956 706 1995 ⁸,
736 1955 821 1988 “non
847 1961 951 1987 tamen
979 1955 1031 1988 ho—

288 2009 407 2053 spitalis
425 2009 454 2042 S.
472 2009 596 2043 Ioannis
617 2009 908 2054 Hierosolymam?
926 2009 956 2041 in
973 2009 1032 2042 Ita-

289 2063 330 2096 lia
346 2063 494 2097 universa
519 2064 767 2104 consistentium,
786 2069 815 2097 et
840 2064 931 2097 ctiam
957 2063 1032 2097 (luo-

289 2117 389 2150 decim
408 2118 700 2161 congregationum,
718 2128 799 2162 quae
816 2128 887 2150 cum
906 2119 1032 2150 camera

290 2170 451 2214 praedicta
477 2171 515 2204 de
539 2171 678 2204 subsidio
708 2171 869 2204 ordinario
900 2181 1031 2203 concor-

290 2223 440 2267 ‹larun⁶),
458 2229 488 2257 et
508 2224 636 2268 insuper
656 2224 798 2257 omnium
824 2224 1030 2265 collegiorum

290 2276 517 2319 possidentium
542 2277 624 2311 bona
648 2277 769 2310 stabilia
794 2277 954 2310 fructifera
987 2287 1034 2309 ec-

328 2394 339 2420 t
362 2392 433 2420 Edit.
454 2392 535 2420 Main.
554 2392 620 2428 legit
639 2393 858 2427 iuspaeronatas
880 2394 919 2427 (n.
936 2394 984 2425 r).

326 2439 342 2465 2
357 2439 424 2466 Heic
440 2438 531 2466 forsan
547 2438 616 2466 soret
631 2438 781 2466 claudenda
798 2439 969 2474 parenthesis
988 2446 1034 2465 er-

292 2483 424 2518 ceptionis
438 2484 476 2519 (n.
494 2484 542 2518 T.).

327 2528 343 2556 3
357 2528 472 2556 Videtur
486 2529 641 2556 addendum
655 2530 834 2557 militiarum
850 2532 888 2564 (n.
902 2531 950 2565 T.).

325 2573 343 2600 4
353 2572 417 2600 Heic
425 2573 524 2601 iterum
534 2574 679 2610 aperienda
688 2573 813 2610 parentii.
824 2578 929 2609 except.
943 2574 1034 2609 (Rau).

327 2618 343 2644 5
358 2617 392 2645 Et
406 2618 465 2646 heic
480 2619 569 2646 statim
585 2619 710 2655 parenth.
730 2618 880 2645 claudenda
893 2618 933 2652 (R.
949 2619 997 2653 T.).

326 2662 342 2689 6
356 2662 465 2698 Signum
480 2663 650 2699 parenthesis
665 2663 753 2690 forsan
770 2662 916 2690 delendum
930 2663 967 2697 (n.
984 2664 1032 2689 TA.

1058 292 1230 326 clcsiastica
1254 301 1310 336 per
1334 291 1414 324 viam
1441 291 1574 333 unionis,
1601 291 1799 334 aggregatio-

1058 346 1115 386 nis,
1130 350 1182 378 aut
1199 345 1259 378 alio
1279 345 1389 389 quovis
1407 345 1506 386 titulo,
1520 344 1798 382 monasteriorum,

1058 400 1255 443 prioratuum
1281 404 1310 432 et
1326 398 1552 432 beneficiorum
1577 397 1800 431 ecclesiastico<

1058 463 1139 495 rum,
1161 453 1271 496 quovis
1296 452 1422 485 nomine
1447 457 1719 495 nuncupatorum,
1745 461 1795 484 se-

1058 506 1195 539 cundum
1210 517 1318 539 verum
1334 512 1363 539 et
1377 506 1493 539 realem
1508 516 1644 538 annuum
1660 505 1798 538 valorem

1058 560 1227 600 fructuum,
1245 560 1434 601 reddituum,
1456 565 1664 604 proventuum
1683 562 1712 593 el
1728 558 1801 592 alio-

1059 624 1128 646 rum
1154 613 1421 658 praemissorum;
1448 623 1570 646 necnon
1603 612 1695 646 etiam
1721 611 1799 644 indi-

1059 666 1158 699 cimus
1183 672 1213 699 et
1238 667 1431 711 imponimus
1452 666 1490 699 ad
1516 666 1598 699 idem
1624 671 1748 709 tempus
1765 665 1801 698 si-

1059 720 1166 752 milem
1193 730 1328 753 annuam
1363 721 1553 754 solutionem
1583 719 1718 752 duorum
1742 728 1800 762 pro

1059 774 1183 817 singulo
1215 774 1395 807 centenario
1430 774 1570 807 omnium
1597 779 1627 806 et
1651 782 1801 817 quarum-

1059 838 1194 871 cumque
1216 828 1403 871 pensionum
1425 837 1602 860 annuarum
1623 837 1717 870 super
1742 826 1801 859 fru-

1059 882 1169 924 ctibus,
1199 882 1393 922 redditibus,
1422 881 1638 925 proventibus,
1671 880 1801 917 iuribus,

1059 934 1301 968 obventionibus
1327 940 1357 967 et
1385 935 1606 968 emolumentis
1634 944 1670 967 ac
1698 933 1803 966 distri-

1059 989 1244 1022 butionibus
1279 989 1308 1021 in
1333 989 1473 1022 savorem
1508 998 1802 1032 quorumcumque,

1060 1043 1153 1075 etiam
1185 1042 1351 1076 duodecim
1384 1041 1688 1085 congregationum¹
1717 1051 1803 1085 prac-

1060 1096 1225 1136 dictarum,
1240 1096 1469 1139 assignatarum
1485 1101 1513 1129 et
1528 1094 1802 1138 assignandarum·=

1060 1150 1312 1194 percipiendam,
1335 1149 1520 1193 exigendam
1539 1155 1569 1182 et
1585 1148 1748 1182 levandam
1765 1149 1803 1181 ab

1062 1204 1207 1237 omnibus
1233 1209 1262 1237 et
1288 1204 1542 1248 quibuscumque
1568 1203 1733 1247 episcopis,
1758 1213 1805 1236 ar-

1062 1257 1271 1302 chiepiscopis
1297 1262 1326 1290 et
1346 1257 1546 1301 primatibus,
1563 1256 1751 1301 patriarchis
1775 1261 1802 1288 et

1062 1311 1129 1344 aliis
1155 1311 1359 1344 ecclesiarum
1385 1311 1543 1354 praelatis,
1561 1321 1596 1343 ac
1621 1310 1733 1343 ceteris
1750 1321 1803 1344 cu-

1063 1365 1248 1409 iuscumque
1281 1365 1460 1408 dignitatis,
1484 1365 1620 1407 gradus,
1651 1369 1748 1397 status
1776 1370 1802 1395 et

1063 1419 1250 1452 conditionis
1275 1419 1417 1463 personis
1443 1419 1624 1462 (praedictis
1645 1418 1806 1451 cardinali-

1061 1473 1119 1506 bus
1144 1478 1174 1505 et
1198 1473 1360 1516 hospitalis
1393 1472 1421 1505 S.
1455 1471 1602 1506 Ioannis²
1626 1472 1804 1516 Hierosoly-

1063 1526 1171 1558 mitani
1194 1526 1346 1559 militibus
1370 1526 1531 1558 dumtaxat
1548 1526 1699 1570 exceptis>
1715 1536 1805 1570 prac-

1063 1579 1143 1613 dicta
1173 1590 1374 1623 quocumque
1392 1580 1459 1612 iure
1480 1585 1510 1612 et
1526 1580 1617 1613 titulo
1642 1579 1806 1612 obtinenti<

1063 1633 1120 1665 bus
1142 1638 1172 1666 et
1196 1633 1391 1673 obtentui-is,
1420 1643 1543 1666 necnon
1568 1633 1750 1667 oeconomis
1776 1639 1803 1664 ct

1063 1686 1371 1720 administratoribus
1388 1687 1548 1730 perpetuis
1574 1692 1603 1719 ct
1627 1686 1805 1730 temporali-

1063 1741 1130 1779 bus,
1149 1741 1402 1780 usufructuariiS,
1420 1751 1455 1773 ac
1480 1740 1610 1782 fructus,
1627 1740 1804 1784 pensiones,

1064 1805 1114 1827 res
1139 1800 1168 1827 et
1193 1794 1253 1827 alia
1286 1793 1467 1827 huiusmodi
1500 1794 1567 1826 iura
1592 1804 1629 1826 ex
1655 1803 1805 1837 quacum-

1064 1859 1123 1892 que
1149 1850 1242 1881 causa
1273 1848 1331 1881 sibi
1365 1847 1536 1892 apostolica
1567 1848 1751 1882 auctoritate
1776 1847 1805 1879 in

1066 1906 1129 1935 toto
1156 1902 1202 1934 vel
1228 1902 1259 1934 in
1276 1907 1365 1945 parte
1390 1906 1548 1934 reservata
1573 1901 1761 1934 habentibus
1779 1906 1806 1933 ct

1066 1955 1236 1997 habituris,
1258 1955 1452 1988 secularibus
1472 1960 1502 1987 et
1524 1955 1733 1997 regularibus,
1751 1953 1806 1988 Or-

1065 2008 1192 2048 dinum,
1226 2009 1529 2051 congregationum,
1566 2008 1750 2040 militiarum
1779 2013 1804 2039 ct

1066 2062 1268 2105 hospitalium
1295 2063 1370 2105 (non
1396 2068 1500 2094 tamen
1524 2062 1552 2095 S.
1580 2062 1703 2094 Ioannis
1723 2071 1807 2105 prac-

1066 2115 1276 2159 (lictoi‘um3),
1312 2125 1433 2148 necnon
1469 2115 1508 2147 ab
1544 2115 1619 2158 ipsis
1648 2115 1807 2151 ecclesiis,

1067 2169 1220 2212 capitulis,
1239 2169 1451 2205 conventibus,
1478 2168 1653 2208 ordinibus,
1675 2179 1808 2212 congre-

1068 2223 1256 2265 gationibus,
1271 2223 1422 2266 collegiis,
1441 2223 1659 2267 hospitalibus,
1678 2222 1807 2260 militiis,

1068 2276 1203 2316 mensis,
1225 2277 1337 2309 massis
1363 2280 1392 2310 et
1415 2276 1502 2317 locis,
1521 2287 1720 2320 quocumque
1744 2276 1809 2319 pri-

1068 2330 1183 2372 vilegio
1208 2335 1238 2363 et
1262 2330 1460 2374 exemptione
1484 2330 1571 2372 reali,
1597 2329 1755 2373 personali
1780 2335 1806 2359 et

1071 2384 1176 2426 mixta,
1198 2383 1325 2427 antiqua
1351 2389 1380 2416 et
1404 2383 1660 2425 immemorabili,
1678 2382 1808 2426 pacifica

1070 2443 1099 2471 et
1124 2438 1272 2471 continua
1293 2437 1437 2479 suffultis,
1454 2448 1533 2481 quos
1554 2447 1674 2478 omnes,
1692 2436 1730 2469 ad
1750 2436 1809 2469 hoc

1108 2530 1118 2555 1
1137 2528 1206 2555 Edit.
1224 2528 1302 2555 Main.
1320 2528 1383 2563 legit
1397 2528 1667 2563 couyreyationz'bus
1682 2527 1720 2561 (R.
1737 2527 1785 2561 T.).

1105 2574 1121 2600 ⁶2
1137 2573 1206 2600 Edit.
1223 2572 1302 2600 Main.
1320 2573 1385 2607 legit
1407 2573 1514 2599 Ioanni
1529 2578 1567 2607 (R.
1584 2576 1632 2605 Τ.).

1106 2617 1121 2644 3
1147 2617 1193 2643 Vel
1218 2617 1363 2652 legendum
1384 2617 1549 2651 praedicti,
1576 2617 1616 2643 vel
1641 2616 1810 2652 parenthesis

1070 2662 1218 2690 claudenda
1234 2666 1296 2689 ante
1312 2670 1402 2689 vocem
1417 2663 1636 2696 praedictorum
1658 2662 1691 2688 Ἥ.
1709 2664 1758 2687 ΤΛ.

1698 233 1762 268 379
1810 242 1860 269 An.
1882 243 1910 269 c..
1931 242 1996 270 1634
