2248 3229
228 213 277 240 An.
294 213 322 241 c.
345 214 412 242 1632
458 205 522 239 ⁶284

245 1288 329 1315 Eosque
339 1287 409 1317 decla.-

225 1318 258 1336 rat
267 1321 377 1336 remancre
390 1320 410 1335 tn

227 1348 252 1362 eo
264 1345 325 1365 statu,
337 1342 356 1361 in
369 1347 410 1367 quo

225 1371 274 1389 ante
309 1369 410 1388 consisto-

225 1401 278 1416 rium
294 1397 360 1416 erant.

230 1981 341 2003 obstantia
353 1979 411 2002 tollit.

248 2194 415 2220 Praesentesque

232 2227 268 2241 eos
277 2221 369 2243 astitere,
380 2226 415 2246 pe-

232 2247 292 2267 rinde
307 2253 331 2267 ac
347 2248 363 2268 >i
379 2253 415 2272 pu·

231 2273 324 2295 biit-atae
340 2274 413 2295 forent.

425 263 635 297 cardinalibus
648 267 755 296 contra
773 261 961 295 haereticam
976 263 1161 305 pravitatem

424 317 457 349 in
480 317 625 350 universa
650 315 813 358 republica
838 314 1010 347 christiana
1036 325 1163 358 genera-

424 370 506 402 libus
529 368 767 412 inquisitoribus
793 368 830 400 ab
856 368 965 401 eadem
993 368 1071 401 Sede
1095 379 1162 413 spe-

425 422 543 455 cialiter
566 421 730 465 deputatis,
749 426 915 466 antequam
933 421 971 454 ad
999 421 1162 456 tractanda

424 475 520 517 ipsius
531 474 784 517 congregationis
797 475 923 517 negotia
933 475 1161 516 devenerimus,

423 527 580 561 mentem¹
605 533 635 561 et
659 528 865 562 intentionem
882 528 1043 562 nostram²
1067 539 1162 573 super

422 581 603 624 praemissis
628 582 862 625 explicavimus,
886 592 1000 626 nempe
1017 581 1112 615 fuisse
1133 587 1163 614 et

424 645 501 675 esse,
518 635 601 679 quod
619 635 737 679 Gaspar
757 635 922 679 episcopus
938 640 968 668 et
985 634 1162 676 cardinalis,

423 687 538 731 aliique
563 689 733 732 complices
751 688 843 721 etiam
861 688 889 721 S.
908 689 942 722 R.
962 688 994 721 E.
1021 688 1162 721 cardina-

423 742 478 782 les,
502 752 565 775 non
590 742 733 775 obstante
750 752 949 786 quacumque
967 742 1164 775 conniventia

424 805 479 828 seu
505 795 670 828 tolerantia
694 797 824 836 nostra,
849 800 1013 829 remanent
1037 795 1163 829 obnoxii

423 848 674 893 quibuscumque
699 849 901 893 praeiudiciis
926 853 955 884 et
978 849 1088 894 poenis
1108 859 1164 893 per

425 913 478 936 eos
511 908 541 936 et
573 913 683 937 eorum
718 903 888 947 quemlibet
920 903 960 937 ob
991 903 1164 947 praemissa

423 956 660 1000 quomodolibet
685 956 818 990 incursis
843 960 895 1003 aut
919 966 998 1000 quae
1018 957 1165 990 incurris-

424 1014 514 1050 sent,
543 1009 638 1053 idque
668 1010 885 1053 praesentibus
919 1009 1060 1043 eiusdem
1095 1019 1165 1043 con-

424 1064 616 1107 gregationis
634 1064 855 1105 cardinalibus,
878 1064 957 1097 inter
980 1074 1059 1107 quos
1083 1063 1163 1096 idem

424 1116 544 1161 Gaspar
577 1117 744 1161 episcopus
776 1122 806 1150 et
838 1117 1004 1150 cardinalis
1037 1116 1163 1158 aderat,

424 1171 558 1203 attestati
595 1181 724 1210 sumus,
750 1170 978 1203 declaravimus
1003 1175 1033 1202 et
1057 1169 1163 1202 decre-

423 1223 534 1256 vimus.
1013 1235 1015 1237 ·

469 1277 484 1319 ἓ
507 1276 536 1309 3.
564 1276 694 1317 Idcirco,
719 1281 753 1309 ut
777 1277 939 1320 perpetuis
956 1276 1164 1310 futuristem—

425 1330 557 1374 poribus
588 1330 626 1362 de
659 1334 763 1364 mente
795 1334 824 1364 et
853 1329 1024 1362 intentione
1049 1329 1165 1362 nostris

425 1383 605 1416 huiusmodi
631 1383 772 1416 securius
786 1387 904 1417 constet
930 1383 1098 1426 providere
1112 1393 1165 1416 vo-

425 1436 535 1476 lentes,
562 1442 660 1477 motu,
685 1437 815 1469 scientia
833 1440 862 1469 et
886 1435 1112 1469 deliberatione
1130 1446 1165 1468 ac

425 1490 585 1534 potestatis
620 1490 813 1534 plenitudine
850 1489 1026 1530 similibus,
1056 1494 1165 1523 tenore

425 1544 650 1587 praesentium,
676 1544 779 1576 denuo
804 1547 997 1583 attestamur,
1025 1544 1165 1576 declara-

425 1607 496 1629 mus
513 1602 542 1629 et
555 1597 763 1637 decernimus,
782 1596 977 1640 praedictum
993 1596 1164 1640 Gasparem

426 1651 608 1695 episcopum
624 1656 652 1683 et
667 1650 868 1691 cardinalem,
883 1650 1025 1693 aliosque
1039 1650 1167 1693 compli-

427 1715 477 1737 ces
503 1705 595 1737 etiam
621 1705 805 1745 cardinales,
831 1704 953 1737 ratione
977 1714 1035 1747 per
1057 1713 1110 1736 eos
1135 1703 1165 1735 in

426 1758 586 1801 praedicto
612 1759 799 1791 consistorio
825 1764 855 1790 et
886 1764 946 1790 tam
974 1764 1044 1790 ante
1073 1767 1165 1801 quam

426 1817 499 1854 post
523 1818 551 1844 et
576 1817 662 1845 extra
688 1812 763 1843 illud
781 1811 913 1844 ubilibet
931 1816 1092 1853 gestorum
1110 1811 1167 1843 liu-

426 1865 573 1905 iusmodi,
598 1875 761 1898 remanere
784 1865 812 1897 in
829 1864 927 1908 priori
949 1875 1055 1897 corum
1087 1869 1166 1896 statu

428 1917 458 1949 in
484 1929 546 1961 quo
569 1923 654 1951 erant
680 1918 803 1961 quando
830 1917 880 1949 illa
907 1923 1080 1960 gesserunt.

473 1972 540 2014 §4
574 1972 641 2005 Non
675 1971 871 2005 obstantibus
904 1970 1049 2003 omnibus
1085 1970 1166 2011 illis,

428 2035 507 2068 quae
525 2025 555 2056 in
572 2025 773 2067 praeinsertis
792 2024 902 2056 litteris
920 2023 1100 2056 huiusmodi
1120 2034 1168 2056 vo-

429 2078 544 2110 luimus
560 2088 623 2110 non
644 2078 777 2113 obstari:
804 2077 977 2119 celerisque
1003 2077 1168 2110 contrariis

429 2132 690 2175 quibuscumque.

475 2184 489 2227 ἓ
514 2184 542 2216 5.
569 2184 718 2216 Volumus
744 2189 859 2224 autem,
884 2183 968 2227 quod
993 2187 1055 2217 tam
1076 2192 1168 2226 prae-

430 2238 583 2278 insertae,
608 2248 702 2280 quam
728 2242 910 2280 praesentes
934 2236 1070 2278 litterae,
1097 2246 1167 2269 cum

430 2292 578 2325 omnibus
593 2296 623 2323 et
640 2291 771 2333 singulis
788 2290 817 2322 in
835 2290 879 2323 eis
896 2290 1059 2332 contentis,
1078 2300 1169 2323 suum

429 2344 605 2390 plenarium
630 2344 800 2377 sortiantur
834 2348 864 2376 et
899 2343 1004 2377 sortiri
1038 2343 1171 2376 debeant

432 2399 587 2439 effectum,
611 2401 798 2442 praesertim
824 2397 908 2430 circa
933 2396 1169 2430 translationem

432 2458 462 2486 et
473 2452 743 2486 transmissionem
765 2451 802 2484 ad
820 2451 1028 2495 opportunius
1045 2455 1170 2494 tempus

468 2534 480 2559 1
499 2533 569 2560 Edit.
586 2533 669 2559 Main.
686 2533 751 2567 legit
766 2534 872 2559 mentes
888 2532 924 2566 (R.
940 2531 986 2564 T.).

467 2578 484 2604 2
500 2577 564 2604 Heic
580 2578 668 2613 potius
684 2577 748 2604 edit.
770 2577 853 2604 Main.
874 2575 981 2604 volebat
1000 2574 1100 2610 forsan,
1120 2581 1169 2601 nec

433 2622 513 2657 mate,
530 2622 619 2657 legere
634 2625 746 2651 nostras
761 2622 799 2657 (R.
811 2622 859 2654 τ.).

1009 214 1187 239 BULLARIUM
1211 214 1365 239 ROMANUM

1196 272 1252 295 seu
1270 260 1503 306 beneplacitum
1523 265 1667 295 nostrum
1691 259 1935 295 animadversio-

1194 314 1242 348 nis
1260 315 1292 347 in
1316 315 1418 359 ipsum
1436 314 1605 359 Gasparem
1621 315 1804 359 episcopum
1821 319 1852 348 et
1870 324 1934 348 car-

1195 369 1342 410 dinalem,
1367 368 1508 412 aliosque
1533 362 1703 412 complices
1726 368 1817 401 etiam
1836 367 1934 401 cardi-

1195 422 1291 463 nales,
1316 421 1449 466 illosque
1475 431 1583 455 ornnes
1600 425 1631 455 et
1647 420 1787 464 singulos
1814 425 1934 456 arctent

1196 481 1226 508 et
1250 475 1387 509 afficiant
1413 476 1444 508 in
1466 475 1611 509 omnibus
1628 480 1658 508 et
1677 484 1734 518 per
1751 474 1866 517 omnia,
1883 485 1934 518 pe-

1196 529 1285 562 rinde
1310 539 1346 562 ac
1371 529 1396 562 si
1421 528 1609 573 publicatae,
1633 527 1781 571 dictoque
1805 527 1933 571 Gaspari

1197 582 1344 626 episcopo
1365 587 1395 615 et
1419 582 1579 625 cardinali,
1597 586 1627 615 et
1642 581 1710 615 aliis
1727 580 1934 625 complicibus

1196 636 1289 669 etiam
1321 635 1549 677 cardinalibus,
1573 641 1603 669 et
1635 635 1761 669 illorum
1786 633 1933 675 cuilibet,

1196 689 1403 734 personaliter
1427 688 1587 722 intimatae
1594 688 1750 739 ‚fuissent

1240 743 1350 776 Datum
1375 743 1502 785 Romae,
1526 741 1609 786 apud
1621 742 1649 776 S.
1664 742 1801 783 Petrum,
1814 741 1871 775 sub
1885 751 1935 774 an-

1197 797 1271 830 nulo
1300 796 1484 839 Piscator-is,
1509 795 1559 829 die
1586 806 1618 830 xi
1641 795 1745 829 martii
1769 805 1933 836 MDcxxxin

1197 850 1397 895 pontificatus
1412 849 1512 884 nostri
1529 859 1611 883 anno
1634 859 1674 884 tx.

1233 913 1289 941 Dat.
1311 912 1353 941 die
1373 913 1402 940 11
1427 912 1516 940 martii
1535 912 1619 948 1632,
1634 911 1729 948 pontif.
1746 920 1817 940 anno
1832 919 1867 939 ix.

1479 1029 1658 1064 CDXXXVI.

1201 1101 1292 1141 Quod
1317 1102 1434 1145 festum
1465 1101 1624 1134 transitus
1648 1101 1678 1134 S.
1707 1101 1877 1134 Benedicti
1899 1102 1936 1134 in

1242 1154 1384 1198 sinqulis
1410 1154 1496 1195 locis,
1521 1155 1557 1187 in
1581 1154 1701 1198 quibus
1725 1155 1868 1188 eoeistunt
1892 1165 1936 1187 ec-

1242 1207 1356 1240 etesiae
1381 1207 1516 1241 Ordinis
1540 1208 1645 1251 ipsius
1671 1208 1936 1251 Conyreqatiom‘s

1243 1261 1506 1304 Hispaniarum,
1532 1261 1573 1294 ad
1598 1262 1702 1294 instar
1732 1261 1875 1294 aliorum
1899 1260 1937 1293 de

1241 1318 1409 1356 praecepto
1430 1312 1589 1346 Ecclesiae
1613 1313 1878 1346 celebrandorum
1890 1323 1937 1345 re-

1243 1367 1368 1401 colatur
1381 1366 1399 1399 ¹.

1405 1438 1540 1466 Urbanus
1560 1439 1731 1474 Episcopus,
1755 1469 1770 1483 ο

1371 1491 1478 1512 servus
1509 1492 1663 1514 sorvorum
1683 1484 1734 1512 Dei
1751 1506 1760 1519 ,

1341 1528 1378 1556 ad
1397 1528 1530 1556 futuram
1549 1529 1594 1556 rei
1613 1528 1794 1556 memoriam.

1245 1590 1355 1623 Sancta
1371 1595 1471 1623 mater
1488 1590 1635 1631 Ecclesia,
1652 1600 1732 1634 quae
1749 1589 1938 1623 salutaribus

1199 1652 1256 1676 nos
1280 1653 1404 1686 semper
1428 1643 1553 1676 instruit
1582 1642 1796 1683 documentis,
1820 1653 1938 1676 annuas

1200 1696 1394 1729 orthodoxae
1419 1696 1492 1728 fidei
1516 1696 1589 1728 siliis
1614 1696 1807 1729 venerandas
1826 1706 1940 1739 propo-

1200 1750 1245 1783 nit
1264 1755 1443 1782 sanctorum
1474 1750 1688 1790 celebritates,
1713 1749 1766 1793 qui
1790 1749 1822 1781 in
1847 1749 1940 1782 terris

1201 1813 1262 1836 non
1287 1804 1388 1836 solum
1413 1803 1557 1847 exempla
1581 1803 1619 1835 ad
1645 1803 1776 1845 salutem
1808 1802 1941 1846 relique-

1201 1861 1296 1896 runt,
1321 1856 1373 1889 scd
1399 1856 1429 1888 in
1459 1856 1545 1890 caelo
1575 1855 1657 1889 beati
1689 1855 1939 1889 christifidelium

1201 1910 1409 1953 patrocinium
1436 1910 1606 1954 suscipere,
1630 1919 1803 1952 eorumque
1827 1908 1940 1942 oratio-

1202 1973 1256 1996 nes
1281 1967 1310 1997 et
1334 1969 1404 1996 vota
1436 1964 1500 1997 suis
1533 1963 1680 2008 precibus
1705 1962 1853 1995 adiuvare
1877 1971 1938 1994 non

1203 2022 1333 2050 cessant.
1357 2017 1456 2056 Quam
1474 2017 1620 2050 omnibus
1636 2027 1727 2060 opem
1749 2015 1831 2060 apud
1849 2017 1939 2048 mise-

1202 2070 1359 2104 ricordem
1385 2071 1491 2104 Deum·
1508 2070 1670 2103 credentes
1694 2070 1819 2103 beatum
1846 2069 1940 2102 Bene-

1203 2124 1320 2157 dictum
1334 2124 1562 2157 monachorum
1578 2124 1754 2167 principem
1768 2128 1797 2156 et
1809 2123 1941 2168 patriar-

1203 2177 1293 2212 cham
1314 2177 1439 2210 assiduo
1457 2177 1648 2220 impendere,
1665 2176 1796 2220 dignum
1812 2176 1939 2220 quidem

1203 2231 1369 2276 pastoralis
1394 2230 1487 2263 officii
1512 2230 1629 2266 nostris
1653 2229 1794 2263 humeris
1818 2240 1855 2263 ex
1878 2230 1940 2263 alto

1203 2283 1362 2319 commissi
1392 2283 1531 2317 debitum
1562 2289 1762 2328 reputamus,
1787 2288 1822 2317 ut
1844 2283 1941 2316 felicis

1203 2339 1270 2371 eius
1294 2338 1443 2371 transitus
1459 2337 1535 2378 dies,
1554 2347 1615 2381 qua
1632 2337 1731 2381 ipsius
1747 2336 1851 2370 anima
1866 2336 1940 2369 bea-

1203 2392 1287 2425 tifica
1312 2392 1461 2426 fruitione
1478 2385 1572 2436 digna
1596 2391 1634 2424 ad
1659 2396 1801 2425 aeternas
1815 2390 1882 2424 illas
1899 2389 1942 2422 di-

1239 2484 1250 2509 1
1267 2481 1410 2510 Monaclios
1425 2482 1598 2509 Cassinenses
1619 2480 1838 2516 congregationis
1857 2478 1942 2507 sancti

1203 2526 1339 2554 Benedicti
1354 2526 1413 2554 ideo
1429 2526 1467 2553 sic
1482 2526 1571 2553 vocari
1586 2526 1663 2553 iussit
1677 2525 1761 2552 Iulius
1770 2523 1794 2551 11
1806 2523 1869 2559 quia
1883 2531 1941 2550 mo-

1203 2571 1351 2598 nasterium
1372 2570 1530 2598 Cassinense
1550 2574 1590 2597 est
1609 2573 1689 2605 caput
1712 2568 1825 2596 aliorum
1845 2575 1941 2595 mona·

1203 2616 1360 2650 steriorum,
1380 2619 1410 2644 ut
1424 2616 1451 2643 in
1465 2615 1523 2644 eius
1538 2614 1627 2644 const.
1641 2622 1672 2650 n,
1683 2617 1748 2643 tom.
1761 2620 1788 2649 v,
1799 2620 1860 2648 pag.
1879 2611 1940 2640 400.

1947 211 1996 239 An.
2013 210 2041 239 C.
2063 211 2132 239 1632

1980 1601 2119 1622 Prooemium.
