2248 3229
225 191 276 220 An.
297 191 325 220 C.
343 192 412 221 1635
456 184 520 218 468

245 1907 349 1928 Recenset
359 1910 408 1926 con-

224 1939 306 1954 cessam
356 1932 409 1953 alias

224 1960 322 1986 Philippo
333 1959 409 1986 Hispa-

224 1988 306 2007 niarum
318 1986 361 2011 regi
372 1986 409 2006 de-

224 2014 300 2034 cimam
346 2018 409 2039 super

224 2040 334 2060 beneficiis
376 2045 409 2059 ec·

225 2066 352 2087 clesiasticis
373 2065 408 2086 Hi-

224 2093 319 2119 spaniae.
342 2095 365 2113 ut
388 2099 409 2113 0<

224 2125 272 2145 pem
295 2119 407 2140 Ferdinan-

225 2146 251 2166 do
287 2146 409 2172 imperatori

225 2172 280 2194 serre
295 2175 373 2199 posset.

425 247 513 276 motu
534 242 664 286 proprio
689 247 719 275 et
743 253 779 275 ex
805 243 892 275 certa
916 242 1056 284 scientia,
1078 248 1108 275 et
1128 243 1165 276 de

425 295 614 338 apostolicae
638 295 800 338 potestatis
831 294 1047 338 plenitudine,
1072 295 1165 328 etiam

425 348 692 387 consistorialiter,
707 352 737 380 et
753 348 828 381 alias
842 348 1080 391 quomodolibet
1096 359 1167 382 con-

425 401 536 440 cessis,
561 401 742 444 approbatis
766 406 796 434 et
821 401 993 442 innovatis,
1018 401 1086 435 aut¹
1104 403 1164 435 im-

424 460 584 498 posterum
600 455 808 488 concedendis
822 461 852 489 et
864 456 1088 500 approbandis,
1101 456 1165 500 qui-

423 507 481 540 bus
494 508 640 541 omnibus
653 513 684 541 et
697 509 838 551 singulis,
848 509 970 542 etiamsi
984 509 1022 543 de
1035 510 1107 550 illis,
1117 520 1165 543 eo—

423 571 557 604 rumque
571 562 643 594 totis
656 563 819 595 tenoribus
837 563 992 607 specialiS,
1007 564 1163 607 specifica,

423 624 570 657 expressa
600 618 630 648 et
660 614 838 658 individua,
871 626 906 649 ac
935 616 974 649 de
1001 617 1097 650 verbo
1126 617 1164 650 ad

422 667 574 709 verbum,
598 678 661 701 non
686 674 791 702 autem
815 679 872 713 per
897 670 1053 704 clausulas
1073 681 1164 714 gene-

421 720 504 753 rales
528 721 610 754 idem
632 721 847 766 imponantes,
866 724 984 757 mentio
1001 729 1053 757 aut
1073 735 1163 768 quae-

422 774 468 806 vis
500 774 560 807 alia
595 776 755 819 expressio
790 777 935 810 habenda
970 783 1023 810 aut
1058 778 1163 821 aliqua

422 827 481 859 alia
505 829 658 872 exquisita
682 829 782 863 forma
807 829 846 862 ad
870 830 930 864 hoc
952 831 1104 864 servanda
1122 832 1163 864 so-

421 886 479 921 ret,
504 881 565 914 illis
589 882 664 915 alias
681 883 711 915 in
729 894 785 916 suo
803 883 918 917 robore
933 885 1161 927 permansuris,

421 934 480 967 hac
504 935 571 968 vice
595 935 756 969 dumtaxat
772 937 951 980 specialiter
969 943 998 970 et
1015 949 1162 982 expresse

421 987 626 1030 derogamus,
647 989 822 1034 ceterisque
847 991 1013 1025 contrariis
1038 992 1163 1035 quibus-

422 1051 565 1085 cumque.

465 1095 577 1128 Datum
597 1096 724 1138 Romae,
743 1098 825 1142 apud
847 1098 876 1132 S.
896 1099 1099 1141 Petrum,sub
1113 1110 1162 1132 an-

421 1149 496 1183 nulo
518 1150 696 1192 piscatoris,
714 1152 763 1185 die
790 1164 807 1185 x
821 1152 972 1187 februarii
996 1164 1161 1196 MDcxxxv,

420 1203 621 1246 pontificatus
640 1205 740 1238 nostri
764 1216 845 1240 anno
873 1217 924 1240 xn.

457 1265 515 1293 Dat.
531 1265 574 1294 die
591 1266 623 1294 10
637 1266 767 1295 februarii
784 1268 862 1302 1635,
878 1269 974 1304 pontif.
993 1278 1062 1297 anno
1078 1276 1125 1297 x11.

740 1383 842 1417 DVIll.

421 1451 564 1496 [inponit
582 1454 617 1487 in
633 1454 864 1498 Portuyalliae
874 1460 902 1489 et
915 1456 1162 1500 Alyarbz'orum,

466 1516 503 1538 ao
526 1506 659 1540 Siciliae
683 1508 773 1541 ultra
794 1508 939 1552 pharum
963 1511 1083 1553 reqnz's,
1109 1521 1164 1544 nec

466 1569 531 1592 non
564 1560 600 1593 iu
629 1560 736 1593 Indizsss
769 1561 1034 1603 occidentalibus,
1060 1574 1162 1597 unam

466 1611 625 1646 decimam
656 1614 754 1647 semel
784 1615 945 1659 Philippo
969 1616 1020 1649 IV
1041 1616 1164 1660 Hispa-

466 1667 601 1699 niarum
624 1667 695 1709 φερέ
722 1668 985 1710 persolvendam,
1014 1673 1048 1702 ut
1073 1680 1163 1714 opem

466 1719 677 1753 Ferdinando
686 1721 725 1754 II
736 1721 928 1765 imperatori
942 1723 1025 1771 ferre
1037 1722 1161 1766 possm¹

622 1792 758 1820 Urbanus
793 1793 872 1827 Papa
900 1794 977 1828 VIII,

569 1836 605 1863 ad
625 1836 757 1864 futuram
776 1837 822 1865 rei
837 1838 1016 1866 memoriam.

467 1896 483 1940 g
506 1896 535 1929 l.
562 1897 660 1938 Alias,
684 1898 744 1931 ob⁸
764 1899 904 1933 funestos
929 1900 1161 1934 haereticorum

424 1949 455 1982 in
471 1949 638 1984 Germania
655 1957 758 1985 motus
778 1957 807 1985 61
830 1953 974 1986 intestina
999 1953 1080 1986 bella
1097 1955 1164 1997 qui-

423 2003 482 2036 bus
506 2005 667 2048 provincia
692 2006 743 2038 illa
769 2006 882 2039 misere
913 2007 1104 2047 vexabatur,
1130 2013 1164 2040 ut

424 2057 630 2092 charissimus
655 2059 686 2092 in
711 2059 834 2093 Christo
858 2060 941 2093 filius
966 2066 1072 2094 noster
1097 2062 1164 2094 Phi-

424 2110 531 2155 lippus
556 2111 776 2156 Hispaniarum
805 2124 859 2146 rex
890 2115 1062 2148 catholicus
1090 2115 1163 2148 cha-

423 2164 550 2198 rissimo
587 2165 618 2198 in
653 2166 775 2200 Christo
809 2167 875 2200 silio
910 2171 1018 2202 nostro
1054 2168 1163 2201 Ferdi-

423 2217 766 2252 nandoRomanorum
791 2220 858 2263 regi
882 2221 913 2253 in
938 2221 1162 2265 imperatorem

424 2270 543 2314 electo,
569 2272 601 2304 in
634 2272 686 2305 illo
719 2273 900 2307 calamitoso
928 2285 1036 2307 rerum
1065 2280 1163 2316 statu,

424 2335 514 2368 opem
532 2325 614 2358 serre
631 2332 754 2369 posset⁷
773 2328 1056 2372 supplicationibus
1082 2329 1164 2362 eius-

424 2377 495 2411 dem
520 2379 655 2424 Philippi
681 2381 764 2424 regis
788 2382 878 2415 nobis
903 2393 1000 2426 super
1024 2383 1084 2416 hoc
1109 2383 1165 2416 hu-

424 2432 541 2467 militer
554 2435 711 2478 porrectis
729 2435 877 2479 inclinati,
895 2447 991 2470 unam
1008 2436 1163 2471 decimam

461 2516 471 2541 1
493 2514 589 2542 Partic.
606 2519 657 2544 aut
671 2524 721 2544 nos
736 2516 859 2544 addimus
874 2517 912 2551 (R.
929 2518 978 2551 T.).

459 2560 477 2585 2
491 2559 529 2586 Ex
544 2561 652 2595 Regest.
670 2561 697 2587 in
711 2561 811 2589 Secret.
829 2561 906 2589 Brev.

461 2604 477 2631 3
488 2603 566 2639 Male,
579 2609 607 2632 ut
618 2609 691 2640 puto,
703 2606 745 2633 ed.
758 2606 837 2634 Main,
849 2607 911 2642 legit
923 2607 960 2634 acl
972 2615 1019 2642 pro
1030 2607 1063 2635 ob
1072 2607 1162 2643 (Rau).

1005 196 1183 220 BULLARIUM
1207 196 1362 221 ROMANUM

1199 254 1296 286 super
1320 244 1458 277 ecclesiis
1483 250 1512 277 et
1534 245 1696 280 beneficiis
1716 246 1936 280 ecclesiasticis

1200 306 1371 339 regnorum
1396 298 1564 341 Hispaniae
1586 304 1616 331 et
1640 300 1813 334 insularum
1838 301 1882 334 illi
1902 311 1935 333 a-

1198 349 1400 391 diacentium,
1425 351 1463 383 ad
1488 350 1634 384 effectum
1657 354 1852 396 praedictum
1878 355 1935 387 im-

1199 403 1363 446 posuimus
1373 401 1391 446 ί,
1405 404 1526 448 ipsique
1539 404 1736 438 Ferdinando
1750 407 1817 449 regi
1834 408 1865 440 in
1882 408 1937 440 im-

1198 460 1377 499 peratorem
1403 458 1502 490 electo
1534 461 1563 492 et
1592 458 1737 501 religioni
1766 460 1937 493 catholicae

1199 509 1316 542 ibidem
1341 510 1541 554 periclitanti,
1566 511 1604 543 de
1627 512 1765 556 propriis
1779 513 1896 546 nostris
1909 518 1938 546 et

1198 563 1291 596 huius
1320 563 1450 597 Sanctae
1482 564 1570 598 Sedis
1601 566 1760 609 pecuniis,
1786 571 1936 610 quantum

1197 627 1269 649 cum
1294 616 1428 650 Domino
1452 618 1623 662 potuimus,
1645 619 1738 651 etiam
1760 629 1852 663 opem
1870 620 1938 652 tuli-

1198 681 1276 703 mus.

1242 724 1256 767 g
1276 723 1304 756 2.
1326 724 1401 758 Cum
1420 729 1535 765 autem,
1554 724 1633 758 sicut
1653 725 1754 760 dictus
1774 726 1937 770 Philippus

1196 788 1250 810 rex
1269 777 1359 810 nobis
1374 788 1477 821 nuper
1493 778 1606 822 exponi
1624 779 1705 819 fecit,
1719 779 1828 812 eadem
1843 790 1935 813 causa

1196 830 1384 864 defensionis
1409 831 1481 863 fidei
1507 832 1678 865 catholicae
1702 832 1734 864 in
1758 832 1841 865 dicta
1862 844 1936 877 pro-

1197 884 1297 916 vincia
1328 888 1358 917 et
1387 884 1494 917 auxilii
1518 885 1619 917 eidem
1646 885 1843 919 Ferdinando
1868 887 1935 929 regi

1197 937 1228 970 in
1252 938 1477 981 imperatorem
1509 938 1608 971 electo
1639 938 1818 982 praestandi
1844 939 1935 972 etiam

1196 991 1233 1024 ad
1258 1002 1408 1035 praesens
1433 991 1556 1034 vigeat,
1581 1002 1656 1033 nos,
1682 998 1715 1025 ut
1739 992 1841 1026 dictus
1865 992 1936 1025 Phi-

1196 1044 1300 1088 lippus
1326 1055 1379 1078 rex
1404 1044 1436 1077 in
1460 1045 1571 1077 eodem
1596 1045 1794 1078 Ferdinando
1814 1056 1889 1089 rege
1906 1045 1938 1078 in

1196 1098 1420 1142 imperatorem
1435 1099 1533 1132 eleeto
1545 1098 1720 1132 adiuvando
1734 1104 1764 1132 et
1777 1099 1937 1132 communi

1197 1152 1387 1196 reipublicae
1411 1152 1599 1185 christianae
1631 1154 1725 1185 causa
1755 1152 1937 1185 sustinenda

1196 1205 1308 1238 melius
1333 1206 1518 1239 continuare
1542 1206 1656 1250 possit,
1683 1217 1778 1250 super
1802 1206 1936 1239 aliorum

1197 1259 1335 1292 eiusdem
1357 1259 1494 1303 Philippi
1518 1259 1603 1302 regis
1620 1270 1804 1303 regnorum,
1825 1270 1937 1304 nempe

1197 1311 1355 1345 Indiarum
1380 1312 1640 1353 occidentalium,
1664 1323 1700 1346 ac
1728 1313 1938 1356 portugalliae

1197 1371 1226 1398 et
1249 1367 1483 1409 Algarbiorum,
1507 1377 1630 1401 necnon
1655 1367 1844 1408 Trinacriae,
1859 1367 1939 1400 scili-

1197 1424 1245 1453 cet
1270 1419 1393 1454 Siciliae
1410 1421 1492 1453 ultra
1516 1421 1660 1464 pharum,
1679 1420 1819 1454 ecclesiis
1840 1426 1870 1453 et
1890 1420 1939 1453 be-

1196 1473 1316 1508 neficiis
1341 1475 1561 1509 ecclesiasticis
1586 1476 1678 1509 aliam
1704 1475 1858 1509 decimam
1880 1476 1938 1508 im-

1196 1537 1315 1570 ponere
1339 1528 1592 1561 deliberavimus.

1242 1581 1256 1624 §
1275 1580 1304 1613 3.
1323 1581 1616 1625 Supplicationibus
1633 1582 1737 1626 itaque
1754 1583 1852 1626 ipsius
1870 1582 1938 1615 Phi-

1197 1634 1274 1678 lippi
1299 1635 1383 1678 regis
1406 1635 1497 1669 nobis
1521 1636 1624 1668 denuo
1649 1636 1811 1669 humiliter
1831 1646 1939 1679 porre-

1197 1688 1254 1720 ctis
1279 1688 1438 1729 inclinati,
1464 1689 1501 1722 de
1527 1689 1693 1722 attributae
1723 1689 1813 1723 nobis
1838 1700 1855 1722 a
1878 1689 1938 1723 Do-

1198 1742 1283 1774 mino
1316 1743 1506 1785 apostolicae
1538 1743 1701 1787 potestatis
1734 1743 1938 1787 plenitudine,

1199 1800 1305 1829 tenore
1330 1796 1553 1839 praesentium,
1571 1796 1738 1830 indicimus
1758 1802 1788 1829 et
1807 1796 1940 1841 imponi-

1198 1859 1277 1890 mus,
1292 1859 1385 1882 unam
1403 1850 1557 1892 integram
1577 1850 1672 1883 semel
1687 1856 1716 1883 et
1733 1850 1763 1883 in
1780 1850 1938 1894 praesenti

1197 1908 1250 1935 aut
1270 1903 1379 1936 saltem
1396 1903 1541 1946 proxime
1562 1903 1765 1947 subsequenti
1782 1913 1862 1937 anno
1880 1903 1940 1936 exi-

1197 1955 1331 1997 gendam
1357 1960 1387 1989 et
1411 1956 1649 1999 persolvendam
1667 1956 1820 1989 decimam
1839 1956 1939 1999 (iuxta

1197 2012 1296 2041 ratam
1321 2019 1338 2040 a
1362 2014 1471 2042 nostro
1504 2014 1533 2041 et
1566 2009 1763 2052 Apostolicae
1795 2009 1882 2042 Sedis
1908 2009 1939 2041 in

1197 2062 1302 2104 regnis
1324 2062 1546 2105 Hispaniarum
1572 2062 1692 2102 nuntio,
1717 2062 1820 2105 quoad
1839 2062 1939 2095 lndias

1197 2114 1383 2158 praedictas,
1410 2125 1472 2158 quo
1498 2125 1571 2147 vero
1595 2115 1632 2147 ad
1658 2125 1755 2157 regna
1779 2115 1940 2158 Portugal-

1198 2169 1256 2201 liae
1271 2174 1300 2201 et
1313 2169 1536 2211 Algarbiorum
1550 2179 1567 2201 a
1583 2168 1699 2201 iurium
1718 2174 1747 2201 61
1765 2168 1937 2212 spoliorum

1198 2233 1341 2255 camerae
1355 2223 1547 2266 apostolicae
1559 2223 1672 2255 ibidem
1687 2223 1865 2256 debitorum
1880 2223 1940 2256 col-

1197 2275 1314 2309 lectore
1339 2276 1489 2318 generali,
1507 2287 1590 2309 nunc
1614 2282 1645 2309 et
1667 2287 1727 2320 pro
1752 2281 1894 2320 tempore
1912 2286 1940 2309 e-

1198 2329 1392 2370 xistentibus,
1407 2335 1436 2362 et
1452 2330 1555 2373 quoad
1568 2330 1691 2364 Siciliae
1705 2341 1839 2373 regnum
1853 2340 1940 2374 prae-

1198 2383 1305 2423 fatum,
1331 2383 1514 2427 respective,
1538 2394 1555 2416 a
1582 2386 1717 2428 persona
1740 2395 1798 2427 per
1815 2394 1873 2417 nos
1890 2384 1939 2415 de-

1198 2437 1336 2480 putanda
1354 2437 1542 2481 taxandam),
1560 2438 1731 2478 fructuum,
1748 2437 1938 2476 reddituum,

1198 2496 1420 2534 proventuum,
1446 2491 1681 2533 obventionum,
1708 2491 1936 2524 emolumento-

1198 2554 1268 2576 rum
1297 2555 1589 2589 quorumcumque,
1615 2556 1651 2578 ac
1681 2544 1937 2579 distributionum

1237 2610 1244 2634 1
1269 2608 1332 2636 Vide
1352 2617 1433 2643 supra
1453 2617 1514 2644 pag.
1531 2609 1584 2635 272
1599 2608 1677 2637 huius
1692 2608 1756 2636 tomi
1771 2608 1808 2643 (11.
1827 2608 1872 2643 τ.).

1950 198 1999 226 Α11.
2021 198 2048 226 C.
2069 198 2134 226 1635

1978 737 2053 758 lis-lem
2068 738 2135 759 subsi-

1952 768 1982 785 sto

1985 766 2056 785 ritibus
2066 765 2136 785 causis

1952 798 1987 812 rex
1996 792 2021 811 ad
2032 791 2135 812 beneficia

1952 818 1980 838 Po

1952 845 1978 865 lux

1952 872 1977 891 tlt*

1952 898 1978 918 cil

1951 931 1977 951 pe

1984 818 2095 843 rlugalliao
2115 820 2135 837 et

1981 845 2056 865 harum
2076 845 2136 864 Occi·

1981 871 2067 891 matium
2078 873 2099 890 et
2109 870 2140 891 Si·

1982 899 2015 918 iae
2052 897 2136 918 extendi

1981 927 2011 944 tu.

1980 1592 2054 1612 Annuit
2070 1591 2136 1612 Urba-

1953 1624 1999 1639 nus.
