2248 3229
6 3138 19 3162 ὣ.
4 3063 22 3128 (ἐν’-.-

123 221 173 247 An.
188 218 218 247 C.
239 218 309 247 1630

935 217 1077 243 URBANUS
1102 217 1157 241 vm
1181 217 1229 241 PP.

320 267 508 308 communis,
525 267 550 301 si
568 278 657 311 quae,
684 273 754 309 etc„
775 272 804 301 et
818 268 849 300 in
869 267 972 311 specie
987 277 1060 300 can-

320 320 522 354 delabrorum
548 325 783 364 argenteorum.

364 373 513 407 Custodia
536 374 729 407 Sanctissimi
753 373 946 408 Sacramenti
966 373 997 405 in
1021 371 1062 405 al-

323 426 381 459 tari
407 427 518 460 maiori
536 427 695 460 existentis
720 427 758 459 ad
784 426 955 470 capitulum
973 435 1063 459 cano—

323 479 467 513 nicorum
482 480 654 524 pertineat:
672 480 774 524 quoad
791 480 874 512 illius
891 484 953 512 tam
966 478 1064 522 publi-

324 542 392 565 cam
403 543 497 576 quam
511 533 665 577 privatam
680 533 905 577 expositionem
920 536 1065 564 servetur

324 590 358 617 nt
381 585 483 626 infra,
507 586 668 619 videlicet:
695 586 820 630 quando
843 584 1063 629 exponendum

325 644 371 671 est
387 639 674 683 processionaliter,
691 644 785 684 prout
799 640 829 672 in
846 638 1065 674 festivitatibus

325 692 533 736 quadraginta
550 693 701 727 horarum
716 694 763 727 vel
777 694 940 736 similium,
957 693 1009 726 fiat
1027 692 1067 724 al-

326 745 423 778 ternis
448 746 569 779 vicibus
593 758 610 779 a
635 748 771 791 capitulo
788 747 1012 781 canonicorum
1037 750 1067 778 et

327 799 567 840 monachorum,
579 800 620 832 ita
638 805 668 832 ut
687 800 809 844 primus
825 805 936 833 turnus
954 799 985 832 in
998 809 1067 832 exe-

327 852 512 897 quutionem
541 853 729 886 concordiae
757 853 796 885 sit
823 853 1066 891 canonicorum;

328 906 446 938 clavem
472 905 570 949 igitur
599 906 813 948 tabernaculi,
837 905 963 949 quando
988 905 1069 938 sole-

329 959 443 1006 mnitas
459 959 512 992 fiet
527 969 584 1003 per
598 959 781 999 monachos,
801 958 933 992 durante
951 958 1070 992 dumta-

331 1019 382 1046 xat
406 1014 622 1055 solemnitate,
648 1013 794 1046 monachi
819 1023 877 1057 per
901 1012 1070 1046 canonicos

331 1066 476 1099 traditam
492 1066 678 1107 custodiant,
692 1066 779 1100 finita
793 1067 990 1099 solemnitate
1014 1066 1071 1099 eis-

331 1120 402 1153 dem
421 1119 580 1153 canonicis
593 1120 712 1163 absque
726 1121 814 1153 mora
831 1120 1070 1159 restituendaim

331 1173 386 1206 nbi
410 1183 484 1206 vero
509 1183 545 1205 ex
565 1172 760 1217 privatorum
782 1173 931 1217 precibus
947 1173 1007 1206 erit
1023 1183 1072 1206 ex-

333 1227 535 1271 ponendum,
568 1227 593 1260 si
626 1237 774 1260 recursus
799 1227 924 1271 piorum
951 1226 1010 1260 erit
1033 1226 1072 1259 ad

333 1280 516 1321 monachos,
540 1284 704 1314 teneantur
727 1280 810 1313 illico
835 1279 987 1321 canonici,
1013 1280 1073 1312 eis—

333 1333 405 1366 dem
429 1334 591 1367 monachis
616 1333 825 1375 instantibus,
859 1333 1073 1366 sanctuarium

333 1387 470 1432 aperire,
492 1393 522 1421 et
541 1387 580 1421 ad
600 1387 742 1420 eamdem
757 1388 875 1431 pariter
895 1387 1073 1420 instantiam

335 1441 491 1474 claudere.

379 1495 556 1539 Capitulum
581 1495 805 1528 canonicorum
827 1505 953 1539 semper
977 1495 1074 1527 altare

336 1548 438 1581 maius
451 1554 480 1582 et
493 1548 655 1582 ecclesiam
681 1549 827 1593 apparari
844 1549 944 1589 faciat,
961 1553 992 1581 et
1007 1548 1074 1581 eius

336 1602 376 1634 sit
399 1602 568 1646 peculiare.
587 1601 879 1646 Superstantiarius‚
900 1612 917 1634 a
937 1601 1075 1645 capitulo

337 1655 562 1689 canonicorum
573 1655 659 1688 iuxta
667 1661 853 1688 consuetum
866 1655 1076 1688 nominandus

337 1719 395 1753 pro
419 1713 573 1753 tempore,
597 1709 729 1742 liberam
754 1708 872 1742 habens
897 1714 1076 1752 superstan-

339 1761 447 1794 tiariae
460 1762 663 1806 eiusdemque
681 1761 866 1795 introituum
884 1761 1079 1794 administra-

340 1814 467 1856 tionem,
493 1820 577 1847 sarta
593 1819 708 1849 tectum
726 1820 753 1848 et
771 1813 951 1848 ecelesiam¹
972 1825 1079 1847 manu-

341 1871 447 1901 tenere
471 1867 574 1901 debet.

385 1921 419 1954 In
432 1931 560 1954 accessu
572 1922 761 1965 legatorum,
779 1921 1020 1966 archiepiscopi,
1035 1933 1081 1955 ec-

341 1975 586 2009 clesiasticarum
607 1985 816 2019 personarum
838 1979 867 2009 et
888 1975 1080 2020 principum,

342 2028 394 2062 ubi
412 2028 556 2072 recipere
570 2039 648 2073 opus
665 2034 710 2062 est
728 2028 765 2061 ad
780 2029 903 2062 ianuam
918 2029 1081 2070 maiorem,

343 2087 406 2114 tam
419 2082 588 2126 capitulum
598 2083 823 2116 canonicorum
832 2093 925 2127 quarn
936 2082 1081 2116 monachi

344 2135 469 2170 obviam
494 2139 574 2176 eant,
591 2140 621 2170 et
637 2136 675 2169 ab
700 2136 854 2169 ambobus
878 2136 1020 2180 collegiis
1037 2147 1083 2169 re-

345 2190 510 2234 cipiantur3
531 2190 627 2223 abbas
643 2196 748 2224 tamen
768 2196 798 2224 et
815 2190 961 2224 monachi
981 2191 1085 2224 cucul-

344 2242 398 2275 lati
423 2243 578 2284 inc-edant,
594 2253 653 2277 nec
673 2243 797 2277 obviam
819 2248 900 2285 eant,
921 2244 980 2277 nisi
997 2253 1085 2288 prae-

346 2301 433 2330 sente
442 2297 578 2340 capituto
586 2298 819 2332 canonicorum.
829 2298 981 2339 Vicarius,
990 2308 1084 2342 quem

347 2355 460 2384 vocant
483 2351 711 2395 provisionum,
736 2362 808 2385 cum
833 2362 890 2386 suo
921 2351 1084 2392 tribunali,

348 2404 477 2448 eiusque
489 2404 635 2448 publicae
648 2405 820 2438 oblationes
837 2415 854 2438 a
867 2405 934 2438 solo
948 2404 1085 2449 capitulo

349 2457 574 2490 canonicorum
599 2458 802 2501 excipiantur.

395 2510 490 2544 Unica
515 2521 591 2544 crux
622 2510 652 2543 in
682 2511 814 2544 ecclesia
841 2511 1001 2545 adoranda
1031 2521 1086 2555 po-

349 2564 424 2609 pulo
448 2564 498 2597 die
523 2564 644 2597 veneris
669 2564 798 2598 maioris
814 2564 1032 2598 hebdomadae
1050 2564 1088 2597 ad

387 2630 398 2654 t
417 2626 517 2656 Forsan
532 2630 637 2656 saetam
652 2630 752 2657 teocam
766 2627 911 2656 ecclesiam
927 2627 965 2663 (a.
982 2627 1031 2662 T.).

1738 203 1796 236 ‘1811

1094 266 1191 298 altare
1210 264 1319 303 maius,
1337 273 1394 296 nec
1411 262 1495 303 alibi,
1512 267 1685 306 exponatur
1707 261 1834 294 alternis

1095 318 1215 352 vicibus
1227 318 1266 351 ab
1280 323 1415 361 utroque
1440 316 1584 359 collegio,
1606 320 1699 359 prout
1719 315 1749 347 in
1765 325 1836 358 pro-

1095 373 1236 405 cessione
1250 378 1278 405 et
1290 370 1485 415 expositione
1497 369 1628 403 solemni
1643 367 1835 402 Sanctissimi

1096 426 1301 465 Sacramenti‚
1315 424 1488 468 eodemque
1503 430 1596 457 turno
1610 427 1742 455 servato.
1754 421 1838 454 Elee-

1097 489 1226 523 mosyna
1240 478 1380 511 eiusdem
1394 478 1559 511 occasione
1575 475 1766 510 adorationis
1781 485 1837 518 po-

1098 532 1163 576 puli
1188 531 1340 564 ministris
1365 531 1588 574 exponentium
1611 539 1669 573 pro
1694 534 1838 572 tempore

1099 585 1304 628 relinquatur.
1337 584 1485 618 Adoratio
1517 583 1666 617 solemnis
1698 582 1837 615 eiusdem

1099 638 1202 671 crucis
1214 638 1298 670 iuxta
1312 638 1439 670 solitum
1456 637 1509 669 liat
1526 637 1556 669 in
1573 636 1706 669 ecclesia
1723 636 1751 670 S.
1770 636 1840 668 Am-

1099 691 1196 724 brosii
1221 702 1278 735 per
1303 690 1474 724 monachos
1499 695 1630 730 tantum,
1656 700 1735 733 quae
1759 689 1840 722 actio

1100 743 1293 786 intelligatur
1317 754 1447 787 prorsus
1473 743 1510 775 ab
1531 743 1724 786 expositione
1738 742 1841 776 crucis

1101 801 1254 841 separata.

1146 850 1356 894 Sepulchrum
1382 849 1528 889 Domini,
1553 849 1637 893 quod
1670 850 1700 882 in
1731 850 1842 883 maiori

1102 903 1301 937 hebdomada
1319 904 1350 936 in
1367 903 1504 947 qualibet
1521 903 1651 936 ecclesia
1669 903 1737 935 fieri
1755 903 1843 943 solet,

1102 958 1231 991 unicum
1261 957 1379 1001 pariter
1412 957 1443 989 in
1474 956 1607 990 ecclesia
1632 957 1661 989 S.
1686 956 1843 990 Ambrosii

1103 1011 1156 1044 fiat
1180 1011 1308 1044 alternis
1335 1010 1455 1043 vicibus
1479 1021 1496 1043 a
1520 1010 1657 1054 capitulo
1682 1011 1845 1044 canonico-

1104 1074 1174 1097 rum
1200 1069 1230 1097 et
1254 1064 1419 1097 monachis
1439 1063 1580 1107 quolibet
1604 1073 1697 1103 anno,
1722 1065 1845 1096 servata

1104 1118 1206 1150 forma
1224 1118 1318 1160 turni,
1336 1122 1429 1161 prout
1447 1117 1477 1149 in
1495 1116 1629 1149 solemni
1649 1116 1845 1160 expositione

1105 1170 1297 1204 Sacramenti
1322 1176 1350 1204 et
1376 1170 1483 1204 Crucis
1508 1170 1558 1203 die
1584 1170 1706 1203 veneris
1730 1170 1846 1210 sancti,

1105 1225 1248 1258 canonici
1265 1224 1394 1269 quidem
1427 1224 1458 1257 in
1485 1225 1555 1257 navi
1582 1224 1702 1258 dexteri
1729 1224 1846 1259 lateris.

1107 1278 1252 1312 monachi
1277 1284 1382 1311 autem
1407 1278 1439 1310 in
1464 1278 1591 1311 sinistri.

1150 1331 1280 1372 Quando
1297 1332 1337 1365 ob
1356 1332 1601 1376 supplicationes
1616 1342 1739 1365 summo
1757 1342 1846 1364 mane

1107 1386 1274 1426 faciendas,
1293 1386 1340 1419 vel
1357 1386 1442 1418 aliud
1459 1386 1560 1419 simile
1578 1386 1848 1430 impedimentum,

1108 1439 1200 1472 binae
1235 1439 1348 1472 missae
1381 1439 1570 1482 capitulares
1601 1439 1755 1472 celebrari
1786 1449 1848 1472 non

1109 1497 1251 1536 possunt,
1268 1492 1411 1525 canonici
1431 1492 1591 1526 celebrent
1607 1491 1646 1524 ad
1662 1492 1760 1525 altare
1784 1502 1849 1524 rna-

1110 1545 1158 1578 ius
1183 1550 1213 1577 et
1238 1545 1384 1578 monachi
1409 1545 1440 1577 in
1465 1545 1606 1589 cappella
1631 1544 1729 1578 sancti
1750 1544 1850 1589 Satyri

1110 1599 1159 1632 vel
1175 1598 1236 1631 alia
1250 1609 1359 1632 versus
1376 1599 1614 1640 monasterium,
1635 1598 1851 1641 rogationibus

1112 1653 1261 1697 exceptis,
1285 1663 1363 1697 quas
1387 1653 1510 1686 litanias
1536 1659 1655 1686 vocant.

1156 1705 1318 1738 Festivitas
1342 1705 1491 1749 baptismi
1516 1706 1614 1739 sancti
1638 1705 1796 1739 Ambrosii
1822 1706 1852 1739 in

1113 1760 1163 1793 die
1179 1760 1278 1794 sancti
1294 1760 1455 1794 Andraeae
1480 1760 1663 1794 solemniter
1679 1771 1697 1792 a
1716 1760 1852 1804 capitulo

1114 1814 1341 1848 canonicorum
1359 1815 1547 1848 celebretur.
1562 1813 1704 1847 Monachi
1719 1824 1792 1846 vero
1807 1814 1854 1846 ea-

1115 1868 1185 1901 dem
1208 1867 1258 1900 die
1283 1868 1454 1908 celebrent,
1473 1872 1568 1911 prout
1592 1867 1623 1899 in
1648 1867 1717 1899 aliis
1737 1866 1854 1900 festivis

1115 1921 1227 1954 diebus
1240 1921 1409 1954 ordinariis
1424 1921 1534 1954 solent.
1548 1920 1695 1954 Canonici
1710 1925 1739 1952 et
1751 1930 1854 1953 mona-

1116 1975 1176 2015 chi,
1191 1975 1324 2019 quilibet
1347 1975 1379 2007 in
1403 1975 1518 2008 labello
1540 1985 1648 2007 versus
1670 1984 1781 2007 navem
1808 1975 1855 2007 sui

1116 2029 1222 2061 lateris
1232 2029 1375 2061 existenti
1386 2039 1498 2072 aquam
1511 2028 1549 2060 ad
1560 2027 1792 2071 aspergendum
1805 2038 1856 2071 po-

1117 2082 1227 2125 pulum
1238 2081 1434 2114 benedicant.
1446 2081 1479 2114 In
1492 2081 1562 2114 navi
1577 2081 1681 2114 media
1695 2081 1855 2118 ccclesiae,

1118 2135 1182 2168 sive
1207 2134 1330 2175 maiori,
1347 2134 1457 2168 relicto
1478 2135 1547 2168 loco
1573 2134 1676 2167 medio
1701 2134 1740 2167 ad
1764 2144 1856 2167 usum

1119 2189 1278 2233 sepulchri
1306 2199 1364 2232 pro
1393 2188 1638 2232 archiepiscopis
1670 2187 1856 2224 Mediolani.

1119 2243 1181 2276 duo
1199 2242 1366 2286 sepulchra
1382 2241 1467 2283 fiant,
1483 2252 1500 2274 a
1517 2241 1646 2274 dextero
1664 2241 1782 2274 scilicet
1799 2251 1857 2285 pro

1120 2296 1283 2340 sepultura
1307 2295 1559 2340 praepositorum
1577 2300 1606 2328 et
1624 2295 1858 2333 canonicorum,

1120 2351 1253 2384 alterum
1278 2359 1296 2382 a
1320 2349 1446 2382 sinistro
1470 2349 1567 2381 latere
1592 2348 1630 2381 ad
1655 2358 1746 2381 usum
1770 2347 1860 2380 abba-

1121 2411 1187 2438 tum
1201 2409 1231 2437 et
1246 2403 1485 2443 monachorum,
1503 2413 1604 2446 neque
1621 2402 1681 2435 alia
1694 2401 1860 2446 sepulchra

1122 2459 1153 2492 in
1177 2458 1259 2491 dieta
1284 2457 1355 2490 navi
1380 2456 1483 2490 media
1503 2457 1572 2490 fieri
1588 2462 1641 2489 aut
1656 2455 1790 2489 concedi
1809 2465 1859 2488 va-

1122 2511 1213 2545 leant.

1167 2561 1373 2596 Funeralibus
1397 2561 1653 2606 praepositorum
1679 2567 1708 2594 et
1733 2561 1860 2594 canoni-

1124 2627 1234 2654 corum
1258 2616 1403 2652 monachi
1429 2615 1658 2656 interveniant,
1687 2621 1715 2648 et
1742 2615 1861 2659 pariter

1849 211 1898 238 An.
1914 212 1941 238 C.
1964 212 2032 239 1630
