2248 3229
210 219 260 247 An.
277 220 306 248 C.
329 220 393 249 163¹

233 971 310 992 Petilio
326 971 391 998 ipsius

207 1003 269 1024 regis.

235 2138 345 2160 aeiaxauo
354 2138 396 2158 voti

213 2168 234 2186 et
265 2165 396 2188 iuramenti,

213 2198 255 2218 quo
266 2192 367 2212 officiales
378 2194 397 2211 et

212 2219 289 2238 milites
315 2224 337 2238 se
361 2218 398 2239 ad-

211 2247 347 2265 strinxerunt.

399 1760 667 1803 ‚contemplationi
681 1759 784 1792 vacari
799 1760 905 1799 soleat,
920 1759 1150 1791 sanctissimum

442 211 505 246 252

409 269 534 304 Ordinis
549 269 651 302 Sancti
669 268 811 311 Spiritus,
829 268 917 299 cuius
935 267 1081 299 maiestas
1098 273 1151 299 tua

408 327 583 367 perpetuus
604 321 838 354 administrator
856 330 924 353 esse
944 320 1150 363 dignoscitur,

407 376 490 408 inter
514 375 574 407 alia
599 378 724 406 cautum
749 378 804 416 est,
825 383 864 406 ne
889 373 997 414 exteri,
1022 373 1075 416 qui
1100 374 1168 406 tia-t

407 428 521 461 bilitati
539 432 568 460 et
581 426 671 469 regni
686 427 835 460 Franciae
852 427 974 460 incolae
990 437 1052 460 11011
1070 432 1150 468 sunt,

408 481 440 513 in
464 480 579 513 milites
603 480 704 512 dictae
721 480 851 513 militiae
876 480 1079 524 recipiantur,
1100 480 1150 513 dic

407 544 481 566 vero
507 533 663 575 generalis
688 533 943 575 congregationis
963 533 1037 566 dicti
1062 533 1150 566 Ordi-

406 587 464 628 nis,
483 586 607 630 quando
625 587 719 619 etiam
742 587 853 630 aliquis
878 587 917 619 ad
941 587 1077 629 habitus,
1094 598 1150 631 per

407 639 547 672 eiusdem
560 640 691 672 militiae
708 640 823 672 milites
842 640 959 682 gestari
977 640 1070 682 soliti,
1088 650 1151 673 sus-

408 692 586 736 ceptionem
618 692 821 733 admittatur,
846 698 880 725 ut
911 698 975 725 tam
1004 693 1150 725 maiestas

409 751 472 787 tua,
499 757 592 790 quam
618 747 768 784 officiales
792 747 867 779 dicti
891 746 1015 780 Ordinis
1039 751 1069 779 et
1095 747 1150 779 rni-

406 799 486 842 lites,
512 805 542 832 et
566 799 708 843 quisquis
732 799 771 832 ad
794 799 938 833 habitum
956 799 1149 840 admittitur,

406 852 639 885 sanctissimum
675 853 890 887 Eucharistiae
919 857 1148 887 sacramentum

407 915 532 939 sumere
553 910 705 939 teneatur.

453 959 468 1001 ξ
492 959 521 991 2.
548 959 625 992 Cum
649 964 768 1002 autem,
793 959 873 993 sicut
897 959 1005 993 eadem
1030 958 1150 1003 exposi-

408 1011 451 1044 tio
470 1012 690 1055 subiungebat,
708 1012 854 1046 maiestas
879 1016 939 1055 tua,
966 1023 1045 1057 quae
1070 1012 1150 1046 sicut

409 1070 438 1097 et
473 1065 625 1109 praedicti
650 1066 798 1099 officiales
827 1077 863 1100 ae
890 1066 1004 1100 milites
1037 1063 1168 1099 statuta

409 1119 591 1152 huiusmodi
615 1120 784 1154 observare
809 1124 881 1152 voto
913 1124 943 1152 et
973 1119 1150 1153 iuramento

409 1184 441 1206 sc
455 1173 678 1214 astrinxerunt,
692 1172 730 1205 ad
744 1173 878 1217 Spiritus
894 1173 999 1205 Sancti
1015 1173 1149 1215 gloriam

408 1231 439 1258 et
471 1226 642 1259 catholicae
674 1225 749 1258 fidei
780 1226 999 1259 exaltationem
1031 1225 1149 1258 dictum

409 1278 557 1311 Ordinem
589 1279 684 1311 etiam
715 1282 802 1312 extra
835 1288 969 1321 regnum
1001 1278 1150 1311 Franciae

409 1333 534 1375 longius
559 1333 693 1366 diffundi
719 1338 748 1366 et
773 1333 803 1365 in
829 1338 953 1366 exteros
977 1332 1151 1376 sidciprac-

409 1386 510 1420 dictae
537 1387 603 1419 zelo
628 1387 825 1430 conspicuos,
850 1397 886 1419 ac
910 1386 985 1418 alias
1010 1387 1095 1418 iuxta
1118 1397 1149 1419 e-

408 1440 530 1473 iusdem
541 1439 665 1473 Ordinis
679 1445 790 1474 statuta
805 1440 1011 1486 qualilicatos,
1026 1440 1149 1473 extendi

408 1503 502 1536 posse
522 1493 695 1536 plurimum
715 1493 885 1533 desideret,
904 1504 1039 1537 cumque
1057 1494 1148 1526 etiam

408 1545 492 1578 dicto
511 1546 561 1579 die
585 1546 741 1589 generalis
759 1546 1022 1589 congregationis,
1049 1551 1078 1579 01
1102 1546 1151 1578 ad-

409 1599 567 1632 missionis
591 1600 629 1632 ad
653 1600 779 1632 habitus
804 1600 1051 1643 susceptionem,
1084 1599 1152 1632 aliis

409 1653 545 1695 negotiis
561 1658 591 1686 et
605 1654 725 1695 officiis,
744 1655 856 1695 magna
872 1664 943 1686 cum
959 1653 1071 1686 mentis
1089 1653 1151 1695 agi-

410 1707 537 1747 tatione,
557 1707 661 1750 potius
681 1717 775 1750 quani
793 1706 927 1740 orationi
948 1711 977 1738 et.
998 1706 1150 1749 spirituali

410 1813 626 1845 Eucharistiae
647 1818 877 1845 sacramentum
903 1812 1021 1855 aliquot
1043 1812 1152 1844 diebus

411 1870 482 1897 ante
507 1865 599 1908 longe
625 1865 737 1897 maiori
761 1876 831 1897 cum
850 1865 1025 1898 reverentia
1044 1870 1073 1897 et
1093 1864 1153 1907 spi-

411 1918 518 1951 rituali
534 1919 638 1951 sructu
659 1919 740 1951 sumi
765 1919 889 1961 posse¹z
909 1917 1026 1951 idcirco
1043 1918 1151 1951 eadem
1169 1936 1170 1953 i

411 1972 557 2004 maiestas
589 1976 641 2006 tua
672 1972 763 2005 nobis
795 1971 956 2003 1111111111101·
981 1971 1170 2015 supplicari¹

411 2024 492 2065 fecit,
510 2030 544 2057 ut
560 2025 591 2057 in
609 2024 789 2068 praemissis
810 2024 847 2056 dc
866 2024 1060 2066 benignitate
1081 2034 1153 2068 apo-

413 2078 522 2110 sioliea
539 2078 705 2121 providere
721 2077 936 2120 dignaivmur.

457 2131 472 2173 ἓ
495 2130 525 2163 3.
551 2131 614 2163 Nos
639 2131 745 2173 igitur,
770 2130 899 2173 qui-illa
923 2140 1003 2174 quac
1028 2130 1066 2162 ad
1090 2130 1154 2173 Spi-

412 2184 491 2216 ritus
524 2184 627 2216 Sancti
658 2184 791 2226 gloriani
825 2188 854 2217 ct
885 2184 1056 2217 catholicae
1081 2184 1153 2216 fidei

413 2237 631 2270 exaltationem
650 2237 773 2279 cedunt,
792 2248 827 2269 ac
852 2237 991 2279 tideliuin
1016 2237 1153 2270 devotio-

411 2301 484 2324 nem
495 2294 619 2333 augent,
629 2290 769 2323 eiusdem
786 2291 889 2323 Saia-ti
901 2290 1034 2333 Spiritus
1052 2291 1152 2333 gratia

413 2345 613 2388 suffragante,
640 2355 827 2387 promovere
852 2344 1077 2386 desideramus,
1102 2343 1154 2377 Or-

413 2398 493 2430 dinis
525 2397 677 2441 praedicti
707 2397 926 2440 propagationi
958 2403 988 2429 et
1017 2397 1151 2429 militum

415 2451 555 2483 ciusdem
580 2451 755 2483 animarum
780 2450 882 2491 saluti,
906 2454 1055 2494 quantum
1081 2461 1151 2483 cum

415 2504 546 2537 Domino
559 2515 737 2549 possumus,
752 2504 917 2537 consulere.
931 2505 1080 2544 volentes,
1094 2503 1152 2536 hu-

451 2577 462 2602 1
481 2575 550 2602 Edit.
567 2576 645 2603 Maia.
663 2576 725 2611 legit
740 2579 840 2611 posset,
857 2580 881 2603 at
896 2576 973 2603 aliter
988 2575 1069 2611 exigit
1089 2583 1151 2610 syn-

414 2620 493 2656 taxis,
516 2628 613 2655 nempe
630 2629 710 2655 posse
730 2623 842 2650 censeat
866 2627 900 2655 111.
917 2621 963 2655 r).

993 202 1171 244 0011101011
1196 218 1351 243 nouantur

1942 220 1991 248 An.
2007 219 2036 248 C.
2053 219 2118 249 1631

1184 267 1319 300 iusmodi
1344 266 1625 310 supplicationibus
1645 268 1794 311 inclinati,
1812 273 1921 303 votum

1184 325 1213 352 01
1237 320 1448 353 111111111011111111
1473 320 1643 363 praedicta,
1667 321 1729 355 illis
1753 322 1786 354 in
1809 322 1922 355 ceteris

1184 366 1330 406 omnibus
1354 374 1386 406 in
1406 374 1444 406 iis
1468 374 1623 407 contentis
1639 374 1739 408 sirmis
1758 385 1922 409 remanen-

1184 426 1275 468 tibus,
1293 427 1478 460 auctoritate
1502 427 1682 471 apostolica,
1697 432 1807 461 tenore
1823 438 1918 472 prae-

1184 480 1328 521 sentium,
1345 479 1354 496 ¹
1372 481 1550 514 relaxamus
1560 492 1567 521 ;
1872 515 1876 518 .

1228 533 1243 576 g
1267 533 1296 565 4.
1324 533 1422 576 thue
1451 534 1679 567 maiestastua
1710 539 1740 567 et
1770 534 1923 578 praedicti
1971 547 2029 571 Quod
2045 548 2121 568 ,11111111

1939 575 2003 594 exteri
2043 575 2121 595 nullum

1184 586 1331 619 officiales
1362 597 1398 620 ac
1426 587 1560 628 milites,
1586 592 1709 621 exteros
1737 588 1829 622 etiam
1860 597 2121 648 nongltifflffnumiuffi

1184 639 1384 680 ilssbllllIUOS,
1409 649 1467 673 HOC
1492 641 1581 683 regni
1606 641 1756 674 Fl‘ssssClsse
1788 640 1922 682 11100135,
1938 659 2022 673 suorum
2045 653 2121 678 princi-

1184 693 1353 727 catliolicos
1376 698 1481 726 tamen
1505 698 1535 726 ct
1559 694 1692 736 gratiam
1722 697 1752 727 et
1782 703 1921 727 commu·
1937 686 1999 728 35:331.
2039 682 2121 701 ‘⁰⁰⁸³'

1183 747 1310 780 nionem
1331 746 1419 780 Sedis
1444 747 1640 790 Apostolicae
1663 746 1823 787 habentes,
1840 746 1923 780 dicto

1183 804 1298 832 statuto
1315 809 1378 833 non
1394 799 1546 840 obstante,
1567 799 1599 832 in
1616 799 1730 832 milites
1749 799 1850 832 dictae
1870 799 1925 831 nii-

1183 851 1268 885 litiae
1292 852 1468 893 admittere,
1493 852 1602 897 illique
1625 852 1747 886 admitti
1767 851 1924 895 (dummo-

1183 905 1222 938 do
1241 910 1346 939 tamen
1370 906 1401 938 in
1426 917 1537 940 eorum
1561 906 1762 946 admissione,
1779 911 1833 939 aut
1848 906 1924 939 alias

1183 959 1446 1004 quandocumque
1460 987 1468 1001 ,
1492 960 1547 1003 qui
1570 969 1634 993 non
1657 958 1829 992 maiestatis
1852 963 1924 992 tuae

1183 1012 1237 1045 sed
1261 1012 1395 1046 aliorum
1427 1013 1607 1057 principum
1638 1016 1691 1047 aut
1721 1011 1923 1046 dominorum

1184 1065 1297 1100 subditi
1318 1072 1348 1099 ct
1367 1067 1490 1100 vassalli
1507 1067 1649 1109 existent,
1668 1072 1775 1100 votum
1795 1065 1922 1110 aliquod

1183 1125 1236 1151 aut
1259 1119 1470 1153 iuramentum
1494 1130 1559 1154 non
1582 1120 1726 1154 emittant
1750 1124 1803 1152 aut
1826 1129 1920 1163 prae-

1184 1177 1273 1214 stent,
1292 1173 1377 1216 quod
1393 1174 1538 1217 potestati
1559 1177 1611 1207 aut
1635 1173 1847 1217 superioritati
1876 1172 1922 1204 vel

1184 1225 1393 1258 iurisdictioni
1410 1232 1464 1259 aut
1480 1227 1541 1259 alio
1558 1227 1747 1270 cuicumque
1764 1225 1823 1258 iuri
1842 1225 1925 1269 prin-

1184 1279 1291 1322 cipum
1319 1290 1374 1312 seu
1399 1279 1619 1320 dominorum,
1646 1290 1783 1323 quorum
1809 1278 1923 1312 subditi

1184 1336 1237 1364 aut
1256 1332 1380 1364 vassalli
1404 1338 1504 1374 erunt,
1519 1332 1758 1376 quomodolibet
1781 1331 1924 1364 adverse-

1186 1386 1247 1429 tur)
1268 1386 1368 1419 libere
1385 1391 1415 1419 et
1432 1386 1515 1419 licite
1533 1386 1672 1430 possint3

1229 1439 1243 1481 g
1268 1438 1296 1471 5.
1322 1439 1460 1481 Necnon,
1478 1444 1512 1472 ut
1533 1439 1677 1473 maiestas
1695 1444 1757 1480 tua,
1777 1438 1926 1472 officiales
1949 1448 1990 1482 ¹151
2003 1447 2054 1484 111111
2065 1449 2124 1493 0312.

1185 1496 1214 1524 ct
1231 1491 1346 1524 milites
1366 1492 1528 1536 praedicti,
1546 1497 1576 1525 et
1597 1492 1739 1536 quisquis
1762 1491 1801 1524 ad
1825 1491 1926 1524 dictae
1941 1479 2125 1532 11111ἓέἓὲῗέῘῖ

1186 1544 1313 1577 militiae
1334 1545 1458 1578 habitus
1483 1542 1714 1588 susceptionem
1731 1544 1924 1585 admittatur,
1940 1532 2125 1590 {llsslffiffi'vfussjlll

1184 1608 1247 1631 11011
1272 1599 1339 1641 ipso
1363 1598 1413 1631 die
1433 1598 1687 1641 congregationis
1716 1597 1872 1640 generalis
1896 1602 1925 1629 et
1940 1582 2012 1643 11181ῑόῗὲ
2028 1585 2124 1626 semusti:

1184 1662 1246 1694 quo
1271 1651 1413 1684 habitum
1438 1651 1581 1694 suscipit,
1600 1650 1654 1684 sed
1678 1651 1759 1683 infra
1783 1655 1924 1682 octavam
1940 1635 2003 1653 ΗΜ

1185 1704 1439 1747 praecedentem,
1457 1704 1689 1736 sanctissimum
1711 1702 1925 1736 Eucharistiae

1185 1762 1417 1790 sacramentum
1435 1757 1597 1800 suscipere
1614 1757 1736 1789 valeant
1754 1761 1784 1789 et
1802 1759 1925 1789 tenean-

1186 1815 1236 1842 tur
1251 1810 1306 1852 (ita
1321 1816 1434 1852 tamen,
1446 1815 1480 1842 ut
1494 1815 1564 1842 ante
1576 1810 1658 1842 diem
1672 1808 1926 1852 congregationis

1186 1868 1215 1895 01
1232 1863 1430 1896 admissionis
1444 1863 1481 1895 ad
1496 1863 1638 1895 habitum
1656 1861 1848 1903 huiusmodi,
1864 1867 1925 1894 tam

1186 1917 1333 1950 officiales
1350 1922 1379 1949 et
1403 1917 1527 1957 milites,
1545 1927 1639 1960 quam
1658 1916 1697 1949 ad
1713 1916 1855 1949 habitum
1875 1915 1926 1947 ad-

1187 1969 1339 2011 mittendi,
1351 1981 1383 2002 se
1395 1970 1595 2013 praedictum.
1605 1974 1833 2002 sacramentum
1846 1969 1926 2001 infra

1186 2023 1305 2056 dictum
1327 2027 1448 2067 tempus
1473 2023 1645 2066 suscepisse
1669 2022 1807 2065 legitime
1827 2027 1927 2055 osten-

1186 2077 1284 2121 dant),
1298 2076 1408 2109 eadem
1423 2076 1608 2109 auctoritate
1622 2075 1824 2108 concedimus
1837 2080 1867 2108 et
1884 2075 1927 2107 in-

1186 2129 1363 2172 dulgemus,
1381 2133 1410 2163 et
1434 2134 1540 2162 votum
1557 2139 1592 2161 ac
1610 2128 1821 2161 iuramentum
1835 2138 1926 2172 prae-

1187 2182 1268 2215 dicta
1281 2182 1319 2215 ad
1332 2182 1416 2215 hunc
1429 2181 1576 2214 effectum
1590 2186 1822 2214 commutamus
1836 2185 1865 2214 et
1876 2192 1927 2225 pa-

1188 2235 1264 2268 riter
1277 2236 1463 2275 relaxamus,
1473 2245 1508 2267 ac
1518 2234 1684 2267 statuimus
1693 2239 1722 2267 ct
1734 2234 1925 2267 ordinamus.

1231 2288 1246 2331 g
1269 2287 1297 2320 6.
1322 2289 1390 2321 Non
1406 2287 1600 2321 obstantibus
1620 2287 1812 2331 praemissis,
1830 2297 1866 2320 ac
1882 2286 1926 2319 di-

1186 2347 1253 2374 ctae
1266 2341 1394 2374 militiae
1408 2342 1539 2383 statutis,
1549 2342 1642 2374 etiam
1656 2341 1843 2382 iuramento,
1857 2350 1927 2374 eon·

1186 2395 1363 2429 firmatione
1388 2395 1569 2439 apostolica,
1585 2396 1633 2428 vel
1653 2395 1762 2440 quavis
1778 2395 1926 2429 firmitate

1186 2449 1244 2481 alia
1255 2449 1421 2493 roboratis,
1437 2450 1611 2494 ceterisque
1621 2449 1787 2484 contrariis
1801 2448 1926 2493 quibus-

1186 2513 1330 2546 cunique.

2011 2293 2125 2319 Dorouatio

1941 2323 2102 2352 contrariorum.

1226 2576 1231 2601 t
1248 2575 1349 2602 Deesse
1361 2574 1484 2603 ridentur
1496 2575 1577 2603 rerba
1588 2575 1683 2610 quoad
1692 2575 1864 2611 praemissa,
1877 2576 1938 2612 11111ν

1186 2618 1236 2647 alia
1252 2619 1348 2648 similia
1364 2619 1501 2648 limitatira
1521 2621 1560 2655 (u.
1575 2620 1622 2654 T.).
