2248 3229
182 230 228 257 An.
248 230 275 257 c.
299 229 366 258 1633
413 220 477 254 3⁶26

379 278 461 311 diate
477 277 618 318 subiecti,
632 275 803 318 regulares,
817 283 875 307 nec
888 283 951 307 non
968 279 1121 307 monaste-

380 331 426 364 ria
442 331 605 373 utriusque
623 339 725 368 sexus
743 332 915 361 conventus
931 332 961 360 et
977 327 1119 370 collegia,

380 395 416 417 ac
440 383 574 427 capitula
595 380 800 414 ecclesiarum
817 391 990 424 regnorum
1007 380 1121 414 Castel-

380 438 427 469 lae
444 440 473 470 et
497 435 643 478 Legionis
659 434 882 479 praefatorum,
898 444 934 468 ac
952 434 983 467 in
1003 434 1120 467 eisdem

381 489 485 532 regnis
509 488 774 522 conmorantium
799 492 828 521 ct
853 486 1120 528 consistentium¹,

381 542 418 575 ad
443 542 666 576 conferendum
688 547 718 575 ct
738 541 1003 576 contribuendum
1027 544 1123 586 prout

382 596 451 629 laici
483 596 515 628 in
544 596 627 629 dicto
658 595 797 628 subsidio
822 595 930 628 decem
956 600 985 628 et
1008 606 1120 628 novem

382 649 556 683 millionum
575 660 777 683 nummorum
798 659 970 682 aureorum
991 660 1061 682 cum
1079 649 1123 682 di-

382 703 478 737 midio
502 703 631 737 alterius
655 703 804 736 millionis
829 703 1029 745 huiusmodi,
1050 713 1119 736 me-

381 757 485 790 diante
510 757 629 791 scilicet
646 757 802 790 solutione
819 757 1053 801 praedictarum
1073 767 1124 800 ga-

381 811 537 844 bellarum
562 821 617 844 seu
642 811 775 844 sisarum
801 821 896 854 super
920 810 1003 853 vino,
1024 814 1122 851 aceto,

382 865 452 898 oleo
477 869 507 898 et
532 874 625 898 carne
650 864 681 897 in
706 864 797 897 dictis
814 864 920 907 regnis
938 864 1124 908 colligendis

383 923 413 952 et
437 918 659 952 consumendis
684 918 917 963 impositarum,
937 922 967 951 et
991 917 1124 951 durante

383 972 531 1006 sexennio
555 972 712 1016 proximo,
737 982 754 1005 a
778 971 861 1005 dicto
885 972 990 1016 primo
1007 971 1057 1004 die
1074 982 1125 1004 au-

383 1026 466 1069 gusti
496 1035 651 1060 macxxxn
682 1031 716 1059 ut
747 1026 924 1069 praefertur
956 1025 1123 1067 inchoato,

383 1079 553 1122 dumtaxat,
579 1085 609 1113 et
631 1090 694 1112 non
718 1080 817 1121 ultra,
844 1079 943 1111 teneri
968 1084 998 1112 et
1028 1079 1125 1112 obbli-

384 1138 473 1176 gatos
497 1143 564 1166 esse
589 1133 674 1176 (non
699 1138 803 1165 tamen
834 1132 938 1176 quoad
970 1132 1124 1176 praefatas

384 1190 520 1230 quatuor
544 1197 653 1219 rerum
678 1187 808 1229 species,
829 1196 906 1229 quas
924 1196 959 1218 ex
984 1186 1125 1229 propriis

386 1241 519 1273 terrenis
543 1250 598 1272 seu
621 1239 750 1273 decimis
771 1244 824 1272 aut
840 1239 908 1272 aliis
925 1239 1125 1282 quibuscum-

384 1304 445 1337 que
469 1292 645 1326 redditibus
669 1292 807 1337 propriis
835 1303 892 1336 per
917 1303 950 1326 se
974 1293 1022 1326 vel
1048 1292 1126 1326 alios

385 1347 478 1380 ctiam
504 1346 694 1380 affictuarios
719 1357 792 1380 suos
816 1347 865 1379 vel
882 1347 977 1380 etiam
995 1357 1031 1380 ex
1049 1347 1126 1380 elec-

385 1400 523 1446 mosynis
546 1400 744 1444 percipiunt,
770 1405 800 1432 et
824 1410 883 1444 pro
904 1400 1010 1433 divino
1028 1400 1124 1440 cultu,

385 1466 441 1488 seu
465 1454 606 1498 propriis
626 1454 673 1487 vel
698 1454 887 1487 familiarum
909 1464 1036 1487 suarum
1061 1453 1125 1486 usi-

385 1508 444 1541 bus
469 1512 668 1548 consumunt,
692 1518 750 1551 pro
775 1507 888 1551 quibus
913 1507 1042 1540 omnino
1067 1507 1125 1539 im-

386 1571 495 1595 munes
510 1567 539 1594 et
552 1561 686 1605 exempti
701 1561 785 1604 sint),
799 1566 829 1594 et
841 1561 947 1605 elapso
964 1560 1126 1605 praedicto

386 1615 535 1648 sexennio
548 1615 668 1648 exactio
682 1620 827 1658 respectu
841 1614 1126 1648 ecclesiasticorum

387 1674 495 1710 cesset,
518 1674 548 1702 et
571 1669 750 1702 nullatenus
774 1669 885 1713 quovis
901 1673 1066 1712 praetextu
1079 1668 1126 1700 vel

387 1724 482 1757 causa
507 1723 684 1756 continuari
718 1722 833 1766 possit,
859 1722 979 1755 etiamsi
1004 1722 1127 1764 integra

388 1786 511 1809 summa
532 1776 745 1820 praefatorum
763 1775 871 1808 decem
886 1780 916 1808 et
931 1785 1045 1808 novem
1062 1775 1128 1806 mil-

389 1830 506 1863 lionum
532 1840 736 1863 nummorum
761 1839 930 1862 aureorum
949 1839 1019 1861 cum
1040 1828 1129 1860 dimi-

388 1883 440 1916 dio
471 1883 600 1915 alterius
635 1882 784 1923 millionis
815 1881 995 1915 huiusmodi
1026 1881 1128 1915 adbuc

389 1945 452 1969 non
476 1935 585 1968 suisset
612 1940 733 1975 exacta,
759 1935 915 1979 quodque,
937 1935 961 1968 si
986 1940 1057 1968 ante
1081 1946 1129 1968 sc-

390 1989 496 2023 xennii
528 1989 709 2022 huiusmodi
740 1989 835 2021 finem
867 2000 990 2022 summa
1021 1989 1129 2022 decem

391 2048 421 2075 ct
442 2052 555 2075 novem
581 2042 757 2075 millionum
789 2052 991 2074 nummorum
1017 2052 1129 2075 aureo-

392 2107 462 2129 rum
487 2107 557 2129 cum
584 2096 714 2129 dimidio
746 2096 874 2128 alterius
898 2095 1049 2129 millionis
1074 2096 1130 2128 liu-

391 2149 525 2182 iusmodi
543 2150 682 2182 confecta
702 2149 804 2189 suerit,
823 2149 1025 2182 ecclesiastici
1043 2160 1130 2193 prae-

391 2203 465 2236 dicti
490 2203 625 2247 amplius
648 2203 867 2243 contribuere,
892 2208 922 2235 et
946 2203 1043 2237 dictas
1075 2213 1129 2246 ga-

391 2256 488 2289 bellas
520 2267 574 2290 seu
606 2257 702 2298 sisas,
736 2262 769 2288 ut
797 2257 982 2300 praefertur,
1009 2257 1130 2290 solvere

392 2320 455 2343 non
480 2310 622 2351 debeant,
639 2310 692 2343 sed
708 2320 856 2353 praesens
881 2310 981 2352 gratia
999 2309 1129 2354 expiret,

392 2364 540 2408 nullaque
564 2364 603 2397 sit
627 2374 664 2397 eo
689 2365 767 2407 ipso,
793 2369 901 2396 tenore
918 2364 1129 2407 praesentium

393 2417 609 2457 decernimus;
636 2417 773 2450 volentes
798 2416 892 2449 etiam
918 2417 1000 2460 quod
1021 2427 1130 2450 omnes

394 2476 423 2504 et
447 2471 559 2514 singuli
592 2470 794 2503 ecclesiastici
827 2470 980 2514 praedicti
1010 2470 1131 2503 solvere

395 2530 573 2559 recusantes
598 2524 784 2569 opportunis
802 2524 878 2557 iuris
896 2530 925 2557 et
944 2524 1015 2557 sacti
1031 2534 1130 2557 reme-

395 2578 454 2611 diis
471 2589 528 2622 per
544 2578 725 2611 Ordinarios
741 2578 968 2612 ecclesiasticos
988 2579 1130 2612 locorum

430 2641 442 2667 1
461 2640 554 2675 Aptius
569 2641 782 2671 commorantia
798 2644 823 2671 ec
839 2641 1017 2670 consistentia
1036 2640 1129 2677 (n.‘r.).

957 227 1136 251 BULLARIUM
1160 226 1315 251 ROMANUM

1154 279 1275 307 tantum
1287 274 1326 306 ad
1336 273 1525 307 solutionem
1537 273 1718 308 huiusmodi
1728 279 1892 317 cogantur,

1154 338 1217 361 non
1248 333 1352 360 autem
1382 337 1490 360 coram
1522 326 1677 361 iudicibus
1708 328 1796 361 laicis
1828 328 1893 361 sive

1154 380 1353 414 exactoribus
1388 379 1569 413 earumdem
1602 379 1796 422 gabellarum
1829 381 1893 413 sive

1155 434 1306 475 sisarum,
1330 444 1431 478 neque
1461 432 1623 477 quibusvis
1647 433 1715 466 aliis
1739 433 1893 467 iudicibus

1155 492 1207 520 aut
1226 486 1379 520 ministris
1393 486 1465 530 (sub
1484 487 1586 530 poena
1601 486 1895 521 excommunicatio-

1154 541 1202 574 nis
1228 540 1378 584 maioris,
1404 551 1440 574 ac
1462 540 1531 574 aliis
1550 540 1660 585 poenis
1684 551 1701 573 a
1725 540 1823 574 sacris
1847 551 1895 573 ca-

1155 593 1289 627 nonibus
1307 598 1337 626 et
1361 593 1635 627 constitutionibus
1655 593 1833 638 apostolicis
1851 594 1895 625 in-

1156 648 1247 681 ssictis
1261 653 1291 681 et
1303 647 1502 681 comminatis
1516 647 1582 691 ipso
1596 647 1676 681 facto
1686 646 1895 687 incurrendis,

1156 712 1173 735 a
1199 701 1312 745 quibus
1336 711 1354 734 a
1373 700 1499 734 nemine
1518 706 1738 745 praeterquam
1760 712 1777 734 a
1805 700 1896 735 nobis

1157 761 1187 789 et
1210 756 1352 789 Romano
1384 754 1534 788 Pontissce
1568 766 1627 799 pro
1658 760 1802 799 tempore
1831 755 1897 787 exi-

1157 815 1257 843 stente
1280 809 1410 850 absolvi,
1436 809 1528 842 etiam
1550 809 1657 852 vigore
1675 820 1897 853 quorumcum-

1157 875 1216 907 que
1241 863 1481 908 privilegiorum
1505 863 1749 907 apostolicorum
1775 868 1805 896 et
1825 873 1896 896 cru-

1158 918 1255 952 ciatae
1279 923 1402 951 sanctae
1426 918 1607 962 nequeant),
1633 917 1793 951 conveniri
1809 917 1897 950 nullo

1159 972 1252 1006 modo
1277 972 1407 1016 possint,
1433 983 1487 1006 seu
1512 972 1663 1013 debeant,
1688 971 1742 1005 sed
1766 982 1783 1004 a
1806 982 1898 1015 prae-

1158 1025 1249 1059 dictis
1273 1025 1447 1059 Ordinariis
1471 1025 1690 1059 ecclesiasticis
1716 1029 1835 1058 tantum
1860 1025 1899 1057 ad

1159 1079 1347 1113 solutionem
1372 1079 1553 1113 huiusmodi
1579 1078 1727 1123 compelli
1752 1079 1869 1111 valeant
1891 1090 1897 1111 2

1159 1133 1273 1177 quibus
1288 1133 1471 1174 Ordinariis,
1488 1133 1545 1166 sub
1562 1133 1719 1166 interdicti
1737 1133 1898 1176 ingressus

1159 1187 1308 1220 ecclesiae
1333 1197 1369 1220 ac
1393 1187 1616 1231 suspensionis,
1634 1196 1692 1219 nee
1711 1196 1775 1219 non
1799 1186 1899 1219 omni-

1158 1239 1217 1272 bus
1234 1244 1264 1272 et
1287 1240 1418 1282 singulis
1435 1239 1605 1272 maiestatis
1625 1243 1694 1273 tuae
1711 1238 1897 1272 officialibus

1159 1296 1189 1326 et
1214 1293 1375 1334 ministris,
1400 1293 1537 1326 cuiusvis
1555 1298 1664 1333 status,
1681 1292 1810 1336 gradus,
1827 1302 1898 1325 con-

1159 1346 1303 1388 ditionis,
1329 1345 1489 1388 dignitatis
1513 1350 1542 1380 et
1565 1345 1812 1389 preeminentiae
1836 1345 1899 1378 sue-

1159 1400 1231 1441 rint,
1257 1410 1292 1432 ac
1316 1399 1384 1432 aliis
1408 1399 1658 1443 quibuscumque
1679 1399 1808 1442 speciali
1825 1400 1899 1431 nota

1159 1453 1273 1497 dignis,
1298 1452 1392 1486 etiam
1415 1453 1614 1497 Apostolicae
1637 1452 1725 1486 Sedis
1750 1452 1900 1495 delegatis

1160 1512 1190 1541 et
1203 1507 1429 1541 commissariis
1446 1507 1538 1540 etiam
1558 1507 1714 1540 cruciatae
1732 1506 1899 1550 praefatae,

1160 1561 1335 1605 ceterisque
1353 1561 1511 1602 omnibus,
1525 1560 1657 1604 aliisque
1674 1560 1711 1592 ad
1729 1570 1808 1603 quos
1825 1570 1901 1603 quo-

1161 1614 1333 1648 modolibet
1357 1617 1477 1658 spectat
1493 1619 1523 1647 et
1546 1624 1605 1657 pro
1622 1618 1765 1656 tempore
1785 1618 1901 1656 specta-

1160 1668 1215 1709 bit,
1241 1669 1300 1701 sub
1317 1668 1474 1711 praefatae
1491 1667 1824 1701 excommunicationis
1838 1677 1901 1699 ma-

1161 1721 1237 1754 ioris
1261 1723 1363 1765 poena
1388 1732 1424 1754 eo
1449 1721 1518 1765 ipso
1543 1720 1743 1761 incurrenda,
1761 1719 1901 1754 districte

1161 1775 1384 1820 praecipiendo
1405 1776 1601 1816 mandamus,
1618 1780 1662 1816 ut,
1680 1775 1777 1808 divini
1794 1774 1901 1807 iudicii

1162 1840 1328 1872 memores,
1345 1828 1400 1863 ne¹
1422 1829 1542 1862 clerum
1562 1833 1592 1862 et
1616 1828 1842 1862 ecclesiasticos
1859 1828 1902 1860 in-

1162 1883 1286 1924 debite,
1311 1894 1413 1927 neque
1438 1883 1541 1925 ultra,
1566 1886 1691 1926 praeter
1715 1886 1769 1914 aut
1792 1885 1901 1915 contra

1163 1937 1386 1970 continentiam
1412 1940 1442 1971 et
1462 1942 1603 1970 tenorem
1620 1935 1832 1980 praesentium
1849 1946 1902 1969 no-

1163 1996 1299 2023 strarum
1313 1990 1501 2031 litterarum,
1511 1995 1642 2033 gravent
1654 1988 1901 2033 quomodolibet,

1162 2054 1219 2076 nec
1236 2054 1253 2076 a
1270 2054 1429 2087 quoquam
1446 2043 1569 2086 gravari
1586 2042 1777 2086 permittant,
1796 2047 1836 2083 et,
1851 2053 1902 2075 ne-

1162 2096 1237 2129 dum
1263 2102 1372 2130 contra
1396 2106 1612 2140 quoscumque
1632 2095 1901 2129 contravenientes

1163 2155 1193 2183 et
1209 2150 1444 2194 quomodolibet
1465 2149 1700 2183 inobservantes
1721 2149 1758 2181 ad
1784 2154 1902 2182 senten-

1163 2204 1299 2243 tiarum,
1325 2214 1530 2236 censurarum
1556 2208 1586 2236 et
1609 2213 1785 2247 poenarum
1816 2213 1902 2247 prae-

1162 2257 1317 2291 dictarum
1343 2256 1587 2290 declarationem
1617 2262 1647 2290 et
1675 2257 1902 2301 promulgatio-

1163 2320 1234 2343 nem
1259 2310 1442 2354 respective,
1461 2310 1515 2343 sed
1535 2310 1627 2343 etiam
1645 2315 1754 2344 contra
1775 2309 1901 2343 eosdem

1164 2364 1390 2396 ecclesiasticos
1405 2369 1434 2397 et
1447 2364 1619 2407 regulares,
1633 2364 1726 2397 etiam
1743 2369 1903 2407 exemptos

1164 2417 1317 2461 nobisque
1342 2423 1372 2450 et
1397 2418 1593 2461 Apostolicae
1622 2417 1693 2451 Sedi
1724 2417 1902 2451 immediate

1165 2470 1330 2511 subiectos,
1356 2470 1477 2503 solvere
1502 2475 1697 2511 recusantes,
1722 2470 1761 2503 ad
1785 2480 1898 2514 quam-

1165 2535 1299 2568 cumque
1316 2524 1492 2568 simplicem
1511 2525 1695 2558 eorumdem
1719 2529 1901 2556 exactorum

1165 2577 1412 2622 requisitionem,
1438 2578 1532 2611 etiam
1558 2577 1752 2622 exequutive,
1777 2587 1812 2610 ac
1830 2587 1902 2621 qua-

1204 2641 1211 2668 l
1231 2640 1331 2669 Forsan
1344 2640 1490 2676 legendum
1506 2649 1553 2668 nec
1570 2640 1605 2676 (u.
1623 2639 1671 2675 T.).

1902 225 1952 253 An.
1972 225 2001 252 C.
2026 224 2094 252 1633

2233 1147 2236 1158 ι

2242 1198 2248 1236 ἑ

2238 1253 2248 1300 2¹1

2244 1296 2248 1312 1
