2248 3229
61 234 112 262 Αη.
129 233 157 259 C.
183 232 247 260 t637

876 229 1018 252 [Russus

258 291 315 314 nos
339 279 418 313 datis
442 284 471 312 ct
496 279 606 313 dandis
638 279 858 323 respondimus
882 287 917 310 ac
944 287 996 310 re·

258 334 395 380 spective
419 333 613 378 respondere
634 332 835 373 intendimus,
853 331 947 365 etiam
968 331 1000 364 il-

259 389 324 421 lum
349 397 458 431 regem
483 387 698 420 Romanorum
724 386 755 418 in
776 385 999 432 imperatorem

259 442 392 475 electum
417 440 612 486 appellando.
633 440 758 480 Verum,
783 449 822 472 ne
846 449 882 472 ex
908 448 999 482 prae-

259 495 350 528 dictis
382 500 412 528 et
442 494 694 538 quibuscumque
726 493 794 526 aliis
825 492 947 526 actibus
971 496 1000 524 et

260 547 474 581 functionibus
497 552 559 579 tam
585 546 701 580 nostris
726 556 821 590 quam
846 555 1001 589 quorum-

260 611 394 645 cumque
419 605 601 634 nostrorum
632 605 662 632 et
691 599 779 632 Sedis
804 598 1001 643 :spostolicae

260 653 441 687 officialium
475 664 510 686 ac
542 653 783 692 ministrorum,
809 652 902 686 etiam
931 661 1001 695 spe-

261 707 330 741 ciali
362 708 437 740 nota
468 707 660 750 dignorum,
685 706 781 739 etiam
812 704 1002 738 nunciorum

261 759 519 804 apostolicorum,
537 770 572 792 ac
589 768 863 803 quorumcumque
875 758 904 791 S.
919 757 953 790 R.
968 757 1001 790 E.

261 813 490 854 cardinalium,
516 813 611 846 etiam
637 813 674 845 de
700 813 795 845 latere
814 812 1019 861 legatorum„

263 871 325 900 tam
350 866 485 910 publicis
509 876 603 910 quam
623 865 762 910 privatis,
788 864 1021 910 quandOCtim-3

261 930 322 964 que
353 925 382 952 et
412 920 603 964 ubicumque
638 930 674 953 ac
704 912 1022 973 quomodocumque}

262 972 350 1007 factis
375 978 404 1006 et
428 973 587 1012 faciendis,
604 982 640 1005 ac
665 971 736 1004 inde
751 970 892 1014 sequutis
913 975 941 1002 et
959 980 1020 1002 se-·

262 1025 395 1070 quendis
431 1025 694 1070 quibuscumque,
718 1024 817 1068 possit
851 1019 1021 1070 umquam}

263 1079 436 1124 praetendi,
454 1089 511 1112 nos
535 1078 720 1111 electionem
740 1077 932 1122 praedictam
951 1085 1021 1120 ap-⁴

262 1132 412 1176 probasse
422 1136 451 1166 et
465 1132 679 1171 confirmasse,
693 1131 814 1164 etiamsi
833 1130 902 1163 talis
917 1140 1004 1174 prae-

263 1186 362 1219 tensio
387 1185 517 1218 minime
541 1185 709 1225 subsistat,
735 1195 806 1218 cum
832 1184 1021 1228 apostolica*

263 1238 462 1272 confirmatio
481 1238 672 1279 huiusmodi,
687 1243 748 1270 tam
764 1237 802 1271 de
825 1238 893 1271 iure
910 1248 1003 1281 quam

263 1292 302 1326 de
325 1301 426 1332 more,
442 1291 567 1325 nonnisi
584 1291 672 1336 prius
690 1301 797 1324 coram
814 1290 905 1324 nobis
923 1290 1021 1323 exhi-¹

263 1345 337 1378 bnis
362 1345 524 1379 electionis
547 1350 578 1377 et
602 1344 737 1377 auorum
762 1344 800 1377 ad
825 1344 855 1377 id
876 1334 1022 1387 requisi-5

265 1403 370 1432 torum
405 1397 642 1438 instrumentis,
666 1403 697 1430 et
721 1397 850 1442 praevia
881 1382 1023 1430 matura¹

265 1462 377 1486 causae
402 1452 597 1496 cognitione,
629 1451 659 1484 in
683 1455 792 1485 nostro
817 1450 1005 1484 consistorio

265 1510 386 1539 secreto
411 1510 441 1538 et
461 1504 519 1538 sub
538 1504 626 1537 Bulla
646 1503 856 1538 consistoriali
877 1503 1006 1537 concedi

265 1561 295 1592 et
311 1557 454 1602 expediri
471 1557 687 1597 consueverit3
707 1556 924 1597 nihilominus,
939 1566 1007 1590 om-

264 1621 336 1646 nem
361 1611 393 1645 in
416 1610 600 1656 praemissis
630 1610 811 1654 ambigendi
841 1610 1006 1644 materiam

265 1664 449 1710 praecidere
491 1669 692 1709 mentemque
729 1669 759 1697 et
801 1664 1006 1698 intentionem

265 1722 405 1753 nostram
430 1719 535 1763 palam
560 1718 664 1752 facere
684 1718 837 1758 volentes,
854 1717 1009 1751 omnium-

265 1782 327 1816 que
339 1777 370 1805 et
385 1771 584 1815 singulorum
605 1770 863 1815 praemissorum,
881 1780 916 1803 ac
932 1780 1008 1814 quo-

267 1835 477 1869 rumcumque
489 1825 624 1858 aliorum
634 1829 761 1857 actuum
771 1829 801 1857 et
812 1824 1007 1858 functionum

267 1878 416 1911 hactenus
432 1883 463 1911 et
486 1877 633 1921 deinceps
653 1877 926 1922 quandocumque,
942 1877 1009 1910 ubi-

268 1942 403 1976 cumque
435 1937 465 1965 et
495 1930 793 1976 quomodocumque
824 1941 840 1963 a
863 1931 955 1964 nobis
979 1936 1009 1964 et

267 1986 335 2019 aliis
359 1986 632 2030 quibuscumque,
657 1985 883 2028 cuiuscumque
907 1984 1008 2028 quali-

268 2040 348 2082 tatis,
373 2039 655 2083 dignitatis‚etiam
681 2038 922 2078 ecclesiasticae,
946 2043 1008 2070 sta-

268 2099 338 2135 tus,
363 2093 480 2137 gradus
513 2098 542 2126 et
574 2091 783 2133 conditionis,
809 2091 930 2124 etiamsi
963 2086 1027 2123 in-'z

269 2147 396 2181 dividua
421 2147 623 2191 expressione
652 2146 764 2189 dignae
798 2145 956 2178 extiterint
980 2150 1007 2177 et

270 2212 327 2246 pro
352 2206 495 2245 tempore
520 2200 663 2240 existant,
679 2200 772 2232 etiam
798 2199 836 2232 de
862 2198 1009 2231 mandato

270 2261 388 2295 nostro,
413 2260 442 2288 ct
467 2255 542 2287 alias
566 2253 677 2298 quovis
712 2253 824 2293 modo,
850 2258 912 2284 tam
937 2263 1008 2285 cum

270 2310 380 2343 eodem
397 2308 594 2342 Ferdinando
607 2308 717 2348 electo,
731 2317 824 2351 quam
843 2317 914 2339 cum
932 2306 1011 2339 eius·
1026 2308 1027 2328 ³

270 2363 341 2396 dem
366 2362 555 2395 Ferdinandi
579 2361 668 2395 electi
694 2366 819 2394 oratore
834 2366 863 2392 et
881 2360 1011 2393 oratori-

271 2417 329 2451 bus
349 2427 384 2450 ae
410 2415 570 2456 ministris,
595 2415 688 2448 etiam
707 2415 737 2447 in
756 2415 895 2447 Romana
913 2414 1010 2455 curia,

272 2473 425 2505 factorum
450 2475 479 2504 et
505 2470 731 2509 faciendorum,
749 2474 779 2502 et
804 2468 875 2501 inde
900 2479 1011 2513 sequu-

272 2531 376 2559 torum
401 2530 431 2558 et
456 2523 711 2568 sequendorum,
737 2522 936 2566 aliorumque
960 2521 1011 2554 liic

271 2579 377 2613 forsan
401 2577 680 2622 exprimendorum
705 2582 736 2609 et
760 2575 1010 2617 inserendorum,

273 2633 367 2666 etiam
392 2631 574 2676 particulari
600 2630 758 2664 mentione
774 2630 953 2673 dignorum,
971 2634 1013 2663 te-

1045 228 1098 251 vltl
1123 227 1170 251 Pr.

1033 330 1182 370 laritates,
1203 329 1298 362 etiam
1322 328 1459 362 maiores
1475 332 1506 361 et
1519 327 1670 368 veriores,
1687 337 1775 371 prae-

1033 383 1173 416 sentibus
1197 393 1256 427 pro
1280 382 1373 426 plene
1405 381 1562 426 expressis
1594 385 1625 414 et
1648 380 1776 414 insertis

1034 436 1194 476 hahentes,
1212 441 1300 469 motu
1317 435 1461 480 proprio,
1476 439 1506 468 et
1522 445 1559 468 ex
1576 436 1663 468 certa
1677 434 1776 469 scien-

1034 490 1076 522 tia
1090 500 1126 522 ac
1145 490 1267 523 matura
1280 489 1508 522 deliberatione
1532 488 1659 529 nostris,
1675 487 1776 533 deque

1034 542 1224 586 apostolicae
1241 541 1403 586 potestatis
1419 541 1623 586 plenitudine,
1633 551 1777 586 praesen-

1016 595 1113 628 'tium
1138 595 1219 628 serie
1243 598 1438 636 attestamur,
1463 594 1660 628 declaramus
1676 600 1706 628 et
1726 594 1778 628 de-

1035 648 1205 689 cernimus,
1230 653 1356 682 nostrae
1376 647 1511 691 mentis,
1540 647 1722 681 intentionis
1746 652 1777 680 et

1036 702 1203 736 voluntatis
1227 701 1495 735 incommutabilis
1525 711 1651 745 semper
1683 701 1778 734 fuisse

1036 759 1065 789 et
1089 765 1157 788 esse
1181 765 1216 788 ac
1241 754 1388 799 deinceps
1418 755 1499 795 fore,
1524 764 1580 798 per
1613 764 1724 788 omnes
1748 758 1778 787 et

1036 808 1177 852 singulos
1202 814 1311 850 actus,
1335 808 1536 848 functiones,
1560 807 1777 852 receptiones,

1037 861 1269 904 recognitiones
1306 867 1336 895 et
1375 865 1524 895 tractatus
1560 870 1778 905 quoscumque

1037 914 1144 955 verbo,
1169 914 1306 958 scriptis,
1326 915 1419 947 etiam
1437 925 1494 958 per
1514 914 1634 947 litteras
1658 918 1779 958 aposto-

1037 967 1113 1000 licas
1126 967 1185 1000 sub
1204 967 1344 1011 plumbo,
1364 978 1400 1000 ac
1420 967 1450 1000 in
1468 968 1569 1000 forma
1587 967 1704 1007 Brevis,
1721 967 1779 1000 sub

1037 1021 1153 1054 annulo
1178 1021 1356 1061 Piscatoris,
1370 1026 1400 1054 et
1424 1021 1578 1060 missivas,
1596 1031 1632 1053 ac
1653 1020 1746 1061 facto,
1762 1032 1778 1053 a

1037 1075 1130 1107 nobis
1155 1080 1185 1107 et
1208 1075 1382 1118 respective
1405 1084 1423 1106 a
1447 1074 1560 1107 dilecto
1585 1074 1651 1107 filio
1670 1079 1780 1107 nostro

1038 1127 1206 1161 Francisco
1223 1128 1253 1160 S.
1272 1127 1429 1160 Laurentii
1450 1127 1481 1160 in
1498 1127 1631 1160 Damaso
1648 1127 1780 1160 diacono

1038 1180 1189 1214 cardinali
1221 1181 1394 1214 Barberino
1425 1186 1616 1224 nuncupato,
1634 1180 1663 1214 S.
1691 1181 1725 1213 R.
1746 1181 1779 1214 E.

1040 1235 1105 1267 vice
1118 1234 1317 1275 cancellario,
1333 1239 1443 1268 nostro
1459 1234 1632 1267 secundum
1653 1244 1781 1267 carnem

1038 1297 1075 1321 ex
1099 1287 1196 1321 fratre
1220 1297 1372 1330 germano
1392 1292 1517 1331 nepote,
1536 1286 1696 1331 totiusque
1717 1286 1781 1320 Sta-

1039 1347 1089 1374 tus
1105 1341 1205 1374 nostri
1222 1341 1432 1374 Ecclesiastici
1449 1351 1486 1374 ac
1505 1350 1782 1385 quorumcumque

1039 1400 1221 1428 nostrorum
1245 1398 1276 1429 et
1298 1394 1387 1429 Sedis
1411 1394 1611 1438 Apostolicae
1639 1393 1781 1437 negotio-

1040 1459 1110 1481 rum
1135 1448 1275 1492 generali
1298 1447 1586 1492 superintendente‚
1608 1452 1639 1480 et
1662 1457 1680 1480 a
1703 1457 1781 1491 quo-

1040 1513 1175 1546 cumque
1199 1502 1262 1536 alio
1287 1502 1315 1535 S.
1334 1502 1368 1534 R.
1390 1501 1423 1534 E.
1444 1501 1606 1541 cardinali,
1631 1500 1725 1535 etiam
1742 1500 1782 1533 de

1040 1556 1136 1588 latere
1160 1555 1275 1598 legato,
1300 1564 1336 1588 ac
1360 1554 1455 1588 etiam
1479 1565 1497 1587 a
1521 1553 1645 1587 nunciis
1661 1559 1783 1599 aposto-

1039 1609 1130 1649 licis,
1155 1608 1247 1642 etiam
1271 1608 1354 1653 apud
1379 1608 1525 1641 eumdem
1550 1607 1798 1641 Ferdinandum›

1040 1662 1176 1695 electum
1209 1672 1293 1695 nunc
1329 1666 1359 1695 et
1391 1672 1450 1706 pro
1483 1666 1625 1705 tempore
1655 1661 1784 1694 nomine

1040 1720 1149 1749 nostro
1174 1720 1204 1749 et
1227 1715 1316 1750 Sedis
1339 1714 1539 1758 Apostolicae
1563 1714 1783 1754 residentibus,

1041 1774 1072 1802 et
1094 1779 1112 1802 a
1135 1769 1389 1813 quibuscumque
1413 1768 1482 1801 aliis
1506 1768 1623 1801 nostris
1647 1773 1678 1801 et
1693 1767 1782 1801 Sedis

1042 1822 1220 1867 praedictae
1233 1821 1420 1856 officialibus
1434 1826 1464 1855 et
1477 1821 1629 1854 ministris
1642 1821 1784 1854 ubicum-

1041 1887 1102 1920 que
1114 1876 1335 1917 residentibus,
1347 1876 1439 1908 etiam
1454 1874 1614 1908 individua
1626 1874 1784 1908 mentione

1042 1929 1156 1973 dignis,
1181 1929 1275 1962 etiam
1300 1929 1338 1962 de
1363 1928 1511 1962 mandato
1536 1933 1663 1969 nostro,
1687 1938 1786 1972 quan-

1042 1983 1232 2026 documque,
1256 1983 1449 2027 ubicumque
1474 1987 1504 2015 et
1528 1981 1785 2026 quomodocum-

1043 2047 1103 2080 que
1127 2037 1222 2069 factas
1247 2040 1277 2070 et
1300 2047 1358 2079 pro
1383 2040 1526 2080 tempore
1550 2034 1723 2075 faciendas,
1751 2045 1787 2067 ac

1044 2089 1115 2122 inde
1147 2094 1279 2132 sequuta
1303 2094 1333 2121 et
1357 2088 1516 2132 sequenda
1546 2098 1786 2132 quaecumque,

1025 2156 1027 2170 ι
1043 2143 1135 2176 etiam
1161 2143 1306 2186 pluribus
1331 2142 1451 2175 vicibus
1475 2142 1603 2175 iteratas
1619 2147 1649 2174 et
1665 2142 1785 2181 iterata,

1026 2208 1078 2236 ,ac
1103 2197 1248 2230 effectum
1274 2197 1400 2230 sortitas
1419 2202 1449 2229 et
1473 2196 1593 2236 sortita,
1618 2206 1787 2240 quaecum-

1026 2275 1027 2299 ,
1044 2251 1121 2295 que*
1137 2256 1167 2284 et
1180 2251 1424 2295 qualiacumque
1441 2250 1502 2283 sint
1519 2255 1547 2282 et
1565 2260 1624 2294 pro
1641 2255 1786 2293 tempore

1045 2305 1170 2344 fuerint,
1195 2305 1288 2337 etiam
1314 2314 1386 2337 cum
1409 2308 1534 2337 oratore
1554 2309 1584 2336 et
1607 2303 1787 2337 oratoribus

1045 2369 1127 2391 nunc
1163 2363 1192 2391 et
1225 2358 1431 2401 imposterum
1477 2357 1572 2389 etiam
1611 2356 1694 2400 apud
1731 2366 1787 2389 nos

1044 2417 1248 2455 sanctamque
1269 2411 1380 2444 Sedem
1405 2410 1598 2455 praedictam
1615 2409 1743 2443 nomine
1760 2421 1788 2443 e-

1045 2466 1165 2498 iusdem
1191 2464 1377 2498 Ferdinandi
1400 2464 1492 2497 etiam
1510 2463 1555 2496 uti
1573 2464 1785 2497 Romanorum

1044 2519 1245 2564 imperatoris
1269 2518 1359 2552 electi
1383 2528 1442 2562 pro
1467 2523 1611 2562 tempore
1631 2516 1787 2550 residente

1082 2638 1093 2663 1
1115 2636 1258 2672 Perperam
1271 2634 1400 2663 ed-Main.
1413 2634 1478 2671 legit
1489 2633 1727 2670 thscumque'(n.
1736 2634 1786 2669 τ.).

1680 215 1744 249 623
1790 225 1884 253 Aac.
1908 225 1973 253 ¹537

1015 281 1137 317 mores,
1161 274 1412 309 circumstantias
1432 278 1462 309 et
1486 273 1642 319 quaslibet
1666 273 1775 317 singu-
