2248 3229
197 234 245 262 An.
268 234 296 262 c.
319 235 385 263 1638
432 227 494 260 652

227 457 378 482 luitntgnnuam

196 485 310 510 plenariam
327 484 379 503 elar-

197 515 251 536 gitur
266 516 311 530 eam
332 516 378 529 tiu-

197 537 296 557 [autibus.

222 2476 475 2525 F'·¹¹¹¹·!¹*¹‘''¹l.'tl‘⁸¹³⁵’
500 2488 578 2520 quac
610 2479 784 2521 cappellam
815 2479 994 2511 huiusmodi
1024 2480 1153 2512 ultimoi

219 2513 221 2522 t
264 2518 268 2524 i

203 2531 255 2550 bart*
285 2532 384 2552 indultum

203 2557 305 2578 concedit.

395 294 455 326 res,
475 294 510 317 co
530 284 708 318 devotionis
733 282 826 316 eausa
849 283 1052 324 confluentes,
1078 285 1134 316 sub

395 339 502 371 eadem
527 340 627 382 poena
661 339 744 370 ittam
770 338 891 380 ingredi
915 348 976 372 non
1003 339 1134 382 possint,

394 391 533 423 districte
558 390 773 434 probibemus.

439 444 506 486 gli.
543 443 693 476 Omnibus
725 448 829 476 autem
863 448 890 477 et
925 444 1056 487 singulis
1090 445 1133 477 se-

394 497 503 529 minini
530 507 620 529 sexus
645 497 903 530 christifidelibus
928 507 1001 530 vere
1025 498 1134 541 poeni-

396 550 530 582 tentibus
555 555 584 582 et
608 551 779 589 confessis,
811 561 846 583 ac
879 553 967 583 sacra
992 562 1134 584 commn-

394 603 486 635 nione
507 603 641 639 refectis,
659 614 737 647 quae
758 604 874 636 dietam
893 605 1066 648 cappellam
1086 605 1135 637 die

394 658 472 689 testo
496 662 620 689 sanctae
645 657 831 690 Catliarinae
855 658 1017 701 praedicto
1034 669 1050 691 a
1075 659 1135 702 pri-

394 710 453 742 mis
479 711 616 754 vesperis
641 721 741 753 usque
766 711 804 743 ad
825 722 970 744 occasum
986 712 1060 745 solis
1074 712 1134 745 diei

394 763 573 796 huiusmodi
599 764 732 807 singulis
757 764 846 797 annis
864 764 974 798 devote
996 765 1135 799 visitave-

393 816 463 858 rint,
490 822 519 849 et
543 817 584 849 ibi
608 828 665 860 pro
687 817 931 851 christianorum
954 818 1133 862 principum

394 870 573 913 concordia,
595 871 760 904 haeresum
780 872 996 915 extirpatione,
1014 882 1049 905 ac
1070 882 1137 905 ‘san-

394 928 460 956 ctae
484 924 590 956 Matris
615 924 772 957 Ecclesiae
797 925 984 959 exaltatione
1008 925 1074 969 pias
1097 926 1135 958 ad

394 977 490 1010 Deum
516 988 625 1021 preces
651 979 828 1020 effuderint,
854 979 1046 1023 plenariam,
1071 980 1136 1012 uni-

394 1031 492 1064 versis
517 1041 591 1065 vero
623 1037 653 1064 ct
684 1032 817 1075 singulis
847 1033 1012 1066 masculini
1045 1043 1136 1066 sexus

395 1084 662 1126 christifidelibus,
688 1086 781 1118 etiam
805 1096 879 1119 rere
903 1086 1136 1130 poenitentibus

395 1144 425 1170 et
449 1139 609 1181 confessis,
624 1150 659 1173 ac
673 1141 763 1173 sacra
781 1140 890 1173 cadem
913 1141 1136 1174 communione

395 1193 529 1233 resectis,
555 1193 607 1236 qui
634 1194 775 1226 eamdem
799 1195 970 1238 cappellam
996 1195 1028 1227 in
1053 1195 1137 1228 Nati-

395 1246 496 1278 vitatis
520 1246 643 1279 Domini
668 1247 774 1280 Nostri
800 1248 868 1280 Iesu
886 1248 1009 1290 Christi,
1027 1258 1063 1281 ac
1080 1249 1137 1281 An-

394 1299 602 1332 nunciationis
616 1304 645 1333 et
657 1301 888 1344 Assumptionis
900 1301 1136 1335 beataeMariae

397 1352 551 1394 Virginis,
583 1363 705 1386 necnon
738 1354 835 1386 sancti
868 1354 1022 1387 Dominici
1051 1355 1154 1388 festis

395 1404 515 1446 diebus,
541 1417 557 1438 a
583 1407 694 1450 primis
720 1407 858 1451 vesperis
875 1418 973 1450 usque
991 1408 1028 1440 ad
1045 1418 1135 1441 occa-

396 1469 464 1490 sum
485 1459 559 1492 solis
572 1459 694 1493 dierum
710 1461 889 1494 huiusmodi
904 1461 1036 1504 singulis
1047 1463 1136 1495 annis

395 1512 506 1544 devote
539 1512 684 1546 similiter
717 1514 933 1555 visitaverint,
958 1520 988 1548 et
1019 1515 1078 1556 ibi,
1103 1520 1137 1548 ut

395 1566 608 1608 praedicitur,
635 1568 814 1609 oraverint,
845 1569 937 1601 etiam
963 1569 1135 1613 plenariam

394 1625 596 1662 peccatorum
621 1631 751 1654 suorum
781 1621 1007 1664 indulgentiam
1032 1628 1063 1655 et
1086 1633 1134 1656 re-

395 1672 576 1706 missionem
602 1674 850 1708 misericorditer
868 1675 898 1708 in
916 1676 1047 1709 Domino
1065 1687 1137 1710 con-

358 1768 361 1771 ·
396 1726 545 1759 redimus.
571 1727 713 1760 Ceterum
740 1728 893 1771 spirituali
924 1730 1136 1762 consolatione

396 1779 582 1813 dilectarum
607 1781 637 1813 in
662 1783 786 1815 Christo
811 1782 947 1815 siliarum
979 1783 1134 1816 nobilium

397 1833 565 1866 mulierum
591 1844 672 1867 nunc
699 1839 728 1867 ct
751 1846 810 1877 pro
839 1840 981 1878 tempore
1006 1837 1136 1869 existen-

396 1939 455 1972 liae
467 1944 591 1974 nostrae
604 1941 792 1974 Barlwriuac
806 1942 969 1975 consulere
987 1943 1135 1981 volentes,

397 1993 513 2026 eisdem
538 1995 722 2027 mulierilms
746 2005 829 2028 nunc
854 2001 883 2028 et
908 2006 965 2039 pro
994 2000 1135 2039 tempore
1152 2006 1154 2032 t
1171 2001 1331 2034 sax-oribus
1355 2007 1385 2034 et
1409 2002 1517 2044 gratiis
1543 2003 1754 2036 confovemus.

397 2047 611 2088 existentibus,
636 2054 676 2087 ut,
694 2052 840 2081 unacum
861 2049 930 2082 aliis
950 2050 1135 2082 mulieribus

397 2111 448 2132 eas
473 2100 694 2133 comitantibus
725 2112 760 2134 ac
792 2113 863 2135 cum
894 2103 958 2135 Suis
984 2104 1135 2136 matronis

397 2159 423 2185 et
450 2154 581 2191 ancillis,
606 2155 797 2198 praedictam
833 2157 1006 2199 cappellam
1024 2157 1135 2190 ultimo

397 2207 488 2240 dictis
512 2214 646 2251 quatuor
672 2209 756 2242 t'estis
781 2209 891 2242 diebus
910 2211 1028 2254 absque
1042 2211 1136 2243 ullius

398 2271 516 2303 poenae
541 2268 706 2305 pmpterea
739 2264 866 2296 incursu
898 2264 1040 2307 ingredi,
1070 2265 1133 2297 eis—

398 2315 532 2357 demque
568 2316 753 2347 mulieribus
784 2317 877 2349 etiam
915 2318 1135 2350 comitantibus

398 2381 433 2401 ae
457 2369 610 2401 matronis
624 2374 653 2401 et
669 2370 789 2403 aucillis
815 2382 886 2403 vere
904 2372 1135 2414 poenitentibus

400 2428 423 2452 ct
453 2424 611 2464 contessis,
637 2435 672 2457 ac
697 2427 784 2457 sacra
811 2426 1032 2459 coiinnunione
1056 2428 1135 2459 rete-

401 2529 488 2562 ‹lictis
503 2536 636 2573 quatuor
655 2532 738 2563 l'estis
756 2532 876 2571 dicbus,
891 2538 919 2564 ut
934 2533 1135 2576 praedicitur,

402 2583 592 2616 visitaverint
606 2590 634 2616 ct
653 2585 693 2617 ibi
709 2591 738 2617 ut
754 2597 848 2628 supra
866 2587 1034 2627 oraverint,
1053 2588 1135 2630 quod

402 2636 542 2667 eamdmn
560 2637 782 2679 indulgentiam
799 2640 969 2681 plenariam
988 2645 1017 2673 et
1030 2641 1137 2673 remis-

975 237 1154 261 BL'LLARTUM
1179 237 1334 261 ROMANUM

1920 238 1972 267 An.
1988 240 2017 268 C.
2039 241 2107 269 1638

1170 285 1289 317 sionem
1316 289 1556 328 consequantur,
1581 286 1782 321 concedimus
1806 293 1836 321 et
1860 288 1906 321 in-

1169 336 1344 379 dulgemus.
1370 338 1404 370 In
1424 339 1617 372 contrarium
1631 340 1826 382 facientibus,
1843 352 1906 375 non

1169 389 1364 423 obstantibus
1392 390 1654 436 quibuscumque.
1686 383 1935 428 Praesentibusd

1168 443 1328 486 perpetuis
1352 444 1464 477 futuris
1489 445 1685 489 temporibus
1710 447 1861 481 valituris.

1212 496 1324 529 Datum
1349 498 1486 539 Romae,
1512 499 1596 542 apud
1621 499 1650 532 S.
1669 500 1796 532 Mariam
1817 501 1909 534 Maio-

1169 560 1248 590 rem,
1274 550 1331 583 sub
1349 551 1465 584 annulo
1490 551 1668 593 piscatoris,
1690 553 1740 586 die
1755 563 1819 586 xxti
1835 554 1909 586 maii

1170 613 1368 643 uncxxxvui,
1387 604 1587 648 pontificatus
1600 606 1699 639 nostri
1714 616 1795 639 anno
1813 616 1865 640 xv.

1205 665 1263 693 Dat.
1281 665 1324 693 die
1344 666 1378 693 22
1399 666 1461 693 maii
1479 666 1556 701 1638,
1577 667 1672 702 pontis.
1693 676 1763 695 anno
1779 675 1823 695 XV.

1994 356 2107 378 Contrariis

1939 386 2017 409 erogat.

1493 810 1587 844 DCVI.

1256 895 1386 929 Dotatio
1411 897 1559 931 ecclesiae
1583 898 1827 932 Babilom'ensis

1437 951 1473 983 in
1496 951 1641 985 Persia'.

1365 1032 1501 1060 Urbanus
1529 1033 1607 1067 Papa
1633 1034 1711 1067 VIII,

1295 1076 1330 1104 ad
1350 1081 1528 1111 perpetuam
1547 1078 1592 1105 rei
1611 1079 1791 1106 memoriam.

1214 1146 1316 1190 Super
1340 1148 1503 1181 universas
1519 1148 1604 1182 orbis
1621 1149 1778 1193 ecelesias,
1797 1160 1834 1183 eo
1851 1150 1911 1184 dis·
1958 1158 2097 1180 Prooemium-

1170 1204 1307 1242 ponente
1331 1200 1384 1244 qui
1409 1201 1528 1234 cunctis
1552 1201 1686 1245 imperat
1711 1208 1742 1235 et
1770 1203 1819 1236 eui
1837 1203 1910 1236 obe-

1170 1252 1258 1285 diunt
1271 1253 1387 1294 omnia,
1405 1253 1525 1287 meritis
1541 1254 1614 1288 licet
1629 1255 1817 1299 imparibus,
1835 1267 1909 1290 con-

1170 1306 1278 1346 stituti,
1303 1306 1341 1339 ad
1366 1317 1411 1347 ea,
1432 1318 1488 1351 per
1513 1318 1593 1351 quae
1613 1309 1762 1342 ecclesiae
1785 1310 1910 1353 praedi-

1170 1364 1246 1399 ctae,
1256 1360 1440 1402 praesertim
1452 1361 1656 1404 cathedrales,
1669 1362 1726 1395 sul)
1737 1362 1910 1396 infidelium

1170 1416 1323 1455 potestate
1347 1413 1524 1455 existentes,
1539 1415 1792 1458 competentibus
1811 1416 1914 1448 reddi-

1171 1465 1253 1498 tibus
1277 1477 1335 1509 pro
1364 1466 1490 1500 illarum
1516 1468 1665 1501 oneribus
1678 1469 1911 1512 supportandis²

1171 1523 1200 1552 et
1231 1521 1373 1562 congrua
1405 1531 1515 1554 eorum
1545 1522 1726 1565 praesulum
1751 1528 1909 1556 sustenta-

1172 1572 1254 1605 tione
1279 1574 1469 1606 communiri
1495 1575 1630 1615 valeant,
1655 1580 1689 1607 ut
1713 1575 1773 1608 illis
1798 1576 1912 1619 praefi-

1171 1626 1273 1659 ciendi
1298 1637 1335 1660 eo
1360 1627 1494 1660 alacrius
1526 1628 1636 1670 iugum
1660 1628 1784 1661 Domini
1806 1634 1836 1661 et
1860 1640 1911 1662 ec-

1170 1680 1337 1713 clesiarum
1367 1681 1549 1714 huiusmodi
1582 1692 1689 1714 curam
1714 1687 1744 1714 et
1768 1683 1910 1725 regimen

1170 1733 1340 1776 suscipiant
1361 1744 1431 1766 cum
1450 1744 1482 1767 se
1509 1734 1601 1767 etiam
1628 1735 1854 1778 temporalibus
1871 1736 1909 1768 ad

1152 1807 1154 1815 i
1171 1786 1200 1818 id
1226 1786 1349 1819 auxiliis
1367 1787 1519 1820 ‘suffultos
1536 1788 1701 1828 senserint,
1717 1789 1851 1822 libenter
1867 1789 1911 1821 in—

1153 1876 1154 1883 ,
1172 1841 1336 1879 tendimus,
1351 1847 1381 1874 et
1395 1841 1646 1875 christifidelium
1664 1843 1825 1876 facultates
1839 1853 1910 1876 suas

397 1886 474 1918 tium
499 1887 612 1920 nobilis
637 1892 664 1919 et
690 1889 835 1931 antiquae
860 1889 972 1921 domus
993 1894 1023 1922 et
1047 1890 1135 1922 sami·
1152 1912 1154 1939 3
1171 1894 1208 1926 ad
1233 1895 1293 1927 hoc
1318 1894 1451 1937 benigne
1477 1895 1675 1937 erogantium
1702 1901 1772 1929 vota
1796 1896 1839 1940 pii
1855 1906 1910 1940 pa-

1172 1948 1226 1980 tris
1251 1948 1364 1981 affectu
1389 1959 1632 1992 promovemus,
1658 1950 1910 1994 specialibusque

1215 2055 1230 2097 g
1250 2055 1278 2087 l.
1297 2055 1372 2088 Cum
1391 2054 1506 2098 itaque,
1520 2056 1599 2089 sicut
1615 2056 1803 2100 accepimus,
1821 2067 1911 2100 quae·
1926 2063 2109 2118 qnafljgafssefggtcffi

1171 2108 1241 2140 dam
1267 2109 1390 2149 mulier,
1407 2110 1534 2143 natione
1552 2111 1648 2150 Galla,
1666 2111 1718 2154 pio
1739 2111 1910 2145 catholicae
1925 2124 1991 2165 3¹35&
2007 2122 2110 2170 ³5:32³:ss

1171 2162 1243 2194 fidei
1262 2163 1485 2205 propagandae
1499 2163 1565 2196 zelo
1585 2163 1687 2204 dueta,
1706 2175 1722 2197 e
1741 2165 1832 2198 bonis
1850 2164 1909 2198 sibi
1926 2171 2110 2223 tegnqgegssreffffig

1171 2216 1208 2247 ab
1222 2216 1383 2249 Altissimo
1397 2217 1537 2260 elargitis
1562 2228 1614 2251 sex
1631 2218 1729 2251 millia
1743 2218 1909 2262 duplarum
1926 2224 2047 2245 amati-um.

1171 2269 1411 2312 llispanicarum
1430 2270 1468 2303 ad
1487 2271 1602 2303 Urbem
1620 2272 1800 2305 transmissa
1817 2271 1910 2305 alicui

1152 2333 1204 2366 ,ex
1231 2323 1370 2356 ecelesiis
1395 2323 1452 2356 sub
1476 2323 1650 2357 infidelium
1676 2329 1826 2368 potestate
1851 2325 1912 2358 exi—

1170 2375 1321 2408 stentibus
1342 2377 1475 2410 arbitrio
1492 2382 1600 2410 nostro
1621 2378 1832 2421 designandae
1852 2389 1911 2421 pro

1170 2428 1319 2461 ecelesiae
1344 2429 1525 2462 huiusmodi
1551 2430 1622 2463 dote
1648 2436 1678 2463 et
1703 2429 1843 2474 congrua
1869 2431 1910 2463 il-

1170 2481 1228 2513 lius
1252 2483 1407 2524 praesulis
1432 2483 1657 2517 sustentatione
1682 2495 1738 2528 per
1761 2495 1819 2518 nos
1842 2494 1912 2528 per-

1170 2540 1264 2578 petuo
1290 2536 1440 2579 applicari
1466 2537 1640 2570 desideret:

1207 2651 1215 2675 t
1237 2650 1272 2677 Ex
1291 2650 1397 2686 Regest.
1415 2652 1440 2678 in
1457 2653 1558 2680 Seeret.
1575 2653 1649 2680 Brcv.

2236 1860 2243 1919 l

2236 1920 2243 1970 t
