2221 3224
132 220 136 223 -
175 209 264 236 mc.
290 207 357 236 1630
404 199 466 234 160

374 257 524 290 adversus
548 266 634 290 suam
656 256 835 290 huiusmodi
855 255 1109 290 constitutionem

372 311 402 341 in
428 309 595 353 pristinum
620 314 649 342 et
673 318 762 349 eum,
788 309 818 341 in
850 319 912 351 quo
944 313 1109 352 antequam

372 363 423 394 illa
447 362 668 401 emanassent¹,
694 365 782 394 erant
807 366 931 402 statum,
957 361 1055 394 robur
1081 367 1111 394 et

373 416 462 457 vires,
483 416 513 448 in
531 416 676 449 omnibus
690 420 719 448 et
732 426 789 459 per
805 416 920 458 onmia,
938 416 1109 450 dummodo

373 475 590 513 praeterquam
607 479 664 512 per
681 469 852 502 monachos
870 469 943 502 dieti
958 474 1111 503 monaste—

373 523 408 555 rii
430 533 491 555 non
510 522 722 562 differemus&
737 522 909 566 apostolica
926 523 1110 556 auctoritate

372 576 516 616 restituit,
538 576 679 620 reposuit
696 580 725 608 et
742 575 883 620 plenarie
897 576 1109 619 reintegravit,

370 639 405 661 ae
430 639 488 672 pro
512 628 672 670 restitutis,
691 629 838 673 repositis
858 638 894 661 ac
910 628 1110 671 reintegratis

371 682 499 715 baberi³
516 682 628 723 voluit,
647 687 676 715 et
696 682 738 715 ita
754 682 792 715 ab
809 681 957 715 omnibus
978 681 1108 724 censeri,

370 746 492 769 necnon
512 736 666 768 dictarum
684 736 916 780 praedictarum
934 735 1110 768 litterarum

372 789 593 832 transumptis,
618 788 711 822 etiam
736 788 908 832 impressis,
925 793 1107 832 procurato·

371 842 414 875 ris
441 842 596 885 generalis
616 842 798 875 monasterii
822 841 1003 875 huiusmodi
1020 851 1055 874 ac
1073 842 1111 874 ab

371 908 408 929 eo
418 896 626 929 substituendi
638 906 732 929 manu
741 896 936 940 subscriptis,
945 896 1111 939 sigilloque

370 950 502 982 alicuius
519 959 671 993 personae
684 949 714 981 in
733 948 885 992 dignitate
901 948 1112 982 ecclesiastiea

372 1003 557 1037 constitutae
565 1003 703 1044 munitis,
714 1003 855 1035 eamdem
865 1002 958 1035 fidem
970 1002 1111 1035 adhiberi

372 1059 496 1100 debere,
509 1069 588 1103 quae
597 1058 803 1101 originalibus
816 1057 892 1101 ipsis
907 1056 1112 1089 adhiberetur

372 1113 396 1145 si
411 1113 511 1146 forent
522 1112 676 1145 exhibitae
691 1112 737 1143 vel
753 1116 904 1153 ostensae,
915 1110 1112 1153 litterisipsis

372 1171 441 1210 post
458 1165 643 1198 decennium
655 1163 849 1208 praedictum
865 1163 994 1196 minime
1008 1163 1114 1195 valitu-

373 1220 424 1261 ris,
444 1218 597 1258 decrevit,
623 1229 658 1251 ac
682 1217 883 1261 postmodum
906 1216 976 1260 (pe'r
995 1216 1112 1249 dietum

374 1274 460 1306 Pium
490 1277 618 1316 accepto
634 1299 640 1313 ,
665 1271 748 1315 quod
779 1271 875 1303 abbas
906 1276 933 1303 et
967 1270 1112 1303 monaehi

374 1326 555 1361 monasterii
572 1325 734 1370 praedicti,
757 1324 881 1367 linguae
901 1324 1013 1356 latinae
1030 1323 1115 1367 peni-

373 1386 422 1414 tus
447 1379 562 1423 ignari,
588 1388 732 1422 graecam
751 1379 852 1411 solum
876 1378 1041 1420 noverant)
1066 1376 1113 1409 in-

373 1432 548 1476 dulgentias
564 1431 739 1476 praedictas
752 1431 883 1474 adaduos
896 1430 972 1471 dies,
991 1430 1114 1473 eisque⁴

374 1487 478 1521 abbati
504 1490 533 1521 et
558 1486 731 1526 monacbis,
752 1495 806 1518 seu
831 1495 941 1518 eorum
966 1493 1114 1528 procura-

376 1541 497 1574 toribus
521 1550 600 1584 quos
622 1539 659 1572 ad
677 1539 706 1571 id
727 1539 887 1572 duxissent
906 1537 1113 1581 deputandos,

375 1595 548 1634 benevisos,
563 1603 684 1626 necnon
699 1593 737 1625 ad
751 1592 868 1625 animas
882 1591 1113 1631 defunctorum,

377 1649 407 1681 in
426 1648 611 1692 purgatorio
630 1647 806 1687 existentes,
828 1655 884 1689 per
904 1644 1033 1677 modum
1054 1644 1113 1676 suf-

376 1702 467 1745 fragii
482 1702 537 1745 (ita
550 1702 632 1745 quod
646 1700 875 1739 cbristitideleS,
889 1699 942 1743 qui
959 1698 991 1731 in
1003 1697 1113 1731 diebus

376 1766 432 1800 per
456 1755 599 1788 abbatem
629 1760 658 1787 et
681 1753 852 1788 monachos
885 1763 940 1785 seu
963 1762 1114 1796 procura-

377 1815 479 1844 torem
504 1808 699 1852 praedictos⁵
723 1805 927 1846 declarandis,
945 1806 1038 1838 etiam
1063 1805 1115 1837 ali-

378 1863 465 1896 cuius
483 1862 619 1895 defuncti
640 1861 761 1894 animae
781 1860 811 1892 in
829 1858 1015 1904 purgatorio
1038 1859 1116 1891 exis-

378 1916 469 1950 tentis
494 1916 587 1948 etiam
611 1913 780 1958 propinqui
804 1911 941 1953 nomine,
959 1912 1115 1956 cappellas

379 1970 552 2014 praedictas
576 1968 747 2010 visitarent,
765 1972 795 2000 et
811 1967 869 1999 alia
896 1967 925 1998 in
950 1965 1116 2010 praedietis

379 2024 490 2057 litteris
515 2027 659 2056 contenta
680 2022 817 2054 facerent
841 2025 869 2053 et
899 2019 1116 2063 adimplerent,

380 2077 476 2121 ipsius
493 2075 630 2109 defuncti
646 2075 747 2108 anima
760 2084 816 2118 per
833 2073 974 2116 suffragii
988 2072 1117 2106 modum

380 2130 590 2173 indulgentiae
608 2128 786 2162 huiusmodi
805 2127 962 2171 particeps
979 2126 1117 2159 efficere-

381 2189 441 2226 tur,
467 2184 587 2228 ipsique
612 2182 830 2217 christifidelcs
861 2182 985 2215 easdem
1010 2180 1114 2213 indul-

381 2238 500 2281 gentias
531 2241 819 2280 consequerentur,
852 2245 949 2279 quas,
975 2234 1000 2267 si
1024 2233 1119 2267 seria⁸

382 2291 489 2335 quinta
512 2291 541 2323 in
565 2291 667 2324 Coena
683 2289 806 2323 Domini
827 2293 856 2321 et
877 2290 954 2321 sesto
974 2288 1121 2331 Assump-

420 2401 429 2425 t
453 2397 630 2426 Probabiliter
645 2396 792 2432 legendum
808 2398 967 2423 emanasset
981 2395 1019 2429 (n.
1035 2393 1083 2429 r).

418 2445 435 2471 2
449 2443 518 2471 Vide
533 2443 597 2479 quid
611 2442 754 2477 legendum
769 2441 826 2468 loco
843 2441 1012 2475 differentur
1031 2440 1119 2475 (nm).

419 2489 434 2515 3
450 2488 519 2515 Edit.
536 2487 619 2514 Main.
636 2486 700 2522 legit
715 2486 819 2514 habere
835 2488 872 2519 (R.
889 2486 937 2519 T.).

419 2534 436 2560 4
450 2533 543 2567 Aptius
558 2531 617 2567 lege
632 2531 735 2559 eisdem
750 2533 789 2564 (R.
806 2530 854 2565 T.).

421 2577 437 2604 5
451 2576 519 2603 Male
535 2576 599 2603 edit.
615 2576 697 2603 Main.
715 2575 780 2611 legit
791 2574 952 2610 praedictis
968 2573 1005 2610 (a.
1022 2574 1069 2608 T.).

421 2622 437 2649 6
452 2621 522 2649 Edit.
539 2621 616 2649 Mein.
632 2622 696 2657 legit
712 2623 818 2657 quarta
833 2620 871 2655 (n.
889 2619 936 2655 T.).

953 208 1135 233 BULLARIUM
1156 208 1308 233 ROMANUM

1899 211 1946 236 An.
1961 210 1988 237 C.
2013 210 2079 239 1630

1142 255 1236 289 tlonis
1251 255 1360 289 heatae
1376 255 1491 289 Mariae
1505 256 1641 300 Virginis
1660 256 1827 301 praedictis
1845 268 1879 289 ea

1144 308 1406 353 adimplevissent,
1431 316 1707 353 consequerentur,
1724 311 1806 344 dicta
1826 321 1878 343 au-

1143 363 1284 396 ctoritate
1309 363 1479 407 apostolica
1504 363 1641 396 extendit
1658 367 1687 397 et
1703 364 1878 408 ampliavit:

1143 415 1333 449 decernens¹
1354 416 1477 449 easdem
1500 416 1709 459 indulgentias
1723 427 1780 460 per
1793 427 1880 461 quas-

1144 479 1279 513 cumque
1288 478 1440 513 personas
1452 469 1553 502 abbati
1574 474 1600 501 et
1621 469 1781 502 monachis
1794 480 1881 514 prae·
2127 473 2147 481 ‘

1144 523 1233 556 dictis
1250 522 1412 556 benevisas
1429 527 1459 555 et
1475 522 1512 555 ad
1522 533 1632 556 eorum
1643 527 1754 555 nutum
1768 523 1881 566 eligen-

1144 576 1197 609 das
1214 575 1366 619 publicari
1383 586 1419 609 ac
1436 575 1611 608 denuntiari
1630 586 1737 620 posse,

1188 630 1202 673 ξ
1220 629 1247 662 6.
1263 630 1305 662 Ae
1320 629 1445 662 demum
1462 629 1558 672 (dicto
1575 629 1630 662 Pio
1646 630 1880 674 praedecessori
1923 644 2080 670 luemquerms

1897 670 2004 695 praefatas
2037 676 2081 691 orn-

1144 693 1201 727 pro
1225 687 1314 727 parte
1335 686 1408 717 tunc
1432 682 1593 716 existentis
1618 683 1740 716 abbatis
1765 688 1795 716 et
1818 694 1882 717 mo·
1897 703 1934 717 nes
1962 697 2080 717 concessio-

1143 736 1317 770 nachorum
1335 736 1408 769 dicti
1428 736 1608 769 monasterii
1627 736 1778 780 exposito,
1798 737 1881 780 quod
1897 723 2082 771 25⁵02³1233s233³l¹.¹²

1145 789 1183 822 ab
1196 789 1352 833 aliquibus
1369 789 1593 829 haesitabatur,
1608 799 1645 821 an
1660 788 1881 832 indulgentiae¹

1146 842 1326 876 huiusmodi
1347 842 1405 875 sub
1425 842 1518 876 certis
1538 841 1607 875 aliis
1631 842 1883 876 revocationibus

1144 907 1201 940 per
1226 895 1327 940 ipsum
1346 896 1435 928 Pium
1454 895 1729 940 praedecessorem
1747 900 1885 939 postmo-

1145 950 1218 982 dum
1236 949 1328 982 editis
1345 949 1704 993 comprehenderentur)
1718 949 1799 982 idem
1814 949 1885 983 Pius

1145 1004 1378 1049 praedeeessor,
1393 1004 1515 1037 abbatis
1528 1009 1557 1037 ct
1574 1004 1802 1037 monachorum
1816 1014 1886 1048 sup-

1128 1058 1368 1108 ¹plicationibus
1398 1062 1472 1091 tune
1505 1057 1692 1098 inclinatus,
1717 1068 1826 1091 omnes
1856 1063 1886 1091 et

1147 1113 1285 1156 singulas
1302 1112 1521 1156 indulgentias,
1536 1122 1571 1144 ac
1585 1112 1720 1156 desuper
1731 1111 1885 1145 confectas

1148 1166 1266 1200 litteras
1279 1166 1477 1210 apostolicas,
1495 1165 1644 1198 adversus
1664 1164 1840 1208 praedictas
1857 1170 1883 1198 et

1148 1218 1272 1262 quasvis
1303 1218 1378 1251 alias
1414 1218 1629 1251 revocationes
1644 1244 1650 1258 ,
1686 1217 1886 1251 limitationes

1147 1272 1285 1315 aliasque
1308 1271 1480 1305 contrarias
1505 1270 1735 1314 dispositiones,
1756 1271 1794 1303 ab
1819 1270 1886 1314 ipso

1148 1324 1201 1358 Pio
1212 1324 1456 1369 praedecessore
1466 1325 1594 1357 eatenus
1604 1324 1708 1357 forsan
1718 1328 1885 1364 emanatas,

1147 1378 1178 1410 in
1196 1377 1362 1422 pristinum
1381 1382 1410 1411 et
1426 1387 1509 1418 eum,
1524 1377 1555 1410 in
1572 1387 1634 1420 quo
1651 1381 1741 1409 antea
1759 1387 1888 1420 quomo-

1148 1431 1266 1464 dolibet
1290 1436 1388 1472 erant,
1405 1435 1530 1471 statum,
1548 1430 1606 1464 sub
1626 1430 1719 1463 certis
1741 1430 1834 1463 modo
1859 1435 1888 1463 et

1147 1485 1248 1518 forma
1274 1489 1348 1519 tunc
1372 1484 1537 1529 expressis,
1557 1483 1729 1528 apostolica
1752 1483 1888 1517 auctori-

1148 1543 1209 1572 tate
1233 1539 1374 1583 plenarie
1398 1538 1545 1578 restituit,
1562 1538 1703 1581 reposuit
1724 1541 1753 1571 et
1776 1537 1890 1571 reinte-

1148 1593 1258 1636 gravit,
1275 1602 1311 1625 ae
1328 1592 1420 1625 etiam
1437 1592 1605 1632 innovavit,
1624 1596 1719 1635 prout
1736 1591 1767 1623 in
1792 1591 1889 1635 ipsius

1149 1645 1193 1678 Pii
1211 1650 1240 1679 et
1259 1645 1391 1679 aliorum
1417 1645 1694 1689 praedeeessorum
1716 1644 1889 1688 praedicto-

1148 1709 1217 1732 rum
1251 1698 1363 1731 litteris
1391 1698 1528 1741 desuper
1561 1697 1724 1738 consectis,
1755 1707 1888 1740 quarum

1148 1758 1273 1786 tenores
1293 1751 1509 1795 praesentibus
1533 1750 1643 1783 haberi
1670 1750 1814 1783 volumus
1831 1759 1888 1794 pro

1149 1804 1314 1849 expressis,
1333 1803 1456 1847 plenius
1473 1803 1678 1836 continetur¹.

1193 1859 1208 1902 ἓ
1226 1858 1254 1891 7.
1269 1858 1345 1891 Cum
1358 1861 1472 1897 autem,
1486 1856 1566 1889 sicut
1582 1856 1713 1888 dilectus
1728 1855 1811 1889 filius
1826 1855 1890 1890 Cle·
1960 1866 2089 1896 Precuratqr

1150 1921 1237 1944 mens
1262 1910 1453 1944 Lambardus
1474 1909 1547 1942 dicti
1573 1908 1753 1942 monasterii
1777 1919 1890 1952 procu·
1905 1893 2090 1949 ffi'ssfflssw‘fffi'ss}

1149 1971 1235 1998 rator
1249 1965 1435 1998 dilectorum
1448 1963 1586 1997 filiorum
1601 1962 1720 1996 abbatis
1738 1967 1767 1995 et
1782 1972 1889 1996 mona-
1905 1953 1964 1968 '¹³³⁸'

1150 2020 1283 2052 chorum
1314 2019 1410 2063 ipsius
1438 2017 1619 2051 monasterii
1649 2016 1776 2050 nomine
1800 2016 1890 2050 nobis

1150 2083 1251 2116 nuper
1268 2071 1379 2116 exponi
1397 2071 1478 2111 fecit,
1492 2070 1550 2115 ipsi
1571 2069 1743 2114 plurimum
1765 2069 1891 2113 cupiant

1151 2126 1322 2170 praemissa
1339 2124 1454 2164 omnia,
1471 2133 1533 2167 quo
1552 2123 1694 2156 firmiora
1712 2122 1890 2164 subsistant,

1152 2179 1343 2224 apostolicae
1367 2182 1492 2211 nostrae
1513 2176 1760 2211 confirmationis
1777 2176 1892 2210 robore

1153 2232 1353 2272 communiri,
1371 2230 1525 2275 nobisque
1541 2235 1708 2274 propterea
1732 2230 1893 2263 humiliter

1153 2286 1326 2332 supplicari
1350 2285 1473 2326 fecerit,
1498 2290 1532 2317 nt
1555 2284 1690 2328 desuper
1715 2289 1894 2328 opportune

1155 2341 1321 2386 providere
1338 2339 1375 2373 de
1392 2338 1584 2381 benignitate
1602 2338 1774 2382 apostolica
1789 2337 1894 2381 digna-

1155 2405 1275 2428 remur:

1199 2449 1214 2492 ἓ
1238 2447 1266 2480 8.
1292 2448 1363 2491 Nos,
1382 2446 1576 2480 attendentes
1595 2445 1821 2479 monasterium
1839 2443 1895 2478 hu·
1980 2451 2095 2472 confirmat

1911 2478 2017 2500 Urbanus.

1191 2529 1204 2556 1
1223 2528 1366 2564 Pei-peram
1378 2528 1422 2555 ed.
1434 2527 1517 2554 Main.
1530 2526 1596 2562 legit
1610 2526 1790 2554 decernentes
1803 2525 1891 2559 (nnn).

1191 2573 1208 2600 2
1223 2568 1293 2604 Quas
1309 2580 1402 2600 omnes
1417 2572 1513 2599 deesse
1528 2575 1591 2607 puto
1608 2571 1644 2606 (R.
1661 2570 1709 2605 T.).

1193 2617 1208 2646 3
1220 2617 1338 2645 Pessime
1349 2615 1412 2645 edit.
1425 2616 1508 2645 Main.
1520 2615 1585 2652 legit
1594 2614 1793 2650 indulqencias
1804 2614 1893 2649 (n.'r)..
