2248 3229
114 223 164 253 An.
185 225 215 253 C.
238 220 305 252 1037
929 222 1069 246 runaxt's
1096 221 1150 244 rm
1176 222 1221 244 rr.
1715 206 1776 240 557
1824 215 1875 243 An.
1898 214 1926 242 C.
1948 213 2015 242 163'1

149 1140 246 1162 t'rtunne
261 1140 297 1160 ‹tu--

113 1169 182 1189 etant
196 1168 223 1189 ab
234 1174 258 1187 ea
269 1168 298 1188 le-

114 1201 138 1220 ge
145 1198 244 1221 nuptus
252 1194 299 1215 fuu-

114 1222 231 1242 utlerien·
241 1227 300 1244 reau-

115 1249 170 1269 hres
184 1248 282 1269 umore„

309 272 406 317 ipsius
423 271 589 306 Clementis
607 271 857 316 praedecessoris
876 270 969 303 breve
988 271 1063 303 frti-¹
1080 269 1218 304 ciendis2
1254 267 1385 311 ideoque
1415 265 1625 310 professiones
1656 269 1764 308 postea
1788 264 1819 296 in

308 325 491 359 stratorium
518 325 610 358 fuisse
636 325 810 368 detegatur,
831 329 967 356 attamen
993 309 1242 366 itli,'t‘p1ilmsx·is
1274 320 1420 354 domibus
1452 324 1481 352 ct
1513 318 1589 352 locis
1620 317 1820 362 regularibus

308 378 346 412 de
369 377 600 423 professionum
625 388 752 411 suarum
780 375 934 409 validitate
959 375 1048 408 dubi·
1064 415 1065 418 Ἴ
1082 375 1221 409 eiusdem
1247 373 1501 418 congregationis
1515 372 1644 405 emissas
1661 382 1678 404 a
1695 371 1822 415 quibus-

309 438 373 465 tare
391 432 540 473 volentes,
557 441 618 466 non
640 431 734 465 modo
758 441 820 465 non
837 423 1047 473 acquiescant,
1064 462 1065 481 ¹
1082 429 1155 463 libet
1170 428 1268 472 ipsius
1281 426 1536 471 congregationis
1554 425 1710 469 religiosis
1728 425 1821 457 fuisse

310 485 363 518 sed
388 485 546 519 doctrinas
571 489 599 520 et
620 485 785 529 opiniones
806 485 837 517 in
855 483 1047 517 contrarium
1064 518 1065 532 ¹
1083 486 1110 516 ct
1136 493 1202 515 esse
1228 482 1354 522 validas,
1369 492 1405 514 ac
1425 491 1535 514 omnes
1553 485 1581 513 et
1599 479 1750 522 singulos,
1768 478 1821 521 qui

309 538 513 572 disseminent
533 539 564 571 in
581 538 805 582 gravissimum
827 536 922 570 divini
947 536 1049 569 cultus
1084 539 1154 580 post
1178 535 1281 568 datam
1304 534 1434 578 praefati
1459 532 1565 566 Brevis
1591 531 1730 566 eiusdem
1756 531 1823 564 Cle-

310 603 344 626 ιω
369 592 588 626 observantiae
616 591 863 636 disciplinaeque
896 585 1066 633 regularisf
1084 588 1196 622 mentis
1221 586 1474 632 praedecessoris
1498 585 1726 630 professionem
1744 583 1822 618 emi-

310 645 556 690 praeiudicium:
574 646 665 679 nobis
682 650 831 690 proptera
851 643 1050 689 praepositus
1066 678 1067 683 ¹
1083 643 1191 684 serint,
1210 643 1257 676 vel
1274 642 1480 686 imposterum
1495 641 1646 682 emittent,
1664 639 1702 672 ad
1719 649 1824 683 quem-

310 699 466 743 generatis
482 704 512 733 ct
530 699 709 733 assistentes
730 699 892 742 generales
909 696 1050 742 praefati,
1065 721 1067 731 i
1083 707 1219 740 cumque
1244 696 1401 737 effectum,
1419 695 1512 728 ctiam
1529 694 1559 728 in
1577 695 1645 728 foro
1662 692 1824 727 conscien-

311 753 408 786 uthis
433 753 659 795 incommodis,
682 752 939 797 imaginat-iisque
963 737 1067 784 dubi-¹
1085 751 1156 792 tiae,
1182 751 1370 784 remansisse
1395 755 1424 784 et
1450 759 1615 783 remanere
1635 747 1823 792 obbligatos‚

311 806 395 840 tandi
420 808 655 852 praetextibus,
689 812 751 840 tam
776 806 927 840 hactenus
951 786 1068 845 ortis,l
1085 804 1250 849 eidemque
1274 804 1419 848 religioni
1445 803 1624 842 adstrictos;

310 871 405 904 quam
430 861 484 905 qui
509 860 547 894 de
572 866 677 895 cetero
702 860 778 893 oriri
810 863 962 904 possunt,
987 854 1068 892 ina-3,
1133 858 1196 902 ξῦ.
1218 859 1411 902 Insuperque
1434 856 1618 890 mandamus
1636 853 1826 889 constitutio·
1863 864 2026 891 nmisquoser-

312 919 380 948 ture
404 914 560 955 obvietur,
585 914 675 948 nobis
700 913 863 947 humiliter
879 910 1051 956 supplicari
1068 908 1069 947 ξ
1086 922 1140 945 nes
1154 912 1321 956 praefatas,
1336 916 1368 944 ut
1382 910 1569 955 praefertur,
1584 908 1712 953 praevia
1726 917 1827 941 emcn—
1841 891 2027 939 ‡'{{?.¹.¹{33„⁶‡{⁰ffili

312 968 474 1009 fecerunt,
500 974 532 1002 ut
556 979 652 1012 super
684 966 849 1012 praemisis
874 970 1052 1009 opportune
1068 969 1070 1003 ζ
1086 965 1211 999 datione
1225 969 1255 998 ct
1271 963 1497 1008 approbatione
1517 960 1770 1006 congregationis
1783 970 1828 993 re·
1843 948 1904 994 fan
1919 947 2026 997 ι”ἷῖᾎρῗῖθ

311 1022 477 1065 providere
494 1022 532 1056 dc
550 1022 742 1065 benignitate
759 1019 929 1065 apostolica
946 1008 1070 1062 digna-¹
1087 1019 1245 1063 gularium
1277 1029 1334 1062 per
1360 1017 1506 1051 eumdem
1539 1016 1670 1049 Paulum
1700 1014 1829 1059 praede·

312 1087 429 1110 remur.
1070 1058 1244 1111 leessorem
1277 1069 1498 1109 confirmatas,
1530 1067 1735 1111 imposterum
1761 1076 1828 1099 esse

357 1130 372 1173 ἕ
396 1129 426 1162 4.
443 1129 506 1163 Nos
523 1129 628 1173 igitur,
647 1139 774 1162 omnem
792 1127 953 1162 dubitandi
971 1126 1055 1160 circa
1070 1121 1072 1155 l
1089 1124 1310 1158 inviolabiliter
1335 1121 1562 1161 observandas;

313 1183 486 1227 praemissa
500 1182 662 1215 materiam
682 1181 876 1225 praecidere,
890 1180 1055 1223 dictaeque
1071 1198 1073 1210 -,
1134 1178 1190 1222 §G
1208 1179 1276 1212 Non
1293 1176 1490 1210 obstantibus
1514 1174 1661 1219 praefatis
1687 1173 1828 1207 eiusdem
1845 1185 1955 1206 (tonum.
1969 1185 2029 1205 noim.

314 1236 570 1280 congregationis
595 1235 702 1279 quieti,
727 1240 879 1279 quantum
905 1244 976 1267 cum
1002 1233 1057 1266 Do·
1072 1223 1073 1251 3
1089 1232 1256 1266 Clementis
1281 1229 1533 1275 praedecessoris
1557 1228 1711 1268 decretis,
1736 1227 1829 1260 etiam

314 1290 400 1324 mino
430 1301 620 1335 possumus,
655 1289 841 1329 consulere,
866 1287 1056 1331 eosdemque
1091 1298 1147 1331 per
1171 1297 1228 1320 nos
1252 1284 1434 1330 approbatis
1459 1288 1489 1317 et
1521 1282 1691 1322 innovatis;
1723 1281 1830 1325 sicque

314 1344 527 1388 praepositum
557 1342 736 1386 generalem
767 1341 907 1385 aliosque
939 1340 1121 1385 special-*in
1150 1339 1332 1384 praemissis
1367 1337 1516 1372 omnibus
1551 1341 1581 1369 ct
1613 1335 1745 1379 singulis
1775 1345 1831 1379 per

314 1398 397 1430 tibus
420 1396 581 1430 favoribus
605 1402 635 1429 et
660 1395 770 1439 gratiis
786 1394 936 1439 prosequi
955 1394 1057 1428 volen-
1072 1419 1073 1426 ,
1090 1402 1305 1437 quoscumque
1331 1391 1448 1424 iudices
1473 1389 1650 1424 ordinarios
1663 1394 1693 1422 et
1709 1387 1832 1431 delega-

314 1457 370 1491 tes,
395 1456 426 1484 et
450 1461 561 1485 eorum
587 1450 764 1493 singulares
784 1459 935 1494 personas
953 1458 970 1480 a
990 1447 1057 1492 qui·
1091 1452 1147 1487 tos,
1172 1447 1266 1480 etiam
1287 1456 1453 1479 causarum
1474 1443 1579 1488 palatii
1598 1441 1761 1487 apostolici
1782 1451 1833 1474 au-

314 1505 421 1538 busris
450 1503 807 1543 excommunicationis,
840 1496 1073 1547 suspensionis
1090 1500 1220 1540 ditores,
1247 1510 1282 1533 ac
1306 1500 1335 1533 S.
1361 1499 1396 1532 R.
1427 1498 1459 1531 E.
1482 1496 1667 1537 cardinales,
1684 1495 1776 1528 etiam
1794 1493 1832 1527 de

314 1565 343 1591 et
361 1559 529 1601 interdicti,
547 1559 679 1603 aliisque
700 1557 919 1592 ecclesiasticis
935 1562 1057 1590 senten·
1072 1558 1073 1584 l
1090 1555 1188 1587 latere
1212 1554 1342 1597 legatos,
1369 1551 1485 1596 ubique
1511 1550 1642 1584 iudicari
1660 1552 1690 1583 et
1706 1547 1831 1582 definiri

314 1613 364 1647 tiis
389 1613 530 1647 censuris
551 1618 580 1646 et
600 1612 720 1657 poenis,
738 1622 754 1645 a
773 1612 842 1645 iure
866 1611 913 1644 vet
937 1611 976 1643 ab
1001 1611 1056 1644 ho-
1072 1605 1073 1635 ἶ
1090 1607 1218 1648 debere,
1246 1617 1280 1640 ac
1307 1606 1431 1640 irritum
1457 1610 1487 1638 et
1511 1605 1614 1644 inane,
1629 1603 1654 1637 si
1679 1612 1769 1635 secus
1785 1612 1833 1635 su-

315 1666 420 1706 mine,
452 1666 562 1710 quavis
587 1665 752 1699 occasione
777 1665 824 1698 vel
850 1666 944 1698 causa
970 1664 1055 1705 latis,
1091 1672 1146 1706 per
1171 1661 1220 1694 liis
1245 1671 1261 1693 a
1285 1670 1463 1704 quoquam,
1488 1657 1598 1702 quavis
1628 1656 1833 1695 auctoritate,

314 1720 338 1753 si
363 1719 478 1765 quibus
509 1719 751 1763 quomodolibet
782 1717 949 1751 innodatae
985 1719 1052 1751 exi·
1074 1715 1226 1749 scienter
1252 1714 1298 1747 rel
1324 1714 1516 1757 ignoranter,
1538 1710 1708 1754 contigerit
1732 1713 1832 1743 atten-

315 1777 409 1814 stunt,
433 1773 472 1806 ad
496 1772 642 1806 effectum
667 1771 881 1816 praesentium
895 1771 1057 1804 dumtaxat
1074 1758 1075 1787 ἶ
1092 1768 1160 1802 tari.

317 1825 590 1870 consequendum,
615 1825 729 1858 harum
754 1825 834 1858 serie
859 1816 1075 1884 absolventes*¹
1136 1823 1151 1866 g
1176 1822 1204 1855 7.
1237 1822 1305 1855 Non
1337 1819 1532 1854 obstantibus
1564 1817 1767 1863 praemissis,
1798 1827 1834 1850 ae

316 1885 345 1911 et
359 1879 518 1912 absolutas
536 1878 602 1912 fore
617 1883 791 1918 censentes,
808 1883 895 1911 motu
914 1877 1056 1922 proprio,
1074 1885 1075 1920 t
1092 1875 1240 1909 omnibus
1265 1880 1294 1909 et
1319 1874 1452 1917 singulis
1476 1883 1555 1917 quac
1573 1872 1674 1905 dictus
1693 1871 1835 1905 Clemens

317 1935 466 1977 certaque
490 1932 619 1966 scientia
636 1942 671 1965 ac
689 1933 811 1964 matura
831 1931 1058 1965 deliberatione
1074 1921 1075 1965 l
1091 1929 1317 1974 praedecessor
1342 1929 1373 1961 in
1398 1927 1462 1961 suis
1483 1926 1594 1961 litteris
1618 1925 1766 1970 praefatis
1781 1935 1834 1958 vo-

317 1987 434 2020 nostris
448 2013 455 2027 ,
480 1996 515 2020 ac
541 1985 579 2019 de
603 1990 728 2019 nostrae
757 1985 948 2029 apostolicae
973 1990 1059 2028 pote·
1074 2006 1075 2043 1
1092 1983 1150 2017 luit
1166 1994 1230 2017 non
1247 1983 1383 2025 obstare,
1401 1980 1577 2024 ceterisque
1589 1978 1756 2013 contrariis
1769 1978 1835 2022 qui-

318 2041 406 2074 statis
427 2039 633 2084 plenitudine,
651 2045 758 2072 tenore
778 2038 990 2082 praesentium
1008 2038 1059 2071 de·
1074 2046 1075 2084 t
1092 2038 1298 2081 buscumquc.

318 2095 474 2128 rlarumus
490 2121 498 2135 ,
527 2093 611 2138 quod
639 2093 844 2137 congregatio
869 2085 1075 2138 clericorum}
1136 2092 1247 2125 Datum
1269 2091 1398 2129 Romae,
1423 2088 1504 2132 apud
1529 2088 1558 2121 S.
1580 2086 1709 2120 Mariam
1734 2085 1832 2119 Maio-

319 2147 513 2191 1···gula1·ium
539 2147 694 2181 MInorum
720 2146 879 2190 praefata„
895 2149 965 2189 post
989 2156 1058 2178 con·
1092 2156 1171 2185 rem,
1185 2145 1243 2177 sub
1261 2144 1376 2177 annulo
1395 2141 1572 2182 Piscatoris,
1588 2140 1638 2174 die
1658 2150 1710 2174 xxl
1727 2139 1835 2184 aprilis

319 2212 439 2235 cessam
460 2202 487 2235 ei
505 2212 522 2234 a
537 2201 620 2235 dieto
637 2201 795 2235 Clemente
816 2199 1058 2243 praedecessore
1093 2208 1277 2238 nincxxxru,
1295 2197 1496 2241 pontificatus
1515 2194 1616 2228 nostri
1636 2204 1718 2227 anno
1741 2203 1804 2226 xiv.

321 2266 377 2299 per
401 2266 472 2288 suas
497 2255 528 2288 in
553 2255 652 2288 formal
674 2254 780 2287 Brevis
805 2253 924 2287 litteras
949 2253 1058 2286 liuius-
1130 2261 1187 2288 [iat.
1204 2261 1248 2287 die
1265 2260 1293 2287 21
1314 2259 1407 2295 aprilis
1430 2259 1508 2293 1637,
1527 2258 1623 2293 pontis.
1641 2264 1711 2283 anno
1726 2262 1780 2282 xiv.

320 2309 405 2343 modi
429 2309 587 2343 licentiam
619 2314 649 2341 et
681 2308 858 2342 facultatem
891 2317 985 2351 supra
1009 2318 1077 2355 cxg

321 2373 478 2408 pressam,
503 2373 540 2396 ex
565 2366 637 2396 tunc
661 2361 700 2394 de
724 2367 830 2395 cetero
855 2361 884 2393 in
911 2360 1078 2429 praefatis]

322 2417 419 2461 ipsius
443 2417 609 2451 Clementis
641 2414 894 2460 praedecessoris
926 2414 1078 2466 decretis,

321 2471 549 2515 ‹runiprebensa
578 2480 640 2503 non
673 2469 750 2508 fuit,
775 2469 850 2512 quin
874 2468 978 2512 potius
1009 2473 1078 2512 ex-;
1389 2462 1541 2498 Dth'llt.

321 2528 420 2568 repta,
438 2529 467 2557 et
485 2528 652 2568 propterea
673 2532 690 2554 a
707 2521 756 2555 die
774 2521 863 2554 datae
886 2521 1059 2554 litterarum
1077 2524 1079 2563 ξ

323 2579 535 2622 praefatarum
552 2577 689 2620 obligata
706 2585 768 2608 non
785 2575 841 2608 fuit
859 2574 975 2607 babere
994 2574 1060 2607 loca
1078 2566 1079 2600 Ῐ
1098 2572 1189 2613 Quod
1225 2572 1409 2616 capitulum
1441 2570 1588 2615 ρεπεν-(τῖε
1620 2569 1837 2613 conqreyatio-

324 2632 482 2676 regularia
506 2630 706 2676 particularia
725 2641 782 2674 pro
803 2628 1004 2662 noritiatibus
1022 2618 1079 2666 fai-⁴,
1141 2629 1191 2661 nis
1213 2627 1402 2660 clericorum
1426 2625 1627 2670 reyulure'um
1649 2622 1835 2657 Ministran-
