2248 3229
496 241 559 274 475

457 298 571 325 Dilecto
591 298 651 324 filio
672 296 814 330 magistro
831 295 950 322 Nicolao
968 297 1001 321 de
1024 295 1148 322 Herrera
1164 295 1195 321 in

492 346 618 375 utraque
635 341 789 374 signatura
800 343 904 366 nostra
917 339 1126 371 referendario,
1144 346 1195 366 no-

492 390 553 413 stro
575 388 605 412 et.
624 384 812 418 apostolicae
833 384 918 411 Sedis
948 384 978 410 in
999 391 1089 418 regno
1118 383 1194 410 Nea-

493 429 627 462 politano
648 429 764 461 nuntio7

664 482 800 509 Urbanus
818 483 894 515 Papa
911 482 989 508 VIII.

731 544 846 570 Dilecta
866 543 921 577 fili,

490 589 619 616 salutem
643 591 673 615 et
697 588 893 621 apostolicam
913 587 1157 615 benedictionem.

261 250 308 275 An.
332 249 358 276 C.
385 249 449 277 1635

285 680 440 701 noveii-eimi-
500 667 567 710 §·i.
593 667 668 700 Cum
687 667 855 699 residentia
873 677 888 699 a
905 666 1002 700 sacris
1021 667 1194 699 canonibus

258 710 485 753 ἑῗ,ῗύ,ῑ’.,,ῑῇ·.ῃ’ῗὶ;ῖει
516 721 640 753 concilii
670 720 841 753 Tridentini
867 720 1001 753 decretis
1032 720 1193 761 ordinata,

257 760 625 816 95550513'53-112311¹‘²²praecipue
659 774 690 805 in
727 774 866 806 ecclesiis
902 773 1133 807 cathedralibus
1166 779 1193 806 et

455 827 649 867 maioribus,
676 826 708 858 in
736 826 964 870 praeiudicium
1000 827 1116 859 servitii
1145 837 1194 859 ea-

455 880 597 913 rumdem
617 880 819 913 ecclesiarum
845 891 880 913 ac
905 891 999 913 curae
1018 880 1194 912 animarum

454 934 619 977 praefectis
644 934 762 967 eisdem
786 934 926 967 ecclesiis
956 934 1194 967 commissarum

454 987 688 1029 negligeretur,
713 997 791 1027 nos,
816 998 872 1030 pro
900 987 998 1020 nostri
1029 987 1195 1030 pastoralis

455 1040 548 1073 officii
573 1039 687 1080 debito,
707 1050 742 1073 ac
767 1040 981 1074 Romanorum
1007 1040 1193 1073 Pontificum

454 1094 733 1137 praedecessorum
766 1100 946 1128 nostrorum
979 1094 1117 1136 vestigiis
1142 1094 1191 1126 in-

455 1147 628 1188 haerentes,
644 1148 895 1181 constitutionem
910 1152 939 1181 et
951 1148 1110 1180 decretum
1126 1157 1196 1180 con-

456 1200 608 1234 sistoriale
633 1201 690 1234 sub
716 1201 765 1234 die
794 1212 838 1234 xn
863 1207 890 1234 et
918 1211 994 1234 xvnl
1019 1200 1195 1234 decembris

455 1262 616 1287 Mncxxxw
643 1255 815 1298 respective
841 1265 937 1298 super
966 1254 1076 1287 eadem
1111 1254 1192 1286 resi-

455 1306 559 1339 dentia
585 1307 641 1339 sub
667 1307 760 1340 certis
786 1311 858 1341 tunc
883 1307 1037 1350 expressis
1056 1306 1196 1340 censuris

455 1365 485 1392 et
501 1359 610 1403 poenis
626 1360 767 1393 facienda
784 1360 948 1399 edidimus,
968 1365 1062 1404 prout
1079 1360 1109 1392 in
1126 1370 1196 1393 con-

456 1413 616 1447 stitutione
640 1419 670 1446 et
694 1413 819 1447 decreto
844 1413 1035 1454 huiusmodi,
1060 1424 1194 1457 quorum

456 1472 581 1500 tenores
598 1467 814 1510 praesentibus
832 1478 890 1510 pro
910 1467 1068 1510 expressis
1086 1467 1195 1499 haberi

457 1520 612 1563 volumus,
630 1521 752 1564 plenius
770 1521 956 1553 continetur.

258 1581 442 1633 cifffiiliffiiiifflig
502 1574 516 1617 ἓ
541 1574 569 1607 ⁶2,
594 1574 745 1614 Quoniam
770 1584 864 1615 vero,
891 1574 971 1606 sicut
1001 1573 1196 1616 accepimus,

257 1634 349 1681 glingiua
369 1640 388 1654 m
408 1640 442 1655 ru·
457 1627 599 1659 nonnulli
621 1637 657 1660 ex
674 1627 838 1675 praefectis
853 1626 992 1660 ecclesiis
1005 1625 1196 1666 huiusmodi,

458 1680 632 1724 postposito
656 1680 709 1713 Dei
737 1681 860 1722 timore⁷
887 1680 917 1712 in
935 1680 1066 1712 diversis
1090 1680 1195 1712 civita-

457 1734 540 1766 tibus
564 1738 593 1767 et
617 1734 694 1766 locis
726 1739 812 1766 extra
844 1734 911 1766 loca
942 1733 1064 1766 debitae
1089 1733 1126 1765 ab
1152 1732 1196 1765 eis

456 1786 644 1820 residentiae
660 1797 780 1820 moram
803 1787 945 1827 trahant}
963 1787 1014 1819 alii
1034 1797 1109 1819 vero
1127 1791 1197 1829 post

455 1839 684 1883 plures-annos
709 1850 726 1871 a
750 1839 799 1872 die
824 1850 932 1872 eorum
958 1839 1147 1882 provisionis
1168 1845 1194 1871 et

456 1892 676 1935 praefectionis
690 1892 807 1924 eisdem
822 1891 962 1924 ecclesiis
979 1891 1128 1924 decursos
1146 1891 1197 1923 ha-

458 1949 566 1977 ctenus
583 1945 621 1977 ad
645 1944 845 1978 residendum
863 1945 945 1988 apud
962 1944 1108 1977 ecclesias
1126 1954 1197 1977 suas

457 1997 632 2042 praedictas
649 2009 680 2031 se
699 1998 840 2031 conferre
857 1998 894 2030 de
911 1998 991 2030 sacto
1008 1997 1197 2030 distulerunt

459 2056 488 2084 et
512 2051 669 2093 differunt⁷
696 2056 725 2084 et
749 2051 787 2084 ab
812 2051 929 2084 eisdem
962 2051 1101 2084 ecclesiis
1133 2050 1196 2083 suis

459 2105 684 2137 contumaciter
704 2104 820 2147 absque
840 2105 946 2137 nostra
965 2109 994 2136 et.
1010 2104 1103 2136 huius
1118 2103 1196 2136 San-

459 2163 526 2190 ctae
550 2157 637 2191 Sedis
667 2157 793 2190 licentia
825 2157 955 2197 absunt;
980 2167 1091 2200 parum
1122 2167 1196 2190 vero

458 2211 538 2244 soret
557 2210 794 2243 constitutiones
814 2211 999 2254 apostolicas
1016 2211 1119 2249 edere,
1137 2209 1195 2242 nisi

459 2264 657 2307 exequutioni
673 2263 951 2297 demandarentur:
968 2264 1094 2304 idcirco,
1110 2268 1195 2296 motu

457 2318 607 2362 proprio,
637 2323 666 2350 et
696 2328 731 2350 ex
757 2319 841 2350 certa
862 2317 991 2349 scientia
1016 2320 1045 2350 et
1074 2318 1196 2349 matura

459 2370 685 2403 deliberatione
712 2371 848 2410 nostris,
878 2370 977 2414 deque
1007 2370 1195 2413 apostolicae

459 2426 619 2468 potestatis
652 2423 864 2467 plenitudine,
896 2429 923 2456 te
954 2423 992 2455 ad
1026 2433 1135 2456 omnes
1167 2427 1196 2455 et

459 2488 672 2521 quascumque
696 2477 870 2520 diligentias
888 2477 1078 2510 necessarias
1099 2482 1127 2509 ct
1144 2486 1196 2519 op-

459 2536 620 2574 portunas,
638 2537 667 2564 et
684 2532 758 2564 alias
776 2530 1013 2575 quomodolibet
1032 2530 1087 2563 tibi
1105 2531 1195 2563 bene-

461 2610 513 2629 non
541 2603 709 2635 residentes⁷
736 2603 794 2629 vide
823 2604 948 2638 superius
972 2603 1111 2630 Constitut.
1135 2607 1196 2633 mv,

461 2654 521 2682 pag.
538 2647 587 2675 457
609 2647 687 2674 huius
707 2648 780 2674 tomi.

1042 247 1219 271 BULLARIUM
1245 247 1399 270 ROMANUM

1231 294 1320 334 visas,
1336 304 1393 336 per
1418 299 1468 333 te,
1493 294 1539 326 vel
1565 294 1660 326 alium
1676 322 1684 334 ‚
1709 305 1762 327 seu
1788 295 1864 328 alios
1896 306 1913 327 a
1937 300 1966 327 te

1231 346 1489 389 subdelegandos,
1507 346 1674 387 faciendas,
1695 358 1729 380 ac
1754 339 1856 388 testes,
1881 348 1967 380 alias-

1230 410 1289 442 que
1315 400 1518 444 probationes
1536 399 1731 442 recipiendas
1747 405 1776 432 et
1792 400 1968 433 examinan-

1230 452 1294 493 das,
1319 457 1428 485 tenore
1452 452 1664 495 praesentium
1690 452 1907 486 constituimus
1938 458 1968 485 et

1230 505 1416 548 deputamus
1429 533 1437 546 ‚
1469 516 1539 538 cum
1573 505 1716 538 facultate
1754 515 1967 548 quoscumque

1230 568 1396 600 processus
1420 558 1503 591 circa
1528 558 1720 602 praemissa,
1746 568 1780 590 ac
1806 568 1915 590 eorum
1939 564 1969 590 et

1230 611 1411 644 cuiuslibet¹
1434 612 1559 644 illorum
1585 611 1759 653 occasione,
1777 610 1968 644 necessarios

1230 670 1259 696 et
1275 669 1471 708 opportunos
1489 665 1542 698 tibi
1558 665 1722 698 benevisos
1736 670 1845 698 contra
1861 673 1969 697 omnes

1229 724 1258 751 et
1282 719 1421 762 singulos
1450 719 1634 762 episcopos,
1660 719 1914 762 archiepiscopos
1940 722 1969 750 et

1228 772 1304 805 alios
1330 782 1545 815 quoscumque
1570 772 1708 806 ecclesiis
1737 772 1969 805 cathedralibus

1229 829 1258 858 et
1284 825 1454 858 maioribus
1480 826 1668 869 praefectos,
1694 835 1891 869 quacumque
1916 824 1965 856 di-

1229 878 1345 920 gnitate
1359 878 1529 922 praeditos,
1544 879 1635 911 etiam
1650 879 1678 911 S.
1693 879 1727 911 R.
1739 879 1770 911 E.
1785 877 1968 917 cardinales,

1229 931 1454 975 cuiuscumque
1479 932 1644 975 qualitatis,
1667 936 1774 973 status,
1800 930 1915 973 gradus
1939 934 1970 962 et

1229 985 1426 1025 conditionis,
1445 984 1538 1017 etiam
1563 984 1689 1028 speciali
1707 986 1779 1017 nota
1797 988 1826 1016 et
1843 993 1967 1026 expres-

1230 1038 1316 1071 sione
1334 1039 1456 1082 dignos⁷
1471 1039 1553 1083 apud
1572 1049 1642 1071 suas
1659 1038 1805 1071 ecclesias
1822 1047 1970 1081 quacum-

1229 1103 1289 1136 que
1313 1092 1350 1125 de
1376 1094 1479 1134 causa
1498 1092 1628 1133 ratione,
1646 1092 1693 1124 vel
1719 1096 1881 1134 praetextu
1905 1100 1969 1122 non

1230 1145 1410 1186 residentes,
1430 1156 1483 1178 seu
1508 1145 1546 1178 ad
1570 1144 1772 1177 residendum
1793 1144 1824 1176 in
1843 1144 1886 1176 eis
1906 1153 1968 1176 non

1229 1209 1260 1232 se
1277 1200 1481 1241 conserentes,
1499 1199 1546 1231 vel
1565 1199 1640 1231 alias
1659 1203 1746 1231 extra
1766 1196 1966 1230 residentiam

1230 1262 1317 1284 suam
1350 1251 1586 1295 quomodolibet
1618 1261 1739 1284 moram
1772 1255 1881 1283 contra
1917 1254 1970 1282 aut

1229 1310 1353 1348 praeter
1382 1305 1521 1338 eiusdem
1547 1305 1776 1339 constitutionis
1798 1309 1827 1336 et
1850 1303 1967 1336 decreti

1230 1358 1453 1392 consistorialis
1471 1363 1613 1391 tenorem
1638 1358 1807 1398 trahentes,
1824 1356 1967 1396 faciendi,

1230 1423 1265 1445 ac
1279 1411 1404 1445 eosdem
1422 1422 1588 1455 processus
1602 1411 1640 1444 ad
1654 1421 1710 1444 nos
1724 1416 1754 1443 et
1767 1410 1878 1444 Sedem
1891 1410 1970 1453 Apo-

1231 1465 1371 1499 stolicam
1386 1464 1627 1505 transmittendi,
1638 1464 1759 1508 aliaque
1777 1464 1808 1496 in
1821 1463 1970 1507 praemis-

1231 1519 1272 1551 sis
1290 1523 1320 1551 et
1336 1518 1419 1551 circa
1436 1529 1471 1551 ea
1488 1517 1664 1551 necessaria
1684 1522 1713 1550 et
1733 1515 1971 1561 quomodolibet

1231 1576 1408 1615 opportuna
1431 1571 1563 1613 dicendi,
1584 1570 1713 1614 gerendi
1734 1575 1764 1603 et
1783 1568 1967 1613 exequendi.

1231 1625 1298 1658 Non
1311 1624 1506 1657 obstantibus
1515 1624 1661 1657 omnibus
1675 1623 1735 1656 illis
1746 1633 1825 1666 quae
1838 1623 1869 1655 in
1881 1632 1969 1666 prae-

1231 1678 1313 1712 dicta
1334 1678 1555 1711 constitutione
1572 1677 1727 1710 voluimus
1752 1687 1815 1709 non
1834 1676 1969 1715 obstare,

1232 1731 1405 1775 ceterisque
1426 1731 1591 1764 contrariis
1606 1730 1866 1774 quibuscumque.

1274 1782 1385 1815 Datum
1411 1782 1539 1822 Romae,
1565 1781 1647 1825 apud
1673 1781 1701 1813 S.
1721 1781 1849 1813 Mariam
1875 1780 1969 1813 Maio-

1232 1846 1309 1875 rem,
1330 1835 1388 1868 sub
1408 1835 1524 1868 annulo
1545 1834 1720 1874 Piscatoris,
1741 1834 1790 1866 die
1810 1844 1877 1868 xxx
1897 1833 1970 1866 maii

1232 1898 1392 1930 nncxxxv,
1413 1888 1613 1932 pontificatus
1629 1887 1729 1920 nostri
1746 1897 1826 1920 anno
1842 1896 1895 1920 xii.

1268 1949 1324 1977 Dat.
1345 1949 1388 1977 die
1408 1950 1442 1978 30
1461 1950 1525 1978 maii
1546 1950 1623 1982 1635,
1645 1949 1738 1985 pontif.
1759 1957 1829 1977 anno
1848 1956 1894 1976 xn.

1546 2070 1647 2103 DXIV.

1233 2141 1324 2180 Quod
1337 2142 1524 2174 assertiones
1542 2146 1570 2173 et
1584 2142 1826 2174 enumerationes
1840 2142 1972 2185 scripto-

1275 2206 1349 2227 rum
1370 2200 1397 2227 et
1423 2195 1563 2228 aliorum
1588 2205 1866 2238 quorumcumque
1883 2195 1968 2227 circa

1274 2252 1347 2280 acta
1370 2248 1460 2281 Sedis
1478 2248 1682 2291 Apostolicae
1708 2258 1773 2280 non
1794 2247 1919 2290 faciant
1936 2247 1971 2289 fi-

1275 2301 1356 2342 dem,
1377 2301 1445 2333 nisi
1469 2302 1592 2334 servata
1617 2302 1722 2344 forma
1746 2302 1783 2333 in
1808 2301 1867 2333 hac
1897 2310 1971 2333 con-

1275 2355 1442 2387 stitutione
1465 2355 1674 2398 praescripsti.

1443 2426 1578 2452 Urbanus
1591 2426 1669 2459 Papa
1682 2425 1757 2459 vm,

1354 2470 1389 2496 ad
1410 2472 1581 2503 perpetuam
1601 2469 1645 2497 rei
1666 2469 1845 2512 memoriam.

1276 2531 1307 2563 ln
1334 2542 1483 2575 supremo
1509 2531 1643 2563 iustitiae
1668 2531 1746 2564 solio
1772 2535 1802 2562 et
1825 2531 1971 2573 apostoli-

1232 2595 1296 2617 cae?
1309 2584 1471 2627 potestatis
1497 2584 1690 2627 plenitudine
1710 2594 1727 2615 a
1750 2583 1882 2616 Domino
1899 2594 1970 2616 con-

1266 2648 1279 2673 ’1
1298 2646 1363 2674 Male
1378 2647 1442 2673 edit.
1460 2647 1540 2674 Main.
1556 2646 1621 2682 legit
1635 2646 1751 2673 cuilibet
1765 2647 1803 2680 (n.
1814 2646 1861 2681 τ.).

1981 246 2030 273 An.
2051 246 2079 273 C.
2096 246 2164 274 1635

2012 2536 2153 2557 Prooemium.
