2248 3229
215 253 263 282 An.
282 254 312 282 C.
330 254 398 284 1633
443 246 508 281 344

459 302 718 348 &affirmaveras
732 300 957 342 Lombcmlicce,
975 302 1081 345 w'yorc
1104 302 1150 344 sa-

457 357 588 391 cultatis
605 366 766 389 concessae
785 355 950 389 cardinali
963 355 1147 399 protectori,

456 411 546 443 rivae
577 410 660 443 vocis
691 409 838 450 oraculo,
867 421 886 443 a
910 409 1016 442 Paulo
1045 409 1081 450 V,·
1115 419 1151 441 ac

457 463 622 504 concessio,
643 463 729 507 quod
753 464 789 496 in
813 463 882 496 illis
904 463 1028 506 possint
1052 463 1152 506 recipi

456 516 575 549 novitii
605 517 648 549 ad
676 517 919 561 praescriptum
953 517 1153 550 constitutio-

456 579 537 602 num
562 570 817 614 apostolicarum
830 568 849 603 ¹.

614 659 750 686 Urbanus
771 659 851 693 Papa
870 659 948 693 VIII,

536 703 572 730 ad
592 707 770 738 perpetuam
789 704 834 731 rei
853 703 1033 731 memoriam.

215 795 398 848 muggatsrefflg-
457 785 472 828 ἓ
500 783 526 817 1.
553 783 736 828 Expositum
762 783 855 817 nobis
884 793 984 827 nuper
1015 783 1071 816 suit
1095 793 1154 827 pro

215 850 263 870 sum
282 850 353 875 vigore
370 842 502 882 ra-parte
533 837 722 871 dilectorum
749 836 889 870 filiorum
920 836 1029 870 vicarii
1059 847 1153 880 gene-

215 877 299 896 enitatis
338 876 399 896 vivae

215 903 272 923 vocis
288 903 373 923 oraculo
387 908 399 922 a
414 891 488 924 ralis
506 895 535 924 et
551 891 685 924 fratrum
705 890 830 924 Ordinis
854 891 1066 924 Eremitarum
1084 900 1154 923 san-

215 929 280 950 Paulo
289 928 306 948 V
315 934 400 949 conces-

215 961 267 979 sae,
290 956 399 976 nonnunos
415 945 454 978 cti
474 944 640 988 Augustini
661 943 915 987 congregationis
936 943 1155 985 Lombardiae,

215 984 400 1037 isstifissiffiusfii‘f
415 997 499 1042 quod
524 998 600 1031 alias
624 997 663 1031 de
686 1007 768 1031 anno
793 1007 915 1031 nncvin
935 997 1033 1030 felicis
1053 1007 1156 1030 recor-

215 1037 324 1082 iigine‘iiiffi'ii
339 1037 359 1056 ⁰²
378 1041 399 1057 θ’
414 1051 547 1085 dationis
572 1051 685 1084 Paulus
709 1051 794 1095 Papa
814 1051 836 1083 V
854 1050 1079 1094 praedecessor
1099 1060 1155 1083 no-

415 1109 489 1146 ster,
508 1105 574 1138 eius
599 1105 686 1137 vivae
710 1104 795 1138 vocis
820 1104 960 1144 oraculo,
976 1103 1078 1137 bonae
1095 1114 1157 1136 me-

415 1159 535 1192 moriae
569 1158 702 1193 Antonio
735 1158 883 1202 episcopo
911 1157 1055 1198 Ostiensi,
1081 1167 1154 1189 car-

415 1212 510 1245 dinali
543 1212 648 1245 Saulio
679 1215 880 1255 nuncupato,
913 1216 987 1243 tunc
1016 1209 1157 1242 eiusdem

416 1264 669 1308 congregationis
693 1264 775 1308 apud
799 1264 904 1308 ipsum
922 1263 1053 1295 Paulum
1070 1273 1159 1307 prae-

415 1319 613 1351 decessorem
639 1322 669 1351 et
693 1317 805 1350 Sedem
840 1316 1053 1361 Apostolicam
1089 1327 1159 1360 pro-

416 1371 528 1405 tectori
552 1372 642 1412 facto,
660 1371 818 1415 praefatae
843 1370 1083 1413 congregationi
1107 1380 1159 1403 no-

416 1425 541 1458 vitiatus
558 1425 589 1457 in
606 1425 762 1468 aliquibus
782 1425 848 1457 eius
863 1423 1009 1457 domibus
1033 1424 1158 1466 regula-

415 1479 503 1512 ribus
526 1479 668 1523 erigendi
693 1490 748 1512 seu
773 1478 957 1522 designandi
982 1478 1159 1519 facultatem

417 1533 585 1567 concessit:
604 1533 692 1566 cuius
712 1532 839 1577 quidem
864 1532 1021 1565 facultatis
1043 1532 1160 1575 vigore,

416 1596 496 1619 unus
520 1586 552 1618 in
577 1585 614 1619 de
638 1587 823 1619 incoronata
846 1590 1044 1629 nuncupatus
1057 1583 1077 1627 ²,
1104 1585 1162 1617 Me-

416 1639 616 1680 diolanensis,
633 1644 663 1672 et
687 1639 765 1673 alius
790 1639 820 1672 in
845 1639 873 1672 S.
895 1638 1075 1682 Augustini,
1093 1638 1163 1671 Ber-

416 1693 586 1736 gomensis,
600 1698 630 1726 et
642 1693 782 1737 reliquus
796 1693 963 1727 novitiatus
978 1692 1161 1726 huiusmodi

417 1747 448 1780 in
473 1747 501 1781 S.
527 1747 698 1788 Barnabae,
723 1746 892 1780 Brixiensis
917 1746 1056 1780 eiusdem
1086 1756 1161 1779 con-

418 1801 611 1845 gregationis
640 1801 788 1834 domibus
819 1800 1020 1844 regularibus
1044 1800 1161 1842 erecti,

419 1866 474 1888 seu
499 1854 663 1897 designati,
680 1854 712 1887 in
729 1854 835 1898 eisque
859 1864 876 1886 a
895 1853 1003 1897 viginti
1029 1857 1164 1897 quatuor

419 1908 508 1942 annis
533 1908 611 1942 citra
636 1907 746 1941 novitii
765 1907 803 1941 ad
830 1907 972 1941 habitum
998 1912 1027 1940 et
1050 1907 1164 1951 proba-

421 1962 515 1996 tionis
540 1972 657 1995 annum
686 1961 901 2006 peragendum
933 1966 964 1994 et
987 1960 1161 2005 professio-

419 2026 492 2049 nem
509 2016 688 2059 regularem
712 2015 824 2049 deinde
849 2014 1052 2049 emittendam
1078 2024 1165 2047 rece-

419 2070 462 2114 pti
484 2075 513 2103 et
535 2069 663 2103 admissi
687 2069 824 2103 suerunt.

457 2161 466 2186 ¹
489 2159 615 2186 Extendit
636 2159 680 2186 hic
701 2158 823 2186 Pontifex
845 2158 1068 2186 Constitutionem
1096 2157 1163 2184 Gre-

420 2201 489 2236 gorii
503 2201 555 2233 XV,
571 2209 652 2237 quam
666 2201 751 2228 hahes
766 2201 792 2227 in
808 2201 900 2228 Const.
917 2207 967 2227 va
980 2201 1031 2236 (al.
1042 2200 1098 2233 63),
1112 2199 1167 2226 Ro-

420 2251 523 2271 manus
538 2244 687 2278 Pontifea:‚
708 2247 772 2269 tom.
790 2249 837 2277 xn,
862 2251 923 2278 pag.
940 2243 1004 2275 706,
1025 2241 1058 2269 ad
1078 2241 1168 2268 omnia

423 2287 499 2313 sivae
514 2286 586 2312 vocis
606 2285 724 2319 oracula,
742 2285 822 2312 etiam
839 2285 866 2312 S.
885 2285 918 2311 R.
936 2283 966 2311 E.
983 2283 1166 2311 cardinalibus

423 2335 563 2362 concessa,
580 2330 606 2355 et
626 2335 719 2354 eorum
739 2335 821 2354 manu
841 2327 956 2359 firmata,
978 2330 1006 2353 ut
1022 2326 1048 2353 in
1064 2325 1166 2359 Const.,

424 2371 504 2397 Alicw
527 2369 619 2404 felicis
643 2369 859 2402 recordationis,
880 2372 909 2395 ut
925 2376 1009 2404 supra
1024 2376 1086 2403 pag.
1103 2367 1164 2394 ⁶258.

422 2413 507 2447 Super
521 2411 735 2447 professionibus
752 2419 798 2447 per
818 2411 956 2446 regulares
974 2410 1091 2442 emissis,
1112 2416 1166 2440 non

423 2454 492 2481 facto
508 2454 535 2481 iu
551 2453 617 2481 locis
637 2453 784 2489 designatis
800 2454 941 2487 novitiatu,
958 2451 1091 2479 nonnulla
1106 2459 1167 2478 san-

423 2496 483 2523 civit
495 2496 621 2523 Urbanus
632 2495 658 2522 in
671 2496 760 2523 Const.
779 2496 944 2529 Relisliosos,
961 2503 1017 2530 sup.
1032 2502 1092 2530 pag-
1105 2493 1166 2520 215.

424 2538 457 2564 Et
465 2539 498 2565 de
508 2537 632 2564 Ereinitis
642 2537 727 2565 sancti
740 2537 882 2572 Augustini
892 2537 949 2572 lege
961 2536 1049 2564 Const.
1060 2542 1167 2569 cxxxw,

425 2581 475 2613 (al.
494 2580 553 2615 122)
569 2581 724 2612 Romanus,
740 2584 804 2606 tom.
821 2586 875 2612 xnt,
893 2588 953 2615 pag.
971 2579 1033 2606 320.

460 2625 477 2650 2
488 2625 556 2652 Puto
567 2624 673 2659 legend.
687 2626 866 2659 ηπιιιοιιραίιὶ,
879 2631 973 2659 nempe
982 2624 1076 2654 domo,
1086 2626 1112 2649 et
1123 2630 1168 2657 po-

994 252 1171 277 BULLARIUM
1195 252 1347 277 ROMANUM

1708 280 1717 292 ὁ

1230 302 1245 344 ξ
1268 301 1297 333 02.
1323 300 1398 333 Cum
1417 302 1530 342 autern,
1549 300 1628 333 sicut
1644 295 1753 334 eadem
1769 300 1921 345 expositio

1186 353 1413 396 subiungebat,
1432 358 1530 385 stante
1556 354 1776 388 constitutione
1803 356 1921 395 nostra,

1185 417 1457 452 quarumcumque
1477 406 1660 449 gratiarum,
1681 406 1876 441 indultorum
1894 412 1924 441 et

1186 460 1423 504 privilegiorum
1436 470 1452 492 a
1464 459 1611 493 Romanis
1624 459 1826 493 Pontificibus
1838 471 1925 504 prae-

1187 512 1406 546 decessoribus
1437 512 1552 546 nostris
1576 512 1663 545 vivae
1689 512 1773 546 vocis
1797 513 1924 547 oraculo

1188 576 1411 600 concessorum
1435 566 1642 606 revocatori-31,
1663 576 1701 599 ne
1718 566 1756 599 de
1772 566 1925 610 praemis-

1189 630 1295 653 sorum
1322 619 1495 653 substantia
1524 624 1554 652 et
1584 619 1741 652 validitate
1766 619 1830 652 ullo
1856 629 1926 652 um-

1189 683 1282 717 quam
1309 677 1451 716 tempore
1475 671 1612 706 dubitari
1644 672 1826 716 contingat,
1851 672 1925 713 illa,

1189 737 1260 760 cum
1289 726 1361 759 inde
1389 727 1550 770 sequutis,
1578 726 1766 771 apostolicae
1800 731 1927 760 nostrae

1190 780 1438 814 confirmationis
1462 779 1578 813 robore
1602 779 1790 814 communiri
1820 780 1923 825 pluri-

1190 845 1277 867 mum
1301 833 1499 867 desiderent:

1234 888 1249 931 ξ,
1273 887 1301 920 3.
1320 887 1391 930 Nos⁷
1406 886 1557 920 vicarium
1574 891 1604 920 et
1623 887 1734 920 fratres
1751 886 1928 932 praedictos

1191 940 1377 984 specialibus
1410 940 1567 974 favoribus
1591 945 1622 973 et
1644 940 1754 984 gratiis
1778 940 1928 984 prosequi

1192 994 1331 1027 volentes
1356 997 1385 1028 et
1408 1004 1426 1026 a
1450 993 1611 1037 quibusvis
1636 993 1929 1028 excommunicatio-

1190 1047 1249 1088 nis,
1270 1046 1483 1090 suspensionis
1500 1052 1529 1079 et
1550 1046 1719 1088 interdicti,
1736 1046 1867 1091 aliisque
1884 1057 1930 1080 ec-

1935 250 1985 278 An.
2001 250 2115 280 (21633

1937 314 2122 341 SupplicantPon-

1937 343 2013 363 tificem
2024 347 2062 367 pro
2073 346 2122 361 eon-

1937 369 2054 397 firmatione
2059 368 2122 389 huius

1939 395 2060 417 erectionis.

1975 899 2041 923 Quam
2056 897 2127 919 Ponti-

1943 925 1975 946 fex
1990 924 2097 951 approbat
2107 926 2128 945 et

1943 953 1964 972 in
1985 952 2016 973 eis
2036 951 2128 972 novitios

1944 979 1970 999 ad
2023 978 2129 1004 praescri-

1944 1007 2001 1032 ptum
2027 1005 2129 1025 constitu-

1945 1032 2024 1052 tionum
2042 1033 2128 1057 aposto-

1945 1059 2032 1079 licarum
2060 1056 2127 1083 recipi

1895 1099 1901 1105 .
1945 1090 2007 1112 posse
2022 1083 2126 1106 concedit.

1192 1099 1373 1134 clesiasticis
1397 1100 1568 1141 sententiis,
1593 1099 1736 1133 censuris
1755 1105 1785 1133 et
1808 1110 1930 1144 poen1S‚

1192 1164 1208 1186 a
1233 1153 1300 1186 iure
1325 1153 1371 1185 vel
1396 1153 1434 1185 ab
1459 1152 1605 1194 homine,
1632 1153 1741 1197 quavis
1766 1153 1930 1186 occasione

1193 1208 1240 1240 vel
1265 1208 1360 1240 causa
1384 1207 1452 1240 latis
1467 1234 1474 1247 ,
1502 1207 1526 1240 si
1556 1207 1669 1251 quibus
1694 1207 1931 1251 quomodolibet

1192 1259 1330 1293 innodati
1356 1259 1513 1303 existunt,
1538 1260 1576 1293 ad
1611 1260 1757 1294 effectum
1787 1271 1932 1305 praesen-

1193 1314 1270 1346 tium
1288 1312 1449 1345 dumtaxat
1473 1314 1740 1357 consequendum,
1758 1314 1871 1347 harum
1889 1324 1933 1347 se-

1194 1367 1238 1400 rie
1249 1367 1447 1400 absolventes
1461 1371 1491 1399 et
1504 1366 1664 1400 absolutos
1681 1368 1746 1400 sore
1761 1372 1933 1409 censentes,

1194 1420 1475 1464 supplicationibus
1516 1420 1643 1453 illorum
1679 1414 1807 1454 nomine
1841 1421 1933 1455 nobis

1194 1484 1288 1518 super
1313 1474 1373 1507 lioc
1404 1473 1566 1506 humiliter
1598 1474 1751 1518 porrectis
1776 1474 1934 1515 inclinati,

1195 1527 1232 1561 de
1257 1527 1482 1561 venerabilium
1508 1528 1640 1560 fratrum
1665 1533 1845 1562 nostrorum
1867 1538 1936 1561 san-

1196 1586 1261 1616 ctae
1284 1583 1442 1615 Romanae
1466 1581 1623 1615 Ecclesiae
1654 1582 1860 1615 cardinalium
1885 1591 1936 1615 ne-

1196 1635 1289 1678 gotiis
1306 1635 1499 1678 regularium
1520 1634 1774 1678 praepositorum
1793 1635 1935 1676 consilio,

1196 1688 1385 1722 erectionem
1400 1698 1453 1721 seu
1467 1688 1714 1731 designationem
1727 1688 1936 1722 novitiatuum

1197 1742 1442 1786 praedictorum,
1468 1741 1576 1784 vigore
1601 1741 1701 1774 dictae
1729 1733 1884 1775 facultatis
1904 1745 1938 1777 ut

1196 1796 1372 1840 praefertur
1399 1796 1504 1837 factas,
1530 1805 1600 1827 cum
1631 1794 1777 1828 omnibus
1801 1795 1874 1828 inde
1894 1805 1938 1829 se-

1197 1849 1303 1894 quutis
1328 1848 1524 1892 (dummodo
1548 1854 1653 1881 tamen
1681 1848 1712 1881 i'n
1737 1848 1938 1882 novitiatibus

1198 1902 1379 1936 huiusmodi
1392 1902 1501 1935 novitii
1515 1901 1554 1934 ad
1573 1901 1804 1946 praescriptum
1818 1902 1937 1936 decreti

1198 1967 1215 1989 a
1244 1956 1335 1990 nobis
1369 1966 1463 2000 super
1494 1955 1676 1999 receptione
1701 1959 1730 1989 et
1754 1955 1939 1990 educatione

1198 2010 1390 2044 novitiorum
1415 2009 1526 2042 ultimo
1551 2009 1622 2042 loco
1646 2008 1729 2051 editi,
1745 2019 1868 2042 necnon
1894 2009 1940 2043 fe-

1199 2063 1267 2097 licis
1291 2062 1519 2096 recordationis
1543 2061 1618 2096 Sixti
1644 2062 1667 2094 V
1686 2061 1939 2106 praedecessoris

1199 2117 1308 2160 nostri,
1326 2127 1361 2150 ac
1386 2116 1516 2149 aliarum
1542 2115 1800 2149 constitutionum
1818 2121 1960 2162 apostog

1200 2171 1331 2204 licarum
1349 2175 1378 2203 et
1395 2170 1594 2203 decretorum
1612 2170 1730 2214 pariter
1750 2169 1861 2203 similis
1879 2181 1940 2204 me-

1202 2224 1320 2258 moriae
1350 2223 1518 2258 Clementis
1543 2223 1618 2265 Vlll,
1647 2222 1940 2268 institutionumque

1201 2277 1394 2322 generalium
1410 2287 1504 2321 super
1518 2276 1696 2321 receptione
1715 2282 1744 2310 et
1757 2276 1941 2311 educatione

1200 2331 1391 2365 novitiorum
1432 2330 1572 2363 eiusdem
1614 2330 1781 2364 Clementis
1820 2340 1942 2364 necnon

1203 2384 1288 2418 Pauli
1313 2384 1335 2416 V
1362 2384 1575 2417 Romanorum
1601 2383 1787 2417 Pontificum
1815 2383 1942 2427 praede-

1202 2449 1363 2472 cessorum
1389 2438 1532 2472 similiter
1550 2442 1730 2471 nostrorum
1757 2437 1942 2470 auctoritate

1202 2492 1355 2526 editarum
1376 2491 1592 2536 recipiantur),
1610 2490 1781 2536 apostolica
1805 2490 1942 2524 auctori-

1204 2550 1273 2585 talc,
1293 2552 1399 2579 tenore
1421 2546 1645 2590 praesentium,
1658 2549 1811 2588 perpetuo
1832 2554 1944 2588 appro-

1203 2599 1312 2632 bamus
1335 2605 1365 2632 et
1388 2600 1622 2637 confirmamus,
1642 2598 1766 2641 illisque
1783 2597 1945 2631 inviolabi-

427 2665 1167 2701 steaMeciiotanensi‚Bon-yonzcnsi,B1·21v1'e›2si(n.r.).
1203 2652 1240 2684 lis
1258 2652 1450 2696 apostolicae
1471 2651 1628 2686 firmitatis
1654 2651 1752 2685 robur
1770 2650 1942 2693 adiicimus,
