2221 3224
229 221 282 248 An.
298 220 327 248 C.
348 220 416 248 1630
461 211 525 245 ’174

267 1180 390 1201 cardinales
406 1185 417 1199 a

233 1207 343 1232 praedicta
369 1212 417 1226 con-

233 1234 347 1253 tributione
374 1234 417 1254 exi—

234 1261 278 1280 nult,

273 1711 334 1731 Fides
350 1710 419 1731 danda

236 1740 379 1763 transumptis,

429 279 537 313 pressa
569 268 686 301 mentio
718 266 861 300 habenda
893 271 945 298 aut
981 266 1085 309 aliqua
1109 266 1168 298 alia

430 321 582 365 exquisita
606 321 707 353 forma
739 319 777 351 ad
801 319 862 352 hoc
887 317 1038 351 servanda
1066 318 1168 358 soret,

432 379 555 406 tenores
580 371 770 414 huiusmodi,
785 381 820 404 ac
838 370 863 404 si
880 370 919 403 de
935 370 1032 404 verbo
1050 370 1088 403 ad
1104 380 1170 403 ver-

430 427 503 460 bum
518 427 742 467 insererentur,
752 424 969 469 praesentibus
977 435 1035 468 pro
1046 434 1171 468 expres-

431 480 472 512 sis
490 479 648 520 habentes,
670 478 730 510 illis
747 478 822 511 alias
840 478 870 510 in
889 488 944 511 suo
961 477 1077 511 robore
1100 487 1171 521 per-

431 532 603 572 mansuris,
628 532 687 564 hac
718 531 785 564 rice
810 531 971 564 dumtaxat
994 530 1171 575 specialiter

431 590 460 617 et
485 594 631 628 expresse
657 584 868 627 derogamus,
889 583 1065 627 ceterisque
1089 594 1167 616 con-

431 637 535 669 trariis
567 637 820 680 quibuscumque
830 648 838 676 3
870 647 994 670 necnon
1025 636 1171 669 omnibus

432 689 513 730 illis,
541 700 620 733 quae
644 690 675 722 in
699 690 781 722 dicta
814 690 1016 723 concessione
1048 689 1171 732 primae

432 743 572 776 decimae
603 743 784 776 huiusmodi
813 753 995 787 expressum
1028 748 1074 775 est
1109 752 1170 775 non

431 796 572 836 obstare3
591 807 644 829 seu
670 797 694 829 si
722 797 879 840 aliquibus
900 796 1110 830 communiter
1124 797 1170 829 vel

431 848 554 882 divisim
573 849 611 883 ab
630 849 738 882 eadem
755 849 793 882 sit
814 849 891 889 Sede
908 849 1074 889 indultum,
1088 848 1171 892 quod

431 902 585 944 interdici,
598 902 755 946 suspendi,
765 907 817 935 aut
831 902 1095 936 excommunicari
1109 912 1171 935 non

432 955 552 999 possint
575 966 632 1000 per
666 956 785 989 litteras
814 956 1002 1000 apostolicas
1026 965 1090 989 non
1120 955 1172 987 sa-

433 1009 548 1042 rientes
568 1009 693 1053 plenam
712 1014 741 1042 et
766 1019 947 1053 expressam
965 1019 999 1041 ac
1017 1009 1055 1041 de
1075 1007 1172 1041 verbo

433 1062 470 1095 ad
495 1062 626 1096 verbum
658 1063 695 1095 de
721 1063 841 1096 indulto
873 1062 1054 1096 huiusmodi
1080 1072 1168 1095 men-

434 1116 561 1150 tionem.

477 1170 492 1213 g
517 1170 568 1202 21.
593 1170 738 1203 Ceterum
763 1170 888 1203 eosdem
915 1170 942 1202 S.
965 1170 998 1202 R.
1017 1169 1048 1202 E.
1075 1169 1173 1202 cardi-

432 1223 518 1255 nales
543 1228 684 1263 tantum,
715 1222 828 1266 quibus
861 1222 1027 1266 pensiones
1052 1232 1172 1255 annuae

433 1286 528 1320 super
545 1276 698 1309 fructibus
718 1276 922 1309 ecclesiarum
944 1275 1171 1308 cathedralium

433 1336 485 1363 ant
513 1330 829 1374 metropolitanarum
860 1335 890 1362 et
915 1330 1051 1363 aliorum
1082 1329 1174 1362 bene-

432 1384 579 1417 ticiorum
604 1384 888 1417 ecclesiasticorum
915 1388 1102 1423 reservatae,
1119 1393 1172 1416 seu

433 1437 492 1480 ipsi
525 1437 646 1470 fructus
678 1437 725 1469 vel
758 1447 869 1469 eorum
902 1447 974 1480 pars
1002 1437 1073 1470 loco
1097 1446 1173 1480 pen-

434 1490 557 1523 sionum
576 1490 724 1524 reservati
742 1490 954 1534 reperiuntur,
969 1500 985 1522 a
1002 1489 1173 1534 praemissa

434 1543 688 1584 contributione,
714 1543 817 1587 quoad
848 1543 930 1587 ipsas
954 1543 1121 1587 pensiones
1146 1546 1173 1575 et

434 1596 663 1630 reservationes
694 1596 875 1637 fructuum,
900 1596 1045 1629 volumus
1070 1606 1175 1628 exem-

435 1654 506 1693 ptos
530 1659 615 1689 esse}

480 1703 504 1746 ξ,
533 1702 584 1736 22.
609 1702 760 1746 Quodque
782 1703 994 1747 praesentium
1020 1707 1175 1735 transum-

436 1756 506 1800 ptis,
524 1756 616 1789 etiam
642 1757 821 1800 impressis,
847 1766 941 1789 manu
965 1756 1096 1789 alicuius
1120 1766 1176 1789 no-

437 1810 507 1843 tarii
531 1810 650 1854 publici
676 1810 869 1853 subscriptis,
895 1814 923 1842 et
950 1810 1053 1852 sigillo
1082 1809 1179 1842 alicu-

437 1864 485 1896 ius
501 1873 654 1907 personae
667 1863 697 1895 in
715 1863 864 1906 dignitate
878 1863 1087 1896 ecclesiastica
1107 1873 1178 1896 con-

437 1917 561 1949 stitutae
585 1916 731 1956 munitis,
757 1916 863 1949 eadem
889 1926 1020 1959 prorsus
1044 1916 1121 1954 fides
1146 1917 1176 1948 in

439 1970 553 2003 iudicio
566 1975 596 2003 et
615 1975 703 2003 extra
720 1970 915 2010 adhibeatur,
933 1981 1011 2014 quae
1029 1971 1104 2014 ipsis
1118 1971 1178 2004 ori-

438 2023 594 2066 ginalibus
618 2023 830 2063 adhiberetur,
848 2023 873 2056 si
898 2024 1000 2057 forent
1020 2024 1177 2057 exhibitae

438 2076 485 2109 rel
506 2081 656 2109 ostensae.

482 2130 593 2163 Datum
623 2130 750 2170 Romae,
774 2130 855 2173 apud
880 2130 908 2163 S.
935 2131 1062 2163 Mariam
1083 2130 1178 2163 Maio-

439 2193 517 2226 rem,
543 2184 601 2217 sub
626 2184 742 2217 annulo
767 2184 951 2225 piscatoris,
980 2184 1030 2217 die
1060 2194 1102 2217 xx
1128 2195 1177 2217 se-

439 2237 594 2281 ptembris
636 2247 764 2271 aincxxx
783 2265 789 2279 ,
829 2238 1029 2281 pontificatus
1078 2237 1177 2271 nostri

439 2300 520 2324 anno
545 2300 610 2324 vin.

475 2352 532 2379 Dat.
550 2352 593 2380 die
607 2352 642 2380 ΞΟ
657 2352 818 2389 septembris
835 2353 912 2389 1630,
930 2353 1022 2389 pontif.
1041 2361 1111 2381 anno
1122 2359 1176 2380 vni,

697 2488 920 2525 CCCLXxvsst.

446 2559 644 2592 Venerabilis
668 2559 806 2592 Ioannes
830 2559 900 2599 Dei,
924 2558 1180 2603 conqreyut'ioriis

1008 217 1188 243 BULLARIUM
1211 216 1365 242 ROMANUM

1248 266 1472 308 Confessorum
1490 273 1665 298 numerum
1693 263 1842 307 refertur,
1867 272 1941 295 cum

1247 318 1444 350 concessione
1468 316 1592 350 indulti
1615 317 1776 350 recitandi
1798 316 1942 360 officium

1248 375 1276 403 et
1300 371 1435 404 missam
1458 370 1641 403 celebrandi
1664 370 1701 403 de
1725 369 1790 403 «30¹.

1413 460 1549 488 Urbanus
1566 460 1644 493 Papa
1664 458 1739 492 VIII,

1329 505 1366 533 ad
1385 507 1560 539 perpetuam
1579 504 1625 532 rei
1641 503 1822 532 memoriam.

1251 585 1387 618 ln'Sede
1411 584 1566 628 Principis
1588 583 1825 628 Apostolorum,
1851 582 1944 616 nullis

1206 639 1278 672 licet
1291 638 1407 672 nostris
1427 637 1675 680 suffragantibus
1692 636 1822 677 meritis,
1840 636 1945 669 divina

1206 691 1402 736 providentia
1419 690 1588 732 constituti,
1606 690 1644 724 ad
1657 701 1702 732 ea,
1719 701 1776 734 per
1792 700 1871 734 quae
1885 699 1947 723 ser-

1206 756 1317 779 vorum
1343 744 1455 778 Christi
1480 744 1640 777 veneratio
1657 744 1688 776 in
1708 743 1802 777 terris
1821 753 1946 787 promo-

1207 804 1325 840 veatur,
1341 801 1370 832 et
1382 797 1526 831 laudetur
1539 797 1690 830 Dominus
1703 797 1735 829 in
1745 797 1859 830 sanctis
1870 796 1944 838 suis,

1206 852 1373 896 pastoralis
1397 850 1537 884 muneris
1560 850 1661 883 nostri
1684 854 1789 894 partes
1812 859 1948 894 propen-

1208 905 1250 938 sis
1267 904 1377 938 studiis
1402 903 1623 948 impendimus,
1643 906 1738 947 prout
1754 903 1806 947 pia
1825 901 1947 935 christi-

1207 958 1347 991 fidelium
1373 962 1402 990 et
1424 956 1614 1001 praesertim
1639 956 1868 989 catholicorum
1895 965 1946 988 re-

1208 1021 1282 1054 gum
1308 1015 1335 1043 et
1362 1010 1542 1054 principum
1566 1013 1637 1043 vota
1660 1012 1855 1053 exposcunt,
1879 1017 1948 1041 nos-

1208 1075 1268 1108 que
1303 1063 1513 1108 conspicimus
1549 1062 1579 1095 in
1610 1062 1743 1095 Domino
1779 1060 1947 1094 salubriter

1208 1118 1365 1162 expedire.

1986 591 2127 615 Prooemium.

1237 1172 1267 1214 ‘g
1292 1172 1320 1204 ’1.
1339 1171 1428 1211 Sane,
1449 1170 1576 1204 nomine
1600 1169 1787 1203 dilectorum
1807 1168 1945 1201 filiorum
1962 1177 2147 1226 Mtemfflgmffin
2190 1196 2197 1199 ,

1209 1224 1337 1257 maioris
1370 1229 1400 1256 et
1424 1223 1558 1257 aliorum
1594 1222 1789 1256 confratrum
1814 1230 1947 1264 congre·
1962 1237 2014 1252 rum.

1209 1277 1342 1319 gationis
1367 1276 1492 1310 loannis
1516 1277 1571 1309 Dei
1596 1276 1653 1309 sub
1670 1275 1782 1318 regula
1799 1275 1827 1309 S.
1846 1276 1949 1317 Augu-

1209 1330 1280 1363 stini
1305 1330 1395 1363 nobis
1419 1339 1521 1374 nuper
1545 1329 1721 1373 expositum
1745 1328 1801 1361 suit
1817 1355 1824 1369 ,
1852 1327 1948 1372 quod,

1209 1384 1400 1417 transmissis
1424 1383 1463 1416 de
1487 1383 1635 1417 mandato
1659 1387 1769 1416 nostro
1794 1381 1833 1414 ad
1857 1391 1949 1414 vene-

1209 1437 1323 1470 rabiles
1347 1437 1460 1470 fratres
1494 1442 1618 1470 nostros
1643 1440 1767 1469 sanctae
1790 1435 1949 1470 Romanae

1209 1490 1366 1523 Ecclesiae
1391 1490 1564 1523 cardinales
1597 1488 1693 1522 sacris
1725 1487 1837 1522 ritihus
1860 1497 1950 1531 prae-

1208 1544 1327 1587 positos
1351 1543 1552 1588 processibus
1577 1542 1747 1586 apostolica
1764 1540 1949 1575 auctoritate

1209 1598 1377 1639 fabricatis,
1391 1603 1422 1630 et
1437 1598 1469 1630 in
1486 1607 1575 1630 sacro
1592 1597 1690 1630 Rotae
1709 1595 1866 1629 auditorio
1883 1605 1951 1629 exa-

1210 1652 1346 1693 minatis,
1361 1662 1454 1696 super
1475 1651 1647 1693 sanctitate,
1664 1650 1833 1683 virtutibus
1850 1653 1880 1682 et
1896 1648 1951 1682 mi-

1210 1705 1325 1739 raculis
1343 1705 1423 1738 servi
1448 1705 1502 1738 Dei
1526 1704 1649 1738 loannis
1673 1703 1711 1736 de
1734 1704 1798 1736 Deo
1818 1703 1950 1736 fratrum

1210 1759 1305 1802 vulgo
1333 1759 1416 1792 Fate
1451 1759 1509 1791 ben
1540 1757 1665 1801 fratelli
1696 1760 1951 1800 nuncupatorum

1211 1811 1406 1852 fundatoris,
1436 1811 1536 1854 iisque
1570 1810 1602 1842 in
1630 1808 1874 1852 congregatione
1898 1818 1952 1842 eo-

1211 1865 1355 1898 rumdem
1376 1863 1580 1897 cardinalium
1598 1873 1656 1907 per
1674 1863 1781 1907 plures
1798 1861 1952 1895 sessiones

1211 1918 1365 1951 acerrime
1389 1917 1547 1958 discussis,
1565 1916 1659 1949 citato
1679 1916 1773 1949 etiam
1790 1918 1820 1949 et
1846 1914 1952 1948 audito

1212 1972 1300 2015 prius
1326 1981 1420 2015 super
1444 1970 1565 2011 iisdem,
1583 1974 1616 2002 ut
1639 1968 1738 2002 moris
1761 1973 1817 2010 est,
1838 1968 1952 2001 dilecto

1212 2025 1278 2057 filio
1302 2029 1485 2068 promotore
1505 2022 1587 2063 fidei,
1605 2022 1731 2065 cognito
1754 2022 1894 2065 primum
1914 2020 1952 2053 de

1212 2078 1367 2111 validitate
1395 2086 1611 2121 processuum,
1628 2075 1740 2109 deinde
1763 2074 1801 2107 de
1829 2074 1953 2107 virtuti-

1211 2131 1270 2163 bus
1293 2130 1439 2170 heroicis,
1465 2140 1499 2162 ac
1524 2129 1651 2162 demum
1676 2128 1714 2161 de
1738 2127 1898 2161 miraculis
1921 2128 1952 2160 in

1212 2183 1275 2216 vita
1297 2188 1327 2216 et
1351 2188 1422 2227 post
1445 2187 1580 2215 mortem
1604 2181 1643 2214 ab
1667 2180 1876 2224 omnipotenti
1889 2180 1953 2213 Deo

1213 2236 1436 2269 intercessione
1453 2235 1527 2269 dicti
1552 2235 1599 2268 sui
1616 2235 1698 2268 servi
1714 2233 1855 2278 patratis,
1871 2233 1952 2266 refe-

1213 2295 1301 2323 rente
1321 2290 1435 2323 dilecto
1455 2289 1521 2322 filio
1537 2294 1645 2323 nostro
1663 2289 1755 2322 Petro
1772 2287 1868 2321 Maria
1884 2297 1953 2320 san-

1213 2344 1254 2377 cti
1281 2343 1408 2386 Georgii
1435 2343 1566 2376 diacono
1591 2342 1751 2382 cardinali,
1767 2341 1862 2374 iidem
1886 2351 1952 2374 car-

1213 2397 1331 2430 dinales
1356 2396 1495 2429 unanimi
1520 2406 1675 2429 consensu
1698 2394 1952 2439 pronuntiarunt,

1213 2456 1279 2484 tuto
1304 2460 1406 2494 posse,
1428 2450 1690 2493 quandocumque
1713 2447 1804 2482 nobis
1828 2447 1953 2491 placue-

1213 2504 1274 2543 rit,
1300 2503 1337 2536 ad
1373 2503 1546 2537 solemnem
1578 2501 1844 2536 canonizationem
1877 2499 1951 2533 dicti

1250 2576 1259 2601 1
1282 2574 1317 2602 [le
1332 2574 1374 2601 his
1389 2573 1519 2601 fratribus
1535 2573 1595 2601 vide
1618 2572 1835 2600 constitutionem
1849 2577 1953 2598 cxxxm

485 2612 583 2645 huius
601 2614 743 2646 nominis
759 2612 926 2656 fundator,
949 2613 985 2645 in
1004 2612 1180 2645 Remorum
1214 2620 1263 2654 tat.
1279 2619 1567 2654 131)Pauliv‚1nter
1581 2619 1666 2653 alias,
1678 2622 1744 2646 tom.
1756 2624 1795 2651 xi,
1811 2624 1873 2652 pag.
1889 2615 1948 2645 570.

1956 213 2006 242 An.
2022 213 2051 242 c.
2071 213 2141 242 1630
