2248 3229
207 191 257 221 An.
273 191 302 221 C.
326 192 390 222 1631

439 185 504 219 244

402 242 506 285 nibus,
532 243 709 285 comitibus,
726 244 897 278 baronibus
914 249 943 277 et
956 244 1141 286 domicellis,

403 306 578 341 eorumque
599 297 835 330 successoribus
859 297 1052 339 huiusmodi,
1071 303 1142 342 post

402 359 454 382 sex
472 360 594 383 menses
609 351 639 393 (a
656 350 716 391 die,
733 362 795 394 quo
812 350 1140 393 ssdciconnnissorum,

401 403 649 446 prohibitionum
659 430 666 444 ‚
692 408 873 447 pactorum,
900 410 1118 439 contractuum
1132 432 1140 448 ,

402 456 674 500 investiturarum,
699 458 1041 503 primogeniturarum,
1067 460 1141 494 alio-

400 520 535 553 rumque
559 521 702 554 onerum,
728 512 927 546 vinculorum
952 517 982 547 et
1006 513 1140 557 disposi-

401 563 521 596 tionum
547 569 609 597 tam
634 565 783 599 hactenus
808 565 1022 600 institutorum
1046 577 1141 611 quam

399 616 605 660 imposterum
629 620 792 663 perpetuis
813 620 926 653 suturis
944 621 1141 665 temporibus

399 670 663 705 instituendorum
682 672 888 706 instrumenta
903 684 957 707 seu
975 673 1142 707 documen-

400 728 429 755 ta
460 723 491 755 in
523 724 663 759 archivio
691 731 800 760 nostro
825 726 950 760 Urbano
982 727 1140 770 exhibita,

398 786 522 810 necnon
538 777 632 820 bona,
647 779 677 811 in
693 780 736 812 cis
751 780 901 814 obstricta
914 781 962 814 vel
976 781 1140 822 vinculata,

398 830 534 864 indicata
559 837 589 864 et
613 832 645 864 in
670 833 781 866 eodem
813 834 953 867 archivio
985 834 1140 879 descripta

397 882 524 927 suerint,
550 887 792 930 computandos)
813 888 924 931 quovis
941 888 1036 921 modo
1053 892 1084 922 et
1103 899 1139 921 ex

398 947 597 982 quacumque
614 941 708 973 causa
733 951 787 974 seu
812 941 977 975 occasione
994 941 1142 985 imposte-

398 1002 469 1024 rum
484 993 710 1027 contrahentur
722 996 856 1038 (etiamsi
871 995 1042 1029 creditores
1055 1007 1141 1040 prae-

398 1045 473 1078 dicti
498 1048 622 1090 pupilli,
649 1049 768 1089 viduae,
794 1050 968 1091 societates,
997 1050 1139 1092 collegia,

399 1100 671 1134 confrat‹·:rnitatcs
706 1107 736 1134 et
767 1103 826 1134 ulia
851 1103 918 1136 loca
948 1103 999 1146 pia
1029 1103 1140 1145 quovis

398 1153 526 1186 nominc
540 1161 718 1198 nuncupata
733 1161 759 1188 ct
771 1156 971 1198 ‹pumtumvis
985 1161 1139 1200 exempta,

398 1216 433 1239 ac
458 1207 550 1240 ctiam
574 1208 674 1241 dictae
698 1214 822 1241 sanctae
850 1210 1007 1242 Romanae
1039 1209 1140 1243 Eccle-

397 1259 460 1292 siae
486 1260 669 1303 cardinales,
695 1265 748 1295 aut
771 1261 846 1295 alias
864 1263 1063 1306 quantumvis
1079 1263 1141 1306 pri-

399 1313 535 1356 vilegiati
558 1319 589 1346 et
614 1315 741 1358 speciali
759 1317 831 1348 nota
847 1315 934 1359 digni
951 1316 1093 1357 existant,
1111 1321 1141 1349 et

398 1378 597 1411 quacumque
629 1369 720 1401 etiam
748 1370 867 1413 regali,
899 1370 1054 1414 imperiali
1086 1381 1138 1404 seu

397 1420 458 1453 alia
493 1422 711 1466 praefulgeant
742 1423 906 1467 dignitate)
940 1424 1043 1457 locum
1076 1434 1139 1458 non

397 1474 515 1507 habere
539 1475 672 1516 debere,
698 1476 807 1509 eadem
836 1476 1009 1521 apostolica
1032 1481 1139 1513 aucto-

398 1527 499 1569 ritate,
526 1533 635 1562 tenore
650 1530 875 1573 praesentium,
893 1531 1092 1564 decernimus
1110 1536 1140 1564 et

396 1580 605 1622 declaramus,
621 1593 656 1615 ac
671 1583 1138 1628 constitutionempraedictam,

398 1644 470 1667 cum
495 1635 567 1668 inde
599 1637 713 1669 secutis
743 1637 985 1681 chirographis,
1017 1637 1049 1669 in
1080 1638 1139 1671 hac

396 1693 485 1731 parte
499 1688 657 1722 dumtaxat
672 1690 727 1733 (ita
740 1696 784 1731 ut,
797 1701 856 1734 pro
871 1690 983 1724 debitis
1000 1695 1071 1734 post
1086 1701 1138 1724 sex

397 1750 521 1773 menses
545 1751 563 1772 a
586 1740 636 1774 die
660 1742 758 1776 sactae
786 1742 1021 1775 archiviationis
1050 1742 1138 1776 fidei-

398 1793 651 1833 commissorum,
667 1794 928 1837 prohibitionum,
946 1795 1141 1828 investitura-

397 1857 479 1888 rum,
505 1850 733 1887 conlractuum,
759 1848 1084 1890 priinegeniturarum
1109 1855 1139 1882 et

397 1899 532 1932 alioruin
556 1900 816 1943 praemissorum,
833 1900 870 1933 ad
891 1900 1063 1942 civitatum,
1082 1907 1139 1935 ter-

396 1964 525 1995 rarum,
551 1959 750 1995 castrorum,
775 1955 924 1987 casalium
949 1960 979 1987 et
1003 1955 1137 1988 aliorum

396 2006 564 2047 bonorum,
582 2007 844 2048 fideicommissis,
862 2007 1138 2051 prohibitionibus,

396 2061 512 2104 pactis,
537 2061 813 2110 priinogenitqris,
839 2061 969 2105 aliisquo
989 2062 1138 2095 oneribus

398 2118 428 2146 et
453 2113 583 2147 vinculis
608 2114 800 2155 huiusmodi,
825 2120 859 2148 ut
883 2115 1069 2158 praefertur,
1091 2116 1138 2148 vel

397 2167 472 2200 alias
496 2167 734 2211 quomodolibet
753 2168 973 2210 obnoxiorum,
992 2179 1047 2202 seu
1063 2174 1139 2202 tam-

397 2231 490 2264 quam
505 2221 577 2253 talia
590 2221 627 2253 ab
642 2222 758 2255 eisdem
773 2221 978 2266 principibus,
995 2222 1138 2264 ducibus,

398 2275 647 2316 marchionibus,
664 2276 841 2318 comitibus,
859 2271 1031 2310 baronibus
1045 2282 1075 2309 et
1088 2276 1140 2310 do-

398 2329 550 2369 micellis,
575 2340 749 2373 corumque
773 2329 1008 2362 successoribus
1032 2330 1139 2363 liuius-

399 2380 483 2413 modi
497 2390 718 2424 -possessorum
744 2385 774 2413 et
797 2380 1010 2422 obtentorum,
1027 2381 1140 2415 subha-

398 2434 562 2475 stationem
595 2434 777 2468 huiusmodi
808 2445 844 2467 ac
872 2434 1085 2468 venditionem
1110 2440 1139 2468 et

397 2487 491 2530 pretii
518 2487 787 2530 consignationem
815 2488 903 2520 nullo
928 2488 1022 2522 modo
1046 2488 1138 2521 deve-

397 2541 459 2574 niri
483 2542 594 2586 possit)
620 2542 713 2576 ctiam
737 2546 894 2586 perpetuo
919 2542 1138 2585 moderamus,

397 2595 589 2640 corrigimus
614 2600 643 2630 ct
667 2595 848 2631 limitamus.

993 197 1173 222 BULLARIUM
1197 197 1351 223 ROMANUM

1220 246 1235 289 g
1258 246 1288 278 3.
1314 246 1351 278 Et
1374 245 1598 290 nihilominus,
1623 245 1727 292 quod,
1750 247 1775 282 si
1798 258 1915 282 novum

1176 297 1327 341 debitum,
1341 299 1434 332 etiam
1454 299 1567 344 elapsis
1581 299 1671 334 dietis
1684 311 1737 335 sex
1754 302 1915 336 mensibus

1175 351 1443 393 archiviationem,
1457 352 1677 386 indicationem
1691 358 1720 386 et
1733 354 1916 399 descriptio-

1175 412 1245 436 nem
1270 403 1451 437 huiusmodi
1476 403 1753 448 subsequentibus,
1777 405 1816 438 ad
1839 405 1915 439 effe-

1176 461 1261 489 ctum
1286 457 1449 501 antiquum
1475 457 1615 491 debitum
1640 457 1851 502 extinguendi,
1869 469 1915 493 re-

1174 510 1299 553 portata
1313 520 1370 554 per
1387 520 1504 544 novum
1519 510 1707 544 creditorem
1723 511 1839 544 iurium
1853 522 1915 545 ces-

1176 564 1272 605 sione,
1286 564 1387 597 creari
1404 564 1581 607 contigerit,
1599 564 1780 598 constitutio
1796 565 1916 609 praedi-

1175 622 1233 659 cta,
1247 628 1318 651 eum
1329 617 1400 650 inde
1415 617 1555 661 sequutis
1565 617 1794 665 chirographis,
1812 617 1915 662 quoad

1176 681 1292 705 novum
1313 670 1454 704 debitum
1475 671 1671 712 huiusmodi,
1691 676 1787 715 prout
1810 671 1914 714 etiam,

1175 735 1214 758 ne
1230 724 1354 769 publica
1370 723 1448 757 fides
1465 723 1618 765 eludatur,
1630 724 1732 768 quoad
1748 725 1816 758 loca
1830 735 1916 759 mon-

1176 778 1263 819 tium,
1277 783 1340 810 tam
1357 777 1508 810 haetenus
1530 782 1644 818 erecta,
1661 788 1754 822 quam
1769 788 1828 822 pro
1841 783 1915 811 tem-

1175 842 1254 876 pore
1273 831 1433 875 erigenda,
1451 831 1573 865 etiamsi
1594 831 1722 865 illorum
1739 831 1914 865 erectiones

1176 886 1267 929 (quas
1284 885 1504 929 imposterum,
1522 885 1582 917 nisi
1599 885 1763 918 sufficienti
1779 885 1916 928 assigna-

1176 939 1269 980 tione,
1295 944 1334 981 et,
1363 940 1493 983 pensata
1517 938 1665 982 qualitate
1689 943 1720 971 et
1743 938 1914 982 quantitate

1174 992 1342 1032 bonorum,
1359 997 1513 1036 quatenus
1526 1002 1607 1036 opus
1624 991 1672 1034 sit,
1689 991 1834 1025 cautione
1850 997 1914 1024 tam

1174 1056 1232 1088 pro
1256 1045 1409 1078 fructibus
1434 1055 1527 1088 quam
1556 1056 1615 1089 pro
1639 1049 1724 1078 sorte
1747 1044 1913 1088 principali

1174 1098 1253 1130 datis
1261 1097 1279 1139 ¹,
1290 1103 1318 1131 et
1329 1098 1590 1132 concurrentibus
1604 1098 1834 1141 urgentissimis
1845 1108 1914 1131 cau-

1174 1151 1226 1192 sis,
1247 1162 1282 1184 ac
1302 1152 1340 1184 dc
1360 1162 1515 1185 consensu
1532 1152 1570 1184 ad
1587 1152 1811 1194 successioneS,
1830 1151 1914 1183 sidci-

1175 1204 1342 1237 commissa
1366 1208 1396 1239 ct
1420 1205 1687 1248 primogenituras
1712 1210 1911 1247 vocatorum,

1174 1263 1204 1289 et
1221 1257 1252 1289 in
1269 1257 1387 1290 eisdem
1404 1267 1440 1291 ac
1457 1258 1524 1290 aliis
1540 1257 1721 1302 praemissis
1740 1257 1914 1301 quomodo-

1174 1321 1308 1354 cumque
1326 1311 1475 1344 interesse
1495 1312 1678 1344 habentium
1696 1321 1860 1352 consensu,
1877 1322 1914 1344 ac

1175 1364 1226 1397 illa
1258 1375 1318 1408 pro
1350 1369 1491 1409 tempore
1522 1366 1673 1409 consequi
1705 1370 1736 1398 et
1770 1364 1913 1398 obtinere

1174 1418 1356 1452 debentium
1389 1419 1533 1453 evidente
1562 1419 1717 1460 utilitate,
1741 1418 1914 1453 concedere

1173 1473 1260 1506 nullo
1285 1473 1380 1507 modo
1405 1472 1605 1514 intendimus,
1630 1477 1661 1506 et
1683 1472 1758 1505 alias
1781 1482 1800 1504 a
1822 1472 1914 1505 nobis

1174 1527 1221 1559 vel
1246 1526 1482 1560 successoribus
1506 1525 1623 1559 nostris
1643 1525 1792 1559 Romanis
1814 1525 1915 1558 Ponti-

1173 1580 1296 1621 ficibus,
1310 1591 1389 1625 qnos
1406 1580 1438 1613 in
1455 1575 1598 1614 eamdem
1612 1579 1797 1613 sententiam
1814 1579 1913 1612 ituros

1173 1634 1383 1677 arbitramur,
1408 1644 1466 1677 per
1491 1633 1728 1677 subreptionem
1759 1637 1790 1664 et
1813 1631 1910 1664 obre-

1173 1686 1313 1730 ptionem
1343 1691 1501 1720 emanatas
1525 1690 1555 1718 et
1579 1689 1732 1725 extortas,
1756 1684 1859 1717 nullas
1883 1689 1913 1717 et

1173 1739 1290 1772 nullius
1314 1738 1439 1772 roboris
1463 1748 1499 1771 ac
1519 1737 1671 1771 momenti
1695 1738 1772 1779 sore,
1799 1747 1866 1770 esse
1883 1742 1914 1770 et

1173 1792 1305 1834 censeri,
1331 1792 1473 1835 nullique
1497 1791 1665 1834 suffragari
1692 1801 1785 1834 posse
1809 1795 1840 1823 et
1862 1790 1914 1823 de-

1172 1844 1264 1886 bere,
1289 1855 1324 1877 ac
1349 1845 1374 1877 si
1398 1854 1565 1877 concessae
1588 1853 1653 1876 non
1676 1848 1790 1884 essent,
1817 1843 1912 1876 etiam

1173 1897 1386 1941 decernimus)
1411 1897 1443 1930 in
1467 1897 1550 1931 dicto
1575 1897 1716 1930 archivio
1737 1907 1801 1930 non
1820 1907 1914 1930 anno-

1173 1956 1254 1984 tatae
1279 1961 1381 1995 neque
1404 1955 1620 1995 praesentatae
1643 1950 1770 1991 suerint,
1794 1949 1825 1982 in
1849 1960 1913 1983 om·

1172 2005 1264 2038 nibus
1288 2010 1318 2038 et
1341 2015 1399 2048 per
1423 2004 1528 2038 onmia
1545 2004 1651 2037 locum
1672 2003 1789 2036 habere
1806 2007 1835 2037 et
1851 2014 1913 2037 ser·

1173 2059 1239 2092 rari
1262 2057 1408 2099 debere&
1432 2068 1555 2092 necnon
1579 2057 1663 2101 quod
1682 2068 1741 2101 pro
1766 2057 1913 2091 omnibus

1173 2117 1203 2145 et
1226 2112 1358 2155 singulis
1375 2111 1673 2156 quomodocumque
1687 2111 1801 2145 creatis
1812 2115 1842 2145 et
1858 2121 1913 2145 un·

1172 2166 1348 2210 deeumque
1371 2165 1629 2209 provenientibus
1646 2165 1769 2206 debitis,
1790 2175 1913 2199 eorum-

1172 2230 1233 2263 que
1262 2219 1492 2261 satisfactione,
1518 2229 1613 2263 super
1643 2219 1790 2252 omnibus
1820 2219 1912 2253 bonis

1174 2273 1400 2318 cuiuscumque
1425 2273 1550 2316 generis
1573 2283 1637 2306 non
1662 2273 1836 2314 vinculatis,
1857 2273 1912 2306 sed

1209 2382 1221 2406 1
1240 2380 1348 2415 Legitur
1362 2379 1502 2416 pluraliter
1512 2380 1589 2408 datis
1602 2381 1665 2416 quia
1679 2380 1796 2408 refertur
1809 2381 1843 2408 ad
1859 2380 1911 2409 duo

1173 2425 1350 2459 substantiva,
1367 2426 1563 2460 assz'ynatz'one
1582 2430 1608 2453 et
1623 2426 1756 2454 cautione
1769 2428 1810 2460 (R.
1826 2426 1875 2460 Τ.).

1207 2469 1223 2495 2
1238 2469 1360 2505 Syntaxis
1379 2470 1493 2506 requirit
1516 2474 1546 2497 ut
1568 2471 1677 2505 legatur
1696 2471 1790 2498 locum
1809 2470 1912 2498 habeat

1173 2518 1199 2543 ec
1213 2515 1326 2542 servari
1342 2514 1441 2543 debeat
1459 2522 1558 2551 nempe
1572 2515 1736 2544 constitutio
1748 2515 1911 2550 praedicta,

1174 2567 1235 2586 nam
1251 2559 1279 2585 in
1295 2559 1425 2595 principio
1440 2560 1452 2594 ἓ
1469 2560 1616 2594 praecessit
1630 2559 1706 2595 quod
1722 2562 1746 2588 et
1761 2559 1789 2587 in
1805 2559 1857 2588 fine
1871 2566 1913 2588 Se·

1175 2603 1268 2640 quitur
1283 2604 1466 2633 decernimus
1479 2605 1520 2640 (n.
1537 2605 1584 2640 r).

1930 199 1983 228 An.⁴
1999 199 2028 228 C.
2045 200 2111 229 1631

1956 262 2048 288 Ampliat
2059 261 2114 283 Con-

1929 288 2059 309 stitutionem
2069 288 2114 309 Cle·
2124 312 2127 315 Δ

1930 316 2004 336 mentis
2019 315 2046 335 ad
2061 315 2113 336 alios

1930 347 1992 362 casus
2019 341 2053 363 hic
2078 347 2114 363 ex·

1929 373 2022 396 pressos.
