2248 3229
159 245 208 275 An.
230 245 259 274 C.
276 244 345 274 1638

966 247 1108 273 nammis
1133 247 1189 272 vlu
1213 248 1260 272 PP-

1781 235 1844 270 035
1891 245 1939 274 An.
1960 245 1988 274 c.
2005 245 2074 274 ¹638

361 293 531 328 terrenisse
555 294 616 328 dici
640 294 686 329 vet
712 295 832 329 censeri
853 296 972 340 possint
996 296 1028 329 in
1053 297 1121 330 eo-¹
1174 296 1285 330 Datum
1296 294 1517 339 Romae‚apud
1529 295 1557 329 S.
1567 294 1705 334 Petrum,
1715 293 1876 327 subannu-

361 346 450 389 dem,
475 349 670 392 supplemus.

208 413 294 444 Mandat
309 414 345 434 ob-

160 439 346 489 2323'111‘3330‘?
361 454 499 495 validas,
527 455 656 497 sirmas,
685 462 715 490 et
742 456 883 490 efficaces
912 457 1044 490 existere
1072 462 1101 490 et

360 508 445 549 sore,
469 519 604 553 suosque
628 510 786 554 plenarios
810 514 839 545 et
864 511 1003 554 integros
1027 510 1101 544 effe-

361 566 430 595 ctus
454 562 560 595 sortiri
585 567 615 595 et
641 563 805 606 obtinere,
830 574 866 597 ae
891 564 930 597 ab
955 563 1102 597 omnibus

361 620 389 648 et
414 616 557 659 singulis,
581 617 619 649 ad
645 628 724 660 quos
749 623 867 662 spectat
892 623 922 651 et
946 628 1003 662 pro
1028 623 1102 650 tem-

360 679 437 712 pore
462 669 698 712 quomodolibet
723 671 891 715 spectabit,
916 671 1048 705 firmiter
1073 676 1103 703 et

361 721 582 756 inviolabiliter
606 723 786 764 observari·,
810 725 916 768 sieque
941 724 979 757 ab
1005 723 1103 757 omni-

360 774 419 808 bus
439 777 571 819 censeri,
588 782 617 810 et
638 777 679 810 ita
703 789 759 821 per
784 788 1000 822 quoscumque
1025 777 1104 810 iudi-

361 838 413 861 ces
437 828 616 863 ordinarios
641 836 670 864 et
694 831 865 874 delegatos,
884 831 975 865 etiam
997 841 1103 864 causa-

360 893 431 915 rum
455 883 561 926 palatii
585 885 750 928 apostolici
775 885 944 926 auditores,
971 884 1102 918 iudicari

360 942 390 970 et
414 936 538 971 definiri
563 938 700 981 debere,
726 950 762 972 ac
787 939 910 972 irritum
936 944 965 971 et
991 939 1102 979 inane,

360 991 384 1024 si
406 1001 495 1025 secus
519 1002 614 1036 super
638 992 687 1025 his
704 1003 721 1025 a
737 1002 908 1036 quoquam,
927 993 1035 1036 quavis
1053 1003 1104 1025 au-

361 1045 514 1085 ctoritate,
532 1045 667 1079 scienter
684 1045 731 1078 vel
752 1045 946 1088 ignoranter,
967 1045 1103 1088 contige-

361 1097 402 1130 rit
427 1099 582 1131 attentari.
770 1121 774 1123 μ

405 1151 421 1194 ἓ
445 1151 474 1183 5.
500 1152 567 1185 Non
599 1151 796 1185 obstantibus
827 1151 1103 1185 constitutionibus

362 1209 392 1237 et
415 1205 668 1239 ordinationibus
693 1206 883 1250 apostolicis,
903 1216 939 1239 ac
959 1205 1033 1239 dicti
1051 1205 1104 1239 Or—

361 1258 461 1299 dinis,
492 1259 638 1302 illiusque
669 1259 860 1299 domorum,
889 1260 983 1292 etiam
1014 1259 1100 1292 iura-

362 1317 478 1353 mento,
499 1312 738 1346 confirmatione
759 1313 943 1357 apostolica,
964 1313 1012 1346 vel
1032 1323 1105 1357 qua—

363 1365 407 1398 vis
424 1365 574 1399 firmitate
588 1367 648 1399 alia
667 1367 834 1407 roboratis,
848 1367 971 1400 statutis
988 1370 1017 1400 et
1034 1377 1105 1400 con—

362 1419 590 1460 suetudinibus,
615 1420 788 1464 privilegiis
815 1431 950 1464 quoque,
977 1420 1104 1454 indultis

362 1477 392 1504 et
416 1472 528 1506 litteris
552 1473 744 1517 apostolicis,
766 1473 827 1506 illis
853 1483 1027 1517 eorumque
1052 1484 1103 1506 su-

361 1525 542 1568 perioribus
557 1532 587 1560 et
604 1527 758 1571 personis,
775 1537 810 1560 ae
828 1527 992 1570 quibusvis
1008 1526 1102 1568 aliis,¹

361 1577 634 1622 derogator-iarum
652 1579 872 1623 derogatoriis,
889 1580 1021 1623 aliisque
1037 1580 1103 1613 effi—

362 1631 538 1666 cacioribus
563 1638 594 1666 et
618 1633 752 1666 insolitis
777 1633 945 1673 clausulis,
969 1644 1005 1666 ac
1031 1633 1103 1666 irri-

363 1684 500 1718 tantibus
525 1688 555 1719 et
579 1685 648 1718 aliis
681 1685 833 1726 decretis,
859 1685 891 1718 in
915 1696 1031 1728 genere
1055 1686 1102 1719 vel

361 1737 393 1770 in
418 1738 531 1781 speeie,
549 1744 579 1772 et
596 1739 672 1772 alias
696 1739 728 1772 in
752 1739 945 1772 contrarium
971 1750 1103 1783 quomo-

361 1789 480 1824 dolibet
496 1791 663 1832 concessis,
680 1792 874 1825 confirmatis
891 1797 922 1825 et
938 1793 1103 1833 innovatis;

363 1844 479 1888 quibus
499 1846 648 1879 omnibus
673 1851 703 1879 et
727 1846 868 1889 singulis,
888 1856 998 1880 eorum
1019 1852 1104 1880 teno-

363 1908 413 1930 res
438 1899 656 1942 praesentibus
680 1910 740 1943 pro
764 1899 956 1933 sufficienter
976 1911 1103 1944 expres-

363 1951 405 1984 sis
436 1951 608 1993 habentes,
639 1952 699 1985 illis
731 1952 806 1985 alias
840 1953 871 1985 in
903 1964 960 1986 suo
990 1954 1104 1987 robore

363 2006 597 2048 permansuris,
623 2006 681 2039 hac
706 2006 772 2039 vice
797 2005 961 2039 dumtaxat
985 2007 1104 2050 specia-

363 2058 434 2092 liter
462 2064 492 2092 et
519 2070 665 2103 expresse
693 2059 904 2102 derogamus,
930 2060 1105 2104 ceterisque

364 2112 529 2145 contrariis
554 2112 816 2156 quibuscumque.

166 2172 350 2221 Mtssffiuffiifflsi
409 2165 424 2208 ξ
448 2166 477 2198 6.
503 2166 654 2199 Volumus
686 2170 807 2208 autem,
833 2166 916 2209 quod
950 2176 1102 2209 praesen-

167 2227 231 2248 ἰιὼιι
366 2218 443 2251 tium
469 2220 682 2263 transumptis,
703 2220 795 2253 etiam
821 2219 993 2263 impressis,
1011 2230 1105 2252 manu

365 2272 498 2305 alicuius
522 2273 635 2306 notarii
660 2273 779 2317 publici
805 2273 1002 2316 subscriptis,
1020 2279 1049 2305 et
1070 2273 1106 2305 si-

365 2326 441 2368 gillo
473 2336 626 2370 personae
657 2327 688 2359 in
719 2327 869 2369 dignitate
895 2327 1105 2360 ecclesiastic-:⁸1

229 1161 345 1182 Contrariis

163 1189 257 1215 attonat.

365 2380 551 2413 constitutae
569 2391 623 2413 seu
640 2380 796 2423 generalis
813 2380 886 2413 dicti
900 2380 1025 2413 Ordinis
1042 2391 1107 2413 mu-
1122 2397 1123 2406 1

366 2433 459 2474 uitis,
485 2433 594 2466 eadem
620 2444 751 2477 prorsus
775 2433 851 2466 sides
876 2433 992 2477 ubique
1016 2434 1105 2466 adhi-

365 2486 487 2526 beatur,
507 2497 586 2530 quae
606 2486 824 2530 praesentibus
849 2486 925 2530 ipsis
946 2486 1123 2529 oi·iginali-;

366 2539 423 2572 bus
451 2540 675 2579 adhiberetur,
702 2539 727 2572 si
752 2540 853 2573 forent
878 2539 1033 2572 exhibitae
1059 2540 1105 2572 rel

366 2599 518 2627 ostensae.

402 2657 413 2684 1
433 2655 576 2684 praemitte
591 2656 679 2685 etiam
693 2664 756 2684 cum
774 2658 808 2692 (a.
826 2658 874 2691 τε),

1135 351 1166 384 10
1180 350 1357 391 piscatoris,
1371 349 1420 383 die
1434 360 1512 384 xxm
1525 348 1658 383 ianuarii
1675 358 1874 390 uocxxxvm,

405 400 420 444 g
455 400 484 434 4.
521 402 730 436 Decernentes
766 409 947 447 praesentes
981 403 1101 437 litteras
1135 403 1335 448 pontificatus
1355 403 1453 437 nostri
1471 414 1552 436 anno
1569 413 1620 437 xv.

1170 467 1228 494 Dat.
1250 467 1293 494 die
1313 467 1347 494 23
1367 467 1480 495 ianuarii
1498 467 1575 500 1638,
1597 466 1692 503 pontis.
1709 474 1780 494 anuo
1798 472 1844 494 xv.

1465 583 1587 617 nxcvl.

1137 654 1347 697 Confirmatio
1360 659 1559 688 statutorum
1574 654 1798 688 universitatis
1809 664 1877 688 ezo-

1180 712 1366 741 nercztorum
1386 709 1576 752 cymbarum
1602 719 1658 742 seu
1677 709 1813 742 navium
1831 707 1876 741 al-

1179 772 1251 795 mae
1270 761 1389 795 Urbis¹.

1339 833 1474 861 Urbanus
1495 834 1574 867 Papa
1595 833 1672 866 VIII,

1261 878 1296 905 ad
1316 882 1492 912 perpetuam
1508 878 1551 906 rei
1570 878 1751 906 memoriam.

1181 939 1196 982 ξ
1221 940 1249 972 ’1.
1275 940 1394 983 Exponi
1419 940 1510 973 nobis
1541 950 1642 984 nuper
1667 941 1808 974 fecerunt
1831 939 1878 972 di·
1893 950 2078 1006 p2f150¹¹³ssil¹l⁰f⁰÷¹

1907 993 1910 998 .
2020 984 2037 999 't'
2051 985 2058 997 S
2071 989 2078 993 ·

1136 991 1207 1024 lecti
1228 992 1283 1025 silii
1304 993 1490 1025 universitas
1507 998 1537 1026 et
1553 993 1698 1026 homines
1715 993 1790 1026 artis
1807 1003 1879 1026 exo-
1893 1005 1941 1025 im<
1957 1005 2007 1025 aru,v
2027 1010 2078 1025 axo-

1136 1050 1317 1078 neratorum
1343 1046 1527 1090 cymbarum
1553 1057 1607 1079 seu
1632 1047 1758 1079 navium
1778 1047 1878 1079 almae
1893 1034 2079 1094 iiJiiiiiii‘u‘naiffi'iss

1138 1098 1230 1132 L'rbis
1253 1104 1393 1140 nostrae,
1421 1099 1504 1142 quod
1536 1110 1594 1143 pro
1622 1100 1706 1133 bono
1734 1099 1878 1143 felicique
1895 1086 1963 1106 ΝΜ

1135 1153 1291 1195 regimine
1315 1157 1345 1186 et
1369 1153 1524 1195 gubernio
1549 1153 1648 1186 dictae
1667 1153 1879 1186 universitatis

1118 1230 1120 1242 ,
1136 1206 1287 1239 nonnulla
1303 1210 1417 1240 statuta
1433 1206 1516 1239 edita
1533 1207 1659 1240 fuerunt
1677 1207 1794 1241 tenoris
1811 1206 1879 1240 sub-

1137 1259 1305 1303 sequentis,
1331 1259 1491 1292 videlicet:

1137 1349 1262 1383 Statuti
1275 1360 1290 1382 e
1303 1359 1381 1382 not-e
1397 1350 1628 1393 reformcaezioni
1645 1349 1732 1383 della
1747 1350 1878 1396 Compa-

1181 1404 1262 1447 9m'a
1278 1404 1325 1436 de'
1338 1404 1528 1436 scaricatori'
1541 1403 1576 1436 cli
1593 1403 1706 1437 barche
1718 1404 1753 1436 di
1766 1404 1877 1438 Roma.

1182 1475 1224 1507 La
1237 1475 1428 1518 Compagnia
1441 1474 1683 1508 de’scaricatori
1703 1475 1733 1507 di
1750 1475 1878 1517 barche,
1909 1515 1920 1528 ἢ
1957 1483 2079 1530 8¹¹1ququme

1137 1527 1342 1571 dipendente,
1367 1538 1383 1560 e
1409 1533 1490 1562 sotto
1522 1528 1551 1560 la
1583 1528 1766 1572 protezione
1798 1528 1878 1560 della
1894 1515 2079 1573 Riciii¹i1iniv2r¹¹siff

1138 1581 1316 1614 venerabile
1340 1581 1656 1614 archiconsraternita
1671 1581 1720 1614 del
1739 1580 1878 1623 glorioso
1894 1567 1951 1584 ‘³¹¹⁹'

1137 1644 1191 1666 san
1216 1634 1320 1667 Roceo
1343 1633 1374 1666 di
1401 1635 1516 1676 Roma,
1536 1634 1628 1667 solita
1644 1634 1682 1666 da
1700 1639 1807 1677 tempo
1824 1634 1879 1667 im-

1138 1687 1346 1721 memorabile
1369 1687 1491 1730 esigere
1516 1687 1554 1720 da
1578 1687 1648 1721 tutti
1668 1687 1677 1720 i
1697 1687 1879 1721 scat-icatori

1137 1740 1166 1773 di
1187 1740 1304 1773 barche
1321 1740 1352 1773 di
1370 1741 1468 1774 Roma
1493 1741 1663 1774 elemosine
1687 1740 1726 1773 da
1743 1740 1878 1774 offerirsi

1137 1794 1211 1836 ogni
1229 1804 1310 1827 anno
1330 1792 1411 1827 nella
1432 1794 1509 1828 festa
1533 1793 1582 1826 del
1607 1793 1691 1828 detto
1716 1799 1806 1827 santo
1823 1805 1879 1837 per

1137 1847 1271 1880 sussidio
1302 1847 1384 1880 della
1416 1857 1472 1880 sua
1504 1847 1609 1880 chiesa
1640 1847 1678 1880 ed
1709 1848 1878 1891 ospedale,

1137 1900 1257 1934 arendo
1282 1900 1324 1933 sin
1349 1900 1506 1934 dall‘anno
1526 1910 1655 1941 niotxw,
1676 1911 1733 1944 per
1753 1901 1782 1934 la
1801 1901 1881 1934 dire-

1139 1953 1227 1987 zione
1248 1964 1264 1986 e
1284 1954 1369 1987 buon
1389 1964 1529 1996 gorerno
1546 1953 1577 1986 di
1595 1964 1663 1986 essa
1679 1954 1879 1998 Compagnia,

1139 2007 1203 2039 faui
1229 2007 1332 2040 alcuni
1357 2007 1463 2040 statuti
1488 2008 1674 2040 confermati
1700 2008 1730 2040 in
1755 2018 1881 2041 camera

1139 2061 1320 2103 apostolica,
1345 2071 1361 2093 e
1386 2071 1443 2104 per
1463 2071 1649 2093 osservanza
1674 2060 1704 2093 di
1729 2061 1789 2093 essi
1806 2067 1881 2095 otte-

1139 2118 1215 2146 nuto
1240 2113 1260 2145 il
1285 2113 1431 2146 mandato
1456 2113 1504 2145 dal
1531 2113 1639 2156 signor
1659 2113 1817 2147 cardinale
1834 2125 1881 2147 ca—

1140 2167 1300 2210 merlengo
1332 2167 1362 2199 di
1395 2171 1481 2201 santa
1505 2167 1616 2200 Chiesa
1644 2178 1700 2211 per
1725 2167 1746 2200 li
1770 2168 1824 2200 atti
1849 2168 1880 2201 di

1138 2220 1269 2253 Camillo
1286 2220 1452 2261 Gau-exano,
1470 2226 1581 2254 notaro
1598 2220 1628 2253 di
1647 2231 1781 2261 camera,
1799 2225 1880 2255 sotto

1122 2274 1160 2319 ,il
1185 2274 1215 2306 di
1240 2284 1304 2307 xxii
1330 2274 1500 2307 settembre
1524 2284 1648 2315 ulixen,
1673 2274 1880 2309 desiderando

1139 2326 1249 2359 adesso
1270 2326 1440 2358 risormarli
1465 2327 1602 2360 secondo
1627 2327 1646 2359 il
1671 2332 1817 2370 presente
1837 2327 1881 2359 bi-

1139 2391 1252 2423 sogno;
1267 2380 1374 2423 percio
1389 2381 1418 2412 in
1433 2386 1543 2424 questo
1557 2381 1714 2423 giorno...
1729 2391 1879 2414 uncxxxv

1140 2434 1188 2466 nel
1207 2433 1389 2477 pontificato
1406 2433 1436 2466 di
1454 2439 1562 2467 nostro
1583 2434 1710 2476 signore
1731 2434 1812 2478 Papa
1829 2434 1881 2468 Ur-

1141 2488 1220 2520 bano
1247 2487 1320 2528 Υ1117
1342 2487 1372 2518 in
1396 2486 1487 2530 piena
1511 2486 1761 2529 congregazione
1785 2497 1880 2530 gene-

1141 2541 1204 2573 rale
1236 2540 1267 2572 di
1299 2540 1373 2573 detti
1408 2539 1588 2572 scaricatori
1621 2539 1879 2583 legittimamente

1140 2599 1331 2637 congregata
1362 2603 1379 2626 a
1411 2593 1620 2637 quest'effetto
1644 2594 1694 2628 nel
1719 2594 1825 2629 salone
1849 2594 1880 2628 di

1177 2657 1187 2683 1
1206 2656 1244 2683 Ex
1259 2656 1366 2691 Regest.
1386 2656 1411 2682 in
1426 2655 1526 2684 Secret.
1544 2654 1620 2683 Brev.
