2248 3229
269 239 315 267 An.
335 239 362 268 e..
387 239 452 267 1634
498 231 563 265 390

466 294 598 332 possunt
622 293 651 322 et
674 293 822 331 poterunt
847 288 1084 331 quomodolibet
1108 290 1139 321 in
1164 289 1208 322 su—

466 347 590 382 turum,
620 341 764 384 quamvis
796 341 849 373 illa
881 341 942 374 sint
973 342 1099 385 speciali
1132 343 1207 382 nota

466 395 568 438 digna,
594 393 793 438 difficilisque
818 395 1047 435 concessionis,
1074 400 1104 428 et
1128 406 1207 439 quae

466 447 497 479 in
521 447 659 490 generali
677 448 879 481 concessione
899 459 962 481 non
982 449 1123 492 veniunt)
1146 460 1208 482 non

465 500 567 533 solum
581 511 638 544 per
650 502 933 545 participationem,
953 503 1209 536 communicatio-

465 563 548 594 nem,
568 553 696 587 illorum
713 556 937 598 extensionem,
962 561 992 589 et
1015 556 1053 589 ad
1082 556 1208 590 illorum

466 607 579 648 instar,
605 608 659 641 sed
682 608 844 652 speciatim
874 614 904 641 et
931 609 1133 652 nominatim,
1159 620 1210 653 pa-

465 659 636 693 riformiter
661 664 691 695 et
714 671 812 705 aeque
836 661 1068 706 principaliter,
1087 663 1117 695 in
1142 674 1208 696 om-

465 712 555 746 nibus
580 718 610 746 et
633 725 690 758 per
713 715 829 756 onmia,
848 715 966 759 absque
990 716 1054 748 ulla
1079 727 1210 760 prorsus

465 766 641 800 differentia
660 768 804 812 (perinde
828 779 862 801 ac
888 769 912 802 si
937 769 989 801 illa
1004 769 1210 813 primodictae

465 819 717 863 Congregationi,
744 821 889 865 illiusque
914 822 1059 866 capitulis
1084 833 1211 866 genera-

465 873 556 915 libus,
574 874 719 908 ministro
736 876 876 918 generali
896 887 956 920 pro
974 881 1114 921 tempore
1132 878 1211 911 exis·

465 927 562 970 tenti,
588 927 735 972 illiusque
768 930 988 973 superioribus
1013 936 1042 964 et
1066 931 1210 975 personis

465 980 614 1023 praefatis
638 981 826 1025 specialiter,
841 993 989 1027 expresse
1014 989 1044 1017 et
1067 984 1209 1017 nomina-

466 1033 532 1074 tim,
557 1034 651 1068 etiam
676 1045 734 1078 per
758 1036 841 1068 viam
859 1042 889 1069 et
906 1037 1035 1070 modum
1056 1037 1208 1082 simplicis

466 1091 495 1118 et
519 1086 697 1121 individuae
723 1099 757 1122 ac
781 1090 981 1133 particularis
1010 1096 1040 1123 et
1065 1091 1209 1135 specialis

467 1141 699 1182 concessionis,
725 1143 818 1175 etiam
851 1149 937 1177 motu
962 1144 1094 1188 proprio
1119 1150 1148 1178 et
1173 1155 1208 1178 ex

467 1195 551 1226 certa
572 1195 711 1238 scientia,
727 1195 778 1228 ac¹
793 1196 830 1229 sle
844 1197 1033 1240 apostolicae
1047 1199 1210 1241 potestatis

466 1248 677 1291 plenitudine,
702 1253 753 1283 aut
777 1260 833 1293 per
864 1251 993 1284 modum
1026 1253 1208 1285 communi-

468 1300 598 1334 cationis
622 1306 652 1334 et
674 1302 884 1346 ampliationis
899 1314 1046 1337 concessa
1067 1304 1209 1349 fuissent)

467 1359 620 1396 quatenus
645 1358 748 1388 tamen
774 1356 835 1389 sint
858 1356 889 1389 in
915 1367 973 1389 usu
991 1362 1020 1390 et
1040 1368 1102 1390 non
1123 1368 1211 1391 revo-

468 1412 544 1450 cata,
564 1417 622 1440 nec
639 1408 697 1441 sub
722 1408 826 1452 aliqua
848 1411 1046 1443 revocatione
1064 1422 1209 1455 compre-

468 1460 575 1501 hensa,
599 1461 655 1503 uti,
680 1462 750 1503 frui,
775 1463 870 1505 potiri
899 1469 927 1496 et
957 1464 1095 1506 gaudere
1112 1464 1209 1497 libere

466 1518 497 1545 et
521 1513 604 1547 licite
630 1515 751 1558 possint
776 1520 805 1548 et
829 1516 951 1548 valeant
969 1517 1023 1559 (ita
1041 1518 1124 1561 quod
1143 1529 1210 1551 om-

468 1577 522 1599 nes
543 1572 573 1600 et
593 1568 707 1611 singuli
724 1569 930 1613 primodictae
950 1571 1210 1614 Congregationis

468 1625 496 1652 et
533 1621 617 1654 illius
646 1621 814 1655 domorum
846 1624 1054 1668 locorumque
1086 1626 1210 1668 regula-

468 1675 550 1707 rium
575 1675 754 1719 superiores
779 1681 808 1711 et
832 1677 986 1718 ministri,
1011 1688 1210 1722 quocumque

468 1728 595 1761 nomine
619 1730 774 1773 appellati,
796 1730 922 1763 eosdem
944 1731 1077 1771 savoreS,
1094 1732 1210 1774 gratias

469 1782 655 1825 apostolicas
688 1788 718 1815 et
748 1783 932 1827 privilegia,
966 1796 1045 1828 quae
1077 1786 1208 1819 aliarum

469 1835 659 1878 religionum
674 1864 681 1876 ,
706 1836 852 1869 ordinum
867 1864 874 1877 ,
904 1839 1185 1882 congregationum
1201 1868 1207 1882 ,

469 1888 664 1932 societatum,
683 1890 775 1923 etiam
803 1890 965 1924 Societatis
990 1893 1069 1933 lesu,
1090 1903 1209 1926 monas-

469 1941 643 1983 teriorum,
676 1949 904 1986 conventuum,
938 1944 1128 1983 domorum,
1158 1949 1211 1979 aut

470 1995 612 2028 locorum
633 1997 826 2038 regularium
845 2002 874 2030 et
898 1998 1086 2031 familiarum
1114 2009 1209 2042 gene—

470 2048 561 2089 rales,
581 2050 771 2093 superiores,
787 2051 967 2095 praepositi,
992 2052 1209 2095 provinciales,

470 2106 619 2143 rectores,
639 2104 772 2147 priores,
794 2106 1025 2147 conventuales,
1045 2111 1098 2138 aut
1114 2107 1210 2139 claus-

470 2156 575 2198 trales,
591 2157 777 2201 visitatores,
792 2159 968 2201 guardiani,
986 2160 1140 2201 custodes,
1158 2166 1210 2193 aut

470 2209 532 2242 alio
557 2221 757 2256 quocumque
782 2213 924 2255 nomine,
950 2214 1062 2257 titulo,
1087 2218 1140 2247 aut
1164 2214 1210 2246 di-

471 2263 587 2305 gnitate
598 2265 746 2308 insigniti,
760 2267 885 2309 habent,
900 2268 1053 2309 similiter,
1063 2272 1210 2311 utsupra,

472 2316 624 2358 habeant3
646 2319 818 2363 fratresque
836 2326 862 2353 et
881 2332 1034 2364 personae
1050 2322 1212 2365 regulares

471 2370 676 2414 primodictae
691 2373 958 2417 Congregationis,
976 2375 1147 2418 generales,
1164 2386 1212 2408 su-

471 2424 622 2468 periores,
641 2426 785 2467 ministri,
807 2432 834 2460 et
850 2428 944 2461 ceteri
963 2428 1014 2461 alii
1035 2429 1212 2461 cuiuscum-

472 2488 532 2520 que
556 2479 773 2522 appellationis
798 2482 970 2524 praepositi
996 2487 1026 2514 et
1050 2481 1210 2525 praefecti,

472 2531 503 2562 in
516 2531 703 2575 primodicta
715 2533 964 2577 Congregatione
979 2545 1130 2579 expresse
1144 2545 1213 2578 pro-

509 2605 519 2629 t
537 2603 655 2631 Turliate
670 2605 712 2632 ed.
732 2605 763 2632 M.
782 2606 809 2632 li.
828 2616 860 2633 cic
873 2616 928 2641 per
941 2608 1057 2635 'modum
1073 2608 1106 2633 de
1121 2610 1210 2642 apost.

473 2651 568 2682 potest.
586 2649 689 2683 plenit,
704 2654 752 2678 (iul
768 2652 1036 2679 communicationis
1051 2658 1090 2685 (a.
1108 2651 1153 2687 r).

1043 241 1222 265 BULLARIUM
1245 241 1401 266 ROMANUM

1241 289 1326 321 sessix
1346 294 1376 321 et
1405 289 1436 321 in
1466 289 1533 322 eius
1564 291 1686 332 gremio
1722 296 1752 325 et
1783 290 1983 325 observantia

1241 342 1389 382 viventes,
1404 342 1517 374 fratres
1534 347 1564 375 et
1580 353 1732 386 personas
1742 344 1903 387 regulares
1919 343 1985 388 pri-

1242 395 1397 429 modictae
1420 396 1680 440 Congregationis
1703 407 1774 431 cum
1797 395 1990 442 privilegiis‚'

1243 449 1352 492 gratiis
1384 454 1414 482 et
1443 450 1604 483 favoribus
1628 450 1808 494 apostolicis
1831 450 1982 485 Ordinum

1243 508 1273 534 et
1303 495 1585 546 congregationum
1616 503 1798 537 huiusmodi
1830 508 1983 548 perpetuo

1243 556 1416 588 secundum
1436 556 1667 591 observantiam
1691 556 1871 600 regularem
1888 562 1919 590 et
1938 567 1985 591 ca-

1243 609 1390 642 nonicum
1415 609 1591 643 institutum
1616 610 1741 644 Ordinis
1765 610 1983 645 Sanctissimae

1243 663 1402 697 Trinitatis
1427 674 1538 707 regere
1563 669 1593 697 et
1621 664 1799 708 gubernare
1824 669 1854 697 et
1878 674 1985 709 respe-

1244 717 1324 750 ctive
1350 717 1475 750 visitare
1505 718 1643 759 valeant3
1667 729 1769 762 neque
1797 717 1984 762 primodicta

1244 770 1454 813 Congregatio
1479 782 1572 815 super
1602 772 1750 815 praefatis
1782 771 1928 805 omnibus
1956 775 1985 805 et

1244 824 1376 866 singulis
1394 835 1410 857 a
1427 835 1597 869 quoquam,
1611 824 1720 869 quavis
1736 825 1919 859 auctoritate
1935 825 1983 858 vel

1243 877 1381 919 nomine,
1397 877 1569 919 molestari,
1590 878 1780 922 perturbari,
1806 878 1983 922 inquietari,

1243 936 1296 964 aut
1319 931 1394 965 alias
1419 931 1656 975 quomodolibet
1672 931 1704 964 in
1721 931 1836 965 iudicio
1852 934 1882 965 et
1898 934 1985 965 extra

1244 985 1389 1029 impediri
1413 985 1576 1030 possint¹)‚
1602 985 1775 1030 apostolica
1799 985 1984 1019 auctoritate

1243 1038 1413 1082 praedicta,
1430 1038 1613 1072 earumdem
1638 1042 1747 1073 tenore
1761 1038 1983 1083 praesentium,

1243 1098 1396 1136 perpetuo
1421 1092 1623 1126 concedimus
1639 1096 1669 1126 et
1685 1092 1895 1136 indulgemus.

1293 1146 1307 1189 ξ
1339 1145 1368 1188 3.
1401 1145 1611 1179 Decernentes
1646 1145 1772 1179 easdem
1804 1150 1984 1189 praesentes

1243 1209 1370 1243 semper
1394 1204 1424 1232 et
1448 1204 1614 1243 perpetuo,
1640 1203 1799 1243 tamquam
1824 1199 1862 1232 ad
1887 1198 1982 1232 divini

1244 1252 1346 1285 cultus
1369 1257 1399 1285 et
1422 1251 1579 1285 honorum
1615 1262 1747 1296 operum
1780 1257 1983 1295 augmentum

1244 1310 1274 1337 et
1291 1305 1453 1349 religionis
1470 1306 1734 1350 propagationem
1749 1306 1920 1350 tendentes,
1938 1316 1985 1338 va-

1244 1358 1322 1392 lidas
1339 1363 1369 1392 et
1385 1359 1527 1392 efficaces
1540 1369 1607 1392 esse
1625 1365 1655 1392 et
1679 1360 1754 1402 sore,
1769 1370 1904 1403 suosque
1924 1360 1985 1403 ple-

1244 1412 1349 1445 narios
1370 1418 1399 1446 et
1420 1413 1560 1455 integros
1580 1412 1710 1446 effectus
1729 1413 1835 1446 sortiri
1857 1419 1886 1446 et
1911 1412 1986 1446 obti-

1244 1476 1328 1508 nere,
1355 1476 1389 1499 ae
1415 1466 1455 1499 ob
1478 1465 1626 1500 omnibus
1654 1471 1683 1499 et
1700 1466 1831 1509 singulis
1851 1466 1985 1499 firmiter

1243 1524 1336 1563 atque
1354 1519 1577 1553 inviolabiliter
1594 1519 1757 1553 observari
1774 1525 1804 1553 et
1820 1519 1985 1564 adimpleri

1244 1572 1373 1613 debere,
1398 1583 1455 1606 nec
1480 1573 1518 1605 ab
1538 1572 1599 1606 illis
1624 1573 1688 1607 ullo
1704 1583 1842 1617 unquam
1862 1578 1984 1618 tempo-

1243 1637 1287 1667 re,
1302 1627 1413 1670 quovis
1432 1632 1607 1671 praetextu,
1624 1627 1798 1669 occasione,
1816 1628 1863 1661 vel
1881 1629 1985 1667 causa,

1244 1680 1358 1721 recedi,
1379 1686 1432 1713 aut
1449 1680 1581 1723 resiliri,
1600 1680 1790 1725 easdemque
1804 1686 1985 1724 praesentes

1244 1733 1300 1765 sub
1325 1733 1486 1776 quibusvis
1523 1733 1673 1767 similium
1707 1734 1754 1767 vel
1785 1733 1985 1767 dissimilium

1243 1786 1416 1828 gratiarum
1431 1787 1696 1828 revocationibus,
1714 1786 1985 1830 suspensionibus,

1243 1838 1482 1872 limitationibus
1504 1867 1511 1879 ,
1548 1839 1805 1882 derogationibus
1847 1843 1877 1874 et
1918 1840 1985 1873 aliis

1243 1892 1409 1925 contrariis
1434 1893 1703 1936 dispositionibus,
1729 1893 1822 1927 etiam
1846 1904 1904 1938 per
1928 1904 1985 1928 nos

1244 1950 1273 1977 et.
1290 1956 1489 1979 successores
1502 1951 1627 1979 nostros
1645 1946 1802 1979 Romanos
1819 1946 1985 1980 Pontifices

1243 2010 1301 2042 pro
1319 2005 1461 2043 tempore
1479 1999 1647 2032 existentes
1671 1999 1848 2044 Sedemque
1864 2001 1986 2044 praesa-

1243 2058 1306 2085 tam
1325 2053 1382 2085 sub
1402 2053 1564 2096 quibusvis
1591 2053 1750 2087 tenoribus
1775 2058 1806 2086 et
1826 2053 1936 2087 formis
1957 2058 1985 2088 et

1244 2117 1316 2139 cum
1348 2106 1510 2150 quibusvis
1536 2106 1684 2138 clausulis
1716 2110 1746 2140 et
1769 2105 1904 2139 decretis
1927 2117 1985 2150 pro

1244 2165 1388 2203 tempore
1405 2159 1504 2199 sactis,
1530 2159 1658 2192 minime
1684 2159 1910 2203 comprehendi
1938 2161 1985 2192 vel

1245 2211 1422 2253 conf11ndi2;
1440 2212 1492 2245 sed
1507 2222 1632 2256 semper
1649 2217 1679 2246 et
1696 2217 1851 2256 perpetuo
1867 2213 1905 2246 ab
1924 2213 1984 2246 illis

1245 2266 1354 2309 excipi,
1373 2272 1403 2299 et
1426 2266 1548 2309 quoties
1573 2266 1643 2299 illae
1667 2266 1867 2308 emanabunt,
1896 2267 1985 2299 toties

1245 2320 1276 2352 in
1300 2320 1466 2363 pristinum
1492 2325 1584 2363 atque
1621 2319 1846 2353 validissimum
1871 2325 1983 2353 statum

1245 2374 1426 2414 restitutas,
1452 2373 1604 2417 repositas
1637 2378 1667 2406 et
1698 2373 1837 2417 plenarie
1861 2373 1980 2406 reinte-

1245 2431 1359 2468 gratas,
1374 2432 1404 2459 et
1428 2426 1465 2459 de
1491 2437 1571 2460 novo
1589 2426 1681 2459 etiam
1705 2426 1762 2459 sub
1787 2436 1984 2470 quacumque

1245 2480 1413 2523 posteriori
1446 2480 1517 2513 data
1547 2480 1810 2524 quandocumque
1841 2479 1984 2522 eligenda

1246 2543 1408 2567 concessas
1441 2544 1508 2567 esse
1540 2539 1568 2566 et
1600 2534 1684 2575 sore,
1714 2532 1983 2577 primodictaeque

1283 2609 1291 2632 1
1306 2606 1397 2633 Potius
1406 2605 1513 2641 legend.
1521 2606 1620 2641 possit,
1628 2605 1695 2634 idest
1705 2605 1980 2641 Conqreyaliomxr).

1279 2652 1294 2676 2
1314 2651 1490 2687 Subintellige
1511 2659 1589 2687 posse
1608 2652 1645 2687 (a.
1659 2652 1705 2686 Τ,).

1990 242 2040 270 An.
2059 241 2089 269 C.
2112 241 2180 270 1634

2006 1155 2114 1177 Clausulas
2123 1161 2183 1183 prae-

1999 1183 2115 1203 servans-as
2144 1183 2182 1204 ad-

2000 1210 2072 1236 iungit,

2236 2148 2248 2186 *57

2239 2418 2245 2429 v·
2232 2285 2248 2398 ,2-203—0-
2238 2245 2248 2276 -v
