2248 3229
107 232 159 260 An.
175 232 204 260 C.
226 231 293 261 1632

132 505 212 528 Causae
226 506 288 528 huius

106 533 271 554 constitutionis.

762 266 764 268 v
919 232 1060 257 canimus
1085 231 1142 256 vm
1164 233 1212 257 ιη’.
1722 222 1786 256 ⁶285

303 279 393 313 vinae
417 279 567 313 claritatis
592 279 681 314 sedes
705 279 851 314 humanis
868 287 959 315 exuta
975 292 1043 325 spo-
1060 285 1063 326 Τ
1079 282 1213 315 votionis
1227 280 1643 322 incrementum,solemnius
1654 280 1816 321 celebrari;

303 333 353 367 liis
376 334 525 367 translata
549 334 616 376 suit,
641 334 869 368 iucundissima
895 335 1043 369 recorda·
1078 345 1174 378 quare
1198 345 1256 378 pro
1281 340 1370 379 partc
1394 335 1550 368 dictorum
1580 334 1756 368 comitissae
1788 339 1818 367 et

303 388 387 422 tione
410 387 550 432 undique
574 388 762 422 celebretur.
1077 388 1267 422 marchionis
1292 399 1327 421 ac
1352 388 1449 421 Mauri
1475 394 1504 421 et
1528 388 1694 431 Augustini
1725 387 1817 420 nobis

348 441 363 485 ἓ
388 442 418 474 ¹1.
443 441 520 475 Cum
545 441 658 486 itaque,
684 442 763 475 sicut
788 443 926 475 exhibita
950 442 1043 475 nobis
1061 474 1062 482 ¹
1078 441 1134 474 t'uit
1159 442 1320 475 humiliter
1345 442 1564 486 supplicatum,
1590 446 1741 486 quatenus
1758 441 1818 484 piis

303 504 404 539 nuper
427 506 486 539 pro
511 500 601 539 parte
625 495 757 529 dilectae
775 496 805 528 in
822 496 944 529 Christo
961 495 1043 528 filiae
1061 489 1187 528 1corum
1220 495 1299 528 votis
1331 495 1389 528 liac
1422 496 1453 527 in
1483 500 1571 539 parte
1606 494 1818 528 favorabiliter

303 548 418 582 nobilis
442 549 584 582 mulieris
608 548 778 583 modernae
803 550 982 583 comitissae
1006 549 1044 582 dc
1061 544 1062 551 ¹
1078 558 1217 580 annuere
1243 547 1281 580 dc
1306 547 1498 591 benignitate
1524 548 1694 593 apostolica
1714 547 1819 591 digna·

304 602 482 646 Monterrey
505 602 595 646 regni
620 603 813 647 Neapolitani
844 602 1043 647 prooeginae,
1062 599 1203 634 ¹1c1mu:

305 661 334 688 et
358 656 474 689 nobilis
491 655 550 688 viri
567 656 710 689 moderni
736 656 928 690 marchionis
944 655 1063 690 Castri'
1125 656 1138 678 q
1163 655 1192 688 2.
1219 656 1280 689 Nos
1306 655 1412 699 igitur,
1437 656 1490 699 qui
1515 655 1653 688 fidelium
1672 666 1819 699 quorum-

1124 673 1138 698 a

304 708 457 752 Rodrighi
483 709 564 753 apud
581 720 638 743 nos
655 714 685 744 et
701 710 811 743 Sedern
832 708 1043 753 Apostolicam

303 771 362 805 pro
379 761 566 796 charissimo
586 763 616 795 in
632 763 755 797 Christo
771 763 837 796 filio
854 768 963 795 nostro
978 762 1046 795 Phi·
1062 781 1063 787 =

304 815 390 859 lippo
408 815 628 859 Hispaniarum
642 827 717 860 rege
731 816 884 850 catholico
899 815 1045 855 oratoris,

304 878 426 902 necnon
439 870 538 903 Mauri
552 870 589 904 de
604 871 749 904 Villaroel
764 870 888 904 Ordinis
905 869 1045 903 eiusdem
1062 863 1065 888 *¹

305 921 334 955 S.
360 922 518 958 Benedicti
543 923 664 957 abbatis
689 923 853 967 generalis,
879 933 915 957 ac
939 924 1045 966 Augu-

305 975 378 1009 stini
402 976 440 1010 de
464 977 582 1018 Castro,
607 977 682 1010 olim
707 977 830 1010 comitis
855 976 893 1010 de
922 977 1045 1019 Lemos,

306 1027 455 1063 Ordinem
472 1030 575 1074 ipsum
593 1039 738 1074 expresse
754 1030 898 1074 professi,
916 1029 1046 1063 dilecto-

306 1092 377 1115 rum
412 1082 550 1116 siliorum
583 1083 692 1127 petitio
727 1083 927 1124 continebat,
952 1083 1046 1127 quod,

307 1134 395 1168 eum⁴
421 1136 560 1170 eiusdem
585 1136 715 1179 gloriosi
742 1137 973 1170 monachorum
996 1147 1048 1181 pa-

306 1188 462 1222 triarchae
487 1190 515 1222 S.
541 1189 699 1223 Benedicti
725 1190 805 1224 inter
830 1190 981 1223 mortales
998 1190 1067 1223 dens

307 1243 409 1285 gentis
433 1243 495 1276 vita
512 1243 573 1276 iam
591 1243 663 1277 inde
681 1244 720 1277 ab
735 1244 802 1278 eius
820 1244 956 1288 pueritia
970 1244 1047 1277 adeo
1065 1240 1067 1267 ἶ*

307 1296 458 1329 virtutum
485 1296 644 1341 trophaeis
668 1297 850 1330 admiranda
876 1297 980 1337 fuerit⁷
1004 1302 1047 1337 ut,

308 1348 339 1381 Β.
365 1349 519 1392 G1e001i0
540 1350 661 1393 Magffno
678 1351 778 1383 dum
771 1361 802 1383 in
818 1351 965 1383 humanis
984 1360 1050 1383 san-

309 1405 390 1436 ctam
407 1403 500 1436 vitam
515 1407 632 1446 a0e1c1‚
646 1404 786 1437 Romano
800 1403 949 1437 Pontifice
963 1414 1011 1447 pi
1002 1414 1050 1436 ae

1079 707 1153 740 libet
1178 708 1377 742 devotionem
1396 719 1471 752 erga
1490 708 1598 742 beatos
1621 709 1691 742 illos
1709 708 1819 752 sempi-
1835 721 1838 724 ⁴

1079 765 1187 794 ternae
1211 762 1413 795 beatitudinis
1437 762 1520 795 circs
1537 772 1599 795 non
1617 763 1718 795 solum
1743 773 1819 806 pro-

1063 815 1199 860 3movcri
1226 815 1278 848 sed
1296 815 1389 849 ctiam
1412 816 1589 849 consecrari
1614 816 1745 849 sinceris
1766 826 1818 851 ex-

1080 874 1225 912 optamus
1257 869 1436 911 affectibus,
1469 870 1595 903 eosdem
1627 869 1819 903 comitissam

1080 926 1110 954 et
1134 921 1367 963 marchionem,
1393 933 1428 955 ac
1453 923 1594 955 Maurum
1619 932 1741 956 necnon
1759 924 1821 955 Au-

1080 974 1277 1018 gustinum¹‚
1304 980 1334 1008 ct
1358 985 1467 1009 eorum
1493 976 1683 1019 quemlibet,
1707 986 1724 1008 a
1745 975 1818 1021 qui-

1080 1028 1186 1062 busvis
1203 1029 1547 1071 excommunicationis,
1563 1029 1775 1073 suspensionis
1793 1034 1820 1061 et

1064 1095 1066 1113 z
1081 1081 1249 1122 interdicti,
1264 1082 1396 1126 aliisque
1414 1082 1634 1115 ecclesiasticis
1651 1082 1820 1124 sententiis,

1831 231 1881 259 An.
1897 231 1925 259 C.
1947 231 2015 260 1632

1880 667 1967 689 Mandat
1982 670 2018 689 ob·

1833 695 1928 717 serrari,
1957 697 2018 720 prout

1834 727 1854 742 in
1869 721 1960 742 rubrica.

1082 1135 1223 1169 censuris
1242 1141 1271 1169 et
1287 1136 1408 1179 poenis,
1430 1146 1446 1168 a
1471 1136 1538 1169 iure
1561 1136 1608 1168 vel
1626 1136 1664 1168 ab
1685 1136 1822 1174 homine,
1848 1170 1851 1175 ,

1082 1189 1192 1232 quavis
1216 1189 1380 1222 occasione
1396 1189 1445 1221 rel
1463 1190 1556 1222 causa
1574 1188 1653 1231 latis⁷
1668 1189 1693 1221 si
1710 1189 1823 1232 quibus

1082 1242 1320 1286 quomodolibet
1346 1242 1483 1276 innodati
1509 1242 1654 1282 existunt,
1680 1242 1717 1274 ad
1743 1242 1820 1275 effc-

1083 1301 1147 1328 tum
1158 1296 1370 1339 praesentium
1385 1296 1544 1328 dumtaxat
1557 1295 1823 1338 consequendum,

1065 1345 1196 1381 hatum
1222 1349 1302 1382 serie
1319 1349 1515 1382 absolventes
1533 1354 1563 1381 ct
1579 1349 1740 1382 absolutos
1758 1349 1823 1381 sori

1065 1401 1254 1443 censentes,
1272 1402 1453 1436 huiusmodi
1475 1402 1765 1446 supplicationibus,
1788 1413 1822 1434 ex

309 1455 475 1490 decessore
507 1461 615 1490 nostro
648 1462 744 1498 teste,
779 1457 884 1490 dixina
917 1457 1049 1490 interius
1065 1434 1067 1509 ,¹
1083 1460 1155 1488 toto
1169 1455 1396 1488 xeneiabilium
1411 1456 1542 1488 statium
1559 1460 1740 1489 nostrorum
1759 1465 1825 1487 sau-

310 1509 379 1543 luce
404 1510 570 1553 splendens
593 1510 757 1543 sublatus
750 1521 781 1543 in
799 1510 911 1543 mentis
931 1511 1067 1543 lumine
1066 1534 1068 1564 k
1084 1512 1151 1540 ctae
1169 1509 1327 1542 Romanae
1345 1508 1486 1541 Eccleiae
1504 1508 1709 1541 cardinalium
1729 1518 1796 1541 saci
1801 1508 1825 1539 is

310 1563 455 1607 superior
472 1563 590 1597 mundo
607 1568 637 1596 et
653 1573 807 1607 expansus
825 1564 855 1596 in
872 1564 946 1603 Deo,
965 1574 1050 1596 men·
1066 1567 1068 1609 l
1083 1561 1196 1594 ritibus
1220 1567 1250 1594 et
1271 1561 1477 1595 caeremoniis
1497 1562 1760 1605 praepositorum⁷
1782 1561 1826 1593 in-

310 1615 350 1648 tis
374 1617 478 1649 laxatu
501 1616 581 1656 sinu,
604 1616 750 1649 beatifico
774 1616 892 1649 lumine
911 1617 1050 1650 imbecil-
1084 1615 1199 1655 climati,
1225 1620 1257 1647 ut
1274 1615 1422 1659 deinceps
1438 1615 1599 1659 perpetuis
1617 1615 1729 1648 futuris
1747 1619 1825 1649 tem-

310 1667 428 1701 litatem
445 1668 621 1701 intellectus
641 1670 789 1711 elevante
812 1670 909 1703 Deum
935 1670 1068 1719 ipsum,
1067 1667 1216 1711 'p01ibus
1230 1668 1370 1701 eiusdem
1389 1669 1485 1701 sancti
1504 1668 1659 1702 Benedicti
1678 1674 1706 1701 ti
1708 1674 1826 1701 3051105

310 1726 340 1754 et
356 1721 388 1754 in
405 1721 473 1765 ipso
489 1722 563 1763 Deo,
577 1722 679 1755 adhuc
693 1723 845 1763 mortalis,
861 1733 953 1756 omne
966 1724 1069 1767 quod
1067 1704 1150 1754 ¹dies
1164 1732 1212 1765 pl
1205 1722 1334 1762 aesitus
1352 1721 1540 1755 duodecimo
1554 1721 1725 1754 kalendas
1717 1721 1826 1765 aprilis

309 1774 392 1808 infra
416 1775 514 1808 Deum
538 1781 585 1809 est
609 1776 714 1810 videre
739 1777 903 1819 ῑῃρῃιριῑῑ
931 1778 984 1810 :10²
1001 1778 1051 1810 dg-
1068 1764 1238 1824 {tidelicea
1252 1774 1390 1818 quolibet
1408 1785 1488 1808 anno
1507 1774 1537 1807 in
1554 1774 1702 1808 omnibus
1718 1779 1777 1807 οῐ5
1765 1775 1826 1806 5ἰο-

310 1837 414 1871 mum,
440 1839 496 1872 pos
484 1832 511 1862 st
534 1828 629 1862 xitam
663 1830 859 1863 sanctissime
884 1834 1047 1871 exactam,
1068 1827 1100 1855 ἰθ
1085 1827 1167 1869 ἶ,11Ιί5
1184 1827 1371 1867 cixitatibus,
1388 1827 1521 1871 oppidis
1539 1827 1631 1861 tertis
1649 1832 1675 1860 et
1690 1827 1776 1863 lotis
1795 1827 1825 1859 in

310 1881 576 1925 purissimamque
601 1883 720 1925 pompa
737 1883 873 1915 mirabili
893 1893 949 1927 per
969 1883 1050 1915 riam
1086 1881 1200 1924 quibus
1214 1881 1252 1913 ad
1266 1891 1416 1925 praesens
1430 1881 1563 1914 existunt
1579 1880 1729 1914 ecclcsiae
1742 1864 1827 1913 Ordi-

271 1945 280 1953 ·
310 1934 414 1978 palliis
428 1939 557 1968 stratam
571 1940 601 1968 et
613 1935 787 1969 innumeris
801 1946 964 1969 coruscam
979 1936 1053 1968 lam-
1069 1927 1070 1986 ζ
1086 1933 1133 1966 nis
1147 1934 1245 1977 ipsius
1263 1934 1360 1967 sancti
1375 1933 1532 1968 Benedicti
1550 1934 1826 1977 Congregationis²

310 1987 443 2030 pudibus
475 1998 599 2021 summo
628 1998 736 2021 rerum
761 1989 889 2022 Auctori
915 1989 1049 2022 coniun-
1069 1994 1070 2044 l
1087 1987 1319 2030 Hispaniarum,
1345 1987 1383 2020 ad
1408 1987 1505 2020 instar
1529 1988 1662 2020 aliarum
1679 1987 1717 2020 de
1737 1997 1827 2031 prae.-

312 2041 433 2085 gendus
456 2042 487 2074 in
511 2042 630 2075 caelum
655 2042 795 2086 migrans
823 2043 973 2076 efflaverit
990 2043 1053 2076 ani·
1069 2045 1070 2083 t
1087 2045 1176 2083 cepto
1186 2040 1342 2073 Ecclesiae
1353 2040 1824 2073 celebrandarumfestivitatum

313 2105 408 2136 mam;
425 2099 657 2140 proptereaque
675 2096 834 2130 comitissa
851 2101 880 2129 et
900 2096 1052 2136 marchio,
1087 2093 1244 2126 recolatur
1269 2099 1298 2127 et
1323 2094 1510 2134 celebretur,
1528 2095 1699 2138 apostolica
1724 2100 1827 2128 aucto-

314 2158 350 2181 ac
372 2149 498 2181 Maurus
514 2154 544 2181 et
563 2149 755 2207 Augustinus
778 2150 920 2193 praefati,
945 2160 1004 2193 pro
1024 2159 1053 2182 e·
1070 2156 1071 2199 ἦ
1087 2147 1187 2187 ritate,
1213 2152 1321 2180 tenore
1345 2148 1557 2191 praesentium
1582 2148 1802 2192 praecipimus.

314 2201 411 2235 ximio
435 2211 546 2235 eorum
570 2202 602 2234 in
623 2202 697 2236 tanti
715 2202 773 2235 viri
791 2203 986 2236 sanctitatem
1004 2201 1071 2249 de-{
1131 2200 1199 2243 {3-
1230 2200 1410 2234 Mandantes
1434 2207 1602 2245 propteiea
1626 2202 1772 2235 omnibus
1797 2207 1825 2234 et

315 2253 450 2287 votionis
463 2253 596 2295 affectu,
620 2255 793 2298 pluiimum
812 2255 938 2301 cupiant
954 2254 1071 2293 felicis
1070 2218 1217 2295 ¹singulis
1245 2254 1443 2297 patiiarchis,
1461 2255 1707 2298 archiepiscopis
1735 2258 1764 2288 et
1792 2266 1824 2287 c-

316 2309 382 2341 eius
405 2309 529 2342 animae
552 2310 699 2343 transitus
724 2309 818 2350 diem
836 2310 873 2342 ad
900 2310 1050 2343 maiorem
1069 2296 1236 2353 ¹piscopis,
1255 2308 1429 2351 ceterisque
1445 2309 1649 2342 ecclesiarum
1667 2308 1823 2352 praelatis,

315 2363 527 2408 praepotentis
551 2364 605 2397 Dei
630 2364 764 2408 gloriam
782 2374 818 2397 ac
838 2364 978 2398 fidelium
999 2364 1051 2397 de-
1069 2360 1143 2393 ‘sub
1168 2370 1303 2403 quorum
1329 2361 1545 2394 iurisdictione
1569 2361 1722 2405 spitituali
1748 2361 1823 2394 cixi-

1069 2418 1174 2457 ttates,
1199 2414 1331 2457 oppida,
1357 2420 1459 2447 te11ae
1490 2421 1518 2447 et
1551 2415 1619 2447 loca
1644 2414 1824 2447 huiusmodi

352 2462 363 2487 ¹
382 2460 504 2496 syntaxis
519 2461 709 2489 rectitudinem
723 2469 752 2488 ¹¹¹
768 2461 944 2497 sequentihus
959 2469 992 2488 ne
1008 2469 1054 2488 ex·
1070 2472 1071 2490 ¹
1088 2467 1255 2509 extiterint,
1272 2472 1306 2500 ut
1325 2473 1505 2512 praesentes
1521 2473 1609 2502 nostr
1612 2478 1644 2502 35
1662 2468 1694 2501 in
1707 2468 1825 2501 eisdem

315 2510 421 2549 pectes·,
437 2506 594 2534 viderentur
612 2506 759 2542 particulae
776 2506 849 2541 quod
868 2515 932 2534 cum
952 2506 1053 2534 redun-
1070 2505 1072 2530 ¹,

316 2551 381 2579 dare
398 2551 436 2585 (a.
448 2552 498 2582 Τ.).
535 2567 539 2571 -
1125 2550 1135 2575 1
1154 2548 1297 2584 Oporteret
1317 2557 1347 2575 ex
1367 2557 1441 2576 more
1455 2548 1532 2576 solito
1548 2549 1648 2577 addere
1664 2549 1826 2585 praedictos

350 2595 368 2622 2
386 2595 424 2622 Ad
440 2595 584 2631 syntaxim,
600 2595 687 2631 qualis
702 2599 781 2623 antea
795 2594 903 2631 legitur,
920 2599 1056 2631 oporteret
1071 2599 1072 2603 ’
1090 2594 1124 2628 (R.
1138 2594 1187 2627 T.).

317 2639 408 2668 delere
427 2640 562 2668 coniunct.
583 2647 615 2668 ac
633 2642 674 2674 (a.
686 2640 734 2675 rs).
1072 2637 1074 2645 ⁸
1125 2639 1141 2665 2
1156 2638 1222 2667 Male
1237 2639 1280 2666 ed.
1298 2638 1375 2667 Maia.
1389 2639 1452 2675 legit
1465 2640 1822 2676 Conyreyationum(ns-3.

1879 2209 2025 2235 Exequuiores

1841 2236 1935 2263 deputat.
