2248 3229
247 216 295 245 An.
317 217 347 245 c.
364 217 432 247 1634
476 210 542 245 400

273 601 302 621 De
327 603 374 621 voto
396 605 428 619 ca·

244 628 330 648 emaus.

444 273 500 312 put
523 272 638 312 tegant,
663 268 740 301 illud
756 268 903 301 nudaturi
924 268 1046 309 ordine,
1064 279 1128 312 quo
1147 269 1185 302 ad

445 322 593 361 chorum,
615 326 648 353 ut
672 331 777 364 supra,
803 321 935 354 articulo
964 321 1087 355 decimo
1112 322 1182 365 pri-

444 385 513 407 mae
532 374 638 417 partis.
653 374 799 407 Conversi
817 379 847 406 et
867 374 973 407 donati
992 375 1023 407 in
1041 377 1185 419 separata

446 429 550 460 mensa
568 427 704 467 sedeant,
718 437 775 460 nec
793 438 942 471 umquam
962 428 1086 461 clericis
1104 439 1186 462 com-

446 480 637 513 misceantur
661 480 692 512 in
718 481 896 523 refectorio⁷
923 491 979 515 nec
1005 482 1037 514 in
1062 492 1184 515 recrea-

445 533 592 566 tionibus.

488 585 547 618 Per
571 586 765 627 castitatem,
796 597 876 630 quae
908 593 954 620 est
983 588 1185 632 pulchritudo

444 638 587 679 animae,
612 640 780 683 coaequari
804 645 907 684 potest
939 640 1037 674 homo
1067 642 1186 685 angelis

445 692 567 726 sanctis.
577 692 679 731 Quare
696 694 862 727 hortamur
875 695 990 728 fratres
1005 698 1140 737 nostros,
1153 701 1186 728 ut

445 745 537 778 huius
562 746 722 789 angelicae
740 746 863 780 virtutis
879 748 1049 781 candorem
1069 758 1185 792 purum

445 803 475 831 et
499 798 782 833 incontaminatum
807 801 893 834 omni
919 801 1021 835 studio
1046 807 1185 843 servent,

445 857 559 895 atque,
584 850 641 885 ut¹
666 852 705 885 ab
730 853 815 886 omni
848 854 951 898 specie
982 854 1186 899 turpitudinis

445 905 628 948 longissime
653 906 766 939 remoti
797 906 878 948 sint,
904 908 1036 950 regulae
1059 913 1185 941 nostrae

444 960 524 992 bene
550 970 716 1002 memol'eS‚
733 961 988 995 conversationes
1009 962 1116 1002 malas,
1132 961 1185 995 sed

445 1012 580 1046 maxime
604 1014 803 1056 feminarum,
828 1014 937 1048 sedulo
966 1015 1113 1056 devitent,
1140 1025 1187 1049 so-

444 1066 611 1100 brietatem
635 1067 774 1109 vexant¹‚
789 1069 938 1102 castitatis
963 1069 1186 1112 praeservati-i-

445 1130 523 1161 cem,
544 1120 664 1162 colant,
689 1121 766 1154 nihil
791 1122 922 1155 omnino
946 1121 978 1154 in
998 1132 1063 1162 ore,
1082 1122 1185 1155 minus

444 1173 475 1206 in
500 1173 605 1214 corde,
629 1174 668 1206 ab
693 1176 729 1207 ea
753 1180 897 1208 versetur
921 1175 1071 1208 alienum.

488 1227 554 1266 Quo
587 1227 728 1260 securius
756 1227 815 1260 ssos
846 1228 898 1261 ille
926 1228 1098 1272 pudicitiae
1121 1228 1185 1262 sra-

444 1280 664 1324 grantissimus
685 1280 891 1314 intemeratus
915 1286 1070 1322 servetur,
1094 1292 1186 1315 num-

443 1344 537 1378 quam
563 1334 677 1367 sratres
701 1334 785 1367 foras
805 1334 895 1368 aliter
919 1345 1014 1379 quam
1034 1335 1100 1368 hini
1116 1346 1187 1379 pro-

444 1387 564 1428 cedant,
590 1388 746 1432 simulque
771 1394 860 1431 stent,
879 1394 919 1429 et,
944 1389 997 1421 ubi
1017 1389 1186 1423 necessitas

443 1441 623 1485 alloquendi
658 1441 807 1475 mulieres
842 1442 1038 1484 occurrerit,
1070 1443 1102 1476 id
1132 1442 1187 1476 fiat

443 1496 529 1529 socio
546 1495 679 1535 vidente,
696 1495 769 1529 licet
784 1506 847 1529 non
865 1496 1020 1538 audiente,
1037 1501 1067 1530 et
1079 1497 1186 1541 paucis

443 1548 644 1590 absolvatur,
669 1549 723 1582 sed
755 1553 884 1584 caveant
908 1550 1045 1587 maxime
1068 1560 1107 1583 ne
1135 1550 1186 1583 lit-

443 1607 526 1636 teras
551 1602 599 1636 vel
634 1603 820 1637 munuscula
851 1603 959 1637 furtim
992 1604 1040 1637 vel
1072 1603 1186 1638 crebro

445 1656 608 1701 accipiant,
633 1656 706 1700 quia
731 1657 844 1690 crebra
873 1657 1059 1691 munuscula
1083 1662 1113 1690 et
1136 1667 1186 1690 su-

444 1709 564 1743 dariola
598 1715 628 1743 et
664 1710 770 1743 dulces
802 1711 920 1744 litteras
946 1716 1072 1744 sanctus
1097 1721 1187 1744 amor

443 1772 507 1796 non
531 1763 633 1796 habet.
648 1762 797 1806 Urgente
822 1768 927 1796 tamen
952 1764 1058 1807 aliqua
1080 1774 1186 1797 neces-

445 1816 544 1857 sitate,
569 1816 685 1861 poterit
709 1827 805 1861 super
837 1817 1011 1861 dispensari
1025 1817 1044 1860 ⁸,
1070 1823 1104 1850 ut
1128 1817 1185 1851 soli

444 1870 564 1914 possint
588 1870 679 1902 mitti.

487 1923 664 1957 Castitatem
689 1933 774 1956 suam
801 1923 894 1956 etiam
927 1925 1060 1957 invicem
1086 1924 1186 1958 tanta⁴

444 1977 654 2011 sollicitudine
679 1977 877 2018 custodiant,
903 1978 1045 2022 adeoque
1076 1979 1108 2011 in
1140 1979 1185 2012 lo-

444 2031 594 2075 quutione
620 2030 681 2064 sint
700 2030 919 2075 circumspecti
946 2037 975 2064 et
999 2032 1029 2064 in
1047 2032 1186 2064 actibus⁵

444 2083 619 2127 compositi,
645 2089 679 2116 ut
703 2084 872 2127 pudicitiae
893 2090 1051 2118 amatores
1071 2085 1185 2118 sinceri

444 2137 591 2171 omnibus
608 2142 787 2181 appareant,
806 2148 864 2170 nec
884 2138 928 2171 eis
952 2139 1044 2171 liceat
1064 2144 1184 2182 partem

444 2191 586 2237 quamvis
611 2191 754 2235 corporis
779 2192 908 2224 alterius
938 2192 1043 2225 fratris
1068 2193 1184 2225 nudam

444 2250 589 2287 tangere,
614 2244 673 2277 nisi
699 2245 765 2277 eius
790 2244 954 2278 infirmitas
979 2245 1010 2278 id
1034 2247 1183 2289 postulet,

443 2308 482 2332 ne
506 2298 631 2342 quidem
657 2298 735 2330 alter
759 2299 892 2331 alterum
917 2299 986 2332 ioco
1003 2300 1183 2343 perfricari;

480 2361 490 2387 1
512 2360 582 2387 Edit.
599 2359 678 2387 Main.
695 2361 761 2395 legit
776 2362 819 2388 uli
834 2364 870 2393 (a.
887 2361 935 2395 T.).

478 2406 495 2432 2
517 2405 585 2437 Quid
609 2414 658 2441 pro
685 2409 791 2432 veneant
813 2406 959 2441 legendum
984 2407 1036 2441 sit,
1063 2407 1185 2434 aestimet

443 2450 528 2477 lector
543 2450 628 2483 scius;
645 2450 734 2477 forsan
750 2451 901 2478 verborum
915 2451 954 2478 vel
966 2452 1182 2487 vestium(n.·r.).

477 2495 494 2522 3
510 2494 580 2522 Edit.
597 2495 679 2522 Main.
697 2495 761 2530 legit
782 2496 960 2530 dispensare,
981 2497 1032 2523 hoc
1052 2504 1115 2523 casu
1136 2496 1183 2523 de-

444 2539 540 2566 buerat
553 2543 632 2566 antea
647 2540 700 2575 legi
714 2541 847 2574 superior
862 2548 908 2576 pro
923 2548 1009 2575 super
1024 2541 1063 2577 (a.
1081 2543 1129 2574 T.).

478 2585 496 2610 4
510 2584 556 2611 Vel
571 2586 670 2612 sancta
689 2586 731 2612 vel
747 2587 857 2613 attento
869 2594 917 2620 pro
929 2587 1010 2613 ιαηιᾶ
1026 2585 1077 2621 leg.
1090 2586 1182 2621 (mn).

479 2628 496 2654 5
506 2628 585 2663 Male,
598 2632 627 2656 ut
637 2633 711 2665 puto,
723 2630 835 2659 artibus
845 2630 910 2666 legit
922 2630 987 2658 edit.
999 2630 1181 2666 Main.(1’‚.'1'.).

1024 221 1205 247 BULLARIUM
1229 221 1384 248 ROMANUM

1218 274 1456 312 verumtamem,
1481 282 1552 305 cum
1578 271 1690 317 aliquis
1713 275 1847 309 fratrum
1871 285 1959 320 pere-

1219 333 1275 365 gre
1299 323 1424 357 recedet
1436 323 1456 365 ¹,
1481 329 1535 358 aut
1557 331 1743 369 revertetur,
1768 328 1855 362 illum
1881 330 1959 362 salu-

1219 381 1286 409 tare
1310 376 1416 410 licebit
1446 387 1503 421 per
1527 384 1667 412 mutuam
1693 391 1787 424 super
1813 383 1893 416 colla
1917 383 1960 416 in-

1220 429 1429 463 clinationem¹

1263 482 1431 527 Praecepta
1448 484 1529 518 beati
1553 486 1650 529 patris
1674 487 1773 519 nostri
1793 489 1958 531 Augustini

1219 535 1393 577 audiamus,
1407 541 1440 582 ¹et
1460 547 1497 571 eo
1517 537 1645 572 doctore
1656 544 1795 573 montem
1814 541 1960 574 obedien·

1220 587 1300 621 tiae²
1324 589 1560 631 concedamus³‚
1579 596 1609 624 et
1628 592 1714 636 quod
1729 593 1793 626 Deo
1818 593 1961 637 promisi-

1220 652 1290 674 mus
1313 643 1518 677 attendamus.
1544 645 1620 678 Cum
1651 646 1733 679 enim
1762 657 1819 681 nos
1851 647 1961 682 doceat

1219 693 1296 727 nihil
1317 695 1429 729 melius
1454 706 1522 730 esse
1546 697 1741 740 obedientia,
1765 699 1844 732 nihil
1868 700 1958 744 peius

1220 747 1452 789 inobedientia3
1477 754 1508 783 et
1539 751 1734 794 experientia
1759 758 1959 797 compertum

1220 800 1258 834 sit
1287 801 1497 836 obedIentiam
1531 804 1624 838 totius
1653 806 1844 839 monasticae
1880 807 1959 840 reli-

1220 853 1322 896 gionis
1345 855 1445 888 basim
1469 866 1547 897 esse,
1573 857 1640 890 eius
1665 868 1739 891 vero
1765 858 1958 892 eversionem

1219 908 1481 942 inobedientiam:
1502 910 1620 945 idcirco
1637 912 1832 953 mandamus,
1849 917 1884 946 ut
1901 913 1961 946 fra-

1220 965 1283 995 tres
1313 963 1433 1005 nostri,
1458 964 1511 1008 qui
1542 965 1711 1009 propriae‘
1735 966 1887 1000 voluntati
1911 977 1960 1000 re-

1219 1015 1384 1049 nunciasse
1402 1027 1465 1050 non
1487 1018 1644 1061 ignorant,
1665 1019 1729 1052 suis
1745 1019 1960 1064 superioribus

1219 1073 1379 1113 tamquam
1410 1070 1533 1105 Christo
1562 1072 1731 1115 obediant,
1764 1073 1835 1106 illos
1866 1073 1961 1107 etiam

1219 1122 1331 1155 humili
1355 1123 1450 1158 affatu
1474 1129 1504 1158 et
1527 1126 1725 1159 reverentiali
1754 1131 1844 1170 gestu
1868 1137 1961 1160 vene-

1219 1181 1338 1216 rentur,
1364 1182 1456 1221 atque
1488 1178 1571 1222 apud
1595 1180 1782 1224 semetipsos
1806 1185 1960 1222 statuant,

1220 1228 1278 1270 id⁵,
1302 1230 1386 1273 quod
1410 1232 1556 1275 superior
1579 1233 1754 1277 praecipit,
1779 1233 1877 1277 ipsius
1904 1233 1961 1267 Dei

1219 1288 1422 1327 praeceptum
1446 1289 1476 1318 et
1500 1285 1691 1319 voluntatem
1716 1296 1793 1328 esse,
1818 1287 1904 1320 iuxta
1928 1287 1963 1320 il-

1220 1335 1284 1376 lud,
1308 1337 1410 1370 Lucae
1433 1348 1465 1378 x,
1493 1338 1558 1378 Qui
1580 1350 1633 1372 vos
1657 1339 1752 1372 audit
1776 1350 1826 1373 me
1849 1340 1956 1375 audit.

1220 1388 1398 1433 Superioris
1428 1390 1526 1434 igitur
1550 1397 1718 1436 praecepta
1743 1394 1827 1426 tanta
1851 1393 1960 1427 celeri-

1221 1446 1281 1476 tate
1291 1441 1302 1459 ⁶
1319 1449 1350 1477 et
1366 1443 1526 1477 alacritate
1540 1445 1703 1478 confestim
1718 1452 1960 1490 prosequantur,

1220 1501 1264 1539 ut,
1285 1496 1430 1530 omnibus
1452 1498 1581 1539 relictis,
1599 1509 1637 1532 ne
1654 1499 1809 1532 litteram⁷
1833 1500 1961 1544 quidem

1221 1549 1398 1584 inchoatam
1419 1551 1583 1585 absolvere
1608 1552 1667 1586 sibi
1688 1553 1732 1586 fas
1752 1564 1820 1587 esse
1836 1553 1960 1587 ducant.

1265 1604 1436 1638 Hortamur
1459 1611 1640 1650 praeterea,
1665 1611 1699 1639 ut
1727 1606 1858 1640 liberam
1882 1607 1961 1641 adeo

1221 1657 1267 1690 sui
1282 1657 1427 1702 ipsorum
1444 1668 1635 1703 suarumque
1655 1660 1813 1694 actionum
1830 1660 1962 1705 disposi-

1220 1710 1338 1744 tionem
1363 1721 1434 1744 cum
1458 1714 1533 1745 vera
1557 1712 1736 1746 obedientia
1761 1718 1791 1746 et
1815 1713 1963 1758 simplici-

1220 1769 1282 1797 tate
1307 1765 1525 1809 superioribus
1550 1766 1745 1810 relinquant,
1770 1772 1804 1799 ut
1834 1767 1962 1801 intimos

1221 1829 1362 1862 quosque
1387 1824 1508 1860 motus,
1532 1821 1761 1864 propensiones
1785 1821 1960 1864 naturales,

1221 1872 1459 1916 impulsusque⁸
1481 1873 1657 1917 singulares
1671 1874 1757 1908 nullo
1769 1874 1863 1908 modo
1876 1875 1962 1918 igno-

1221 1930 1299 1967 rent,
1317 1925 1425 1969 eisque
1449 1926 1601 1970 quidquid
1626 1927 1664 1960 de
1691 1938 1772 1961 novo
1800 1928 1962 1971 agredian·

1222 1979 1294 2011 tur⁹
1311 1980 1546 2013 communicent
1562 1985 1592 2014 et
1607 1981 1760 2024 aperiant,
1781 1981 1847 2014 sine
1875 1991 1962 2016 aver-

1221 2032 1307 2065 sione
1332 2038 1384 2066 aut
1409 2033 1698 2075 contradictione¹⁰,
1722 2045 1761 2067 ne
1793 2035 1961 2079 proprium

1221 2085 1371 2119 iudicium
1396 2097 1506 2120 eorum
1537 2087 1652 2120 iudicio
1684 2088 1878 2122 contrarium
1906 2088 1961 2122 de-

1220 2144 1404 2172 monstrent.

1256 2230 1267 2256 1
1283 2228 1378 2256 Potius
1392 2228 1536 2263 legendum
1556 2228 1625 2256 foret
1639 2229 1715 2256 cedet
1728 2230 1769 2265 (n.
1787 2232 1834 2264 τ.).

1254 2273 1270 2300 2
1286 2273 1356 2302 Edit.
1373 2273 1452 2301 Main.
1470 2273 1552 2301 habet
1567 2275 1726 2302 obedientio
1742 2276 1778 2311 (R.
1793 2275 1842 2310 τ.).

1253 2318 1269 2345 3
1286 2318 1377 2345 Potius
1393 2318 1450 2353 lege
1465 2318 1688 2345 conscendamus
1703 2326 1742 2351 (n.
1763 2319 1809 2355 Τ.).

1253 2363 1268 2390 Δ,
1284 2363 1355 2390 Edit.
1370 2362 1449 2389 Main.
1466 2362 1529 2397 legit
1544 2364 1664 2398 proprie
1680 2364 1717 2396 (a.
1733 2364 1781 2396 T.).

1253 2407 1269 2435 5
1285 2407 1354 2434 Male
1370 2408 1434 2434 edit.
1452 2407 1531 2434 Main.
1549 2411 1581 2434 ut
1597 2416 1644 2443 pro
1659 2408 1691 2435 z'd
1706 2408 1771 2444 legit
1787 2409 1823 2444 (R.
1839 2410 1887 2442 Ti).

1253 2453 1269 2480 6
1285 2452 1355 2479 Edit.
1372 2451 1451 2479 Main.
1469 2452 1534 2488 legit
1549 2453 1714 2480 celebritate
1727 2454 1764 2488 (n.
1777 2455 1826 2488 T.).

1253 2497 1268 2523 7
1284 2497 1354 2524 Edit.
1370 2497 1449 2524 Main.
1467 2497 1532 2531 legit
1548 2498 1715 2526 litterarum
1731 2499 1770 2532 (n.
1781 2499 1831 2532 L).

1253 2541 1268 2568 8
1285 2541 1355 2569 Edit.
1372 2541 1452 2568 Main.
1469 2541 1533 2577 legit
1546 2542 1739 2577 impulsisque
1753 2543 1791 2577 (a.
1807 2543 1855 2576 τ.).

1252 2586 1268 2612 9
1285 2586 1354 2613 Edit.
1372 2586 1452 2613 Main.
1469 2586 1533 2622 legit
1548 2587 1736 2622 aeyreclialur
1750 2592 1786 2621 (R.
1801 2586 1851 2623 T.).

1254 2631 1286 2658 10
1301 2630 1403 2660 Forsan
1418 2630 1561 2667 legendum
1575 2639 1627 2660 nec
1642 2639 1691 2668 pro
1706 2639 1741 2659 ne
1756 2633 1793 2666 (a.
1809 2634 1857 2667 τ.).

1971 227 2021 257 An.
2043 228 2072 257 C.
2090 228 2158 257 1631

2002 503 2031 524 Da
2049 505 2096 524 voto
2108 504 2157 525 oho-

1976 529 2077 551 dienuae.
