<?xml version="1.0" encoding="UTF-8"?>
<!DOCTYPE html PUBLIC "-//W3C//DTD XHTML 1.0 Transitional//EN"
    "http://www.w3.org/TR/xhtml1/DTD/xhtml1-transitional.dtd">
<html xmlns="http://www.w3.org/1999/xhtml" xml:lang="en" lang="en">
 <head>
  <title>
</title>
<meta http-equiv="Content-Type" content="text/html;charset=utf-8" />
  <meta name='ocr-system' content='tesseract 3.04.00' />
  <meta name='ocr-capabilities' content='ocr_page ocr_carea ocr_par ocr_line ocrx_word'/>
</head>
<body>
  <div class='ocr_page' id='page_1' title='image "./bullarumdiplomat14cath_0811.png"; bbox 0 0 2248 3229; ppageno 0'>
   <div class='ocr_carea' id='block_1_1' title="bbox 63 240 252 270">
    <p class='ocr_par' dir='ltr' id='par_1_1' title="bbox 63 240 252 270">
     <span class='ocr_line' id='line_1_1' title="bbox 63 240 252 270; baseline -0.005 -1"><span class='ocrx_word' id='word_1_1' title='bbox 63 242 117 270; x_wconf 78' lang='lat' dir='ltr'>An.</span> <span class='ocrx_word' id='word_1_2' title='bbox 138 241 168 269; x_wconf 93' lang='lat' dir='ltr'>C.</span> <span class='ocrx_word' id='word_1_3' title='bbox 184 240 252 269; x_wconf 77' lang='lat'>¹639</span> 
     </span>
    </p>
   </div>
   <div class='ocr_carea' id='block_1_2' title="bbox 872 239 1164 265">
    <p class='ocr_par' dir='ltr' id='par_1_2' title="bbox 872 239 1164 265">
     <span class='ocr_line' id='line_1_2' title="bbox 872 239 1164 265; baseline -0.007 0"><span class='ocrx_word' id='word_1_4' title='bbox 872 240 1013 265; x_wconf 75' lang='lat' dir='ltr'>vnnANus</span> <span class='ocrx_word' id='word_1_5' title='bbox 1036 239 1093 264; x_wconf 74' lang='lat' dir='ltr'>vm</span> <span class='ocrx_word' id='word_1_6' title='bbox 1117 240 1164 264; x_wconf 72' lang='lat'>1³1¹.</span> 
     </span>
    </p>
   </div>
   <div class='ocr_carea' id='block_1_3' title="bbox 1687 226 1744 260">
    <p class='ocr_par' dir='ltr' id='par_1_3' title="bbox 1687 226 1744 260">
     <span class='ocr_line' id='line_1_3' title="bbox 1687 226 1744 260; baseline -0.035 0"><span class='ocrx_word' id='word_1_7' title='bbox 1687 226 1744 260; x_wconf 81' lang='lat'>701</span> 
     </span>
    </p>
   </div>
   <div class='ocr_carea' id='block_1_4' title="bbox 264 282 1777 333">
    <p class='ocr_par' dir='ltr' id='par_1_4' title="bbox 264 282 1777 333">
     <span class='ocr_line' id='line_1_4' title="bbox 264 282 1777 333; baseline -0.005 -12"><span class='ocrx_word' id='word_1_8' title='bbox 264 299 324 333; x_wconf 90' lang='lat' dir='ltr'>que</span> <span class='ocrx_word' id='word_1_9' title='bbox 349 288 485 333; x_wconf 89' lang='lat' dir='ltr'>desuper</span> <span class='ocrx_word' id='word_1_10' title='bbox 505 288 589 322; x_wconf 89' lang='lat' dir='ltr'>initis</span> <span class='ocrx_word' id='word_1_11' title='bbox 606 288 789 329; x_wconf 86' lang='lat' dir='ltr'>rationibus,</span> <span class='ocrx_word' id='word_1_12' title='bbox 811 299 936 322; x_wconf 88' lang='lat' dir='ltr'>omnem</span> <span class='ocrx_word' id='word_1_13' title='bbox 957 299 1007 321; x_wconf 87' lang='lat' dir='ltr'>eo-</span> <span class='ocrx_word' id='word_1_14' title='bbox 1039 293 1087 320; x_wconf 88' lang='lat' dir='ltr'>tus</span> <span class='ocrx_word' id='word_1_15' title='bbox 1117 298 1151 320; x_wconf 90' lang='lat' dir='ltr'>ac</span> <span class='ocrx_word' id='word_1_16' title='bbox 1176 287 1323 331; x_wconf 69' lang='lat' dir='ltr'>syndicus</span> <span class='ocrx_word' id='word_1_17' title='bbox 1347 291 1377 319; x_wconf 88' lang='lat' dir='ltr'>ct</span> <span class='ocrx_word' id='word_1_18' title='bbox 1407 290 1594 330; x_wconf 89' lang='lat' dir='ltr'>procurator</span> <span class='ocrx_word' id='word_1_19' title='bbox 1627 282 1777 327; x_wconf 85' lang='lat' dir='ltr'>praedicti</span> 
     </span>
    </p>
   </div>
   <div class='ocr_carea' id='block_1_5' title="bbox 264 342 1005 385">
    <p class='ocr_par' dir='ltr' id='par_1_5' title="bbox 264 342 1005 385">
     <span class='ocr_line' id='line_1_5' title="bbox 264 342 1005 385; baseline 0 -11"><span class='ocrx_word' id='word_1_20' title='bbox 264 352 334 374; x_wconf 90' lang='lat' dir='ltr'>rum</span> <span class='ocrx_word' id='word_1_21' title='bbox 348 352 478 385; x_wconf 90' lang='lat' dir='ltr'>operam</span> <span class='ocrx_word' id='word_1_22' title='bbox 493 342 693 385; x_wconf 69' lang='lat' dir='ltr'>studiumque</span> <span class='ocrx_word' id='word_1_23' title='bbox 711 342 931 382; x_wconf 87' lang='lat' dir='ltr'>contulissent,</span> <span class='ocrx_word' id='word_1_24' title='bbox 949 352 1005 374; x_wconf 91' lang='lat' dir='ltr'>nec</span> 
     </span>
    </p>
   </div>
   <div class='ocr_carea' id='block_1_6' title="bbox 265 395 1023 439">
    <p class='ocr_par' dir='ltr' id='par_1_6' title="bbox 265 395 1023 439">
     <span class='ocr_line' id='line_1_6' title="bbox 265 395 1023 439; baseline -0.001 -11"><span class='ocrx_word' id='word_1_25' title='bbox 265 395 486 439; x_wconf 75' lang='lat' dir='ltr'>opportuniori</span> <span class='ocrx_word' id='word_1_26' title='bbox 523 395 755 439; x_wconf 86' lang='lat' dir='ltr'>etlicaciorique</span> <span class='ocrx_word' id='word_1_27' title='bbox 793 395 875 428; x_wconf 89' lang='lat' dir='ltr'>aeris</span> <span class='ocrx_word' id='word_1_28' title='bbox 913 395 1023 427; x_wconf 46' lang='lat' dir='ltr'>alieni¹</span> 
     </span>
    </p>
   </div>
   <div class='ocr_carea' id='block_1_7' title="bbox 265 449 1010 2570">
    <p class='ocr_par' dir='ltr' id='par_1_7' title="bbox 265 449 1010 2570">
     <span class='ocr_line' id='line_1_7' title="bbox 265 449 1006 493; baseline 0.003 -13"><span class='ocrx_word' id='word_1_29' title='bbox 265 449 445 482; x_wconf 82' lang='lat' dir='ltr'>huiusmodi</span> <span class='ocrx_word' id='word_1_30' title='bbox 470 449 690 482; x_wconf 74' lang='lat' dir='ltr'>extinctionem</span> <span class='ocrx_word' id='word_1_31' title='bbox 721 460 815 493; x_wconf 90' lang='lat' dir='ltr'>quam</span> <span class='ocrx_word' id='word_1_32' title='bbox 846 449 1006 482; x_wconf 76' lang='lat' dir='ltr'>infrascri-</span> 
     </span>
     <span class='ocr_line' id='line_1_8' title="bbox 265 501 1006 546; baseline 0 -12"><span class='ocrx_word' id='word_1_33' title='bbox 265 507 318 544; x_wconf 88' lang='lat' dir='ltr'>pto</span> <span class='ocrx_word' id='word_1_34' title='bbox 343 501 437 535; x_wconf 88' lang='lat' dir='ltr'>modo</span> <span class='ocrx_word' id='word_1_35' title='bbox 462 501 530 534; x_wconf 85' lang='lat' dir='ltr'>fieri</span> <span class='ocrx_word' id='word_1_36' title='bbox 563 502 808 546; x_wconf 85' lang='lat' dir='ltr'>comperissent;</span> <span class='ocrx_word' id='word_1_37' title='bbox 833 507 1006 535; x_wconf 88' lang='lat' dir='ltr'>convocato</span> 
     </span>
     <span class='ocr_line' id='line_1_9' title="bbox 266 554 1006 599; baseline 0.001 -13"><span class='ocrx_word' id='word_1_38' title='bbox 266 554 434 598; x_wconf 82' lang='lat' dir='ltr'>habitoque</span> <span class='ocrx_word' id='word_1_39' title='bbox 460 565 555 598; x_wconf 87' lang='lat' dir='ltr'>super</span> <span class='ocrx_word' id='word_1_40' title='bbox 590 555 772 599; x_wconf 73' lang='lat' dir='ltr'>praemissis</span> <span class='ocrx_word' id='word_1_41' title='bbox 796 566 878 588; x_wconf 88' lang='lat' dir='ltr'>novo</span> <span class='ocrx_word' id='word_1_42' title='bbox 902 555 1006 588; x_wconf 89' lang='lat' dir='ltr'>consi-</span> 
     </span>
     <span class='ocr_line' id='line_1_10' title="bbox 266 607 1004 651; baseline 0.001 -12"><span class='ocrx_word' id='word_1_43' title='bbox 266 607 317 646; x_wconf 91' lang='lat' dir='ltr'>lio,</span> <span class='ocrx_word' id='word_1_44' title='bbox 330 617 424 640; x_wconf 90' lang='lat' dir='ltr'>unam</span> <span class='ocrx_word' id='word_1_45' title='bbox 450 609 604 650; x_wconf 79' lang='lat' dir='ltr'>gabellam</span> <span class='ocrx_word' id='word_1_46' title='bbox 623 609 805 651; x_wconf 73' lang='lat' dir='ltr'>trigintascx</span> <span class='ocrx_word' id='word_1_47' title='bbox 825 613 1004 642; x_wconf 86' lang='lat' dir='ltr'>tarenorum</span> 
     </span>
     <span class='ocr_line' id='line_1_11' title="bbox 267 661 1006 705; baseline 0.003 -14"><span class='ocrx_word' id='word_1_48' title='bbox 267 666 410 693; x_wconf 87' lang='lat' dir='ltr'>monetae</span> <span class='ocrx_word' id='word_1_49' title='bbox 446 661 571 694; x_wconf 89' lang='lat' dir='ltr'>illarum</span> <span class='ocrx_word' id='word_1_50' title='bbox 605 662 742 705; x_wconf 88' lang='lat' dir='ltr'>partium</span> <span class='ocrx_word' id='word_1_51' title='bbox 777 672 835 705; x_wconf 93' lang='lat' dir='ltr'>pro</span> <span class='ocrx_word' id='word_1_52' title='bbox 866 661 1006 705; x_wconf 89' lang='lat' dir='ltr'>quolibet</span> 
     </span>
     <span class='ocr_line' id='line_1_12' title="bbox 265 713 1006 759; baseline 0.003 -15"><span class='ocrx_word' id='word_1_53' title='bbox 265 713 350 747; x_wconf 92' lang='lat' dir='ltr'>dolio</span> <span class='ocrx_word' id='word_1_54' title='bbox 361 714 423 747; x_wconf 90' lang='lat' dir='ltr'>vini</span> <span class='ocrx_word' id='word_1_55' title='bbox 439 715 467 746; x_wconf 89' lang='lat' dir='ltr'>in</span> <span class='ocrx_word' id='word_1_56' title='bbox 483 715 580 758; x_wconf 88' lang='lat' dir='ltr'>ipsam</span> <span class='ocrx_word' id='word_1_57' title='bbox 596 715 752 748; x_wconf 87' lang='lat' dir='ltr'>civitatem</span> <span class='ocrx_word' id='word_1_58' title='bbox 766 714 1006 759; x_wconf 75' lang='lat' dir='ltr'>quomodolibet</span> 
     </span>
     <span class='ocr_line' id='line_1_13' title="bbox 266 767 1006 807; baseline 0.003 -9"><span class='ocrx_word' id='word_1_59' title='bbox 266 767 503 807; x_wconf 76' lang='lat' dir='ltr'>introducendi,</span> <span class='ocrx_word' id='word_1_60' title='bbox 527 778 562 800; x_wconf 89' lang='lat' dir='ltr'>ae</span> <span class='ocrx_word' id='word_1_61' title='bbox 594 768 633 800; x_wconf 91' lang='lat' dir='ltr'>ab</span> <span class='ocrx_word' id='word_1_62' title='bbox 659 769 768 801; x_wconf 89' lang='lat' dir='ltr'>incolis</span> <span class='ocrx_word' id='word_1_63' title='bbox 793 773 821 800; x_wconf 92' lang='lat' dir='ltr'>et</span> <span class='ocrx_word' id='word_1_64' title='bbox 855 768 1006 801; x_wconf 88' lang='lat' dir='ltr'>habitato-</span> 
     </span>
     <span class='ocr_line' id='line_1_14' title="bbox 266 819 1006 864; baseline 0 -13"><span class='ocrx_word' id='word_1_65' title='bbox 266 819 353 852; x_wconf 90' lang='lat' dir='ltr'>ribus</span> <span class='ocrx_word' id='word_1_66' title='bbox 377 820 476 854; x_wconf 87' lang='lat' dir='ltr'>dictae</span> <span class='ocrx_word' id='word_1_67' title='bbox 494 821 626 853; x_wconf 84' lang='lat' dir='ltr'>civitatis</span> <span class='ocrx_word' id='word_1_68' title='bbox 642 825 670 855; x_wconf 90' lang='lat' dir='ltr'>et</span> <span class='ocrx_word' id='word_1_69' title='bbox 687 821 837 854; x_wconf 76' lang='lat' dir='ltr'>circuitus</span> <span class='ocrx_word' id='word_1_70' title='bbox 855 821 936 853; x_wconf 88' lang='lat' dir='ltr'>illius</span> <span class='ocrx_word' id='word_1_71' title='bbox 950 831 1006 864; x_wconf 87' lang='lat' dir='ltr'>per</span> 
     </span>
     <span class='ocr_line' id='line_1_15' title="bbox 267 873 1006 906; baseline 0 -1"><span class='ocrx_word' id='word_1_72' title='bbox 267 883 362 905; x_wconf 93' lang='lat' dir='ltr'>unum</span> <span class='ocrx_word' id='word_1_73' title='bbox 388 873 522 906; x_wconf 89' lang='lat' dir='ltr'>milliare</span> <span class='ocrx_word' id='word_1_74' title='bbox 549 874 756 906; x_wconf 80' lang='lat' dir='ltr'>circumcirca</span> <span class='ocrx_word' id='word_1_75' title='bbox 781 873 933 906; x_wconf 87' lang='lat' dir='ltr'>vendendi</span> <span class='ocrx_word' id='word_1_76' title='bbox 951 883 1006 906; x_wconf 80' lang='lat' dir='ltr'>seu</span> 
     </span>
     <span class='ocr_line' id='line_1_16' title="bbox 265 926 1002 970; baseline 0 -12"><span class='ocrx_word' id='word_1_77' title='bbox 265 926 482 966; x_wconf 85' lang='lat' dir='ltr'>consumendi,</span> <span class='ocrx_word' id='word_1_78' title='bbox 499 927 537 960; x_wconf 90' lang='lat' dir='ltr'>ad</span> <span class='ocrx_word' id='word_1_79' title='bbox 563 937 718 959; x_wconf 84' lang='lat' dir='ltr'>summam</span> <span class='ocrx_word' id='word_1_80' title='bbox 743 927 913 970; x_wconf 72' lang='lat' dir='ltr'>nonaginta</span> <span class='ocrx_word' id='word_1_81' title='bbox 939 926 1002 958; x_wconf 86' lang='lat' dir='ltr'>cir-</span> 
     </span>
     <span class='ocr_line' id='line_1_17' title="bbox 265 979 1006 1022; baseline -0.001 -12"><span class='ocrx_word' id='word_1_82' title='bbox 265 979 343 1011; x_wconf 83' lang='lat' dir='ltr'>citer</span> <span class='ocrx_word' id='word_1_83' title='bbox 373 980 506 1012; x_wconf 85' lang='lat' dir='ltr'>millium</span> <span class='ocrx_word' id='word_1_84' title='bbox 539 986 701 1013; x_wconf 82' lang='lat' dir='ltr'>scutorum</span> <span class='ocrx_word' id='word_1_85' title='bbox 731 990 840 1012; x_wconf 90' lang='lat' dir='ltr'>eorum</span> <span class='ocrx_word' id='word_1_86' title='bbox 871 979 1006 1022; x_wconf 83' lang='lat' dir='ltr'>amplius</span> 
     </span>
     <span class='ocr_line' id='line_1_18' title="bbox 265 1031 1006 1075; baseline 0 -12"><span class='ocrx_word' id='word_1_87' title='bbox 265 1033 426 1065; x_wconf 77' lang='lat' dir='ltr'>annuatim</span> <span class='ocrx_word' id='word_1_88' title='bbox 452 1033 670 1066; x_wconf 84' lang='lat' dir='ltr'>ascendentem</span> <span class='ocrx_word' id='word_1_89' title='bbox 686 1060 693 1073; x_wconf 88' lang='lat'>,</span> <span class='ocrx_word' id='word_1_90' title='bbox 725 1038 754 1065; x_wconf 91' lang='lat' dir='ltr'>et</span> <span class='ocrx_word' id='word_1_91' title='bbox 779 1031 963 1075; x_wconf 79' lang='lat' dir='ltr'>exigendam</span> <span class='ocrx_word' id='word_1_92' title='bbox 990 1041 1006 1064; x_wconf 91' lang='lat' dir='ltr'>a</span> 
     </span>
     <span class='ocr_line' id='line_1_19' title="bbox 265 1084 1004 1129; baseline 0 -13"><span class='ocrx_word' id='word_1_93' title='bbox 265 1084 314 1117; x_wconf 90' lang='lat' dir='ltr'>die</span> <span class='ocrx_word' id='word_1_94' title='bbox 331 1086 569 1129; x_wconf 79' lang='lat' dir='ltr'>approbationis</span> <span class='ocrx_word' id='word_1_95' title='bbox 587 1086 651 1119; x_wconf 84' lang='lat' dir='ltr'>sive</span> <span class='ocrx_word' id='word_1_96' title='bbox 668 1086 916 1118; x_wconf 82' lang='lat' dir='ltr'>confirmationis</span> <span class='ocrx_word' id='word_1_97' title='bbox 934 1085 1004 1118; x_wconf 91' lang='lat' dir='ltr'>novi</span> 
     </span>
     <span class='ocr_line' id='line_1_20' title="bbox 265 1137 1005 1182; baseline 0 -13"><span class='ocrx_word' id='word_1_98' title='bbox 265 1138 386 1170; x_wconf 81' lang='lat' dir='ltr'>consilii</span> <span class='ocrx_word' id='word_1_99' title='bbox 414 1138 590 1171; x_wconf 85' lang='lat' dir='ltr'>huiusmodi</span> <span class='ocrx_word' id='word_1_100' title='bbox 612 1149 668 1182; x_wconf 83' lang='lat' dir='ltr'>per</span> <span class='ocrx_word' id='word_1_101' title='bbox 689 1148 857 1182; x_wconf 76' lang='lat' dir='ltr'>proregem</span> <span class='ocrx_word' id='word_1_102' title='bbox 882 1137 1005 1170; x_wconf 67' lang='lat' dir='ltr'>Siciliae</span> 
     </span>
     <span class='ocr_line' id='line_1_21' title="bbox 265 1191 1003 1235; baseline -0.003 -12"><span class='ocrx_word' id='word_1_103' title='bbox 265 1191 329 1223; x_wconf 82' lang='lat' dir='ltr'>sive</span> <span class='ocrx_word' id='word_1_104' title='bbox 354 1192 420 1224; x_wconf 84' lang='lat' dir='ltr'>eius</span> <span class='ocrx_word' id='word_1_105' title='bbox 445 1192 607 1224; x_wconf 83' lang='lat' dir='ltr'>ministros</span> <span class='ocrx_word' id='word_1_106' title='bbox 632 1191 819 1233; x_wconf 71' lang='lat' dir='ltr'>saciendae‘,</span> <span class='ocrx_word' id='word_1_107' title='bbox 841 1192 1003 1235; x_wconf 84' lang='lat' dir='ltr'>imposue-</span> 
     </span>
     <span class='ocr_line' id='line_1_22' title="bbox 266 1245 1006 1289; baseline -0.001 -12"><span class='ocrx_word' id='word_1_108' title='bbox 266 1250 356 1283; x_wconf 88' lang='lat' dir='ltr'>runt;</span> <span class='ocrx_word' id='word_1_109' title='bbox 375 1245 405 1277; x_wconf 91' lang='lat' dir='ltr'>in</span> <span class='ocrx_word' id='word_1_110' title='bbox 425 1256 486 1289; x_wconf 87' lang='lat' dir='ltr'>qua</span> <span class='ocrx_word' id='word_1_111' title='bbox 502 1245 629 1289; x_wconf 85' lang='lat' dir='ltr'>quidem</span> <span class='ocrx_word' id='word_1_112' title='bbox 659 1245 860 1289; x_wconf 73' lang='lat' dir='ltr'>impositione</span> <span class='ocrx_word' id='word_1_113' title='bbox 881 1250 1006 1278; x_wconf 86' lang='lat' dir='ltr'>senatus</span> 
     </span>
     <span class='ocr_line' id='line_1_23' title="bbox 265 1299 1007 1343; baseline 0.001 -13"><span class='ocrx_word' id='word_1_114' title='bbox 265 1309 301 1331; x_wconf 89' lang='lat' dir='ltr'>ac</span> <span class='ocrx_word' id='word_1_115' title='bbox 325 1299 471 1343; x_wconf 65' lang='lat' dir='ltr'>syndicus</span> <span class='ocrx_word' id='word_1_116' title='bbox 495 1303 525 1333; x_wconf 90' lang='lat' dir='ltr'>et</span> <span class='ocrx_word' id='word_1_117' title='bbox 549 1305 738 1343; x_wconf 87' lang='lat' dir='ltr'>procurator</span> <span class='ocrx_word' id='word_1_118' title='bbox 762 1299 913 1342; x_wconf 89' lang='lat' dir='ltr'>praedicti</span> <span class='ocrx_word' id='word_1_119' title='bbox 939 1310 1007 1342; x_wconf 84' lang='lat' dir='ltr'>pcr-</span> 
     </span>
     <span class='ocr_line' id='line_1_24' title="bbox 265 1352 1007 1395; baseline 0.003 -13"><span class='ocrx_word' id='word_1_120' title='bbox 265 1361 357 1384; x_wconf 84' lang='lat' dir='ltr'>sonas</span> <span class='ocrx_word' id='word_1_121' title='bbox 383 1352 609 1385; x_wconf 86' lang='lat' dir='ltr'>ecclesiasticas</span> <span class='ocrx_word' id='word_1_122' title='bbox 634 1353 720 1385; x_wconf 92' lang='lat' dir='ltr'>nullo</span> <span class='ocrx_word' id='word_1_123' title='bbox 745 1352 839 1386; x_wconf 88' lang='lat' dir='ltr'>modo</span> <span class='ocrx_word' id='word_1_124' title='bbox 864 1362 1007 1395; x_wconf 90' lang='lat' dir='ltr'>compre-</span> 
     </span>
     <span class='ocr_line' id='line_1_25' title="bbox 265 1405 1006 1449; baseline 0.001 -12"><span class='ocrx_word' id='word_1_125' title='bbox 265 1405 452 1445; x_wconf 81' lang='lat' dir='ltr'>henderunt,</span> <span class='ocrx_word' id='word_1_126' title='bbox 467 1405 525 1437; x_wconf 91' lang='lat' dir='ltr'>nisi</span> <span class='ocrx_word' id='word_1_127' title='bbox 543 1405 659 1438; x_wconf 87' lang='lat' dir='ltr'>eisdem</span> <span class='ocrx_word' id='word_1_128' title='bbox 679 1405 818 1438; x_wconf 74' lang='lat' dir='ltr'>sonatni²</span> <span class='ocrx_word' id='word_1_129' title='bbox 831 1412 859 1438; x_wconf 84' lang='lat' dir='ltr'>et</span> <span class='ocrx_word' id='word_1_130' title='bbox 878 1405 1006 1449; x_wconf 59' lang='lat' dir='ltr'>syndico</span> 
     </span>
     <span class='ocr_line' id='line_1_26' title="bbox 265 1458 1007 1502; baseline 0.001 -13"><span class='ocrx_word' id='word_1_131' title='bbox 265 1468 300 1490; x_wconf 86' lang='lat' dir='ltr'>ac</span> <span class='ocrx_word' id='word_1_132' title='bbox 326 1458 525 1500; x_wconf 86' lang='lat' dir='ltr'>procuratori</span> <span class='ocrx_word' id='word_1_133' title='bbox 551 1458 676 1491; x_wconf 88' lang='lat' dir='ltr'>easdem</span> <span class='ocrx_word' id='word_1_134' title='bbox 694 1468 846 1502; x_wconf 83' lang='lat' dir='ltr'>personas</span> <span class='ocrx_word' id='word_1_135' title='bbox 865 1468 1007 1501; x_wconf 90' lang='lat' dir='ltr'>compre-</span> 
     </span>
     <span class='ocr_line' id='line_1_27' title="bbox 266 1510 1006 1544; baseline 0.001 -3"><span class='ocrx_word' id='word_1_136' title='bbox 266 1510 421 1543; x_wconf 83' lang='lat' dir='ltr'>hendendi</span> <span class='ocrx_word' id='word_1_137' title='bbox 448 1522 465 1543; x_wconf 91' lang='lat' dir='ltr'>a</span> <span class='ocrx_word' id='word_1_138' title='bbox 490 1511 582 1544; x_wconf 88' lang='lat' dir='ltr'>nobis</span> <span class='ocrx_word' id='word_1_139' title='bbox 603 1517 633 1544; x_wconf 90' lang='lat' dir='ltr'>et</span> <span class='ocrx_word' id='word_1_140' title='bbox 656 1511 713 1544; x_wconf 79' lang='lat' dir='ltr'>liae</span> <span class='ocrx_word' id='word_1_141' title='bbox 738 1511 849 1543; x_wconf 78' lang='lat' dir='ltr'>Sancta</span> <span class='ocrx_word' id='word_1_142' title='bbox 867 1510 946 1544; x_wconf 83' lang='lat' dir='ltr'>Sede</span> <span class='ocrx_word' id='word_1_143' title='bbox 967 1511 1006 1542; x_wconf 84' lang='lat' dir='ltr'>sa-</span> 
     </span>
     <span class='ocr_line' id='line_1_28' title="bbox 265 1563 1006 1597; baseline 0 -2"><span class='ocrx_word' id='word_1_144' title='bbox 265 1563 365 1595; x_wconf 85' lang='lat' dir='ltr'>cultas</span> <span class='ocrx_word' id='word_1_145' title='bbox 389 1564 618 1597; x_wconf 81' lang='lat' dir='ltr'>concederetur</span> <span class='ocrx_word' id='word_1_146' title='bbox 651 1564 734 1596; x_wconf 81' lang='lat' dir='ltr'>iuxta</span> <span class='ocrx_word' id='word_1_147' title='bbox 766 1574 928 1597; x_wconf 88' lang='lat' dir='ltr'>sacrorum</span> <span class='ocrx_word' id='word_1_148' title='bbox 954 1574 1006 1596; x_wconf 90' lang='lat' dir='ltr'>ca-</span> 
     </span>
     <span class='ocr_line' id='line_1_29' title="bbox 265 1617 1007 1661; baseline 0.001 -13"><span class='ocrx_word' id='word_1_149' title='bbox 265 1626 383 1649; x_wconf 89' lang='lat' dir='ltr'>nonum</span> <span class='ocrx_word' id='word_1_150' title='bbox 418 1617 679 1661; x_wconf 80' lang='lat' dir='ltr'>dispositionem,</span> <span class='ocrx_word' id='word_1_151' title='bbox 705 1617 941 1651; x_wconf 80' lang='lat' dir='ltr'>remanentibus</span> <span class='ocrx_word' id='word_1_152' title='bbox 976 1617 1007 1649; x_wconf 91' lang='lat' dir='ltr'>in</span> 
     </span>
     <span class='ocr_line' id='line_1_30' title="bbox 266 1670 1007 1715; baseline 0 -13"><span class='ocrx_word' id='word_1_153' title='bbox 266 1670 324 1703; x_wconf 82' lang='lat' dir='ltr'>lioc</span> <span class='ocrx_word' id='word_1_154' title='bbox 349 1681 423 1704; x_wconf 90' lang='lat' dir='ltr'>casu</span> <span class='ocrx_word' id='word_1_155' title='bbox 447 1671 591 1715; x_wconf 88' lang='lat' dir='ltr'>personis</span> <span class='ocrx_word' id='word_1_156' title='bbox 616 1671 836 1705; x_wconf 87' lang='lat' dir='ltr'>ecclesiasticis</span> <span class='ocrx_word' id='word_1_157' title='bbox 860 1670 1007 1714; x_wconf 82' lang='lat' dir='ltr'>praefatis</span> 
     </span>
     <span class='ocr_line' id='line_1_31' title="bbox 266 1724 1006 1769; baseline 0 -13"><span class='ocrx_word' id='word_1_158' title='bbox 266 1724 395 1766; x_wconf 88' lang='lat' dir='ltr'>liberis,</span> <span class='ocrx_word' id='word_1_159' title='bbox 421 1724 677 1769; x_wconf 87' lang='lat' dir='ltr'>immunibusquc</span> <span class='ocrx_word' id='word_1_160' title='bbox 707 1729 738 1759; x_wconf 90' lang='lat' dir='ltr'>ct</span> <span class='ocrx_word' id='word_1_161' title='bbox 769 1724 923 1768; x_wconf 84' lang='lat' dir='ltr'>exemptis</span> <span class='ocrx_word' id='word_1_162' title='bbox 946 1734 1006 1767; x_wconf 90' lang='lat' dir='ltr'>pro</span> 
     </span>
     <span class='ocr_line' id='line_1_32' title="bbox 265 1777 1007 1822; baseline 0.003 -14"><span class='ocrx_word' id='word_1_163' title='bbox 265 1778 437 1820; x_wconf 87' lang='lat' dir='ltr'>quantitate</span> <span class='ocrx_word' id='word_1_164' title='bbox 462 1778 535 1818; x_wconf 87' lang='lat' dir='ltr'>vini,</span> <span class='ocrx_word' id='word_1_165' title='bbox 555 1788 650 1822; x_wconf 87' lang='lat' dir='ltr'>quam</span> <span class='ocrx_word' id='word_1_166' title='bbox 682 1788 740 1822; x_wconf 89' lang='lat' dir='ltr'>pro</span> <span class='ocrx_word' id='word_1_167' title='bbox 769 1778 833 1811; x_wconf 86' lang='lat' dir='ltr'>suis</span> <span class='ocrx_word' id='word_1_168' title='bbox 864 1783 894 1811; x_wconf 88' lang='lat' dir='ltr'>et</span> <span class='ocrx_word' id='word_1_169' title='bbox 919 1777 1007 1810; x_wconf 84' lang='lat' dir='ltr'>sami-</span> 
     </span>
     <span class='ocr_line' id='line_1_33' title="bbox 267 1831 1008 1871; baseline 0.003 -9"><span class='ocrx_word' id='word_1_170' title='bbox 267 1831 379 1863; x_wconf 90' lang='lat' dir='ltr'>liarum</span> <span class='ocrx_word' id='word_1_171' title='bbox 404 1841 532 1864; x_wconf 91' lang='lat' dir='ltr'>suarum</span> <span class='ocrx_word' id='word_1_172' title='bbox 565 1831 673 1864; x_wconf 91' lang='lat' dir='ltr'>usibus</span> <span class='ocrx_word' id='word_1_173' title='bbox 705 1837 945 1871; x_wconf 86' lang='lat' dir='ltr'>consumerent;</span> <span class='ocrx_word' id='word_1_174' title='bbox 978 1834 1008 1864; x_wconf 89' lang='lat' dir='ltr'>et</span> 
     </span>
     <span class='ocr_line' id='line_1_34' title="bbox 266 1883 1008 1928; baseline 0.003 -14"><span class='ocrx_word' id='word_1_175' title='bbox 266 1883 359 1915; x_wconf 79' lang='lat' dir='ltr'>liuius</span> <span class='ocrx_word' id='word_1_176' title='bbox 383 1884 591 1928; x_wconf 76' lang='lat' dir='ltr'>exemptionis</span> <span class='ocrx_word' id='word_1_177' title='bbox 611 1884 676 1917; x_wconf 90' lang='lat' dir='ltr'>sive</span> <span class='ocrx_word' id='word_1_178' title='bbox 704 1883 910 1917; x_wconf 89' lang='lat' dir='ltr'>immunitatis</span> <span class='ocrx_word' id='word_1_179' title='bbox 927 1884 1008 1917; x_wconf 89' lang='lat' dir='ltr'>solu-</span> 
     </span>
     <span class='ocr_line' id='line_1_35' title="bbox 267 1937 1008 1981; baseline 0.001 -13"><span class='ocrx_word' id='word_1_180' title='bbox 267 1937 309 1969; x_wconf 93' lang='lat' dir='ltr'>tio</span> <span class='ocrx_word' id='word_1_181' title='bbox 334 1937 397 1969; x_wconf 91' lang='lat' dir='ltr'>sivc</span> <span class='ocrx_word' id='word_1_182' title='bbox 418 1938 588 1970; x_wconf 78' lang='lat' dir='ltr'>satisfactio</span> <span class='ocrx_word' id='word_1_183' title='bbox 613 1937 757 1981; x_wconf 88' lang='lat' dir='ltr'>personis</span> <span class='ocrx_word' id='word_1_184' title='bbox 788 1937 1008 1970; x_wconf 88' lang='lat' dir='ltr'>ecelesiasticis</span> 
     </span>
     <span class='ocr_line' id='line_1_36' title="bbox 266 1990 1006 2034; baseline 0 -12"><span class='ocrx_word' id='word_1_185' title='bbox 266 1990 434 2033; x_wconf 84' lang='lat' dir='ltr'>praedictis</span> <span class='ocrx_word' id='word_1_186' title='bbox 456 2001 513 2034; x_wconf 91' lang='lat' dir='ltr'>per</span> <span class='ocrx_word' id='word_1_187' title='bbox 538 1990 665 2024; x_wconf 85' lang='lat' dir='ltr'>eosdem</span> <span class='ocrx_word' id='word_1_188' title='bbox 698 1995 840 2023; x_wconf 86' lang='lat' dir='ltr'>senatum</span> <span class='ocrx_word' id='word_1_189' title='bbox 870 2000 905 2022; x_wconf 90' lang='lat' dir='ltr'>ac</span> <span class='ocrx_word' id='word_1_190' title='bbox 938 2000 1006 2034; x_wconf 73' lang='lat' dir='ltr'>svn—</span> 
     </span>
     <span class='ocr_line' id='line_1_37' title="bbox 266 2042 1008 2087; baseline 0 -12"><span class='ocrx_word' id='word_1_191' title='bbox 266 2043 370 2076; x_wconf 89' lang='lat' dir='ltr'>dicum</span> <span class='ocrx_word' id='word_1_192' title='bbox 385 2048 414 2075; x_wconf 86' lang='lat' dir='ltr'>et</span> <span class='ocrx_word' id='word_1_193' title='bbox 428 2049 665 2087; x_wconf 88' lang='lat' dir='ltr'>procuratorem</span> <span class='ocrx_word' id='word_1_194' title='bbox 680 2043 770 2076; x_wconf 80' lang='lat' dir='ltr'>tieret</span> <span class='ocrx_word' id='word_1_195' title='bbox 784 2047 813 2075; x_wconf 90' lang='lat' dir='ltr'>et</span> <span class='ocrx_word' id='word_1_196' title='bbox 830 2042 898 2075; x_wconf 78' lang='lat' dir='ltr'>sieri</span> <span class='ocrx_word' id='word_1_197' title='bbox 916 2042 1008 2075; x_wconf 85' lang='lat' dir='ltr'>debe-</span> 
     </span>
     <span class='ocr_line' id='line_1_38' title="bbox 266 2095 1010 2140; baseline 0 -12"><span class='ocrx_word' id='word_1_198' title='bbox 266 2101 315 2128; x_wconf 90' lang='lat' dir='ltr'>ret</span> <span class='ocrx_word' id='word_1_199' title='bbox 341 2096 434 2129; x_wconf 91' lang='lat' dir='ltr'>modo</span> <span class='ocrx_word' id='word_1_200' title='bbox 459 2102 489 2130; x_wconf 88' lang='lat' dir='ltr'>et</span> <span class='ocrx_word' id='word_1_201' title='bbox 513 2097 614 2129; x_wconf 77' lang='lat' dir='ltr'>forma</span> <span class='ocrx_word' id='word_1_202' title='bbox 636 2097 666 2129; x_wconf 93' lang='lat' dir='ltr'>in</span> <span class='ocrx_word' id='word_1_203' title='bbox 684 2095 882 2140; x_wconf 83' lang='lat' dir='ltr'>exemptione</span> <span class='ocrx_word' id='word_1_204' title='bbox 907 2095 1010 2138; x_wconf 81' lang='lat' dir='ltr'>gabel-</span> 
     </span>
     <span class='ocr_line' id='line_1_39' title="bbox 267 2149 1007 2184; baseline -0.001 -2"><span class='ocrx_word' id='word_1_205' title='bbox 267 2150 369 2183; x_wconf 89' lang='lat' dir='ltr'>larum</span> <span class='ocrx_word' id='word_1_206' title='bbox 395 2151 513 2184; x_wconf 80' lang='lat' dir='ltr'>farinae</span> <span class='ocrx_word' id='word_1_207' title='bbox 538 2156 568 2184; x_wconf 87' lang='lat' dir='ltr'>et</span> <span class='ocrx_word' id='word_1_208' title='bbox 593 2151 697 2184; x_wconf 90' lang='lat' dir='ltr'>carnis</span> <span class='ocrx_word' id='word_1_209' title='bbox 721 2150 765 2183; x_wconf 91' lang='lat' dir='ltr'>uti</span> <span class='ocrx_word' id='word_1_210' title='bbox 791 2150 899 2182; x_wconf 89' lang='lat' dir='ltr'>solitis.</span> <span class='ocrx_word' id='word_1_211' title='bbox 931 2149 1007 2182; x_wconf 91' lang='lat' dir='ltr'>Cum</span> 
     </span>
     <span class='ocr_line' id='line_1_40' title="bbox 267 2202 1008 2247; baseline -0.001 -12"><span class='ocrx_word' id='word_1_212' title='bbox 267 2209 392 2246; x_wconf 89' lang='lat' dir='ltr'>autem,</span> <span class='ocrx_word' id='word_1_213' title='bbox 417 2204 497 2237; x_wconf 89' lang='lat' dir='ltr'>sicut</span> <span class='ocrx_word' id='word_1_214' title='bbox 521 2203 629 2237; x_wconf 90' lang='lat' dir='ltr'>eadem</span> <span class='ocrx_word' id='word_1_215' title='bbox 659 2203 814 2247; x_wconf 80' lang='lat' dir='ltr'>expositio</span> <span class='ocrx_word' id='word_1_216' title='bbox 837 2202 1008 2245; x_wconf 77' lang='lat' dir='ltr'>subiunge-</span> 
     </span>
     <span class='ocr_line' id='line_1_41' title="bbox 267 2257 1007 2300; baseline -0.004 -10"><span class='ocrx_word' id='word_1_217' title='bbox 267 2257 329 2299; x_wconf 85' lang='lat' dir='ltr'>bat,</span> <span class='ocrx_word' id='word_1_218' title='bbox 347 2263 380 2290; x_wconf 87' lang='lat' dir='ltr'>ut</span> <span class='ocrx_word' id='word_1_219' title='bbox 400 2267 462 2290; x_wconf 93' lang='lat' dir='ltr'>non</span> <span class='ocrx_word' id='word_1_220' title='bbox 483 2258 587 2290; x_wconf 87' lang='lat' dir='ltr'>minus</span> <span class='ocrx_word' id='word_1_221' title='bbox 611 2257 895 2290; x_wconf 87' lang='lat' dir='ltr'>ecclesiasticorum</span> <span class='ocrx_word' id='word_1_222' title='bbox 914 2266 1007 2300; x_wconf 89' lang='lat' dir='ltr'>quam</span> 
     </span>
     <span class='ocr_line' id='line_1_42' title="bbox 270 2310 1010 2353; baseline -0.003 -9"><span class='ocrx_word' id='word_1_223' title='bbox 270 2312 420 2345; x_wconf 91' lang='lat' dir='ltr'>laicorum</span> <span class='ocrx_word' id='word_1_224' title='bbox 435 2311 595 2345; x_wconf 91' lang='lat' dir='ltr'>communi</span> <span class='ocrx_word' id='word_1_225' title='bbox 613 2310 703 2344; x_wconf 88' lang='lat' dir='ltr'>saluti</span> <span class='ocrx_word' id='word_1_226' title='bbox 717 2310 945 2349; x_wconf 85' lang='lat' dir='ltr'>consuleretur,</span> <span class='ocrx_word' id='word_1_227' title='bbox 958 2319 1010 2353; x_wconf 91' lang='lat' dir='ltr'>po-</span> 
     </span>
     <span class='ocr_line' id='line_1_43' title="bbox 269 2362 1008 2398; baseline -0.003 -2"><span class='ocrx_word' id='word_1_228' title='bbox 269 2371 422 2398; x_wconf 87' lang='lat' dir='ltr'>stremum</span> <span class='ocrx_word' id='word_1_229' title='bbox 436 2375 488 2398; x_wconf 87' lang='lat' dir='ltr'>aes</span> <span class='ocrx_word' id='word_1_230' title='bbox 505 2365 641 2398; x_wconf 90' lang='lat' dir='ltr'>alienum</span> <span class='ocrx_word' id='word_1_231' title='bbox 660 2362 838 2397; x_wconf 86' lang='lat' dir='ltr'>huiusmodi</span> <span class='ocrx_word' id='word_1_232' title='bbox 857 2373 892 2395; x_wconf 77' lang='lat' dir='ltr'>ex</span> <span class='ocrx_word' id='word_1_233' title='bbox 914 2364 1008 2395; x_wconf 77' lang='lat' dir='ltr'>causa</span> 
     </span>
     <span class='ocr_line' id='line_1_44' title="bbox 269 2415 1008 2462; baseline -0.004 -11"><span class='ocrx_word' id='word_1_234' title='bbox 269 2419 384 2462; x_wconf 81' lang='lat' dir='ltr'>pestiS,</span> <span class='ocrx_word' id='word_1_235' title='bbox 410 2424 443 2451; x_wconf 90' lang='lat' dir='ltr'>ut</span> <span class='ocrx_word' id='word_1_236' title='bbox 464 2419 660 2462; x_wconf 77' lang='lat' dir='ltr'>praefertur,</span> <span class='ocrx_word' id='word_1_237' title='bbox 686 2422 881 2450; x_wconf 88' lang='lat' dir='ltr'>contractum</span> <span class='ocrx_word' id='word_1_238' title='bbox 906 2415 1008 2456; x_wconf 82' lang='lat' dir='ltr'>suerit,</span> 
     </span>
     <span class='ocr_line' id='line_1_45' title="bbox 269 2470 1008 2505; baseline -0.005 0"><span class='ocrx_word' id='word_1_239' title='bbox 269 2478 298 2505; x_wconf 92' lang='lat' dir='ltr'>et</span> <span class='ocrx_word' id='word_1_240' title='bbox 328 2472 394 2505; x_wconf 88' lang='lat' dir='ltr'>eius</span> <span class='ocrx_word' id='word_1_241' title='bbox 429 2471 625 2505; x_wconf 85' lang='lat' dir='ltr'>dissolutioni</span> <span class='ocrx_word' id='word_1_242' title='bbox 662 2471 812 2504; x_wconf 84' lang='lat' dir='ltr'>laieorum</span> <span class='ocrx_word' id='word_1_243' title='bbox 849 2470 1008 2503; x_wconf 79' lang='lat' dir='ltr'>facultates</span> 
     </span>
     <span class='ocr_line' id='line_1_46' title="bbox 268 2526 1009 2570; baseline -0.004 -11"><span class='ocrx_word' id='word_1_244' title='bbox 268 2526 355 2559; x_wconf 93' lang='lat' dir='ltr'>nullo</span> <span class='ocrx_word' id='word_1_245' title='bbox 373 2526 467 2559; x_wconf 88' lang='lat' dir='ltr'>modo</span> <span class='ocrx_word' id='word_1_246' title='bbox 491 2531 679 2570; x_wconf 83' lang='lat' dir='ltr'>suppetant;</span> <span class='ocrx_word' id='word_1_247' title='bbox 697 2530 725 2558; x_wconf 91' lang='lat' dir='ltr'>et</span> <span class='ocrx_word' id='word_1_248' title='bbox 742 2529 910 2569; x_wconf 87' lang='lat' dir='ltr'>propterea</span> <span class='ocrx_word' id='word_1_249' title='bbox 924 2534 1009 2556; x_wconf 78' lang='lat' dir='ltr'>sena-</span> 
     </span>
    </p>
   </div>
   <div class='ocr_carea' id='block_1_8' title="bbox 301 2596 954 2677">
    <p class='ocr_par' dir='ltr' id='par_1_8' title="bbox 301 2596 954 2677">
     <span class='ocr_line' id='line_1_47' title="bbox 302 2596 954 2633; baseline -0.006 -7"><span class='ocrx_word' id='word_1_250' title='bbox 302 2599 315 2626; x_wconf 85' lang='lat'>1</span> <span class='ocrx_word' id='word_1_251' title='bbox 334 2598 400 2626; x_wconf 70' lang='lat' dir='ltr'>llale</span> <span class='ocrx_word' id='word_1_252' title='bbox 415 2599 480 2626; x_wconf 86' lang='lat' dir='ltr'>edit.</span> <span class='ocrx_word' id='word_1_253' title='bbox 497 2598 578 2625; x_wconf 83' lang='lat' dir='ltr'>Main.</span> <span class='ocrx_word' id='word_1_254' title='bbox 595 2597 659 2633; x_wconf 83' lang='lat' dir='ltr'>legit</span> <span class='ocrx_word' id='word_1_255' title='bbox 673 2596 841 2630; x_wconf 79' lang='lat' dir='ltr'>faciendum</span> <span class='ocrx_word' id='word_1_256' title='bbox 857 2598 893 2630; x_wconf 80' lang='lat' dir='ltr'>(n.</span> <span class='ocrx_word' id='word_1_257' title='bbox 906 2596 954 2628; x_wconf 83' lang='lat' dir='ltr'>T.).</span> 
     </span>
     <span class='ocr_line' id='line_1_48' title="bbox 301 2641 898 2677; baseline -0.005 -7"><span class='ocrx_word' id='word_1_258' title='bbox 301 2642 318 2671; x_wconf 81' lang='lat'>2</span> <span class='ocrx_word' id='word_1_259' title='bbox 331 2643 401 2670; x_wconf 84' lang='lat' dir='ltr'>Male</span> <span class='ocrx_word' id='word_1_260' title='bbox 416 2642 480 2671; x_wconf 88' lang='lat' dir='ltr'>edit.</span> <span class='ocrx_word' id='word_1_261' title='bbox 497 2642 575 2670; x_wconf 65' lang='grc' dir='ltr'><strong>Μαίη.</strong></span> <span class='ocrx_word' id='word_1_262' title='bbox 593 2641 656 2677; x_wconf 82' lang='lat' dir='ltr'>legit</span> <span class='ocrx_word' id='word_1_263' title='bbox 669 2645 786 2670; x_wconf 79' lang='lat' dir='ltr'>senatus</span> <span class='ocrx_word' id='word_1_264' title='bbox 800 2642 837 2676; x_wconf 79' lang='lat' dir='ltr'>(a.</span> <span class='ocrx_word' id='word_1_265' title='bbox 850 2642 898 2675; x_wconf 89' lang='grc' dir='ltr'><strong>τ.).</strong></span> 
     </span>
    </p>
   </div>
   <div class='ocr_carea' id='block_1_9' title="bbox 1021 366 1024 411">
    <p class='ocr_par' dir='ltr' id='par_1_9' title="bbox 1021 366 1024 411">
     <span class='ocr_line' id='line_1_49' title="bbox 1021 366 1024 411; baseline 0 0"><span class='ocrx_word' id='word_1_266' title='bbox 1021 366 1024 411; x_wconf 82' lang='lat' dir='ltr'>l</span> 
     </span>
    </p>
   </div>
   <div class='ocr_carea' id='block_1_10' title="bbox 1021 341 1027 1481">
    <p class='ocr_par' dir='ltr' id='par_1_10' title="bbox 1021 341 1027 1481">
     <span class='ocr_line' id='line_1_50' title="bbox 1021 341 1027 1481; baseline 0 0"><span class='ocrx_word' id='word_1_267' title='bbox 1021 341 1027 1481; x_wconf 95' lang='lat' dir='ltr'> </span> 
     </span>
    </p>
   </div>
   <div class='ocr_carea' id='block_1_11' title="bbox 1038 336 1786 2564">
    <p class='ocr_par' dir='ltr' id='par_1_11' title="bbox 1038 336 1786 2564">
     <span class='ocr_line' id='line_1_51' title="bbox 1038 336 1777 384; baseline -0.008 -11"><span class='ocrx_word' id='word_1_268' title='bbox 1038 341 1130 373; x_wconf 89' lang='lat' dir='ltr'>etiam</span> <span class='ocrx_word' id='word_1_269' title='bbox 1156 350 1307 384; x_wconf 86' lang='lat' dir='ltr'>personas</span> <span class='ocrx_word' id='word_1_270' title='bbox 1332 338 1556 372; x_wconf 86' lang='lat' dir='ltr'>ecclesiasticas</span> <span class='ocrx_word' id='word_1_271' title='bbox 1580 337 1617 370; x_wconf 90' lang='lat' dir='ltr'>ad</span> <span class='ocrx_word' id='word_1_272' title='bbox 1638 336 1777 369; x_wconf 88' lang='lat' dir='ltr'>eiusdem</span> 
     </span>
     <span class='ocr_line' id='line_1_52' title="bbox 1039 391 1779 437; baseline -0.008 -11"><span class='ocrx_word' id='word_1_273' title='bbox 1039 393 1178 437; x_wconf 82' lang='lat' dir='ltr'>gabellae</span> <span class='ocrx_word' id='word_1_274' title='bbox 1198 393 1385 426; x_wconf 86' lang='lat' dir='ltr'>solutionem</span> <span class='ocrx_word' id='word_1_275' title='bbox 1413 391 1596 425; x_wconf 89' lang='lat' dir='ltr'>auctoritate</span> <span class='ocrx_word' id='word_1_276' title='bbox 1613 391 1720 423; x_wconf 78' lang='lat' dir='ltr'>nostra</span> <span class='ocrx_word' id='word_1_277' title='bbox 1738 394 1779 421; x_wconf 91' lang='lat' dir='ltr'>te-</span> 
     </span>
     <span class='ocr_line' id='line_1_53' title="bbox 1039 442 1778 490; baseline -0.009 -10"><span class='ocrx_word' id='word_1_278' title='bbox 1039 447 1105 480; x_wconf 91' lang='lat' dir='ltr'>neri</span> <span class='ocrx_word' id='word_1_279' title='bbox 1144 456 1345 490; x_wconf 86' lang='lat' dir='ltr'>summopere</span> <span class='ocrx_word' id='word_1_280' title='bbox 1389 445 1588 483; x_wconf 85' lang='lat' dir='ltr'>desiderent;</span> <span class='ocrx_word' id='word_1_281' title='bbox 1626 442 1778 486; x_wconf 81' lang='lat' dir='ltr'>nobisque</span> 
     </span>
     <span class='ocr_line' id='line_1_54' title="bbox 1039 495 1778 541; baseline -0.007 -9"><span class='ocrx_word' id='word_1_282' title='bbox 1039 500 1132 532; x_wconf 83' lang='lat' dir='ltr'>etiam</span> <span class='ocrx_word' id='word_1_283' title='bbox 1158 500 1283 532; x_wconf 90' lang='lat' dir='ltr'>illorum</span> <span class='ocrx_word' id='word_1_284' title='bbox 1302 499 1428 532; x_wconf 88' lang='lat' dir='ltr'>nomine</span> <span class='ocrx_word' id='word_1_285' title='bbox 1446 496 1616 541; x_wconf 88' lang='lat' dir='ltr'>supplicari</span> <span class='ocrx_word' id='word_1_286' title='bbox 1639 495 1778 532; x_wconf 81' lang='lat' dir='ltr'>fecerint,</span> 
     </span>
     <span class='ocr_line' id='line_1_55' title="bbox 1039 550 1779 596; baseline -0.007 -11"><span class='ocrx_word' id='word_1_287' title='bbox 1039 558 1082 593; x_wconf 86' lang='lat' dir='ltr'>ut,</span> <span class='ocrx_word' id='word_1_288' title='bbox 1101 563 1308 596; x_wconf 85' lang='lat' dir='ltr'>personarum</span> <span class='ocrx_word' id='word_1_289' title='bbox 1327 551 1460 585; x_wconf 87' lang='lat' dir='ltr'>civitatis</span> <span class='ocrx_word' id='word_1_290' title='bbox 1477 556 1503 583; x_wconf 91' lang='lat' dir='ltr'>et</span> <span class='ocrx_word' id='word_1_291' title='bbox 1524 550 1673 582; x_wconf 88' lang='lat' dir='ltr'>circuitus</span> <span class='ocrx_word' id='word_1_292' title='bbox 1693 558 1779 592; x_wconf 85' lang='lat' dir='ltr'>prae-</span> 
     </span>
     <span class='ocr_line' id='line_1_56' title="bbox 1039 603 1779 648; baseline -0.007 -9"><span class='ocrx_word' id='word_1_293' title='bbox 1039 607 1195 640; x_wconf 90' lang='lat' dir='ltr'>dictorum</span> <span class='ocrx_word' id='word_1_294' title='bbox 1214 605 1355 638; x_wconf 84' lang='lat' dir='ltr'>miserias</span> <span class='ocrx_word' id='word_1_295' title='bbox 1371 610 1464 648; x_wconf 87' lang='lat' dir='ltr'>atque</span> <span class='ocrx_word' id='word_1_296' title='bbox 1485 603 1678 636; x_wconf 84' lang='lat' dir='ltr'>calamitates</span> <span class='ocrx_word' id='word_1_297' title='bbox 1695 612 1779 635; x_wconf 90' lang='lat' dir='ltr'>com-</span> 
     </span>
     <span class='ocr_line' id='line_1_57' title="bbox 1040 658 1780 702; baseline -0.005 -10"><span class='ocrx_word' id='word_1_298' title='bbox 1040 659 1234 698; x_wconf 83' lang='lat' dir='ltr'>miserantes,</span> <span class='ocrx_word' id='word_1_299' title='bbox 1254 659 1283 691; x_wconf 90' lang='lat' dir='ltr'>in</span> <span class='ocrx_word' id='word_1_300' title='bbox 1305 658 1486 702; x_wconf 84' lang='lat' dir='ltr'>praemissis</span> <span class='ocrx_word' id='word_1_301' title='bbox 1506 661 1683 700; x_wconf 89' lang='lat' dir='ltr'>opportune</span> <span class='ocrx_word' id='word_1_302' title='bbox 1708 665 1780 699; x_wconf 87' lang='lat' dir='ltr'>pro-</span> 
     </span>
     <span class='ocr_line' id='line_1_58' title="bbox 1039 708 1775 754; baseline -0.005 -10"><span class='ocrx_word' id='word_1_303' title='bbox 1039 712 1145 744; x_wconf 86' lang='lat' dir='ltr'>videre</span> <span class='ocrx_word' id='word_1_304' title='bbox 1174 712 1212 744; x_wconf 82' lang='lat' dir='ltr'>de</span> <span class='ocrx_word' id='word_1_305' title='bbox 1241 711 1431 754; x_wconf 75' lang='lat' dir='ltr'>benignitate</span> <span class='ocrx_word' id='word_1_306' title='bbox 1466 709 1638 753; x_wconf 79' lang='lat' dir='ltr'>apostolica</span> <span class='ocrx_word' id='word_1_307' title='bbox 1663 708 1775 750; x_wconf 79' lang='lat' dir='ltr'>digna-</span> 
     </span>
     <span class='ocr_line' id='line_1_59' title="bbox 1039 761 1778 805; baseline -0.007 -8"><span class='ocrx_word' id='word_1_308' title='bbox 1039 775 1163 798; x_wconf 86' lang='lat' dir='ltr'>remur:</span> <span class='ocrx_word' id='word_1_309' title='bbox 1190 775 1256 804; x_wconf 84' lang='lat' dir='ltr'>uos,</span> <span class='ocrx_word' id='word_1_310' title='bbox 1274 764 1462 797; x_wconf 82' lang='lat' dir='ltr'>eximiorum</span> <span class='ocrx_word' id='word_1_311' title='bbox 1488 761 1778 805; x_wconf 84' lang='lat' dir='ltr'>circumspectionis</span> 
     </span>
     <span class='ocr_line' id='line_1_60' title="bbox 1040 814 1778 850; baseline -0.004 -1"><span class='ocrx_word' id='word_1_312' title='bbox 1040 824 1110 850; x_wconf 81' lang='lat' dir='ltr'>tuae</span> <span class='ocrx_word' id='word_1_313' title='bbox 1136 818 1166 849; x_wconf 89' lang='lat' dir='ltr'>in</span> <span class='ocrx_word' id='word_1_314' title='bbox 1191 827 1248 850; x_wconf 86' lang='lat' dir='ltr'>nos</span> <span class='ocrx_word' id='word_1_315' title='bbox 1266 823 1295 849; x_wconf 91' lang='lat' dir='ltr'>et</span> <span class='ocrx_word' id='word_1_316' title='bbox 1312 818 1391 849; x_wconf 80' lang='lat' dir='ltr'>lianc</span> <span class='ocrx_word' id='word_1_317' title='bbox 1411 818 1554 849; x_wconf 78' lang='lat' dir='ltr'>Sanctam</span> <span class='ocrx_word' id='word_1_318' title='bbox 1573 815 1686 848; x_wconf 86' lang='lat' dir='ltr'>Sedcm</span> <span class='ocrx_word' id='word_1_319' title='bbox 1706 814 1778 846; x_wconf 84' lang='lat' dir='ltr'>fidei</span> 
     </span>
     <span class='ocr_line' id='line_1_61' title="bbox 1039 870 1778 911; baseline -0.004 -8"><span class='ocrx_word' id='word_1_320' title='bbox 1039 876 1069 903; x_wconf 87' lang='lat' dir='ltr'>ct</span> <span class='ocrx_word' id='word_1_321' title='bbox 1093 871 1269 903; x_wconf 86' lang='lat' dir='ltr'>devotionis</span> <span class='ocrx_word' id='word_1_322' title='bbox 1301 870 1512 909; x_wconf 88' lang='lat' dir='ltr'>meritorum,</span> <span class='ocrx_word' id='word_1_323' title='bbox 1537 878 1658 901; x_wconf 90' lang='lat' dir='ltr'>necnon</span> <span class='ocrx_word' id='word_1_324' title='bbox 1683 877 1778 911; x_wconf 89' lang='lat' dir='ltr'>pecu-</span> 
     </span>
     <span class='ocr_line' id='line_1_62' title="bbox 1039 922 1779 968; baseline -0.003 -12"><span class='ocrx_word' id='word_1_325' title='bbox 1039 924 1135 965; x_wconf 85' lang='lat' dir='ltr'>liaris,</span> <span class='ocrx_word' id='word_1_326' title='bbox 1161 935 1224 968; x_wconf 90' lang='lat' dir='ltr'>quo</span> <span class='ocrx_word' id='word_1_327' title='bbox 1249 934 1377 967; x_wconf 81' lang='lat' dir='ltr'>gregem</span> <span class='ocrx_word' id='word_1_328' title='bbox 1404 923 1458 955; x_wconf 89' lang='lat' dir='ltr'>tibi</span> <span class='ocrx_word' id='word_1_329' title='bbox 1485 922 1687 955; x_wconf 86' lang='lat' dir='ltr'>commissum</span> <span class='ocrx_word' id='word_1_330' title='bbox 1710 931 1779 965; x_wconf 88' lang='lat' dir='ltr'>pro-</span> 
     </span>
     <span class='ocr_line' id='line_1_63' title="bbox 1039 975 1779 1020; baseline -0.004 -11"><span class='ocrx_word' id='word_1_331' title='bbox 1039 977 1202 1020; x_wconf 80' lang='lat' dir='ltr'>sequeris,</span> <span class='ocrx_word' id='word_1_332' title='bbox 1235 976 1396 1009; x_wconf 84' lang='lat' dir='ltr'>charitatis</span> <span class='ocrx_word' id='word_1_333' title='bbox 1430 975 1559 1008; x_wconf 78' lang='lat' dir='ltr'>affectus</span> <span class='ocrx_word' id='word_1_334' title='bbox 1591 975 1779 1018; x_wconf 78' lang='lat' dir='ltr'>condignam</span> 
     </span>
     <span class='ocr_line' id='line_1_64' title="bbox 1040 1029 1779 1072; baseline -0.004 -10"><span class='ocrx_word' id='word_1_335' title='bbox 1040 1030 1194 1062; x_wconf 89' lang='lat' dir='ltr'>rationem</span> <span class='ocrx_word' id='word_1_336' title='bbox 1212 1030 1372 1069; x_wconf 85' lang='lat' dir='ltr'>habentes,</span> <span class='ocrx_word' id='word_1_337' title='bbox 1387 1029 1532 1072; x_wconf 86' lang='lat' dir='ltr'>ipsosque</span> <span class='ocrx_word' id='word_1_338' title='bbox 1547 1034 1700 1068; x_wconf 78' lang='lat' dir='ltr'>senatum,</span> <span class='ocrx_word' id='word_1_339' title='bbox 1713 1037 1779 1071; x_wconf 67' lang='lat' dir='ltr'>syn-</span> 
     </span>
     <span class='ocr_line' id='line_1_65' title="bbox 1039 1081 1776 1126; baseline -0.004 -11"><span class='ocrx_word' id='word_1_340' title='bbox 1039 1083 1144 1116; x_wconf 89' lang='lat' dir='ltr'>dicum</span> <span class='ocrx_word' id='word_1_341' title='bbox 1177 1088 1206 1115; x_wconf 86' lang='lat' dir='ltr'>et</span> <span class='ocrx_word' id='word_1_342' title='bbox 1236 1088 1475 1126; x_wconf 87' lang='lat' dir='ltr'>procuratorem</span> <span class='ocrx_word' id='word_1_343' title='bbox 1509 1081 1697 1125; x_wconf 86' lang='lat' dir='ltr'>specialibus</span> <span class='ocrx_word' id='word_1_344' title='bbox 1729 1082 1776 1113; x_wconf 85' lang='lat' dir='ltr'>sa-</span> 
     </span>
     <span class='ocr_line' id='line_1_66' title="bbox 1040 1134 1777 1179; baseline -0.004 -11"><span class='ocrx_word' id='word_1_345' title='bbox 1040 1136 1167 1169; x_wconf 88' lang='lat' dir='ltr'>voribus</span> <span class='ocrx_word' id='word_1_346' title='bbox 1203 1141 1233 1168; x_wconf 88' lang='lat' dir='ltr'>et</span> <span class='ocrx_word' id='word_1_347' title='bbox 1257 1135 1365 1179; x_wconf 76' lang='lat' dir='ltr'>gratiis</span> <span class='ocrx_word' id='word_1_348' title='bbox 1391 1135 1539 1179; x_wconf 86' lang='lat' dir='ltr'>prosequi</span> <span class='ocrx_word' id='word_1_349' title='bbox 1565 1134 1725 1175; x_wconf 83' lang='lat' dir='ltr'>volentes,</span> <span class='ocrx_word' id='word_1_350' title='bbox 1750 1139 1777 1166; x_wconf 88' lang='lat' dir='ltr'>et</span> 
     </span>
     <span class='ocr_line' id='line_1_67' title="bbox 1039 1187 1780 1232; baseline -0.005 -10"><span class='ocrx_word' id='word_1_351' title='bbox 1039 1200 1148 1222; x_wconf 90' lang='lat' dir='ltr'>eorum</span> <span class='ocrx_word' id='word_1_352' title='bbox 1182 1189 1357 1232; x_wconf 82' lang='lat' dir='ltr'>singulares</span> <span class='ocrx_word' id='word_1_353' title='bbox 1394 1198 1546 1232; x_wconf 89' lang='lat' dir='ltr'>personas</span> <span class='ocrx_word' id='word_1_354' title='bbox 1577 1198 1594 1220; x_wconf 90' lang='lat' dir='ltr'>a</span> <span class='ocrx_word' id='word_1_355' title='bbox 1618 1187 1780 1231; x_wconf 73' lang='lat' dir='ltr'>quibusvis</span> 
     </span>
     <span class='ocr_line' id='line_1_68' title="bbox 1039 1240 1780 1285; baseline -0.004 -10"><span class='ocrx_word' id='word_1_356' title='bbox 1039 1242 1382 1283; x_wconf 78' lang='lat' dir='ltr'>excommunicationis,</span> <span class='ocrx_word' id='word_1_357' title='bbox 1400 1241 1614 1285; x_wconf 80' lang='lat' dir='ltr'>suspensionis</span> <span class='ocrx_word' id='word_1_358' title='bbox 1634 1246 1661 1273; x_wconf 85' lang='lat' dir='ltr'>et</span> <span class='ocrx_word' id='word_1_359' title='bbox 1688 1240 1780 1272; x_wconf 88' lang='lat' dir='ltr'>inter-</span> 
     </span>
     <span class='ocr_line' id='line_1_69' title="bbox 1039 1294 1780 1341; baseline -0.004 -13"><span class='ocrx_word' id='word_1_360' title='bbox 1039 1296 1124 1338; x_wconf 89' lang='lat' dir='ltr'>dicti,</span> <span class='ocrx_word' id='word_1_361' title='bbox 1142 1296 1274 1341; x_wconf 82' lang='lat' dir='ltr'>aliisque</span> <span class='ocrx_word' id='word_1_362' title='bbox 1289 1296 1507 1329; x_wconf 84' lang='lat' dir='ltr'>ecelesiasticis</span> <span class='ocrx_word' id='word_1_363' title='bbox 1523 1294 1694 1334; x_wconf 86' lang='lat' dir='ltr'>sententiis,</span> <span class='ocrx_word' id='word_1_364' title='bbox 1712 1303 1780 1326; x_wconf 90' lang='lat' dir='ltr'>cen-</span> 
     </span>
     <span class='ocr_line' id='line_1_70' title="bbox 1039 1348 1781 1393; baseline -0.005 -11"><span class='ocrx_word' id='word_1_365' title='bbox 1039 1349 1121 1382; x_wconf 83' lang='lat' dir='ltr'>suris</span> <span class='ocrx_word' id='word_1_366' title='bbox 1141 1355 1169 1382; x_wconf 87' lang='lat' dir='ltr'>et</span> <span class='ocrx_word' id='word_1_367' title='bbox 1187 1349 1306 1393; x_wconf 85' lang='lat' dir='ltr'>poenis,</span> <span class='ocrx_word' id='word_1_368' title='bbox 1321 1360 1337 1381; x_wconf 90' lang='lat' dir='ltr'>a</span> <span class='ocrx_word' id='word_1_369' title='bbox 1355 1349 1422 1381; x_wconf 86' lang='lat' dir='ltr'>iure</span> <span class='ocrx_word' id='word_1_370' title='bbox 1443 1349 1490 1381; x_wconf 81' lang='lat' dir='ltr'>vel</span> <span class='ocrx_word' id='word_1_371' title='bbox 1504 1348 1542 1380; x_wconf 93' lang='lat' dir='ltr'>ab</span> <span class='ocrx_word' id='word_1_372' title='bbox 1557 1348 1692 1389; x_wconf 78' lang='lat' dir='ltr'>homine,</span> <span class='ocrx_word' id='word_1_373' title='bbox 1708 1356 1781 1390; x_wconf 88' lang='lat' dir='ltr'>qua-</span> 
     </span>
     <span class='ocr_line' id='line_1_71' title="bbox 1041 1401 1780 1444; baseline -0.005 -9"><span class='ocrx_word' id='word_1_374' title='bbox 1041 1403 1085 1435; x_wconf 89' lang='lat' dir='ltr'>vis</span> <span class='ocrx_word' id='word_1_375' title='bbox 1109 1403 1274 1435; x_wconf 78' lang='lat' dir='ltr'>occasione</span> <span class='ocrx_word' id='word_1_376' title='bbox 1304 1403 1350 1435; x_wconf 90' lang='lat' dir='ltr'>vcl</span> <span class='ocrx_word' id='word_1_377' title='bbox 1377 1404 1470 1435; x_wconf 75' lang='lat' dir='ltr'>causa</span> <span class='ocrx_word' id='word_1_378' title='bbox 1502 1401 1591 1442; x_wconf 77' lang='lat' dir='ltr'>latiS,</span> <span class='ocrx_word' id='word_1_379' title='bbox 1617 1402 1641 1434; x_wconf 92' lang='lat' dir='ltr'>si</span> <span class='ocrx_word' id='word_1_380' title='bbox 1666 1401 1780 1444; x_wconf 89' lang='lat' dir='ltr'>quibus</span> 
     </span>
     <span class='ocr_line' id='line_1_72' title="bbox 1039 1453 1780 1500; baseline -0.003 -12"><span class='ocrx_word' id='word_1_381' title='bbox 1039 1456 1277 1500; x_wconf 84' lang='lat' dir='ltr'>quomodolibet</span> <span class='ocrx_word' id='word_1_382' title='bbox 1302 1456 1466 1488; x_wconf 85' lang='lat' dir='ltr'>innodatae.</span> <span class='ocrx_word' id='word_1_383' title='bbox 1490 1455 1635 1495; x_wconf 82' lang='lat' dir='ltr'>existunt,</span> <span class='ocrx_word' id='word_1_384' title='bbox 1652 1454 1690 1487; x_wconf 82' lang='lat' dir='ltr'>ad</span> <span class='ocrx_word' id='word_1_385' title='bbox 1708 1453 1780 1486; x_wconf 62' lang='lat' dir='ltr'>ess&#39;e-</span> 
     </span>
     <span class='ocr_line' id='line_1_73' title="bbox 1041 1509 1777 1553; baseline -0.004 -11"><span class='ocrx_word' id='word_1_386' title='bbox 1041 1515 1124 1542; x_wconf 89' lang='lat' dir='ltr'>ctum</span> <span class='ocrx_word' id='word_1_387' title='bbox 1150 1509 1362 1553; x_wconf 87' lang='lat' dir='ltr'>praesentium</span> <span class='ocrx_word' id='word_1_388' title='bbox 1395 1509 1555 1541; x_wconf 83' lang='lat' dir='ltr'>dumtaxat</span> <span class='ocrx_word' id='word_1_389' title='bbox 1579 1517 1777 1551; x_wconf 86' lang='lat' dir='ltr'>consequeu-</span> 
     </span>
     <span class='ocr_line' id='line_1_74' title="bbox 1040 1560 1781 1603; baseline -0.004 -9"><span class='ocrx_word' id='word_1_390' title='bbox 1040 1562 1126 1603; x_wconf 90' lang='lat' dir='ltr'>dum,</span> <span class='ocrx_word' id='word_1_391' title='bbox 1149 1563 1261 1595; x_wconf 88' lang='lat' dir='ltr'>barum</span> <span class='ocrx_word' id='word_1_392' title='bbox 1287 1562 1367 1594; x_wconf 79' lang='lat' dir='ltr'>serie</span> <span class='ocrx_word' id='word_1_393' title='bbox 1391 1562 1590 1594; x_wconf 82' lang='lat' dir='ltr'>absolventes</span> <span class='ocrx_word' id='word_1_394' title='bbox 1609 1566 1640 1593; x_wconf 88' lang='lat' dir='ltr'>ct</span> <span class='ocrx_word' id='word_1_395' title='bbox 1660 1560 1781 1592; x_wconf 88' lang='lat' dir='ltr'>absolu-</span> 
     </span>
     <span class='ocr_line' id='line_1_75' title="bbox 1042 1613 1782 1658; baseline -0.003 -11"><span class='ocrx_word' id='word_1_396' title='bbox 1042 1621 1086 1647; x_wconf 88' lang='lat' dir='ltr'>tas</span> <span class='ocrx_word' id='word_1_397' title='bbox 1111 1616 1177 1647; x_wconf 83' lang='lat' dir='ltr'>t&#39;ore</span> <span class='ocrx_word' id='word_1_398' title='bbox 1202 1620 1385 1657; x_wconf 85' lang='lat' dir='ltr'>censentes,</span> <span class='ocrx_word' id='word_1_399' title='bbox 1411 1614 1696 1658; x_wconf 81' lang='lat' dir='ltr'>supplicationibus</span> <span class='ocrx_word' id='word_1_400' title='bbox 1720 1613 1782 1646; x_wconf 86' lang='lat' dir='ltr'>cir-</span> 
     </span>
     <span class='ocr_line' id='line_1_76' title="bbox 1040 1667 1783 1712; baseline -0.004 -11"><span class='ocrx_word' id='word_1_401' title='bbox 1040 1668 1286 1712; x_wconf 55' lang='lat' dir='ltr'>cun‘ispectionis</span> <span class='ocrx_word' id='word_1_402' title='bbox 1311 1673 1381 1700; x_wconf 86' lang='lat' dir='ltr'>tuae</span> <span class='ocrx_word' id='word_1_403' title='bbox 1411 1668 1539 1701; x_wconf 89' lang='lat' dir='ltr'>nominc</span> <span class='ocrx_word' id='word_1_404' title='bbox 1571 1667 1662 1700; x_wconf 89' lang='lat' dir='ltr'>nobis</span> <span class='ocrx_word' id='word_1_405' title='bbox 1686 1676 1783 1710; x_wconf 90' lang='lat' dir='ltr'>super</span> 
     </span>
     <span class='ocr_line' id='line_1_77' title="bbox 1041 1720 1782 1766; baseline -0.003 -12"><span class='ocrx_word' id='word_1_406' title='bbox 1041 1722 1101 1755; x_wconf 87' lang='lat' dir='ltr'>boc</span> <span class='ocrx_word' id='word_1_407' title='bbox 1126 1722 1287 1755; x_wconf 79' lang='lat' dir='ltr'>humiliter</span> <span class='ocrx_word' id='word_1_408' title='bbox 1310 1722 1466 1766; x_wconf 89' lang='lat' dir='ltr'>porrectis</span> <span class='ocrx_word' id='word_1_409' title='bbox 1491 1720 1652 1761; x_wconf 88' lang='lat' dir='ltr'>inclinati,</span> <span class='ocrx_word' id='word_1_410' title='bbox 1681 1720 1782 1753; x_wconf 86' lang='lat' dir='ltr'>eidem</span> 
     </span>
     <span class='ocr_line' id='line_1_78' title="bbox 1041 1773 1782 1820; baseline -0.004 -12"><span class='ocrx_word' id='word_1_411' title='bbox 1041 1775 1316 1820; x_wconf 86' lang='lat' dir='ltr'>circumspectioni</span> <span class='ocrx_word' id='word_1_412' title='bbox 1350 1781 1419 1808; x_wconf 85' lang='lat' dir='ltr'>tuae</span> <span class='ocrx_word' id='word_1_413' title='bbox 1452 1786 1517 1819; x_wconf 20' lang='lat' dir='ltr'>per*</span> <span class='ocrx_word' id='word_1_414' title='bbox 1532 1779 1711 1819; x_wconf 87' lang='lat' dir='ltr'>praesentes</span> <span class='ocrx_word' id='word_1_415' title='bbox 1735 1773 1782 1805; x_wconf 91' lang='lat' dir='ltr'>in-</span> 
     </span>
     <span class='ocr_line' id='line_1_79' title="bbox 1042 1827 1783 1872; baseline -0.003 -11"><span class='ocrx_word' id='word_1_416' title='bbox 1042 1829 1219 1872; x_wconf 81' lang='lat' dir='ltr'>iungimus,</span> <span class='ocrx_word' id='word_1_417' title='bbox 1248 1834 1299 1870; x_wconf 90' lang='lat' dir='ltr'>ut,</span> <span class='ocrx_word' id='word_1_418' title='bbox 1327 1829 1462 1862; x_wconf 88' lang='lat' dir='ltr'>constito</span> <span class='ocrx_word' id='word_1_419' title='bbox 1494 1828 1549 1861; x_wconf 90' lang='lat' dir='ltr'>tibi</span> <span class='ocrx_word' id='word_1_420' title='bbox 1574 1828 1613 1861; x_wconf 89' lang='lat' dir='ltr'>de</span> <span class='ocrx_word' id='word_1_421' title='bbox 1637 1827 1783 1865; x_wconf 85' lang='lat' dir='ltr'>narratis,</span> 
     </span>
     <span class='ocr_line' id='line_1_80' title="bbox 1041 1881 1784 1926; baseline -0.004 -11"><span class='ocrx_word' id='word_1_422' title='bbox 1041 1888 1071 1915; x_wconf 89' lang='lat' dir='ltr'>ct</span> <span class='ocrx_word' id='word_1_423' title='bbox 1088 1883 1260 1916; x_wconf 88' lang='lat' dir='ltr'>dummodo</span> <span class='ocrx_word' id='word_1_424' title='bbox 1286 1883 1317 1915; x_wconf 91' lang='lat' dir='ltr'>in</span> <span class='ocrx_word' id='word_1_425' title='bbox 1342 1883 1454 1926; x_wconf 90' lang='lat' dir='ltr'>primis</span> <span class='ocrx_word' id='word_1_426' title='bbox 1477 1888 1508 1915; x_wconf 86' lang='lat' dir='ltr'>et</span> <span class='ocrx_word' id='word_1_427' title='bbox 1531 1887 1602 1914; x_wconf 88' lang='lat' dir='ltr'>ante</span> <span class='ocrx_word' id='word_1_428' title='bbox 1623 1881 1728 1915; x_wconf 87' lang='lat' dir='ltr'>omnia</span> <span class='ocrx_word' id='word_1_429' title='bbox 1745 1881 1784 1913; x_wconf 89' lang='lat' dir='ltr'>ad</span> 
     </span>
     <span class='ocr_line' id='line_1_81' title="bbox 1041 1934 1784 1978; baseline -0.003 -10"><span class='ocrx_word' id='word_1_430' title='bbox 1041 1935 1071 1968; x_wconf 89' lang='lat' dir='ltr'>id</span> <span class='ocrx_word' id='word_1_431' title='bbox 1096 1935 1193 1968; x_wconf 86' lang='lat' dir='ltr'>cleri¹</span> <span class='ocrx_word' id='word_1_432' title='bbox 1219 1941 1280 1968; x_wconf 87' lang='lat' dir='ltr'>tam</span> <span class='ocrx_word' id='word_1_433' title='bbox 1317 1936 1468 1968; x_wconf 86' lang='lat' dir='ltr'>secularis</span> <span class='ocrx_word' id='word_1_434' title='bbox 1502 1946 1597 1978; x_wconf 84' lang='lat' dir='ltr'>quam</span> <span class='ocrx_word' id='word_1_435' title='bbox 1629 1934 1784 1977; x_wconf 77' lang='lat' dir='ltr'>regularis</span> 
     </span>
     <span class='ocr_line' id='line_1_82' title="bbox 1041 1987 1785 2022; baseline -0.003 -1"><span class='ocrx_word' id='word_1_436' title='bbox 1041 1988 1180 2021; x_wconf 86' lang='lat' dir='ltr'>eiusdem</span> <span class='ocrx_word' id='word_1_437' title='bbox 1206 1988 1339 2021; x_wconf 85' lang='lat' dir='ltr'>civitatis</span> <span class='ocrx_word' id='word_1_438' title='bbox 1364 1993 1394 2021; x_wconf 75' lang='lat' dir='ltr'>et,</span> <span class='ocrx_word' id='word_1_439' title='bbox 1418 1989 1567 2022; x_wconf 89' lang='lat' dir='ltr'>circuitus</span> <span class='ocrx_word' id='word_1_440' title='bbox 1591 1987 1717 2021; x_wconf 86' lang='lat' dir='ltr'>accedat</span> <span class='ocrx_word' id='word_1_441' title='bbox 1740 1997 1785 2019; x_wconf 89' lang='lat' dir='ltr'>as-</span> 
     </span>
     <span class='ocr_line' id='line_1_83' title="bbox 1041 2041 1779 2085; baseline -0.004 -11"><span class='ocrx_word' id='word_1_442' title='bbox 1041 2052 1168 2084; x_wconf 86' lang='lat' dir='ltr'>sensus,</span> <span class='ocrx_word' id='word_1_443' title='bbox 1193 2052 1344 2085; x_wconf 88' lang='lat' dir='ltr'>personas</span> <span class='ocrx_word' id='word_1_444' title='bbox 1369 2041 1612 2081; x_wconf 86' lang='lat' dir='ltr'>ecclcsiasticas,</span> <span class='ocrx_word' id='word_1_445' title='bbox 1638 2045 1699 2074; x_wconf 89' lang='lat' dir='ltr'>tam</span> <span class='ocrx_word' id='word_1_446' title='bbox 1729 2050 1779 2072; x_wconf 84' lang='lat' dir='ltr'>se-</span> 
     </span>
     <span class='ocr_line' id='line_1_84' title="bbox 1041 2094 1782 2138; baseline -0.003 -11"><span class='ocrx_word' id='word_1_447' title='bbox 1041 2096 1164 2128; x_wconf 88' lang='lat' dir='ltr'>culares</span> <span class='ocrx_word' id='word_1_448' title='bbox 1184 2105 1277 2138; x_wconf 89' lang='lat' dir='ltr'>quam</span> <span class='ocrx_word' id='word_1_449' title='bbox 1303 2095 1440 2128; x_wconf 89' lang='lat' dir='ltr'>cuiusvis</span> <span class='ocrx_word' id='word_1_450' title='bbox 1466 2094 1592 2127; x_wconf 85' lang='lat' dir='ltr'>Ordinis</span> <span class='ocrx_word' id='word_1_451' title='bbox 1610 2094 1782 2136; x_wconf 80' lang='lat' dir='ltr'>regulares,</span> 
     </span>
     <span class='ocr_line' id='line_1_85' title="bbox 1042 2147 1786 2191; baseline -0.003 -11"><span class='ocrx_word' id='word_1_452' title='bbox 1042 2148 1206 2191; x_wconf 84' lang='lat' dir='ltr'>utriusque</span> <span class='ocrx_word' id='word_1_453' title='bbox 1223 2158 1325 2187; x_wconf 85' lang='lat' dir='ltr'>sexus,</span> <span class='ocrx_word' id='word_1_454' title='bbox 1344 2148 1475 2181; x_wconf 88' lang='lat' dir='ltr'>civitatis</span> <span class='ocrx_word' id='word_1_455' title='bbox 1490 2147 1619 2190; x_wconf 87' lang='lat' dir='ltr'>eiusque</span> <span class='ocrx_word' id='word_1_456' title='bbox 1634 2147 1786 2180; x_wconf 80' lang='lat' dir='ltr'>circuitus</span> 
     </span>
     <span class='ocr_line' id='line_1_86' title="bbox 1042 2200 1784 2245; baseline -0.003 -11"><span class='ocrx_word' id='word_1_457' title='bbox 1042 2212 1098 2245; x_wconf 89' lang='lat' dir='ltr'>per</span> <span class='ocrx_word' id='word_1_458' title='bbox 1129 2212 1227 2234; x_wconf 88' lang='lat' dir='ltr'>unum</span> <span class='ocrx_word' id='word_1_459' title='bbox 1255 2201 1388 2234; x_wconf 90' lang='lat' dir='ltr'>milliare</span> <span class='ocrx_word' id='word_1_460' title='bbox 1411 2201 1617 2234; x_wconf 86' lang='lat' dir='ltr'>circumcirca</span> <span class='ocrx_word' id='word_1_461' title='bbox 1641 2200 1679 2232; x_wconf 87' lang='lat' dir='ltr'>ad</span> <span class='ocrx_word' id='word_1_462' title='bbox 1704 2200 1784 2232; x_wconf 91' lang='lat' dir='ltr'>solu-</span> 
     </span>
     <span class='ocr_line' id='line_1_87' title="bbox 1043 2253 1780 2296; baseline -0.003 -10"><span class='ocrx_word' id='word_1_463' title='bbox 1043 2254 1158 2287; x_wconf 90' lang='lat' dir='ltr'>tionem</span> <span class='ocrx_word' id='word_1_464' title='bbox 1183 2254 1283 2287; x_wconf 86' lang='lat' dir='ltr'>dictae</span> <span class='ocrx_word' id='word_1_465' title='bbox 1308 2253 1449 2296; x_wconf 83' lang='lat' dir='ltr'>gabellac</span> <span class='ocrx_word' id='word_1_466' title='bbox 1468 2253 1596 2296; x_wconf 80' lang='lat' dir='ltr'>triginta</span> <span class='ocrx_word' id='word_1_467' title='bbox 1619 2263 1670 2285; x_wconf 81' lang='lat' dir='ltr'>sex</span> <span class='ocrx_word' id='word_1_468' title='bbox 1697 2257 1780 2285; x_wconf 85' lang='lat' dir='ltr'>tare-</span> 
     </span>
     <span class='ocr_line' id='line_1_88' title="bbox 1043 2306 1783 2351; baseline -0.001 -12"><span class='ocrx_word' id='word_1_469' title='bbox 1043 2317 1156 2341; x_wconf 83' lang='lat' dir='ltr'>norum</span> <span class='ocrx_word' id='word_1_470' title='bbox 1182 2318 1240 2351; x_wconf 87' lang='lat' dir='ltr'>pro</span> <span class='ocrx_word' id='word_1_471' title='bbox 1265 2306 1406 2350; x_wconf 88' lang='lat' dir='ltr'>quolibet</span> <span class='ocrx_word' id='word_1_472' title='bbox 1430 2306 1514 2340; x_wconf 90' lang='lat' dir='ltr'>dolio</span> <span class='ocrx_word' id='word_1_473' title='bbox 1539 2307 1612 2347; x_wconf 89' lang='lat' dir='ltr'>vini,</span> <span class='ocrx_word' id='word_1_474' title='bbox 1638 2311 1670 2338; x_wconf 89' lang='lat' dir='ltr'>ut</span> <span class='ocrx_word' id='word_1_475' title='bbox 1691 2316 1783 2349; x_wconf 88' lang='lat' dir='ltr'>prae-</span> 
     </span>
     <span class='ocr_line' id='line_1_89' title="bbox 1042 2359 1785 2403; baseline -0.004 -10"><span class='ocrx_word' id='word_1_476' title='bbox 1042 2361 1150 2401; x_wconf 80' lang='lat' dir='ltr'>fertur,</span> <span class='ocrx_word' id='word_1_477' title='bbox 1170 2360 1208 2392; x_wconf 90' lang='lat' dir='ltr'>ad</span> <span class='ocrx_word' id='word_1_478' title='bbox 1233 2366 1304 2394; x_wconf 88' lang='lat' dir='ltr'>octo</span> <span class='ocrx_word' id='word_1_479' title='bbox 1328 2370 1426 2393; x_wconf 84' lang='lat' dir='ltr'>annos</span> <span class='ocrx_word' id='word_1_480' title='bbox 1451 2360 1614 2403; x_wconf 79' lang='lat' dir='ltr'>proximos</span> <span class='ocrx_word' id='word_1_481' title='bbox 1638 2359 1785 2392; x_wconf 79' lang='lat' dir='ltr'>duxtaxat</span> 
     </span>
     <span class='ocr_line' id='line_1_90' title="bbox 1041 2412 1784 2457; baseline -0.003 -11"><span class='ocrx_word' id='word_1_482' title='bbox 1041 2425 1058 2446; x_wconf 91' lang='lat' dir='ltr'>a</span> <span class='ocrx_word' id='word_1_483' title='bbox 1079 2414 1162 2447; x_wconf 91' lang='lat' dir='ltr'>dicto</span> <span class='ocrx_word' id='word_1_484' title='bbox 1186 2413 1236 2446; x_wconf 87' lang='lat' dir='ltr'>die</span> <span class='ocrx_word' id='word_1_485' title='bbox 1260 2413 1497 2457; x_wconf 83' lang='lat' dir='ltr'>approbationis</span> <span class='ocrx_word' id='word_1_486' title='bbox 1529 2413 1593 2445; x_wconf 83' lang='lat' dir='ltr'>sive</span> <span class='ocrx_word' id='word_1_487' title='bbox 1618 2412 1784 2445; x_wconf 80' lang='lat' dir='ltr'>confirma-</span> 
     </span>
     <span class='ocr_line' id='line_1_91' title="bbox 1043 2466 1785 2510; baseline -0.004 -10"><span class='ocrx_word' id='word_1_488' title='bbox 1043 2468 1136 2500; x_wconf 87' lang='lat' dir='ltr'>tionis</span> <span class='ocrx_word' id='word_1_489' title='bbox 1159 2468 1231 2501; x_wconf 86' lang='lat' dir='ltr'>novi</span> <span class='ocrx_word' id='word_1_490' title='bbox 1256 2467 1378 2501; x_wconf 87' lang='lat' dir='ltr'>consilii</span> <span class='ocrx_word' id='word_1_491' title='bbox 1396 2466 1577 2499; x_wconf 82' lang='lat' dir='ltr'>huiusmodi</span> <span class='ocrx_word' id='word_1_492' title='bbox 1603 2471 1785 2510; x_wconf 89' lang='lat' dir='ltr'>computan-</span> 
     </span>
     <span class='ocr_line' id='line_1_92' title="bbox 1041 2520 1784 2564; baseline -0.005 -9"><span class='ocrx_word' id='word_1_493' title='bbox 1041 2522 1107 2564; x_wconf 85' lang='lat' dir='ltr'>dos,</span> <span class='ocrx_word' id='word_1_494' title='bbox 1125 2527 1153 2555; x_wconf 94' lang='lat' dir='ltr'>et</span> <span class='ocrx_word' id='word_1_495' title='bbox 1179 2531 1240 2554; x_wconf 89' lang='lat' dir='ltr'>non</span> <span class='ocrx_word' id='word_1_496' title='bbox 1267 2522 1358 2563; x_wconf 88' lang='lat' dir='ltr'>ultra,</span> <span class='ocrx_word' id='word_1_497' title='bbox 1381 2521 1478 2553; x_wconf 88' lang='lat' dir='ltr'>teneri</span> <span class='ocrx_word' id='word_1_498' title='bbox 1496 2526 1526 2553; x_wconf 89' lang='lat' dir='ltr'>et</span> <span class='ocrx_word' id='word_1_499' title='bbox 1543 2520 1697 2563; x_wconf 85' lang='lat' dir='ltr'>obligatos</span> <span class='ocrx_word' id='word_1_500' title='bbox 1716 2529 1784 2552; x_wconf 88' lang='lat' dir='ltr'>csse</span> 
     </span>
    </p>
   </div>
   <div class='ocr_carea' id='block_1_12' title="bbox 1041 2590 1782 2675">
    <p class='ocr_par' dir='ltr' id='par_1_12' title="bbox 1041 2590 1782 2675">
     <span class='ocr_line' id='line_1_93' title="bbox 1077 2590 1782 2628; baseline 0.001 -9"><span class='ocrx_word' id='word_1_501' title='bbox 1077 2596 1088 2620; x_wconf 77' lang='grc'>1</span> <span class='ocrx_word' id='word_1_502' title='bbox 1107 2592 1173 2620; x_wconf 79' lang='lat' dir='ltr'>Male</span> <span class='ocrx_word' id='word_1_503' title='bbox 1188 2592 1252 2619; x_wconf 85' lang='lat' dir='ltr'>edit.</span> <span class='ocrx_word' id='word_1_504' title='bbox 1265 2592 1343 2619; x_wconf 81' lang='lat' dir='ltr'>Maia.</span> <span class='ocrx_word' id='word_1_505' title='bbox 1362 2592 1425 2628; x_wconf 81' lang='lat' dir='ltr'>legit</span> <span class='ocrx_word' id='word_1_506' title='bbox 1439 2592 1552 2622; x_wconf 75' lang='lat' dir='ltr'>clericos</span> <span class='ocrx_word' id='word_1_507' title='bbox 1569 2594 1627 2619; x_wconf 83' lang='lat' dir='ltr'>tam</span> <span class='ocrx_word' id='word_1_508' title='bbox 1640 2590 1782 2620; x_wconf 75' lang='lat' dir='ltr'>seculares</span> 
     </span>
     <span class='ocr_line' id='line_1_94' title="bbox 1041 2637 1405 2675; baseline -0.008 -8"><span class='ocrx_word' id='word_1_509' title='bbox 1041 2647 1126 2675; x_wconf 80' lang='lat' dir='ltr'>quam</span> <span class='ocrx_word' id='word_1_510' title='bbox 1143 2639 1289 2674; x_wconf 74' lang='lat' dir='ltr'>requlares</span> <span class='ocrx_word' id='word_1_511' title='bbox 1305 2638 1343 2674; x_wconf 77' lang='lat' dir='ltr'>(a.</span> <span class='ocrx_word' id='word_1_512' title='bbox 1358 2637 1405 2673; x_wconf 84' lang='lat' dir='ltr'>T.).</span> 
     </span>
    </p>
   </div>
   <div class='ocr_carea' id='block_1_13' title="bbox 1797 235 1834 260">
    <p class='ocr_par' dir='ltr' id='par_1_13' title="bbox 1797 235 1834 260">
     <span class='ocr_line' id='line_1_95' title="bbox 1797 235 1834 260; baseline 0.027 -1"><span class='ocrx_word' id='word_1_513' title='bbox 1797 235 1814 259; x_wconf 77' lang='grc' dir='ltr'>Α</span> <span class='ocrx_word' id='word_1_514' title='bbox 1819 242 1834 260; x_wconf 97' lang='lat' dir='ltr'>n</span> 
     </span>
    </p>
   </div>
   <div class='ocr_carea' id='block_1_14' title="bbox 1841 233 1978 261">
    <p class='ocr_par' dir='ltr' id='par_1_14' title="bbox 1841 233 1978 261">
     <span class='ocr_line' id='line_1_96' title="bbox 1841 233 1978 261; baseline 0.007 -1"><span class='ocrx_word' id='word_1_515' title='bbox 1841 255 1846 260; x_wconf 88' lang='lat'>.</span> <span class='ocrx_word' id='word_1_516' title='bbox 1866 233 1978 261; x_wconf 56' lang='lat'><strong>&amp;1639</strong></span> 
     </span>
    </p>
   </div>
  </div>
 </body>
</html>
