2226 3235
71 220 122 247 An.
142 219 171 245 C.
190 219 258 247 4629

114 848 173 892 duod
189 866 258 888 decta-

73 895 116 916 ται-ἰ
131 896 212 921 petunt.

117 1134 144 1155 Et
157 1134 206 1155 ideo
221 1133 260 1154 Ur-

75 1160 143 1183 banus
158 1161 260 1182 remotio-

75 1193 123 1208 nem
138 1187 197 1209 istam
211 1193 260 1214 per-

75 1217 161 1240 petuam
170 1220 216 1236 esso
224 1215 259 1236 de-

76 1242 150 1263 clarat.

890 218 1032 243 tinuimus

271 266 317 298 vis
343 265 500 310 apposita,
518 265 608 298 nobis
632 265 745 309 exponi
770 265 910 305 fecerint,
930 266 1013 309 quod
1031 267 1033 272 ’

271 318 456 362 neutiquam
481 318 556 363 ipsis
585 318 729 362 expedit,
754 329 813 362 pro
838 319 1032 370 remotione,

272 376 302 405 et
322 371 517 404 derivatione
540 371 578 404 ad
604 377 737 416 tempus,
755 378 782 404 et
802 383 860 416 pro
877 372 1032 411 interimy

274 429 337 457 tam
361 424 503 467 ingentes
523 424 658 465 labores,
680 430 824 468 sumptus
849 430 878 457 et
903 434 1031 468 ‹apen-t

273 487 322 511 sas
346 477 462 518 subire,
487 477 634 521 quodque
658 477 856 521 suspicantur
870 504 877 517 ,
898 477 1012 510 nedum
1030 497 1032 523 χ

273 531 445 571 dubitatur,
462 541 501 564 an
526 531 707 575 praedictae
733 531 868 564 remotio
886 536 916 563 ct
937 531 1032 564 deri-l

273 585 355 618 vatio
380 585 503 617 suturae
527 585 589 617 sint
612 590 794 629 perpetuae,
814 585 860 618 vel
885 584 922 617 ad
943 589 1033 631 tem-³

273 649 342 682 pus,
357 642 387 671 et
407 638 633 680 excavationes,
653 638 846 680 effossiones,
871 647 1015 680 aggeres,
1032 638 1033 663 l

273 697 303 725 et
321 691 380 724 alia
397 691 436 724 ad
460 691 641 725 huiusmodi
666 692 874 725 remotionem
892 695 922 725 et
938 691 1017 724 deri-
1032 694 1033 716 l

274 745 429 779 vationem
453 745 641 786 necessaria,
663 745 703 778 ita
724 745 864 789 perfecta
881 750 910 777 et
927 745 1018 777 dura-

273 798 349 833 bilia
372 798 464 839 fiant,
485 804 580 842 prout
604 809 682 842 opus
707 802 752 832 est
774 803 803 831 et
828 798 1034 844 requiritur,⁴

318 853 333 896 g
357 851 386 885 3.
412 853 449 885 Et
472 858 640 896 propterea
659 852 750 885 nobis
766 852 928 884 humiliter
945 863 1016 896 sup·
1032 866 1034 874 ι

273 905 384 950 plicari
408 906 548 947 fecerint,
569 910 723 949 quatenus
743 910 939 948 opportunae
963 905 1016 938 de-

275 958 455 992 clarationis
473 964 598 991 nostrae
616 958 792 990 ministerio
812 957 948 1002 desuper
965 969 1017 1002 op·
1032 964 1034 975 ¹

274 1017 409 1056 portune
432 1011 602 1055 providere
627 1011 665 1044 de
682 1011 878 1054 benignitate
896 1016 1033 1056 aposto-g

274 1066 335 1099 lica
355 1065 576 1108 dignaremur:
1031 1062 1033 1077 ¹

319 1120 334 1163 g
357 1119 388 1152 4,
405 1120 468 1153 Nos
492 1119 598 1162 igitur,
616 1118 798 1152 huiusmodi
816 1118 1017 1163 supplicatio·
1032 1147 1033 1158 ,

274 1173 366 1206 nibus
387 1172 535 1213 inclinati,
555 1177 665 1206 tenore
682 1172 895 1217 praesentium
916 1173 1033 1220 decla-t

273 1237 381 1260 ramus
415 1230 541 1260 nostrae
569 1226 738 1259 voluntatis
773 1231 803 1259 et
835 1226 1016 1260 intentionis

274 1280 369 1313 fuisse
394 1284 422 1314 et
446 1280 534 1320 sore,
560 1284 595 1312 ut
619 1279 737 1312 flumen
762 1279 863 1312 Rheni
891 1290 908 1311 a
932 1279 1033 1325 dicto}

274 1334 344 1367 loco
368 1333 519 1367 Mirabelli
544 1343 607 1366 non
635 1333 674 1365 ad
701 1338 825 1376 tempus
856 1333 909 1366 sed
937 1344 1012 1377 per-

274 1393 369 1431 petuo
406 1392 608 1427 amoveatur,
641 1391 670 1418 et
700 1386 811 1418 exinde
836 1386 867 1418 in
899 1386 1034 1430 ssumen3

277 1440 349 1473 Padi
369 1439 476 1483 magni
498 1439 657 1473 derivetur
674 1443 704 1472 et
720 1439 947 1482 introducatur,
963 1440 1017 1472 ibi-
1032 1436 1034 1458 f

276 1504 336 1537 que
360 1493 536 1526 derivatum
562 1496 592 1526 et
615 1492 830 1525 introductum
855 1493 1034 1536 perpetuis!

275 1547 389 1579 suturis
412 1546 608 1589 temporibus
640 1551 800 1578 remaneat
824 1551 854 1577 et
878 1536 1033 1586 defluat,'

274 1599 421 1643 quodque
445 1598 674 1638 excavationes,
695 1598 887 1639 effossiones,
906 1609 1016 1643 expur-

273 1653 425 1697 gationes,
450 1662 596 1696 aggeres,
622 1657 652 1685 et
676 1652 782 1685 onmia
798 1658 828 1685 et
845 1657 1034 1700 quaecum-'5

273 1717 335 1751 que
359 1706 419 1739 alia
442 1705 619 1739 necessaria
644 1712 674 1739 et
698 1711 876 1750 opportuna
904 1701 1034 1752 iisdem[

274 1760 367 1794 modo
381 1764 411 1793 et
422 1760 526 1793 forma
549 1759 636 1800 fiant,
654 1764 687 1792 ut
704 1760 794 1803 operi
812 1760 1015 1793 derivationis
1032 1755 1034 1789 3

274 1818 304 1846 et
320 1812 560 1846 introductionis
578 1812 760 1846 huiusmodi
784 1813 945 1857 perpetuis
969 1814 1015 1846 fu·
1032 1827 1034 1846 ;

274 1867 353 1900 turis
378 1865 575 1910 temporibus
600 1866 771 1899 inserviant
803 1871 832 1899 et
863 1867 1015 1900 inservire

274 1920 405 1965 possint,
423 1920 538 1964 illaque
552 1919 590 1952 ad
606 1920 690 1952 hunc
708 1917 854 1953 effectum
872 1920 1016 1955 similiter

273 1980 428 2018 perpetuo
453 1974 689 2006 manuteneriet
703 1974 882 2006 conservari
894 1975 1017 2007 valcant
1032 1970 1034 1978 ¹

274 2033 304 2062 et
323 2028 466 2068 debeant,
483 2027 543 2060 nisi
561 2033 665 2060 tamen
685 2027 776 2060 nobis
801 2033 831 2060 et
854 2038 912 2071 pro
936 2033 1016 2061 tem-
1032 2044 1034 2048 ¹

273 2092 350 2126 pore
359 2081 565 2114 existentibus
572 2081 721 2114 Romanis
735 2081 939 2114 Pontificibus
950 2092 1017 2115 suc-
1032 2103 1034 2108 ν

275 2135 453 2169 cessoribus
466 2134 583 2168 nostris
598 2140 627 2167 et
637 2134 912 2178 SediApostolicae
926 2135 1016 2168 aliter

274 2190 386 2229 visum,
403 2194 432 2221 et
449 2188 488 2220 ab
507 2188 625 2222 eisdem
650 2193 810 2230 statutum,
836 2188 1015 2221 ordinatum
1033 2187 1034 2213 Τ

275 2249 304 2276 et
336 2241 497 2286 provisum
530 2241 652 2283 fuerit,
678 2242 780 2275 libero
809 2242 1034 2282 nihilominus]

274 2296 366 2330 nobis
391 2295 544 2339 dictisque
572 2296 807 2329 successoribus
834 2297 951 2330 nostris
980 2294 1034 2331 ac]

275 2349 346 2384 Sedi
371 2349 567 2393 Apostolicae
591 2355 772 2383 remanente
795 2349 944 2392 arbitrio,
971 2343 1034 2396 stt-j

275 2404 390 2436 cultate
415 2406 445 2436 et
468 2408 644 2446 potestate,
669 2413 796 2446 semper
821 2409 847 2436 et
874 2397 1034 2446 quando-l

275 2466 410 2500 cumque
435 2456 554 2489 dictum
572 2456 689 2489 ssumen
706 2456 805 2489 Rheni
826 2466 844 2488 a
861 2456 944 2490 dicto
960 2457 1015 2489 Mi-
1032 2491 1033 2497 ἵ

273 2509 384 2543 rabelli
410 2520 465 2542 seu
489 2510 550 2543 alio
577 2509 668 2543 nobis
692 2514 721 2544 et
745 2510 914 2554 praedictis
939 2507 1033 2560 suc-l

308 2581 323 2608 1
345 2580 392 2608 Vel
411 2580 491 2616 paulo
511 2584 573 2607 ante
592 2580 734 2616 legendum
749 2582 807 2610 sinc
821 2582 863 2609 vel
883 2589 953 2609 nunc
973 2581 1014 2609 le·
1032 2571 1034 2588 ³

273 2624 391 2661 gendum
406 2625 497 2661 possit
516 2629 543 2653 et
562 2625 660 2654 debeat
678 2625 713 2661 (n.
733 2626 782 2661 12).

1052 219 1109 242 vm
1127 219 1177 243 1³1³.

1050 266 1228 300 cessoribus
1253 266 1402 300 benev-iso
1428 266 1499 299 loco
1530 266 1715 308 amovendi,
1740 267 1788 298 vel

1048 325 1188 352 amotum
1215 319 1442 361 conservandi,
1468 323 1496 353 et
1514 330 1569 363 per
1587 319 1695 352 cadem
1720 320 1788 353 loca

1049 373 1079 404 in
1109 378 1180 417 tvpo
1208 373 1364 417 descripta
1390 373 1437 406 vel
1465 373 1616 406 aliorsum
1641 384 1696 416 per
1721 373 1789 406 loca

1048 436 1265 470 quaecumque
1290 426 1437 460 benevisa
1462 426 1657 459 conducendi
1683 431 1713 458 et
1737 426 1789 459 de-

1050 479 1179 521 rivandi,
1201 486 1228 512 et
1248 480 1277 512 in
1298 481 1368 513 loco
1393 486 1572 523 nuncupato
1592 480 1623 512 la
1638 480 1786 520 Stellam,

1049 543 1104 565 seu
1123 533 1183 566 alio
1204 533 1362 574 bencviso,
1389 533 1418 565 in
1440 534 1555 566 Padum
1581 544 1730 576 magnum
1748 534 1791 566 in-

1050 586 1258 626 troducendi,
1284 586 1332 618 vel
1363 586 1444 619 idem
1479 588 1594 620 tlumen
1626 587 1727 620 Rheni
1759 588 1790 620 in

1051 639 1193 671 eamdem
1218 640 1246 671 S.
1273 638 1395 671 Martini
1420 640 1468 671 vel
1499 640 1574 672 alias
1608 640 1704 673 valles
1735 651 1790 673 seu

1052 692 1168 725 Padum
1190 692 1435 733 Ferrariensem,
1453 694 1500 725 vel
1522 693 1551 725 in
1572 694 1667 726 alium
1685 705 1790 738 quem-

1050 746 1125 778 libet
1150 746 1276 786 locum,
1303 746 1371 790 pari
1396 746 1489 779 modo
1514 746 1714 789 benevisum,
1740 759 1788 781 re-

1051 799 1204 840 mittendi,
1226 799 1445 833 introducendi
1471 806 1499 832 ct
1524 800 1696 841 derivandi,
1714 802 1791 835 itaut

1051 865 1175 898 semper
1200 859 1230 887 et
1254 858 1407 898 perpetuo
1433 855 1559 896 amotio,
1585 856 1789 893 manutentio,

1050 908 1204 941 derivatio
1235 913 1265 940 et
1296 907 1487 941 introductio
1520 908 1594 940 dicti
1626 909 1726 941 Rheni
1760 909 1791 942 in

1050 966 1079 995 et
1103 972 1159 1005 per
1183 971 1400 1005 quaecumque
1424 961 1492 994 loca
1517 961 1674 1002 benevisa,
1699 962 1791 995 nobis

1050 1019 1078 1048 ct
1093 1014 1328 1048 successoribus
1347 1014 1463 1047 nostris
1481 1015 1606 1058 penitus
1620 1021 1650 1047 et
1664 1015 1791 1049 omnino

1032 1068 1216 1100 *arbitraria
1240 1073 1270 1100 et
1295 1067 1469 1100 voluntaria
1490 1068 1538 1107 sit,
1564 1074 1593 1100 et
1618 1079 1685 1101 esse
1705 1072 1734 1102 et
1754 1069 1791 1101 ad

1050 1120 1228 1155 libitum‘et
1253 1122 1444 1156 voluntatem
1465 1128 1604 1155 nostram
1630 1122 1698 1155 fieri
1723 1133 1792 1166 pos-

1050 1176 1110 1209 sint
1133 1181 1162 1208 et
1187 1175 1329 1210 debeant.

1095 1229 1151 1273 ξὸ.
1173 1230 1240 1263 Non
1257 1229 1451 1262 obstantibus
1469 1229 1615 1262 omnibus
1628 1231 1698 1271 illis,
1713 1241 1791 1274 quae

1051 1284 1080 1316 in
1106 1283 1222 1316 eisdem
1256 1284 1460 1327 praeinsertis
1492 1284 1603 1316 litteris
1636 1285 1793 1318 voluimus

1050 1347 1112 1370 non
1133 1337 1270 1378 obstare,
1289 1337 1464 1380 ceterisque
1485 1337 1651 1370 contrariis
1668 1338 1793 1381 quibus-

1050 1402 1195 1434 cumque.

1094 1445 1205 1477 Datum
1219 1444 1347 1483 Romae,
1361 1444 1443 1487 apud
1468 1444 1496 1477 S.
1517 1445 1654 1485 Petrum,
1672 1445 1728 1478 sub
1742 1457 1793 1478 an-

1051 1499 1124 1532 nulo
1138 1497 1315 1534 piscatoris,
1333 1497 1383 1530 die
1404 1508 1456 1531 xvl
1473 1498 1622 1531 februarii
1641 1509 1792 1539 nocxxtx,

1050 1552 1251 1596 pontificatus
1276 1552 1374 1585 nostri
1400 1562 1482 1585 anno
1508 1562 1548 1585 v1.

1087 1616 1143 1642 Dat.
1162 1615 1204 1642 die
1223 1616 1253 1643 16
1268 1615 1398 1642 februarii
1417 1615 1492 1650 1629,
1510 1616 1602 1651 pontif.
1620 1624 1689 1644 auno
1705 1623 1738 1643 vi.

1337 1733 1508 1766 CCCXXIII.

1053 1805 1215 1840 Concessio
1250 1805 1477 1848 iizdulyemiae
1511 1805 1701 1848 plenariae,
1733 1816 1793 1848 pro

1094 1858 1254 1892 Ecclesiae
1284 1858 1529 1891 necessitatibus
1561 1858 1706 1890 validius
1736 1857 1789 1891 in-

1095 1911 1286 1955 (fluentibus
1312 1911 1505 1944 [evertendis.

1259 1983 1394 2010 Urbanus
1411 1984 1488 2017 Papa
1503 1983 1581 2017 vul,

1051 2036 1205 2064 universis
1233 2036 1481 2064 christifidelibus
1508 2040 1688 2070 praesentes
1708 2037 1791 2064 litte-

1086 2089 1136 2108 ras
1156 2081 1342 2115 inspecturis
1356 2103 1362 2114 ‚
1384 2082 1514 2108 salutem
1543 2084 1574 2108 et
1597 2082 1792 2115 apostolicam

1033 2124 1034 2135 ¹
1085 2126 1334 2153 benedictionem.

1096 2188 1180 2220 Votis
1197 2192 1226 2220 et
1250 2187 1397 2231 precibus
1414 2198 1472 2231 pro
1490 2192 1614 2220 sanctae
1636 2188 1791 2221 Ecclesiae

1051 2241 1188 2274 hostium
1200 2241 1415 2281 conversione,
1424 2241 1627 2285 eiusdemque
1636 2242 1792 2274 Ecclesiae

1051 2295 1256 2336 exaltatione,
1280 2300 1310 2327 et
1334 2295 1415 2327 inter
1439 2295 1597 2339 principes
1621 2295 1792 2328 catholicos

1051 2360 1126 2393 pace
1159 2349 1355 2393 impetranda
1388 2349 1520 2382 Domino
1551 2349 1583 2381 in
1618 2350 1792 2392 superioris

1051 2403 1123 2435 anni
1144 2403 1408 2445 quadragesimali
1433 2403 1549 2435 ieiunio
1567 2403 1656 2435 enixe
1673 2403 1792 2446 precati

1051 2455 1187 2489 sumus¹.
1208 2456 1297 2488 Nunc
1315 2460 1428 2496 autem,
1451 2455 1661 2499 periculosius
1685 2457 1793 2490 adver-

1088 2538 1098 2562 1
1128 2535 1193 2562 Vide
1224 2535 1401 2562 indictionem
1431 2535 1591 2562 universalis
1619 2536 1729 2563 iubilaei
1759 2537 1792 2564 ab

1050 2581 1165 2616 ipsomet
1183 2580 1287 2607 Urbano
1303 2580 1363 2607 vtll
1382 2580 1479 2608 factam
1500 2581 1527 2608 in
1547 2580 1637 2608 Const.
1660 2588 1790 2616 ccrxxxv,

1051 2630 1114 2655 tom.
1132 2633 1188 2661 xni,
1205 2634 1265 2662 pag.
1283 2626 1334 2655 654
1349 2627 1387 2660 (n.
1404 2626 1452 2661 T.).

1711 209 1753 243 47
1802 219 1850 245 An.
1868 219 1895 245 c.
1920 219 1986 246 «629

1854 1239 1992 1260 Obstantibus

1808 1266 1902 1291 derogat.

1835 2199 1954 2219 Exordium.
