2248 3229
99 221 148 249 An.
169 220 197 249 C.
217 220 280 249 1637

910 220 1049 244 rnnaxrs

295 268 335 303 sit
367 268 412 310 is,
442 267 531 302 cuius
563 278 678 302 nomen
710 268 798 313 prius
830 267 862 301 in
896 269 1056 312 catalogo,

296 322 488 356 studentium
520 322 613 356 suerit
644 322 895 363 matricolatum,
920 323 945 356 si
976 318 1056 388 (1υοῖ

296 376 390 409 simul
415 375 608 415 advenerint,
633 375 792 418 antiquior
813 375 844 408 in
861 375 972 409 ordine
989 375 1039 408 de·

297 428 461 462 scribetur.
482 428 516 462 ln
540 428 722 462 nominibus
739 438 865 472 quoque
887 432 916 462 et
936 413 1057 472 appel-2

298 481 466 515 lationibus
484 491 593 514 omnes
607 486 779 525 sequentur
796 481 1038 514 constitutiones
1054 481 1057 519 l

297 534 548 574 reformationis,
580 544 637 567 nec
673 534 869 568 vocabuntur
904 522 1057 578 amplius!

299 588 462 631 magistri,
491 597 560 620 mea
584 587 729 626 licentia,
755 598 824 620 inca
854 578 1057 631 pi·orincia‚’

298 652 386 674 meus
401 646 574 674 conventus
587 646 617 673 ct
630 641 754 681 similia,
768 646 797 674 ct
812 641 917 673 nullus
934 640 1039 673 theses
1054 634 1056 657 ³

298 695 481 739 imprimere
499 695 545 727 vel
563 694 708 728 dedicare
729 700 782 728 aut
806 693 1038 739 praesidentem

297 748 414 791 eligere
439 748 572 792 poterit,
598 748 716 792 absque
740 749 888 791 expressa
913 747 1038 780 licentia

298 801 414 846 prioris
430 807 459 834 et
477 806 602 845 patrum
619 802 672 845 qui
693 801 737 834 illi
754 806 846 834 erunt
863 811 881 833 a
897 800 1038 834 consilio.

343 865 403 889 xix.
431 855 529 898 Igitur
554 855 585 888 in
610 855 718 895 clioro,
745 855 775 887 in
801 854 987 895 refectorio,
1008 855 1040 887 in

298 909 446 953 capitulo,
464 909 495 942 in
519 909 785 953 processionibus,
807 914 837 941 et
853 908 922 941 aliis
946 908 1037 941 deni-

297 973 359 1006 que
383 962 530 996 omnibus
554 972 688 1006 sequens
712 961 791 995 ordo
818 961 1041 995 inviolabiliter

298 1015 487 1055 servabitur,
504 1015 602 1059 prior,
623 1015 782 1059 subprior,
802 1014 973 1058 primarius
991 1024 1040 1048 re-

298 1079 386 1112 gens,
411 1074 500 1113 pater
521 1069 669 1109 monitor,
694 1074 724 1102 et
752 1068 848 1102 ceteri
872 1073 979 1112 patres
1003 1068 1059 1101 de=

298 1121 440 1163 consilio,
465 1121 599 1166 quisque
624 1121 797 1154 secundum
823 1121 1040 1165 antiquitatem

299 1174 504 1219 professionis
521 1174 553 1207 in
570 1173 696 1215 ordine,
712 1174 825 1218 reliqui
843 1184 962 1216 omnes,
979 1180 1040 1207 tam

298 1227 461 1271 regulares
485 1237 580 1272 quam
605 1227 766 1261 studentes
783 1238 819 1261 ex
837 1227 946 1272 quavis
971 1238 1042 1271 pro-

299 1281 400 1315 vincia
413 1280 587 1314 secundum
603 1280 827 1314 admissionem
845 1286 873 1314 et
891 1281 1042 1325 receptio·
1058 1290 1060 1309 t

300 1345 373 1368 nem
398 1334 430 1368 in
454 1335 600 1378 collegio,
620 1337 743 1368 servata
768 1345 931 1368 sacrorum
957 1335 1041 1368 ordi-

300 1398 376 1421 num
407 1387 576 1431 dignitate,
601 1387 715 1421 debent
749 1387 833 1421 euim
866 1387 1061 1422 sacerdotio:

300 1441 439 1484 insigniti
453 1441 601 1475 diaconos
618 1441 816 1485 praecedere,
830 1441 953 1476 diaconi
970 1442 1043 1475 sub-

300 1495 461 1536 ‹liat-onos,
478 1501 508 1528 et
532 1495 582 1528 isti
607 1495 685 1528 alios
709 1495 886 1529 inferiores.

345 1559 395 1582 xx.
422 1549 529 1582 Patres
552 1549 718 1590 Tui-oniae,
739 1549 829 1582 aliter
853 1559 916 1582 non
941 1549 1044 1594 dispo-

299 1607 393 1635 nente
417 1607 507 1646 patre
532 1602 684 1645 generali,
700 1602 864 1636 habebunt
883 1613 1011 1647 semper
1027 1614 1043 1636 a

301 1657 356 1688 sua
391 1655 552 1699 provincia
588 1655 619 1688 in
656 1655 790 1698 collegio
822 1656 932 1690 saltem
967 1656 1043 1689 duas

300 1713 405 1751 partes
423 1718 439 1740 e
457 1707 568 1748 tribus,
587 1707 724 1752 demptis
749 1708 846 1749 laicis,
864 1709 918 1752 qui
939 1709 1042 1742 solum

300 1761 417 1794 debent
439 1771 507 1794 esse
524 1760 562 1794 de
575 1761 737 1805 provincia
750 1762 917 1803 Turoniae,
937 1773 1044 1806 quam-

303 1814 347 1847 vis
364 1814 510 1847 omnibus
527 1825 563 1847 ex
583 1824 684 1858 aequo
702 1815 891 1855 inservient3
913 1827 939 1849 v.
958 1826 999 1859 g.,
1017 1816 1042 1849 si
1060 1822 1061 1827 ¹

302 1867 470 1910 collegium
496 1867 612 1911 poterit
636 1873 742 1901 tenere
759 1874 789 1901 et
808 1869 893 1902 alere
917 1875 1042 1903 centum

303 1921 478 1964 religiosos,
492 1931 560 1953 esse
576 1926 723 1964 poterunt
742 1931 758 1954 e
773 1922 937 1965 provincia
949 1923 1045 1956 Turo-

302 1974 390 2007 nensi
415 1973 586 2016 sexaginta,
608 1973 751 2006 videlicet
775 1974 954 2017 quindecim
973 1985 1044 2008 con-

302 2027 411 2061 siliarii
435 2038 452 2059 a
477 2026 661 2070 provinciali
693 2032 723 2060 et
752 2027 972 2061 definitoribus
996 2038 1045 2061 as-

302 2082 446 2125 signandi
476 2092 513 2115 ex
545 2081 660 2125 quibus
691 2081 834 2114 officiarii
866 2082 1061 2127 eligantur,¹

303 2137 385 2169 circa
405 2134 754 2179 quadragintaquinque
778 2135 950 2175 studentes,
970 2130 1061 2180 quo-³

303 2199 374 2222 rum
399 2187 536 2222 conditio
561 2197 619 2232 pro
644 2187 798 2231 regimine
823 2192 853 2222 et
873 2188 933 2222 loci
954 2199 1061 2232 prae-1

303 2242 445 2286 rogativa
469 2251 532 2274 non
556 2241 616 2274 alia
640 2241 709 2283 erit,
728 2251 824 2285 quam
849 2241 1061 2285 reliquarum}

305 2295 557 2340 provinciarum,
576 2300 606 2328 et
630 2294 714 2328 circa
738 2294 868 2338 triginta
885 2295 1043 2329 studentes
1060 2286 1061 2317 ἶ

304 2360 340 2382 ex
366 2348 435 2381 aliis
460 2357 512 2381 sex
542 2347 722 2392 provinciis,
752 2353 782 2381 et
814 2347 857 2381 sie
883 2348 1042 2392 deinceps,

304 2403 425 2436 servata
442 2401 658 2446 proportione,
677 2404 706 2435 et
723 2401 849 2434 circiter
862 2401 970 2435 decem
985 2402 1043 2434 sra-

305 2462 368 2490 tres
392 2455 480 2489 laici:
505 2466 541 2488 ex
567 2455 705 2499 qualibet
729 2465 804 2489 vero
828 2456 961 2490 aliarum
990 2455 1061 2503 sex]

305 2509 539 2554 provinciarum
563 2513 713 2553 poterunt
737 2509 816 2542 mitti
842 2519 895 2542 sex
920 2513 972 2543 aut
1000 2520 1043 2543 sc-

305 2570 390 2608 ptem
415 2563 586 2604 studentes,
604 2563 657 2597 sed
676 2574 734 2607 pro
752 2563 812 2597 illis
829 2564 1010 2607 supplendis
1027 2575 1042 2597 e

305 2617 466 2662 provincia
482 2617 631 2651 franciae
651 2616 831 2661 quindecim
852 2622 905 2650 aut
923 2618 1041 2661 viginti,

1077 221 1129 244 rut
1155 220 1202 244 rr.

1072 269 1171 302 donec
1195 273 1266 312 post
1296 267 1421 311 aliquod
1457 272 1580 310 tenipus
1604 275 1662 310 pro
1687 265 1812 308 collegii

1072 322 1254 366 capacitate,
1271 321 1309 354 dc
1327 320 1458 355 consilio
1476 324 1603 365 patrum
1623 319 1814 353 consiliario-

1072 386 1159 415 rum,
1185 374 1410 408 mittendorum
1433 384 1586 407 numerus
1610 378 1773 417 augeatur.

1118 438 1181 461 xxi.
1208 428 1245 462 Ut
1269 427 1472 471 proprietatis
1497 427 1606 460 vitium
1633 431 1812 460 ceterorum

1073 481 1164 524 origo
1195 481 1321 524 penitus
1345 480 1537 521 eradicetur,
1562 490 1672 514 omnes
1696 480 1811 513 missa-

1074 544 1160 574 rum,
1185 533 1378 573 ossiciorum,
1404 533 1654 576 coneionumque
1679 533 1814 566 eleemo-

1073 597 1178 631 synae,
1195 597 1231 620 ac
1256 591 1379 620 ceterae
1399 587 1540 619 fidelium
1565 586 1739 620 oblationes
1762 597 1813 620 ce-

1073 640 1147 674 dent
1171 640 1203 672 in
1227 640 1346 673 bonum
1371 640 1532 684 publicum
1551 640 1685 683 collegii,
1703 650 1760 673 nec
1777 650 1813 672 ex

1073 692 1260 726 stationibus
1296 697 1326 726 et
1358 692 1564 726 concionibus
1599 692 1815 729 studentium,

1073 747 1182 780 aliisve
1207 746 1298 780 bonis
1313 774 1320 788 ,
1341 746 1513 790 quidquam
1538 746 1571 779 in
1594 745 1713 779 bonum
1744 757 1815 790 pro-

1074 800 1193 834 vinciae
1213 800 1416 840 Turonensis,
1430 806 1483 833 aut
1499 800 1628 833 alterius
1653 805 1815 833 converta-

1075 859 1126 887 tur
1143 854 1182 886 ab
1199 853 1370 894 officiariis,
1383 853 1442 886 sub
1459 855 1562 897 poena
1576 853 1682 886 surum
1699 858 1730 887 et
1747 864 1816 897 pro—

1075 907 1317 952 prietariorum:
1336 907 1361 940 si
1381 907 1451 951 quis
1469 913 1572 940 tamen
1596 917 1613 940 e
1637 907 1815 951 quindecim

1075 961 1273 1001 consiliariis,
1290 965 1344 994 aut
1367 960 1436 993 aliis
1452 970 1516 994 non
1535 960 1742 1001 studentibus,
1760 971 1817 1004 per

1074 1018 1216 1048 octavam
1241 1013 1435 1047 Sanctissimi
1459 1013 1664 1055 Sacramenti,
1680 1024 1738 1058 per
1766 1013 1818 1046 ad-

1076 1071 1202 1101 ventum
1238 1072 1269 1100 et
1303 1065 1579 1110 quadragesimam
1615 1067 1818 1100 concionatus

1075 1121 1182 1163 suerit,
1212 1121 1430 1164 eleemosynae
1453 1129 1490 1152 ex
1514 1119 1576 1152 illis
1599 1119 1819 1163 provenientes

1076 1176 1188 1210 cedent
1212 1174 1244 1208 in
1268 1174 1388 1208 bonum
1418 1173 1601 1218 provinciae
1625 1173 1710 1207 iuxta
1734 1174 1819 1208 illius

1076 1228 1314 1263 constitutiones
1339 1232 1369 1261 et
1393 1226 1583 1260 laudabilem
1606 1227 1742 1271 praxim,
1758 1227 1819 1261 nisi

1077 1294 1145 1317 eam
1163 1281 1391 1316 immutandam
1408 1281 1575 1325 aliquando
1591 1281 1819 1315 rationabiliter

1078 1336 1262 1370 iudicaverit
1292 1339 1380 1380 pater
1412 1334 1577 1378 generalis.
1602 1334 1633 1369 Si
1665 1335 1719 1378 qui
1748 1341 1819 1368 actu

1077 1390 1237 1424 studentes
1262 1399 1298 1422 ex
1321 1388 1426 1432 aliqua
1448 1398 1485 1421 ex
1502 1391 1623 1432 septem
1647 1388 1819 1432 provinciis·

1078 1454 1135 1488 per
1160 1449 1300 1477 octavam
1326 1441 1376 1475 SS.
1402 1441 1606 1482 sacramenti,
1626 1451 1683 1485 per
1707 1441 1820 1474 adven-

1078 1503 1143 1531 tum
1162 1503 1192 1530 et
1208 1495 1483 1540 quadragesimam
1497 1495 1673 1528 concionati
1692 1493 1819 1535 suerint,

1079 1550 1256 1584 mercedem
1281 1555 1312 1582 et
1335 1549 1550 1593 eleemosynas
1576 1558 1654 1592 quas
1681 1559 1816 1592 accepe-

1079 1604 1151 1645 rint,
1169 1604 1201 1636 in
1224 1603 1342 1636 bonum
1367 1602 1492 1645 collegii
1517 1601 1666 1642 offerent;
1684 1612 1721 1636 eo
1738 1612 1820 1635 anno

1078 1657 1196 1690 nullam
1214 1657 1397 1700 pensionem
1412 1655 1543 1689 solvant.
1558 1654 1646 1694 Quod
1663 1655 1689 1688 si
1706 1655 1821 1688 elemo-

1078 1721 1174 1755 synae
1198 1721 1235 1743 ex
1260 1710 1393 1743 statione
1417 1709 1549 1742 alicuius
1571 1708 1724 1742 studentis
1749 1719 1821 1752 pen<

1079 1764 1199 1797 sionem
1224 1762 1358 1805 collegio
1371 1761 1553 1796 solvendam
1571 1761 1731 1802 excedent,
1751 1761 1821 1794 reli-

1079 1827 1176 1861 quum
1203 1816 1380 1850 servabitur
1405 1815 1445 1848 ad
1475 1814 1605 1848 theseon
1631 1814 1818 1858 impressio-

1079 1881 1162 1911 nem,
1179 1870 1318 1913 aliasque
1343 1869 1502 1912 impensas
1527 1867 1719 1910 doctoratus,
1740 1878 1821 1911 quae

1079 1933 1096 1955 a
1121 1922 1291 1967 provinciis
1315 1921 1514 1965 singulorum
1530 1947 1537 1961 ,
1563 1920 1617 1964 qui
1641 1920 1680 1953 ad
1704 1921 1821 1964 gradus

1079 1975 1374 2019 promovebuntur,
1394 1975 1443 2007 vel
1467 1984 1505 2007 ex
1529 1973 1725 2016 singulorum
1751 1984 1821 2007 con-

1079 2027 1227 2060 ventibus
1250 2027 1418 2061 solvendae
1449 2031 1562 2060 essent.
1587 2026 1618 2059 Si
1652 2026 1820 2070 aliquando

1080 2081 1246 2124 pensiones
1271 2081 1425 2113 extinctae
1449 2079 1576 2120 fuerint,
1593 2080 1734 2114 omnium
1761 2084 1821 2114 stu-

1079 2135 1219 2169 dentium
1245 2134 1413 2168 conciones
1437 2138 1530 2167 erunt
1554 2144 1613 2178 pro
1637 2134 1818 2168 huiusmodi

1079 2188 1239 2222 Sorbonae
1264 2187 1440 2232 impendiis,
1466 2193 1496 2220 et
1519 2187 1604 2221 bono
1629 2187 1762 2231 collegii.
1789 2188 1819 2221 Si

1079 2242 1131 2286 qui
1157 2252 1193 2274 ex
1218 2241 1286 2274 aliis
1319 2240 1491 2284 provinciis
1527 2240 1819 2280 concionabuntur,

1079 2295 1181 2339 posito
1206 2293 1291 2338 quod
1311 2304 1374 2327 non
1399 2293 1459 2327 sint
1483 2299 1554 2327 actu
1578 2294 1748 2334 studentes,
1766 2295 1819 2327 scd

1079 2348 1179 2382 solum
1194 2347 1366 2381 consiliarii
1380 2346 1504 2390 collegii
1518 2351 1548 2379 et
1565 2346 1718 2387 officiarii,
1733 2352 1766 2380 ut
1783 2347 1819 2379 li-

1078 2401 1202 2434 centiati
1220 2405 1273 2433 aut
1291 2406 1450 2444 tamquam
1471 2399 1613 2444 hospites
1637 2397 1669 2433 in
1685 2400 1819 2444 collegio

1078 2459 1326 2496 commorentur,
1344 2454 1561 2498 eleemosynae
1579 2463 1615 2486 ex
1633 2453 1820 2488 stationibus

1078 2515 1107 2543 et
1131 2508 1338 2542 concionibus
1362 2511 1500 2548 octavae,
1518 2506 1669 2540 adventus
1693 2512 1724 2541 et
1748 2518 1820 2551 qua-

1077 2562 1274 2604 dragesimae
1292 2561 1512 2606 provenientes
1525 2560 1637 2594 cedent
1653 2559 1683 2593 in
1701 2559 1818 2594 bonurn

1078 2616 1271 2661 provinciae,
1289 2615 1377 2649 cuius
1395 2614 1511 2649 suerint
1530 2614 1660 2656 alumni,
1678 2613 1819 2649 deductis

1713 207 1777 241 575
1824 217 1874 243 Λιι.
1891 216 1920 242 C.
1941 215 2005 244 1637
