2248 3229
204 241 252 269 An.
270 240 299 268 c.
324 239 389 268 1639
436 230 499 264 706

236 1152 346 1172 Decretum
363 1149 387 1169 ir-

206 1182 280 1200 maus.

295 2425 405 2449 berngario

225 2454 384 2472 contrariorum.

398 289 436 321 ab
453 287 597 321 omnibus
622 291 651 318 et
674 284 805 327 singulis
822 283 890 315 aliis
907 282 1134 324 cuiuscumque

399 347 516 378 status,
541 339 676 382 gradus,
702 336 868 380 qualitatis,
894 334 1083 367 conditionis
1107 339 1136 365 et

399 393 557 437 dignitatis
583 392 673 424 etiam
699 388 937 427 ecclesiastieae,
957 387 1050 419 etiam
1072 397 1137 429 spe-

399 448 466 481 ciali
492 448 562 478 nota
588 445 710 487 dignae,
736 448 765 475 et
789 442 973 486 praesertim
1004 451 1021 473 a
1047 450 1137 473 vene-

400 500 488 532 rabili
515 499 609 530 fratre
634 502 741 529 nostro
764 495 921 527 cardinale
947 493 1079 527 Ostiensi
1109 498 1137 525 et

400 551 603 585 Veliternensi
636 550 783 593 episcopo
817 558 874 591 pro
909 553 1050 590 tempore
1076 546 1137 578 exi-

400 610 518 643 stente,
544 603 672 646 eiusque
702 601 853 633 ministris
878 605 907 632 et
932 599 1138 637 officialibus,

402 665 461 690 tam
488 657 517 689 in
542 667 613 688 arce
638 655 750 694 Ostiae,
776 664 869 697 quam
899 652 974 685 alibi
1000 652 1139 684 residen-

401 711 499 751 tibus,
525 708 746 741 inviolabiliter
775 707 831 738 sub
860 706 1011 738 nullitatis
1040 707 1139 748 poena

400 763 430 795 in
456 762 647 795 eontrarium
671 759 907 803 quomodolibet
932 759 1085 790 sactorum
1111 762 1141 790 et

400 822 572 860 gestorum,
591 813 760 847 contentis¹
788 814 816 845 in
842 813 959 845 eisdem
986 811 1140 855 capitulis,

400 880 455 903 seu
484 869 617 902 decretis
649 873 678 900 et
711 866 986 905 ordinationibus,
1011 865 1141 908 aliisque

401 923 493 955 etiam
519 921 737 965 personalibus
763 924 792 953 et
816 918 1005 963 pecuniariis
1034 924 1141 950 nostro

401 982 431 1009 et
455 977 668 1009 Romanorum
702 973 887 1006 Pontificum
923 982 1141 1005 successorum

402 1035 581 1062 nostrorum
605 1028 736 1060 arbitrio
754 1026 932 1070 infligendis
949 1025 1069 1070 poenis,
1083 1036 1143 1058 ser-

404 1083 468 1116 vari
491 1082 685 1114 mandamus.

448 1138 462 1181 ἓ
491 1137 520 1169 2.
546 1137 658 1179 Sicque
690 1145 747 1178 pei·
778 1143 994 1177 quoscumspie
1026 1132 1144 1164 iudices

405 1190 582 1225 ordinarios
607 1194 636 1221 et
660 1188 834 1229 delegatos,
860 1186 952 1218 etiam
979 1196 1143 1217 causarum

405 1243 510 1277 curiae
535 1243 635 1275 dictae
660 1251 802 1273 camerae
832 1239 1010 1282 generalem
1037 1243 1067 1270 et
1091 1249 1144 1282 pa-

406 1297 468 1329 latii
494 1294 655 1339 apostolici
682 1294 850 1334 auditores,
869 1303 903 1325 ac
924 1303 982 1335 pro
1003 1297 1146 1336 tempore

406 1350 573 1383 existentes
603 1347 792 1380 cardinalem
826 1345 1055 1386 camerarium⁷
1082 1344 1147 1377 tlte-

406 1403 594 1442 saurarium,
612 1401 743 1433 clericos
768 1399 991 1443 praesidentes,
1008 1398 1148 1440 aliosque

407 1456 554 1489 officiales
579 1458 608 1488 et
634 1453 793 1486 ministros
815 1452 914 1483 dictae
939 1461 1093 1490 camerae,
1119 1455 1146 1482 et

408 1509 535 1553 quosvis
560 1508 636 1540 alios
661 1516 860 1550 quacumque
881 1504 1066 1537 auctoritate
1084 1504 1149 1536 sun-

409 1568 528 1606 gentes,
546 1562 664 1594 sublata
687 1561 731 1593 eis
748 1566 778 1593 et
795 1570 904 1592 eorum
927 1559 1057 1591 cuilibet
1076 1568 1150 1601 qua—

409 1617 458 1650 vis
488 1617 578 1649 aliter
600 1614 757 1648 iudicandi
790 1618 819 1647 et
850 1611 1077 1655 interpretandi
1107 1611 1151 1643 sa-

410 1670 528 1703 culcate
553 1674 583 1701 et
607 1668 803 1705 auctoritate,
818 1666 948 1699 iudicari
974 1670 1002 1698 et
1027 1664 1149 1697 definiri

410 1724 535 1763 debere,
560 1723 684 1755 irritum
700 1732 824 1764 quoque
843 1726 873 1752 et
891 1720 982 1752 inane
999 1718 1148 1762 quidquid

411 1788 500 1810 secus
520 1787 614 1819 super
636 1775 683 1808 liis
703 1786 719 1806 a
737 1785 906 1817 quoquam,
924 1772 1032 1816 quavis
1049 1778 1152 1804 aucto-

411 1830 511 1870 ritate,
537 1830 672 1861 scienter
696 1828 743 1860 vel
769 1827 961 1869 ignoranter,
987 1825 1153 1867 contigerit

412 1882 573 1921 attentari,
599 1881 786 1923 easdemque
812 1885 990 1923 praesentes
1015 1879 1150 1917 litteras,

413 1946 448 1969 ac
472 1935 617 1979 capitula,
638 1945 691 1966 seu
716 1933 940 1969 ordinationes,
957 1937 1009 1964 aut
1027 1932 1152 1964 decreta

413 1989 571 2034 praedicta
604 1998 712 2021 omnes
745 1993 775 2019 et
807 1986 947 2028 singulos
977 1985 1154 2028 praedictos

414 2049 444 2076 et
474 2052 688 2086 quoscumque
721 2041 819 2079 alios,
845 2050 922 2083 quos
955 2039 1024 2071 illae
1049 2045 1080 2071 et
1104 2039 1154 2070 illa

414 2096 650 2140 quomodolibet
667 2099 860 2126 concernunt
875 2098 904 2125 et
920 2097 1112 2125 concernent
1125 2092 1153 2123 in

415 2151 565 2191 futurum,
583 2148 719 2181 amem-02
740 2153 769 2180 et
794 2147 830 2179 ad
857 2146 903 2178 sui
925 2146 1153 2178 observantiam

416 2210 558 2242 arctare,
589 2203 773 2244 nullumque
805 2211 911 2232 earum
946 2199 1154 2242 ignorantiam

417 2256 621 2301 praetendere
646 2266 748 2298 posse,
774 2254 902 2297 perinde
927 2264 963 2285 ac
988 2253 1011 2285 si
1038 2252 1156 2285 unicui-

418 2321 478 2354 que
502 2319 610 2341 eorum
638 2308 846 2352 personaliter
866 2306 1024 2338 intimatae
1045 2312 1156 2345 essent,

420 2364 563 2396 volumus
589 2368 618 2394 et
642 2362 850 2394 decernimus.

465 2418 479 2460 ἓ
503 2416 531 2449 3.
558 2417 624 2448 'Non
657 2415 851 2448 obstantibus
884 2413 1159 2446 constitutionibus

422 2473 451 2503 et
467 2469 717 2502 ordinationibus
734 2468 925 2511 apostolicis,
942 2478 988 2507 ac,
1006 2473 1159 2510 quatenus

462 2551 470 2576 1
490 2549 629 2575 Videretur
643 2548 784 2584 tegendum
801 2549 931 2575 contenta
943 2556 1040 2582 nempe
1055 2548 1160 2581 poenit.—

426 2593 465 2620 vel
478 2593 554 2620 aliter
566 2594 687 2627 aliisque
698 2594 838 2619 contentis
850 2601 945 2627 nempe
955 2593 1052 2626 poenis
1062 2595 1102 2624 (n.
1113 2597 1158 2622 Τ.).

461 2640 477 2664 2
492 2638 557 2664 itate
573 2642 599 2664 ut
616 2643 678 2673 puto
696 2638 759 2665 edit.
776 2637 854 2664 Mam.
872 2638 936 2671 tegit
951 2638 1029 2672 affici
1045 2638 1080 2672 (R.
1097 2635 1145 2669 T.)⁴

985 232 1164 258 BULLARIUM
1188 231 1342 256 ROMANUM

1171 290 1251 323 opus
1271 279 1319 318 sit,
1341 277 1433 312 Urbis
1451 281 1481 310 et
1501 287 1644 310 camerae
1669 276 1910 320 praedictarum,

1170 338 1200 365 et
1225 331 1411 375 quorumvis
1429 331 1563 363 aliorum
1584 330 1738 369 locorum,
1755 330 1847 362 etiam
1868 329 1911 362 iu-

1172 391 1336 424 ramento,
1370 383 1608 416 confirmatione
1639 382 1831 425 apostolica,
1863 382 1910 415 vel

1171 438 1279 481 quavis
1304 438 1452 470 firmitate
1476 437 1535 470 alia
1560 436 1726 475 roboratis,
1744 435 1865 468 statutis
1882 440 1912 468 et

1172 490 1470 530 consuetudinibus,
1496 489 1670 533 privilegiis
1694 498 1842 532 quoque,
1867 487 1912 520 in-

1172 545 1266 576 dultis
1292 549 1321 576 et
1345 544 1457 576 litteris
1481 543 1681 587 apostolicis,
1707 542 1800 575 etiam
1826 545 1912 575 motu

1173 597 1266 629 simili
1302 602 1332 629 et
1367 597 1628 630 consistorialiter
1662 595 1738 628 Urbi
1771 599 1800 629 et
1835 594 1913 628 locis

1175 650 1352 694 praedictis,
1370 660 1405 682 ac
1425 649 1663 689 mercatoribus,
1684 648 1848 692 dictaeque
1868 658 1914 681 ca-

1174 713 1280 736 merae
1304 703 1489 736 officialibus
1514 708 1543 735 et
1567 702 1728 741 ministris,
1752 712 1788 734 ac
1812 700 1914 734 cardi-

1175 757 1235 789 nali
1262 757 1431 800 episcopo,
1456 756 1586 798 eiusque
1610 754 1761 787 ministris
1789 759 1818 787 et
1848 753 1915 787 offi-

1175 810 1306 843 cialibus
1331 809 1507 853 praedictis,
1523 815 1553 842 et
1577 809 1766 851 generaliter
1790 808 1916 852 quibus-

1176 864 1220 895 vis
1244 863 1388 907 personis
1412 862 1650 907 quomodolibet
1674 861 1862 906 nuncupatis
1886 864 1917 895 et

1176 918 1447 961 qualitercumque
1464 916 1660 961 qualificatis,
1679 915 1771 948 etiam
1790 914 1916 958 speciali

1178 971 1335 1003 mentione
1360 971 1472 1014 dignis,
1491 971 1549 1003 sub
1567 969 1727 1013 quibusvis
1752 968 1917 1001 tenoribus

1177 1030 1207 1057 et
1231 1024 1350 1064 formis,
1371 1034 1406 1055 ac
1427 1034 1497 1056 cum
1524 1022 1686 1066 quibusvis
1706 1020 1919 1064 derogatoria-

1179 1089 1247 1110 rum
1274 1078 1500 1120 derogatoriis,
1525 1077 1656 1119 aliisque
1688 1074 1918 1108 efficacioribus

1179 1137 1208 1163 et
1233 1131 1364 1163 insolitis
1385 1130 1533 1163 clausulis
1553 1134 1583 1162 et
1603 1128 1747 1167 decretis,
1765 1129 1857 1160 etiam
1880 1126 1919 1159 ir-

1181 1184 1357 1223 ritantibus,
1377 1183 1406 1215 in
1423 1193 1538 1225 genere
1552 1183 1599 1214 vel
1618 1182 1647 1214 in
1665 1181 1779 1225 specie,
1793 1191 1828 1213 ac
1845 1180 1919 1213 alias

1180 1236 1417 1279 quomodolibet
1446 1235 1476 1267 in
1506 1234 1698 1268 contrarium
1725 1233 1916 1278 praemisso-

1181 1300 1250 1322 rum
1277 1289 1369 1321 etiam
1388 1288 1506 1320 iteratis
1524 1288 1643 1320 vicibus
1661 1287 1827 1327 concessis,
1845 1297 1919 1319 con-

1182 1343 1313 1374 firmatis
1338 1347 1368 1374 et
1392 1341 1564 1380 innovatis3
1590 1340 1703 1383 quibus
1727 1340 1874 1372 omnibus
1891 1345 1922 1372 et

1182 1395 1333 1438 singulis,
1359 1394 1480 1427 etiamsi
1514 1404 1572 1437 pro
1602 1393 1729 1426 illorum
1755 1392 1920 1425 sufficienti

1182 1448 1387 1491 derogatione
1415 1447 1569 1491 specialis,
1595 1446 1750 1490 speeilica,
1775 1455 1922 1489 expressa

1183 1507 1212 1534 et
1237 1501 1418 1540 individua,
1443 1510 1478 1532 ac
1503 1499 1540 1532 de
1571 1499 1669 1532 verbo
1700 1498 1739 1530 ad
1768 1499 1922 1538 verbum,

1183 1566 1245 1588 non
1270 1561 1372 1588 autem
1398 1565 1454 1598 per
1479 1554 1636 1587 clausulas
1657 1553 1820 1596 generales
1840 1552 1922 1585 idem

1185 1610 1400 1653 imponantes,
1427 1608 1543 1641 mentio
1569 1617 1623 1639 seu
1647 1606 1774 1650 quaevis
1799 1606 1858 1638 alia
1875 1615 1924 1639 ex-

1187 1663 1306 1707 pressio
1332 1661 1473 1694 habenda
1498 1666 1550 1693 aut
1574 1660 1676 1703 aliqua
1694 1660 1753 1692 alia
1772 1659 1924 1703 exquisita

1186 1718 1285 1750 forma
1309 1716 1347 1748 ad
1368 1716 1427 1748 hoc
1452 1714 1603 1747 servanda
1624 1714 1714 1754 foret,
1735 1714 1862 1746 illorum
1886 1717 1924 1747 te-

1186 1781 1279 1803 nores
1304 1781 1363 1813 pro
1388 1770 1479 1813 plene
1505 1774 1534 1800 et
1559 1767 1749 1800 sufficienter
1771 1766 1925 1810 expressis

1186 1835 1221 1856 ac
1245 1823 1283 1855 de
1308 1822 1403 1855 verbo
1421 1822 1457 1854 ad
1476 1821 1605 1854 verbum
1624 1820 1749 1852 insertis
1767 1820 1926 1859 habentes,

1189 1877 1247 1909 illis
1265 1877 1341 1908 alias
1367 1876 1397 1907 in
1422 1886 1478 1908 suo
1501 1875 1616 1907 robore
1642 1873 1867 1917 permansuris,
1888 1872 1927 1905 ad

1188 1931 1435 1974 praemissorum
1457 1929 1614 1968 effectum,
1632 1927 1808 1971 specialiter
1828 1932 1857 1959 et
1878 1937 1928 1959 ex-

1189 1995 1336 2028 expresse
1354 1983 1558 2025 derogamus;
1574 1981 1747 2024 ceterisque
1761 1979 1927 2013 contrariis

1189 2039 1449 2081 quibuscumque.

1233 2091 1343 2123 Datum
1363 2090 1478 2122 Itomae
1496 2087 1577 2131 apud
1601 2087 1630 2120 S.
1649 2088 1786 2128 Petrum,
1804 2086 1861 2119 sub
1879 2096 1930 2118 au-

1190 2146 1264 2177 nulo
1284 2143 1459 2182 Piscator-is,
1477 2143 1526 2175 die
1544 2152 1617 2175 xxvi
1636 2141 1738 2173 martii
1756 2149 1929 2180 mcxxxix,

1192 2198 1393 2242 pontificatus
1411 2196 1508 2230 nostri
1527 2206 1608 2228 anno
1626 2205 1690 2228 xvi.

1228 2261 1285 2287 Dat.
1303 2260 1346 2286 die
1363 2260 1396 2285 :G
1412 2258 1499 2285 martii
1519 2258 1594 2290 1639,
1611 2257 1705 2292 pontit.
1724 2264 1793 2284 anno
1809 2261 1862 2282 xvt.

1196 2360 1298 2392 Tenui·
1311 2362 1413 2391 aulem
1432 2356 1653 2400 capitulorum
1670 2353 1930 2398 supradictorum

1320 2416 1364 2445 es!
1382 2412 1441 2455 qui
1460 2411 1620 2454 sequitur,
1640 2407 1804 2441 videlicet.-

1376 2491 1431 2524 Die
1455 2500 1507 2523 xvi
1533 2489 1606 2522 maii
1631 2498 1749 2522 itianu.

1239 2571 1261 2604 ll
1297 2572 1423 2614 signore
1456 2570 1587 2603 Mai-tino
1612 2569 1650 2602 de
1674 2568 1774 2609 Aiala,
1805 2565 1932 2599 console

1921 227 1968 256 Ani
1990 226 2018 255 C.
2040 225 2107 255 1639

1981 2570 2084 2597 Sequitur
2101 2572 2130 2591 te·

1924 2618 1930 2624 ,
1946 2596 2131 2623 norcaptiutorum

1195 2625 1275 2658 della
1300 2625 1428 2658 nazione
1462 2623 1649 2667 Spagnuola‚
1675 2621 1806 2654 esibisce
1829 2624 1959 2652 avaritia
1974 2624 2058 2644 camera
2079 2628 2132 2649 apo-
