2248 3229
84 257 135 287 An.
156 258 184 286 C.
202 257 271 285 1632

282 305 347 348 das,
371 304 482 345 nullas,
508 302 614 338 irritas
639 307 669 337 et
701 303 818 344 inanes,
843 302 1022 346 nulliusque

282 358 407 392 roboris
428 358 476 391 vel
496 357 667 398 momenti;

328 413 344 457 ἓ
367 412 396 446 6.
426 412 610 446 Praesentes
641 422 716 445 vero
740 410 859 443 litteras
884 409 1000 442 validas
1016 436 1023 449 ,

284 467 392 499 firmas
417 471 446 499 et
470 466 611 499 efficaces
636 464 768 498 existere
789 469 818 496 et
839 464 915 503 sore,
931 473 967 496 ae
985 462 1024 495 ab

285 519 431 554 omnibus
455 524 484 552 et
509 518 650 561 singulis,
675 517 714 550 ad
738 528 817 561 quos
835 521 963 561 spectat,
981 516 1024 548 in-

286 572 473 606 violabiliter
490 570 651 605 observari
672 564 802 609 debere;

330 626 398 670 §T
424 625 536 668 Sieque
570 635 626 668 per
658 633 874 669 (ptoscumque
907 621 1025 655 iudices

285 679 462 713 ordinarios
486 683 516 711 et
540 678 716 721 delegatos,
742 678 833 711 etiam
859 686 1024 710 causarum

284 733 391 777 palatii
415 731 581 776 apostolici
606 732 788 771 auditores,
813 742 848 764 ac
875 731 905 763 S.
932 730 966 762 tt.
991 730 1024 761 E.

285 786 470 826 cardinales,
485 785 579 818 etiam
599 785 750 818 ‹le-latere
767 785 886 827 legatos
903 788 932 816 et
949 792 1025 815 nun-

285 839 360 880 ciOS,
378 839 488 883 quavis
504 839 690 872 auctoritate
710 838 885 881 fungentes,
909 836 1026 879 ubique

285 892 418 926 iudicari
442 897 472 925 et
495 891 619 925 definiri
645 892 771 931 debere,
792 901 828 924 ae
852 889 977 922 irritum
996 893 1026 921 et

285 946 387 986 inane,
405 945 430 978 si
450 955 540 978 secus
557 956 651 989 super
669 944 716 977 his
734 954 751 976 a
767 953 937 988 quoquam,
954 953 1026 986 qua-

286 1000 331 1032 vis
364 999 559 1041 auctoritate,
592 998 726 1032 scienter
750 998 797 1030 vel
834 997 1026 1040 ignoranter,

286 1053 453 1096 contigerit
477 1052 634 1086 attentari.

330 1108 345 1151 §5
369 1106 398 1140 8.
420 1107 453 1140 In
477 1106 671 1140 eontrarium
689 1104 876 1139 facientibus
894 1114 956 1138 non
975 1104 1027 1138 ob-

111 425 219 452 Praecipit
233 425 270 446 ub-

84 454 210 474 servantiam
218 452 270 473 Cun-

85 480 206 501 stitutionis.

112 640 141 659 Ac
153 639 180 659 ita
195 640 215 659 et
230 644 270 659 non

85 666 148 695 aliter
165 665 270 687 declarari

85 695 166 713 statuit.

117 1117 217 1139 Remoret
233 1117 270 1140 ob·

87 1146 171 1166 mmm
285 1160 439 1194 stantibus
463 1160 724 1204 quibuscumque.
978 1188 981 1192 .

329 1214 440 1246 Datum
454 1214 582 1254 Rornae,
592 1213 675 1257 apud
687 1212 716 1246 S.
727 1211 855 1245 Mariam
865 1211 1025 1251 Maiorem,

286 1266 344 1299 sub
364 1266 481 1300 annulo
505 1266 682 1308 Piscator-is,
707 1265 757 1298 die
789 1275 861 1298 xxxi
893 1264 1026 1297 ianuarii

285 1330 439 1361 Mncxvm,
462 1320 665 1365 pontificatus
689 1319 787 1353 nostri
810 1329 892 1352 anno
913 1312 994 1351 xm(

121 1386 219 1407 Urbanus
234 1391 270 1406 ex·
329 1374 344 1417 ξ,
367 1374 397 1407 9.
422 1374 459 1408 Et
481 1374 553 1407 licet
577 1373 788 1418 praeinsertae
820 1373 943 1405 litterae
969 1372 1025 1405 ha-

86 1414 152 1439 plieat
183 1419 270 1433 causam

87 1445 154 1460 nome
160 1446 211 1460 suae
218 1439 270 1460 Cou-

87 1467 201 1487 Smunouss
285 1431 394 1461 ctenus
419 1427 642 1460 inviolabiliter
672 1427 855 1460 observatae
888 1426 1025 1466 suerint,

284 1481 500 1523 nihilominus,
516 1481 589 1526 quia
603 1482 696 1525 (sicut
716 1481 848 1514 dilectus
866 1480 948 1513 tilius
965 1481 1026 1513 Mu-

285 1535 346 1568 tius
371 1535 717 1575 Vitellescus‚eiusdem
744 1534 907 1568 Societatis
933 1544 1025 1578 prae—

283 1587 403 1631 positus
429 1587 595 1630 generalis,
611 1587 702 1620 nobis
725 1598 828 1632 nuper
853 1587 965 1630 exponi
987 1587 1026 1619 se-

284 1641 342 1685 cit)
367 1651 385 1673 a
408 1641 568 1675 nonnullis
592 1640 784 1682 dubitetur¹‚
808 1640 1024 1685 praepositum

283 1695 464 1737 generalem
489 1694 591 1728 dictae
615 1694 778 1727 Societatis
804 1705 863 1738 pro
885 1698 1025 1737 tempore

284 1749 477 1790 existentem,
491 1748 539 1780 vel
552 1747 724 1792 quemlibet
744 1747 810 1780 eius
828 1747 1025 1791 superiorem

284 1801 377 1835 etiam
401 1802 539 1844 legatum
569 1801 656 1834 Sedis
686 1801 906 1845 Apostolieae,
932 1800 1025 1834 etiam

285 1854 322 1887 de
348 1855 465 1894 latere,
490 1865 544 1887 seu
568 1854 717 1887 nuncium
742 1855 903 1888 facultates
928 1864 1023 1898 prae-

285 1907 359 1941 dicti
383 1907 478 1950 legati
507 1907 674 1940 habentem
689 1935 697 1948 ,
722 1908 769 1940 rel
793 1918 1026 1951 quemcumque

285 1961 382 1993 alium
399 1960 607 2004 superiorem,
630 1960 770 2004 potuisse
795 1964 825 1994 et
848 1971 949 2005 posse,
970 1961 1027 1993 sal-

285 2020 347 2048 tem
372 2015 405 2048 in
424 2015 493 2048 soro
518 2015 738 2056 conscientiae,
764 2025 834 2048 cum
857 2014 1026 2058 praedictis

285 2068 407 2103 clericis
421 2074 450 2102 et
462 2069 654 2113 presb3teris
668 2069 831 2102 Societatis
846 2068 1026 2112 praedictae

285 2133 381 2167 super
405 2122 608 2166 praeinsertis
626 2122 716 2163 votis,
734 2126 764 2156 et
787 2123 958 2166 praecipue
979 2132 1027 2154 su-

285 2188 342 2221 per
366 2176 449 2210 dicto
474 2180 546 2210 voto
572 2187 634 2210 non
664 2176 855 2221 procurandi
888 2187 945 2209 nec
975 2187 1025 2209 ac-

286 2230 431 2274 ceptandi
456 2235 543 2263 extra
568 2230 669 2274 ipsam
694 2230 880 2264 Societatem
906 2230 1027 2274 praela-

287 2290 389 2317 turam
420 2285 468 2317 vel
501 2284 705 2326 dignitatem,
737 2284 939 2328 dispensare,
971 2294 1025 2315 seu

285 2339 446 2383 praedicta
470 2342 541 2372 rota
565 2339 706 2372 relaxare
731 2344 760 2371 et
785 2344 1001 2372 commutare:

89 2391 271 2451 giss‘i'ssms'fiissiiss
331 2393 346 2436 ἓ
375 2391 421 2425 10.
442 2393 515 2434 Nos,
532 2392 671 2425 volentes
695 2403 912 2437 quaecumque
931 2391 1026 2425 dubia

88 2452 271 2500 {{{i1,‘¹f³aci¹'g,‡‡}}f
287 2446 324 2478 dc
351 2446 453 2480 medio
478 2446 598 2486 tollere,
623 2456 659 2479 ae
683 2447 876 2481 attendentes
897 2450 1024 2484 servitio

88 2505 146 2526 sione
169 2508 270 2527 votorum-
286 2500 340 2533 Dei
365 2505 394 2532 et
418 2499 595 2543 praedictae
627 2499 789 2534 Soet-natis
814 2502 911 2544 quieti
936 2504 1025 2537 valde

287 2553 444 2598 expedire,
462 2564 500 2586 ne
517 2553 614 2597 ipsius
631 2554 787 2587 societatis
806 2556 954 2599 religiosi,
972 2557 1025 2601 qui

323 2625 335 2651 1
353 2624 470 2660 Legend.
487 2625 648 2658 dubitatur,
665 2628 710 2653 aut
724 2630 803 2654 antea
817 2635 879 2656 cum
893 2636 941 2663 pro
957 2630 1026 2664 quia

287 2669 324 2703 (a.
340 2669 388 2704 T.).

890 252 1032 278 URBANUS
1055 251 1112 277 VIII
1135 251 1183 276 1³1³.

1055 300 1216 345 praedicta
1232 303 1304 333 vota
1321 297 1503 338 emiserunt,
1528 296 1732 329 immemores
1749 305 1798 328 eo-

1056 365 1127 388 rum
1154 352 1447 398 p1·osessionis,{qua
1464 349 1651 394 contemptis
1668 349 1798 383 honori-

1056 408 1129 447 bus,
1154 407 1282 440 abiectis
1310 405 1443 446 divitiis,
1469 405 1645 449 spretisque
1669 403 1796 445 delitiis,

1057 461 1222 495 arbitrium
1247 460 1412 504 proprium
1436 459 1565 492 alterius
1589 458 1698 491 ditioni
1723 457 1798 491 sub·

1057 516 1215 558 iugarunt,
1234 519 1319 547 retro
1337 513 1488 557 aspiciant
1512 512 1549 545 ad
1574 517 1713 545 aratrum
1736 521 1798 543 ma-

1057 580 1131 601 num
1150 568 1318 607 mittentes,
1335 571 1369 600 ut
1391 567 1502 599 solium
1528 566 1726 609 praelaturae
1743 575 1798 597 seu

1057 621 1218 665 dignitatis
1249 625 1335 654 extra
1369 630 1479 653 corum
1510 619 1695 662 religionem
1727 628 1798 652 con-

1058 675 1208 708 scendere
1233 675 1421 714 moliantur,

1102 728 1117 771 ἓ
1144 728 1192 760 tt.
1218 726 1506 772 Supplicationibus
1538 725 1679 759 eiusdem
1711 725 1796 759 Mutii

1057 781 1227 826 praepositi
1251 781 1342 815 nobis
1359 780 1520 813 humiliter
1536 779 1690 824 porrectis
1708 779 1797 812 incli-

1058 835 1131 875 nati,
1149 835 1359 878 praeinsertas
1374 834 1493 867 litteras
1511 833 1596 866 Pauli
1617 833 1799 877 praedeces-

1058 888 1140 921 soris
1163 888 1273 929 nostri,
1299 893 1409 921 tenore
1434 887 1657 931 praesentium,
1682 886 1797 919 confir-

1059 936 1182 976 mamus
1198 946 1228 976 et
1247 942 1473 986 approbamus,
1487 946 1527 982 et,
1551 946 1705 985 quatenus
1719 941 1799 973 foret

1059 1007 1149 1040 opus,
1173 996 1267 1029 etiam
1293 1006 1328 1028 ex
1353 998 1460 1029 nostra
1485 996 1571 1027 certa
1594 994 1723 1027 scientia
1752 993 1798 1027 in-

1059 1060 1222 1084 novamus.

1103 1106 1119 1147 g
1145 1103 1196 1136 122.
1223 1103 1388 1137 Praeterea
1405 1113 1500 1147 super
1519 1103 1597 1136 votis
1621 1104 1799 1147 praedietis,

1059 1162 1089 1192 et
1112 1158 1283 1202 praecipue
1308 1168 1403 1202 super
1433 1158 1487 1190 illo
1517 1158 1555 1191 de
1584 1169 1646 1192 non
1676 1169 1796 1202 procu-

1058 1212 1156 1244 randa
1188 1221 1246 1244 nec
1279 1211 1468 1256 acceptanda
1499 1217 1586 1244 extra
1610 1212 1799 1245 Societatem

1059 1265 1251 1309 praedictam
1276 1265 1427 1308 dignitate
1452 1266 1499 1298 vel
1524 1266 1719 1309 praelatura,
1742 1276 1798 1299 ne-

1059 1320 1175 1352 minem
1193 1319 1287 1352 etiam
1304 1319 1342 1352 de
1359 1320 1456 1352 latere
1474 1320 1622 1363 legatum,
1636 1320 1798 1362 nuncium,

1059 1378 1088 1405 et
1105 1383 1337 1417 quemcumque
1351 1372 1457 1413 alium,
1471 1373 1564 1406 etiam
1583 1373 1708 1416 speciali
1724 1375 1799 1407 nota

1059 1427 1200 1470 dignum,
1217 1427 1355 1471 potuisse
1377 1427 1424 1459 vel
1449 1437 1550 1471 posse,
1577 1427 1670 1460 etiam
1691 1427 1800 1471 vigore

1059 1491 1329 1524 quarumcumque
1344 1480 1525 1514 facultatum
1539 1481 1735 1524 generalium
1752 1493 1799 1515 su-

1058 1545 1115 1578 per
1139 1534 1218 1568 votis
1243 1534 1454 1578 dispensandi,
1476 1535 1688 1568 commutandi
1706 1541 1736 1569 et
1753 1546 1800 1569 re-

1060 1588 1192 1629 laxandi,
1210 1599 1228 1621 a
1247 1589 1337 1622 nobis
1362 1593 1391 1623 et
1416 1589 1563 1622 Romanis
1588 1589 1799 1631 Pontificibus,

1059 1642 1152 1675 etiam
1177 1642 1216 1675 ad
1241 1643 1500 1687 supplicationem
1526 1654 1581 1676 seu
1605 1644 1800 1688 contempla-

1060 1696 1176 1729 tionem
1200 1696 1423 1740 imperatoris,
1448 1707 1577 1739 regum,
1602 1696 1801 1742 aliorumque

1059 1749 1242 1782 sublimium
1268 1750 1447 1794 principum
1463 1777 1470 1791 ,
1495 1750 1589 1783 etiam
1615 1756 1702 1784 motu
1726 1762 1800 1795 pro-

1059 1803 1139 1847 prio,
1165 1805 1314 1847 certaque
1331 1803 1471 1844 seientia,
1489 1804 1589 1847 deque
1611 1805 1801 1848 apostolicae

1059 1857 1220 1901 potestatis
1240 1857 1446 1900 plenitudine,
1471 1868 1507 1890 ae
1531 1858 1606 1891 alias
1630 1859 1802 1902 quomodo-

1060 1911 1145 1952 libet,
1171 1911 1265 1944 etiam
1285 1911 1394 1954 rigore
1411 1911 1580 1944 cuiuslibet
1598 1912 1735 1955 iubilaei,
1752 1913 1800 1946 vel

1060 1965 1227 2005 cruciatae,
1254 1975 1309 1998 seu
1334 1965 1530 2006 missionum,
1552 1969 1582 2000 et
1597 1965 1672 1999 alias
1689 1967 1801 2009 quovis

1059 2017 1154 2051 modo
1173 2024 1203 2050 et
1226 2029 1425 2062 (piacumque
1449 2021 1552 2061 causa,
1570 2021 1802 2064 quantumlibet

1059 2071 1128 2115 pia,
1159 2071 1341 2115 favorabili,
1367 2073 1497 2117 publiea
1530 2078 1560 2106 et
1583 2075 1800 2118 privilegiata,

1060 2136 1283 2159 concessarum
1308 2132 1338 2160 et
1362 2127 1644 2171 concedendarum,
1662 2129 1801 2172 potuisse

1059 2190 1116 2212 nee
1140 2190 1243 2223 posse,
1260 2185 1323 2212 tam
1342 2181 1373 2213 in
1390 2181 1459 2214 soro
1477 2182 1687 2216 conscientiae
1704 2194 1800 2227 quam

1060 2234 1090 2266 in
1116 2234 1184 2266 soro
1210 2234 1368 2274 exteriori,
1390 2235 1436 2267 vel
1458 2235 1532 2267 alias
1553 2236 1799 2279 quomodolibet,

1060 2297 1130 2319 cum
1157 2286 1323 2329 praedictis
1341 2287 1463 2320 clericis
1489 2294 1518 2322 et
1542 2290 1733 2334 presbyteris
1750 2290 1801 2324 So-

1061 2340 1180 2372 cietatis
1204 2340 1384 2383 praedictae
1409 2352 1503 2385 super
1521 2343 1690 2385 praedictis
1710 2344 1799 2385 votis,

1060 2397 1089 2426 et
1102 2394 1288 2437 praesertim
1302 2405 1396 2438 super
1412 2396 1551 2439 praelato
1567 2400 1637 2430 voto
1654 2397 1692 2429 de
1711 2407 1799 2440 prae-

1060 2448 1160 2480 latura
1186 2453 1215 2480 ct
1240 2448 1389 2491 dignitate
1415 2450 1626 2483 ecclesiastica
1650 2455 1737 2484 extra
1758 2451 1801 2496 ip-

1060 2511 1125 2533 sam
1151 2502 1336 2534 Societatem.
1361 2513 1423 2536 non
1448 2504 1636 2547 acceptanda
1661 2515 1719 2538 nec
1751 2515 1800 2538 as-

1060 2555 1227 2599 sequenda,
1254 2555 1446 2600 dispensare,
1471 2567 1528 2589 nee
1544 2558 1704 2601 praedicta
1728 2564 1800 2593 vota

1060 2614 1255 2642 commutare
1280 2610 1327 2642 vel
1352 2610 1513 2653 relaxare,
1539 2611 1593 2644 sed
1617 2612 1798 2647 huiusmodi

1059 2663 1323 2707 dispensationem
1341 2669 1370 2697 et
1386 2665 1665 2700 commutationem
1684 2667 1730 2702 vel
1752 2677 1798 2701 re-

1698 235 1757 270 271
1809 244 1860 274 An.
1879 244 1909 273 C.
1926 244 1995 274 1632

1885 731 1999 753 Confirmat

1813 759 1922 780 Paulinam
1946 759 2000 781 con-

1812 786 1942 807 stitutionem
1979 788 2000 807 et.

1814 819 1838 833 ex
1856 815 1915 833 certa
1931 812 2000 834 scien-

1814 840 1843 860 tia
1859 840 1952 861 innovat.

1837 1104 1908 1130 Nemo,
1917 1106 1953 1133 qui
1963 1106 2000 1128 ha-

1815 1132 1851 1153 liet
1880 1134 1999 1158 generalem

1815 1159 1937 1180 facultatem
1958 1160 2000 1180 dis-

1815 1186 1925 1211 pensandi,
1943 1192 2001 1207 com-

1815 1213 1924 1236 mutandi,
1946 1214 2001 1234 rela-

1814 1239 1878 1260 xandi
1894 1241 1950 1263 rota,
1961 1245 2001 1265 po-

1815 1267 1856 1286 test
1866 1271 1925 1286 suam
1936 1266 2001 1287 facul-

1815 1294 1879 1312 tatem
1901 1298 2000 1314 exercere

1815 1320 1886 1344 quoad
1901 1321 1949 1340 vota
1961 1319 2000 1340 So-

1815 1346 1899 1366 cretatis
1936 1346 1999 1366 Iesu:

1815 1373 1851 1392 sed
1861 1372 1920 1393 dicta
1930 1373 2001 1393 omnia

1814 1401 1862 1419 sunt
1890 1401 1999 1420 reservata

1815 1425 1901 1447 Summo
1929 1425 2001 1448 Ponu-

1814 1451 1856 1473 fici.
