2221 3224
194 227 243 255 An.
259 226 288 254 G.
309 226 379 254 1630
424 216 488 250 ‘130

394 277 510 308 certam
536 274 616 307 inter
641 284 672 306 se
702 273 894 305 devenerunt
929 268 1130 303 concordiam

394 333 424 360 et
447 327 689 360 transactionem
712 325 828 359 tenoris
846 322 1074 366 subsequentis,
1093 322 1132 354 vi-

394 381 521 413 delicet:

445 447 457 465 «
473 434 526 466 Dic
545 443 587 466 xn
605 431 790 476 septmnbris
811 440 985 464 iincxxvin.
1002 429 1134 462 Concor-

395 488 445 520 dia
459 488 536 519 sacta
550 487 629 518 inter
643 484 849 518 reveremlum
865 488 985 527 patrem
1004 483 1132 515 fratrem

396 541 542 574 loannem
559 550 575 571 a
598 543 704 571 sancto
722 537 916 570 Bernardino
933 536 1057 570 Ordinis
1070 547 1136 568 san-

397 595 437 627 cti
455 593 622 632 Francisci,
641 592 820 635 generalem
838 595 1088 634 procuratorem,
1107 594 1136 621 et

396 651 500 692 patres
518 648 646 679 fratrem
667 647 815 678 loannem
834 645 1002 688 Baptistam
1020 644 1135 676 Berue-

398 700 479 743 gual,
498 702 625 733 tratrem
643 699 827 731 Damianum
849 698 985 738 Estellet,
1006 697 1134 729 fratrem

398 754 544 787 loannem
570 753 650 786 Ruix
674 757 704 785 et
728 752 856 784 fratrem
876 750 1078 783 Franciseum
1095 749 1138 782 Si-

399 812 489 840 ruent
513 805 693 850 provinciae
718 805 815 838 sancti
836 804 959 837 loannis
983 803 1137 847 Baptistae

398 860 671 900 Discalceatorum,
686 857 824 890 eiusdem
845 857 968 890 Ordinis
986 856 1138 900 speciales

398 917 630 957 procuratores,
648 922 683 944 ex
698 913 770 951 una,
784 916 813 943 et
830 922 865 943 ex
879 911 976 943 altera
996 909 1139 953 partibus

399 967 559 1000 doctorem
593 965 739 998 Iacobum
766 965 869 1005 Palau,
897 969 1138 1008 procuratorem

399 1019 503 1052 fratris
528 1017 705 1061 Honuphrii
730 1018 848 1060 Legaza
872 1017 1068 1060 aliorun‘ique
1088 1027 1139 1060 pa-

400 1077 484 1105 trum
509 1072 607 1115 ipsius
633 1071 821 1114 inerint-iae.
852 1070 872 1102 Ι.
897 1069 985 1109 Quod
1018 1069 1138 1101 litterae

401 1125 629 1159 remissoriales
641 1134 657 1156 a
667 1125 756 1156 sacra
777 1123 1021 1166 congregatione
1035 1123 1141 1155 obten-

402 1185 448 1212 tae
473 1179 522 1212 die
539 1189 603 1212 xvn
621 1177 797 1211 decembris
817 1186 972 1210 iincxxvn
985 1176 1056 1208 anni
1071 1186 1141 1219 pro-

402 1226 484 1266 xime
493 1231 653 1276 praeteriti
666 1231 803 1264 totaliter
812 1230 1023 1269 annullentur,
1034 1240 1141 1272 quam-

403 1287 447 1320 vis
464 1295 594 1318 examen
612 1295 667 1317 seu
685 1294 850 1327 processus
862 1283 979 1315 suerint
993 1282 1140 1323 inchoati,

402 1345 441 1380 et,
456 1338 567 1383 utpaci
582 1337 742 1382 quietique
757 1336 937 1380 provinciae
950 1336 1140 1376 consulatur,

402 1394 640 1427 comburantur.
669 1392 704 1424 ll.
722 1391 888 1424 Decretum
914 1394 943 1422 et
968 1394 1142 1433 motuspro-

402 1447 490 1491 prius
511 1455 676 1479 concessus
693 1455 709 1477 a
724 1444 926 1477 Sanctissimo
940 1443 1073 1476 Domino
1090 1453 1143 1475 no-

404 1506 469 1533 stro
494 1500 575 1543 Papa
600 1498 726 1532 Urbano
743 1497 819 1537 Vlll,
838 1497 887 1529 die
906 1506 985 1529 xvnl
1010 1495 1142 1528 ianuarii

404 1563 577 1592 nncxxvnl,
602 1555 806 1596 permaneant
830 1561 954 1594 semper
974 1550 1006 1582 in
1024 1561 1080 1583 suo
1097 1561 1144 1583 ro—

405 1608 481 1641 bore
511 1606 748 1648 validitathue,
775 1604 878 1647 quoad
913 1604 997 1636 illam
1022 1608 1143 1647 partem

405 1671 517 1704 nempe
534 1665 564 1692 et
582 1659 735 1692 clausulas
753 1657 959 1701 spvalidantes
975 1667 1011 1689 ae
1031 1667 1144 1700 perpe-

406 1717 493 1746 tuum
507 1711 663 1745 silentium
679 1714 830 1753 ponentes
844 1707 952 1752 super¹
967 1708 1103 1752 capitulo
1116 1713 1145 1740 et

406 1765 611 1799 electionibus
635 1763 694 1795 rite
711 1766 741 1796 et
757 1760 925 1795 canonice*Z
942 1761 972 1793 in
991 1766 1146 1794 conventu

407 1818 543 1862 Virginis
568 1817 681 1850 Mariae
705 1815 887 1849 Solitudinis
907 1815 944 1847 de
962 1815 991 1846 la
1008 1814 1081 1847 lana
1097 1814 1146 1846 die

408 1883 472 1906 xvu
497 1872 569 1904 maii
595 1880 736 1903 nnexxvi
761 1869 875 1902 virtute
896 1869 1073 1901 litterarum
1091 1879 1146 1901 seu

408 1924 637 1968 motusproprii
669 1923 808 1955 eiusdem
842 1921 1035 1954 Sanctissimi
1065 1921 1145 1954 inci-

408 1979 537 2024 pientis:
566 1977 713 2011 Urbanus
742 1976 827 2009 VIII
852 1975 894 2008 act
924 1977 1073 2018 futuram
1102 1976 1150 2008 rei

409 2033 609 2066 memoriam.
642 2031 684 2064 In
714 2030 867 2063 cathedra
900 2029 985 2062 beati
1007 2029 1146 2072 Aposto—

412 2086 518 2118 lorum
550 2084 718 2127 Principis
732 2110 739 2123 ,
776 2088 833 2116 etc.
867 2082 923 2115 sub
960 2082 1064 2115 datum
1100 2081 1149 2114 die

412 2150 442 2173 vl
460 2138 597 2171 februari
617 2136 787 2177 nncxxv133
803 2136 878 2180 quin
896 2136 998 2179 potius
1016 2147 1051 2168 ex
1069 2146 1151 2169 com-

412 2193 498 2226 muni
529 2191 665 2236 partium
697 2200 852 2223 consensu
876 2189 952 2222 illud
977 2195 1076 2222 totum
1101 2199 1150 2221 ra—

413 2252 478 2280 tum
503 2246 550 2287 sit,
576 2256 612 2278 ac
636 2245 738 2277 denuo
764 2244 977 2285 confirmetur,
1003 2253 1152 2286 quacum-

413 2312 472 2345 que
502 2299 694 2333 dubitatione
718 2308 780 2331 non
805 2298 967 2337 obstante,
993 2302 1045 2329 aut
1074 2306 1152 2340 quae

412 2355 519 2389 forsan
543 2353 613 2386 inde
638 2352 714 2386 oriri
740 2357 851 2396 petest,
876 2362 913 2384 eo
938 2350 1020 2394 quod
1046 2351 1077 2383 in
1101 2350 1150 2394 ip-

414 2409 522 2441 sismet
546 2407 671 2439 decreto
702 2410 731 2439 et
760 2409 847 2438 motu
875 2404 1005 2448 proprio
1034 2403 1071 2437 de
1096 2404 1154 2436 hu-

415 2461 551 2495 iusmodi
579 2459 689 2493 litteris
719 2458 983 2492 remissorialibus
1012 2457 1155 2501 specialis

453 2543 463 2568 1
482 2541 577 2568 Vocem
592 2548 678 2575 super
693 2548 741 2566 nos
756 2539 879 2567 addimus
895 2540 933 2573 (R.
949 2538 997 2572 T.).

451 2587 467 2612 2
481 2587 580 2612 Vocem
594 2585 741 2612 celebratis
756 2584 851 2611 deesse
867 2583 1019 2610 censuimus
1034 2583 1069 2617 (R.
1082 2581 1131 2617 T.).

452 2631 468 2658 3
484 2630 546 2657 ride
560 2638 622 2665 sup.
639 2638 701 2664 pag.
721 2629 768 2656 127
784 2630 823 2664 (n.
838 2629 885 2662 T.).

975 221 1153 245 BULLARIUM
1178 220 1331 244 ROMANUM

1164 268 1218 301 fiat
1243 267 1381 307 mentio,
1406 277 1476 299 cum
1502 266 1569 299 illas
1593 275 1676 300 nunc
1701 270 1731 298 et
1754 265 1904 309 imposte-

1166 331 1247 359 rum,
1270 319 1411 363 partibus
1435 319 1702 361 convenientibus,
1728 317 1905 362 specialiter

1167 378 1196 405 et
1220 382 1366 416 expresse
1391 372 1495 404 irritas
1510 399 1517 412 ,
1543 372 1581 404 ad
1604 372 1803 415 nihilumque
1826 371 1906 404 redi-

1167 426 1284 469 gendas
1298 424 1477 458 omnimode
1496 425 1659 468 placuerit.
1674 425 1722 457 Ill.
1737 425 1825 459 Circa
1842 435 1907 457 sen-

1169 478 1279 511 tentias
1297 478 1373 510 latas
1393 477 1442 510 die
1461 488 1512 511 xix
1538 478 1670 510 ianuarii
1691 487 1818 519 iimcxxl,
1843 482 1906 510 tam

1169 533 1199 565 in
1223 533 1362 565 savorem
1382 531 1487 564 fratris
1504 532 1656 575 Onuphrii
1673 532 1908 574 Legaza,quam

1169 586 1199 618 in
1224 596 1357 629 poenam
1375 585 1584 628 quorumdam
1602 585 1736 618 fratrum
1752 586 1861 628 (prout
1877 583 1908 616 in

1171 640 1312 683 ipsismet
1338 639 1500 671 sententiis
1526 630 1637 671 mai-ori
1661 638 1843 682 provinciae
1866 637 1909 670 si-

1170 692 1245 735 gillo
1270 691 1399 724 munitis
1424 696 1453 723 et
1478 701 1495 723 a
1518 692 1611 734 pleno
1636 690 1826 731 delinitoiio,
1850 690 1910 722 hoc

1171 750 1217 778 est
1241 744 1413 777 reverendo
1445 748 1534 788 patre
1557 744 1654 777 fratre
1681 744 1782 776 Blasio
1807 744 1910 788 Aybar

1919 215 1969 243 An.
1985 215 2015 243 C.
2035 215 2103 243 1630

1172 798 1316 831 ministro
1338 797 1534 842 provinciali,
1559 798 1655 830 fratre
1675 798 1790 830 Ioanne
1809 797 1927 836 Ximeffi

1172 863 1236 891 nes,
1261 852 1358 884 sratre
1382 851 1574 895 Hieronymo
1600 851 1721 890 Planes,
1741 850 1837 882 fratre
1854 850 1912 882 An—

1174 905 1257 939 tonio
1268 904 1410 946 Sobrino,
1420 904 1600 948 provinciae
1611 903 1762 947 patribus,
1774 907 1803 935 et
1816 903 1912 936 fratre

1173 958 1322 991 Micliaele
1339 957 1467 997 sslanch,
1481 958 1575 990 fratre
1589 957 1681 989 Petro
1693 955 1802 997 Adam,
1817 955 1912 988 fratrc

1174 1012 1334 1044 Vincentio
1359 1012 1516 1050 Naucasa,
1540 1011 1636 1042 tratre
1653 1009 1810 1053 Sylvestro
1835 1008 1913 1041 Sanz

1173 1065 1402 1106 definitoribus,
1423 1064 1517 1097 etiam
1534 1063 1762 1107 pronunciatis,
1780 1062 1914 1095 subseri-

1173 1119 1296 1162 ptisque
1313 1118 1432 1161 liquido
1453 1118 1596 1161 constat),
1618 1116 1800 1150 huiusmodi
1818 1116 1914 1158 igitur

1174 1172 1344 1206 sententiae
1359 1171 1564 1204 declarandae
1578 1174 1649 1203 sunt
1662 1174 1693 1202 et
1705 1169 1914 1203 admittendae

1174 1236 1191 1257 a
1215 1225 1399 1269 provinciali
1420 1229 1583 1268 praesente
1596 1229 1625 1257 et
1639 1223 1916 1263 definitorio,tam-

1175 1289 1269 1322 quam
1294 1278 1373 1310 benc
1386 1279 1477 1318 latae,
1493 1288 1595 1321 neque
1612 1277 1749 1320 aliquam
1762 1277 1915 1320 patientes

1175 1331 1363 1370 11nllitatem;
1389 1330 1538 1374 quocirca
1566 1329 1649 1362 idem
1677 1329 1773 1362 frater
1802 1329 1913 1362 Honu-

1175 1384 1286 1428 plirius
1318 1384 1438 1427 Legaza
1469 1383 1507 1415 ab
1539 1382 1651 1416 eodem
1677 1381 1863 1426 provinciali
1887 1387 1918 1415 et

1177 1437 1356 1470 definitorio
1380 1437 1473 1480 pleno
1490 1447 1547 1480 per
1562 1436 1684 1469 litteras
1708 1440 1852 1480 patentes
1869 1435 1919 1469 de-

1177 1492 1314 1524 claretur
1338 1491 1419 1523 liber
1443 1490 1527 1524 iuxta
1541 1500 1668 1523 sensum
1685 1499 1870 1533 expressum
1886 1489 1918 1522 in

1178 1544 1346 1588 praedictis
1370 1543 1548 1585 sententiis,
1566 1543 1608 1576 ita
1625 1547 1659 1575 ut
1676 1542 1826 1586 quicquid
1849 1547 1920 1586 post

1178 1598 1254 1631 latas
1273 1597 1451 1637 sententias,
1472 1597 1520 1629 vel
1537 1595 1714 1640 praedictae
1731 1594 1920 1628 concordiae

1179 1650 1461 1692 confirmationem,
1479 1660 1535 1682 seu
1550 1649 1675 1682 interim
1695 1648 1771 1681 dum
1787 1659 1920 1692 exequu-

1180 1704 1257 1738 tioni
1282 1704 1459 1745 mandatur,
1484 1707 1667 1737 attentatum
1687 1713 1745 1746 pro
1763 1707 1852 1746 parte
1869 1713 1922 1736 cu-

1183 1759 1368 1801 iuscumque
1393 1757 1498 1798 suerit,
1522 1757 1643 1789 nullum
1669 1756 1717 1799 sit,
1737 1756 1874 1797 irritum,
1891 1761 1922 1789 ct

1181 1812 1298 1856 absque
1312 1812 1376 1844 ullo
1395 1810 1606 1850 fundamento,
1627 1814 1657 1842 et
1674 1809 1699 1842 si
1719 1809 1790 1852 quis
1803 1808 1921 1852 aliquid

1182 1866 1213 1897 in
1244 1865 1436 1898 contrarium
1468 1863 1716 1907 praemissorum
1748 1862 1900 1895 suscitare
1914 1889 1921 1903 ,

1182 1928 1383 1952 commorere
1403 1928 1457 1950 seu
1478 1917 1615 1960 allegare
1635 1916 1745 1960 quovis
1766 1915 1860 1949 modo
1874 1916 1923 1948 vel

1183 1981 1380 2016 quacumque
1391 1970 1428 2003 dc
1440 1972 1533 2003 causa
1547 1969 1802 2013 praesumpserit,
1812 1968 1923 2012 Poenis

1184 2026 1214 2058 in
1242 2025 1480 2058 confirmatione
1508 2023 1695 2057 concordiae
1729 2022 1924 2064 assignandis

1184 2090 1239 2113 seu
1264 2078 1442 2121 infligendis
1466 2077 1665 2117 subiiciatur,
1690 2076 1804 2120 quihus
1829 2075 1924 2108 etiam

1185 2133 1319 2166 donetur
1343 2132 1426 2164 idem
1446 2131 1544 2163 frater
1561 2129 1753 2173 Onuphrius,
1768 2129 1793 2162 si
1807 2128 1925 2173 aliquid

1186 2187 1392 2230 imposterum
1424 2183 1634 2228 praetenderit
1663 2188 1716 2216 aut
1734 2183 1852 2216 directe
1877 2183 1924 2215 vel

1187 2240 1338 2272 indirecte
1362 2238 1464 2270 facere
1490 2236 1654 2269 tentaverit
1679 2241 1788 2269 contra
1812 2236 1926 2269 fratres

1187 2297 1348 2327 contentos
1373 2292 1405 2324 in
1422 2291 1482 2324 illis
1499 2290 1669 2330 sententiis,
1682 2300 1737 2322 seu
1750 2289 1825 2322 alias
1839 2300 1928 2334 quas-

1188 2356 1322 2389 cumque
1346 2355 1506 2389 personas.
1526 2344 1571 2376 IV.
1594 2344 1724 2384 Rursus,
1741 2343 1825 2376 circa
1841 2353 1929 2386 prae-

1188 2406 1307 2434 tensam
1328 2398 1528 2442 apostasiam,
1547 2397 1726 2441 praedictus
1750 2398 1847 2430 frater
1863 2397 1927 2430 Ho-

1188 2454 1344 2498 nuphrius
1361 2452 1505 2486 subiiciat
1521 2462 1563 2493 se,
1578 2451 1615 2484 ad
1632 2451 1796 2491 cautelam,
1808 2450 1929 2483 absolu-

1190 2507 1276 2547 tioni,
1292 2506 1333 2539 ita
1346 2510 1375 2539 et
1389 2505 1500 2545 taliter,
1511 2509 1545 2537 ut
1562 2503 1656 2537 millis
1670 2503 1804 2537 donetur
1817 2502 1928 2546 poenis

1190 2572 1206 2593 a
1231 2558 1504 2593 constitutionibus
1527 2557 1726 2600 generalibus
1750 2555 1874 2589 Ordinis
1899 2560 1930 2588 et

1190 2613 1370 2658 provinciae
1385 2612 1571 2654 constitutis,
1581 2622 1638 2645 nec
1655 2614 1819 2644 censeatur
1831 2609 1931 2643 active

1274 2766 1312 2801 Ε)
