2248 3229
91 235 142 263 An.
158 234 186 263 C.
208 233 276 263 1636

165 668 277 698 Clausulas

92 698 274 722 praesui-vanne-

123 1789 221 1810 tltauiuta
235 1788 279 1809 suh-

97 1816 144 1836 tam.

169 2373 282 2399 iterun-itio

99 2404 259 2423 contrariarum.

900 231 1042 257 bnassus
1063 231 1119 256 vm
1138 231 1187 256 Pr.

290 281 442 327 privando
458 280 639 316 huiusmodi
656 281 833 326 privilegio,
851 285 881 316 et
897 281 967 314 illos
984 292 1034 314 or-

291 335 429 368 dinariae
452 334 661 368 iurisdictioni
684 334 907 375 submittendo,
924 339 1032 379 quate—

289 398 350 421 nus
368 393 440 432 post
456 387 620 421 dimissum
637 388 776 421 officium
793 388 833 420 ab
854 387 1032 428 excessibus
1048 409 1050 414 ι

290 446 320 474 et
333 440 454 475 delictis
470 441 703 476 committendis
718 451 782 475 non
798 451 831 474 se
848 440 1032 482 abstineant,

290 493 439 539 quodque
462 494 621 539 praedicta
645 499 758 527 statuta
783 494 814 527 in
839 493 1033 527 cancellariis

292 547 515 592 episcoporum
537 553 568 581 et
583 546 718 581 aliorum
729 547 970 581 Ordinariorum
988 556 1034 579 re-

292 600 450 634 tineantur
470 605 500 633 et
517 606 598 633 stent
615 600 716 633 affixa.

336 654 352 697 g
375 653 404 686 5.
425 653 643 695 Decernentcs‚
663 659 845 697 praesentes
869 653 988 687 litteras
1005 657 1034 685 et

292 706 324 740 in
347 706 393 740 eis
413 712 558 740 contenta
582 718 810 752 quaecumque,
827 707 921 740 etiam
943 716 978 739 ex
996 715 1033 738 eo

291 761 376 806 quod
399 761 591 806 quicumque
612 762 643 795 in
671 762 851 806 praemissis
883 761 1032 794 interesse

291 814 452 856 habentes,
477 826 532 849 seu
557 815 674 849 habere
697 814 948 859 praetendentes,
974 824 1034 847 vo-

291 869 352 903 cati
376 874 407 902 et
432 868 529 902 auditi
553 879 617 903 non
636 869 762 909 suerint,
782 872 833 903 aut
853 867 1034 913 praemissis

291 932 354 956 non
368 923 593 965 consenserint,
606 933 661 956 seu
675 932 796 962 causae,
813 926 943 966 propter
957 931 1034 965 quas

291 982 474 1022 praesentes
499 976 684 1016 emanarint,
709 975 872 1016 adductae,
896 974 1035 1008 verifica-

292 1035 350 1073 tae,
375 1038 431 1064 seu
455 1030 531 1064 alias
551 1030 735 1063 iustificatae
751 1039 814 1063 non
838 1028 964 1069 suerint,
981 1033 1035 1061 aut

291 1084 352 1117 alia
376 1084 485 1128 quavis
508 1084 546 1117 de
571 1085 674 1123 causa,
691 1083 729 1116 de
745 1082 968 1127 subreptionis,
985 1082 1033 1114 vel

292 1137 496 1182 obreptionis,
515 1147 568 1171 seu
588 1136 739 1170 nullitatis
759 1136 844 1178 vitio,
861 1140 913 1170 aut
938 1135 1035 1168 inten-

293 1191 385 1226 tionis
408 1195 552 1232 nostrae,
577 1191 625 1225 vet
653 1191 715 1224 alio
739 1190 888 1235 quopiam
912 1189 1034 1224 defectu

293 1244 409 1285 notari,
434 1244 629 1289 impugnari,
655 1244 832 1284 invalidari,
858 1243 889 1276 in
914 1243 961 1276 ius
986 1243 1033 1275 vel

293 1299 541 1332 controversiam
562 1298 714 1338 revocari,
732 1297 769 1330 ad
788 1297 939 1330 terminos
958 1296 1034 1329 iuris

293 1351 423 1393 reduci,
448 1361 503 1386 seu
527 1352 678 1385 adversus
702 1352 771 1384 illas
803 1350 1032 1384 restitutionem

294 1407 324 1438 in
349 1405 518 1449 integrum,
543 1405 751 1450 aperitionem
772 1405 846 1445 oris,
867 1408 918 1438 aut
938 1403 1035 1448 quod-

293 1470 430 1504 cumque
454 1459 548 1499 aliud,
574 1459 650 1492 iuris
672 1459 718 1493 vel
745 1459 826 1500 sacti,
843 1458 962 1502 gratiae
987 1458 1033 1490 vel

295 1512 438 1555 iustitiae,
457 1512 632 1546 remedium
654 1512 828 1556 impetrari,
846 1522 901 1545 seu
927 1522 963 1545 co
981 1511 1035 1544 im-

292 1571 416 1610 petrato
440 1576 630 1610 quemquam
654 1567 711 1606 uti,
735 1577 788 1599 seu
815 1576 846 1599 se
872 1566 979 1599 iurare
1002 1565 1034 1598 in

293 1619 409 1653 iudicio
435 1620 481 1653 vel
514 1625 602 1653 extra
631 1620 810 1653 nullatenus
841 1630 955 1664 posse,
980 1618 1034 1652 sed

294 1683 346 1707 eas
377 1683 502 1718 semper
531 1673 668 1716 validas,
696 1673 802 1706 sirmas
835 1679 864 1706 et
893 1674 1034 1707 efficaces

294 1727 428 1761 existere
452 1733 482 1761 et
507 1727 589 1764 fore:

340 1780 408 1824 §ti
440 1781 553 1824 Sicque
582 1792 640 1825 per
669 1792 884 1826 quoscumque
917 1781 1034 1814 iudices

296 1834 473 1867 ordinarios
497 1839 527 1868 et
549 1834 725 1878 delegatOS,
750 1836 844 1868 etiam
869 1846 1033 1869 causarum

296 1887 402 1931 palatii
431 1887 593 1932 apostolici
623 1887 802 1930 auditores,
827 1899 862 1921 ac
887 1889 916 1921 S.
941 1890 976 1922 1¹..
1002 1889 1034 1922 F.

296 1940 492 1981 cardinales,
517 1941 610 1973 etiam
647 1940 685 1973 (le
720 1941 817 1974 latere
850 1941 970 1984 legatos
1005 1947 1035 1975 et

297 1993 427 2027 nuncios
442 2021 449 2035 ‚
475 1993 598 2027 sublata
622 1994 666 2027 eis
691 1998 721 2026 et
745 2004 855 2027 corum
887 1994 1035 2035 cuilibet,

297 2048 406 2091 quavis
423 2048 514 2081 aliter
531 2048 687 2081 iudicandi
707 2054 737 2081 et
755 2048 979 2092 interpretandi
997 2049 1036 2081 sa-

297 2101 410 2136 cultate
434 2105 464 2135 et
487 2102 682 2142 auctoritate,
701 2102 832 2135 iudicari
857 2107 887 2135 et
911 2102 1034 2135 definiri

296 2155 423 2196 debere,
447 2166 483 2190 ac
507 2155 631 2189 irritum
652 2161 682 2189 et
706 2156 807 2197 inane,
831 2157 855 2189 si
881 2166 970 2190 secus
990 2167 1037 2189 su-

297 2218 353 2253 per
377 2209 426 2242 his
450 2219 467 2242 a
491 2220 673 2254 quoquam,
697 2210 807 2254 quavis
831 2210 1014 2243 auctoritate
1029 2238 1036 2251 ,

297 2260 432 2294 scienter
456 2261 503 2293 rel
528 2261 722 2304 ignoranter,
749 2261 914 2305 contigerit
939 2267 1036 2294 atten-

298 2320 365 2347 tari.

342 2368 357 2411 5
378 2368 406 2401 7.
432 2368 500 2401 Non
531 2368 746 2410 obstantibus,
771 2375 924 2413 quatenus
960 2360 1056 2413 opus'

298 2421 347 2462 sit,
367 2423 475 2456 nostra
496 2421 534 2454 de
555 2422 621 2455 iure
646 2423 787 2465 quaesito
807 2433 870 2455 non
891 2422 1037 2465 tollendo,

299 2485 334 2507 ac
357 2475 521 2519 quibusvis
537 2475 606 2508 aliis
622 2476 826 2509 cancellariae
850 2476 1038 2520 apostolieae

299 2529 428 2572 regulis,
452 2539 574 2563 necnon
599 2529 874 2563 constitutionibus
900 2535 928 2562 et
953 2529 1038 2563 ordi-

300 2582 479 2616 nationibus
503 2582 692 2627 apostolicis,
713 2583 886 2627 privilegiis
903 2593 1038 2628 quoque,

301 2636 427 2671 indultis
458 2643 488 2672 et
519 2637 630 2672 litteris
655 2637 856 2682 apostolicis,
881 2637 938 2671 sub
964 2637 1036 2681 qui-

1048 285 1050 303 ὲ
1066 280 1171 313 busvis
1184 279 1277 314 etiam
1297 277 1572 322 derogatoriarum
1588 275 1810 320 derogatoriis-

1048 312 1198 377 latiisque
1222 332 1453 366 efficacioribus
1477 335 1507 366 et
1531 330 1664 365 insolitis
1689 329 1809 364 clausu-

1067 386 1113 426 lis,
1139 386 1171 419 in
1195 396 1310 430 genere
1335 386 1382 419 vel
1407 386 1439 418 in
1463 385 1577 429 specie,
1602 384 1696 418 etiam
1720 387 1809 418 motu

1066 440 1198 484 proprio
1223 445 1253 473 et
1277 438 1545 479 consistorialiter,
1569 448 1605 472 ac
1629 438 1705 471 alias
1725 447 1806 481 quo-

1067 492 1239 526 modolibet
1264 492 1295 525 in
1319 492 1514 526 contrarium
1538 490 1709 531 concessis,
1734 499 1809 523 con-

1067 546 1199 579 firmatis
1228 551 1257 578 et
1289 545 1466 586 innovatis,
1498 545 1613 589 quibus
1641 543 1808 583 omnibus,

1067 599 1188 632 etiamsi
1202 609 1261 643 pro
1278 599 1406 632 illorum
1423 598 1588 632 sufficienti
1605 597 1808 640 derogatione

1067 653 1105 686 de
1121 653 1182 686 illis
1195 663 1368 697 eorumque
1387 653 1457 687 totis
1476 652 1638 685 tenoribus
1654 650 1808 695 specialis,

1067 706 1235 751 specifica,
1261 717 1410 752 expressa
1446 712 1476 740 et
1509 705 1668 739 individua
1687 715 1736 754 ¹ae
1770 703 1809 737 de

1068 761 1165 794 verbo
1190 761 1229 794 ad
1252 761 1395 802 verbum,
1421 770 1485 794 non
1508 764 1612 793 autem
1637 769 1695 804 pcr
1725 757 1809 792 clau-

1068 815 1151 848 sulas
1168 815 1332 857 generales
1354 814 1436 848 idem
1457 814 1674 858 importantes‚
1691 812 1810 846 mentio

1067 878 1123 901 seu
1151 869 1279 912 quaevis
1311 868 1371 901 alia
1397 867 1559 912 expressio
1586 866 1729 901 habenda
1756 870 1810 899 aut

1067 921 1172 966 aliqua
1196 922 1256 954 alia
1280 921 1434 965 exquisita
1465 921 1566 955 forma
1597 920 1635 953 ad
1659 920 1719 954 hoc
1743 929 1809 953 ser-

1068 974 1168 1007 vanda
1180 974 1270 1016 soret,
1286 974 1412 1008 illorum
1426 974 1568 1007 omnium
1582 978 1708 1007 tenores
1723 982 1811 1017 prac-

1068 1027 1208 1060 sentibus
1225 1038 1285 1071 pro
1310 1027 1502 1060 sufficienter
1518 1026 1673 1070 expressis
1692 1026 1811 1059 haben-

1069 1087 1124 1122 tes,
1143 1081 1203 1114 illis
1219 1081 1294 1114 alias
1311 1081 1342 1114 in
1360 1092 1417 1115 suo
1441 1081 1556 1115 robore
1582 1079 1809 1125 permansuris,

1050 1135 1127 1181 {liae
1147 1135 1213 1168 vice
1234 1135 1395 1169 dumtaxat
1411 1134 1589 1179 specialiter
1615 1139 1644 1167 et
1664 1143 1810 1178 expresse

1050 1187 1276 1231 lderogamus3
1297 1189 1474 1232 ceterisque
1493 1187 1660 1222 contrariis
1683 1187 1811 1231 quibus-

1050 1232 1053 1277 Ι
1069 1253 1216 1286 cumque.

1112 1297 1224 1330 Datum
1254 1298 1380 1337 Romae,
1400 1296 1482 1341 apud
1505 1296 1535 1330 S.
1561 1295 1690 1329 Mariam
1714 1294 1810 1329 Maio-

1069 1361 1135 1384 rem
1151 1379 1158 1391 ,
1187 1351 1244 1383 sub
1272 1351 1387 1383 annulo
1417 1349 1583 1383 piscatoris
1597 1377 1604 1390 ,
1624 1349 1675 1382 die
1698 1359 1721 1382 11
1743 1348 1811 1382 iulii

1050 1405 1237 1447 lnocnxw,
1258 1404 1458 1448 pontificatus
1479 1403 1577 1438 nostri
1597 1413 1680 1438 anno
1699 1412 1765 1436 xut.

1106 1466 1163 1494 Dat.
1185 1466 1229 1494 die
1248 1467 1264 1494 ἱ).
1284 1466 1341 1494 iulii
1364 1466 1441 1501 1636,
1462 1465 1556 1503 pontif.
1574 1474 1643 1494 anuo
1659 1471 1717 1493 xitt.

1112 1565 1211 1599 Anno
1235 1576 1255 1598 a
1275 1565 1448 1599 nativitate
1464 1565 1601 1598 Domini
1616 1564 1722 1598 nostri
1737 1563 1812 1598 Iesu

1071 1619 1195 1652 Christi
1218 1629 1393 1658 atncxxxw,
1421 1619 1473 1652 <tie
1500 1629 1572 1652 vero
1604 1628 1661 1652 xm
1693 1619 1812 1652 mensis

1068 1673 1266 1716 septembris,
1285 1677 1422 1716 tempore
1444 1672 1654 1716 pontificatus
1671 1671 1814 1706 Sanctis-

1069 1726 1147 1759 simi
1165 1727 1301 1760 Domini
1320 1727 1424 1760 nostri
1443 1727 1584 1767 Urbani,
1601 1726 1714 1759 (lirina
1737 1736 1813 1770 pro-

1072 1779 1216 1813 videntis?
1232 1781 1344 1824 Papae
1370 1780 1461 1822 VIII,
1479 1790 1565 1813 aimo
1586 1780 1655 1812 cias
1679 1789 1747 1821 xm,
1763 1789 1813 1812 sn-

1069 1833 1219 1877 pradicta
1231 1833 1333 1866 Balla
1346 1833 1517 1877 publicata
1533 1832 1597 1875 fnit
1612 1842 1670 1875 per
1697 1832 1813 1865 L'rbem

1070 1888 1106 1920 in,
1131 1887 1208 1920 locis
1231 1887 1337 1920 solitis
1361 1890 1392 1919 ct
1415 1885 1584 1927 consuetis,
1604 1895 1661 1929 per
1679 1895 1729 1918 me
1748 1885 1813 1919 Sil-

1072 1940 1195 1973 verium
1215 1940 1429 1974 Pontirornm
1451 1939 1658 1973 Sanctissimi
1677 1938 1813 1972 Domini

1070 1992 1174 2024 nostri
1198 1991 1310 2035 Papae
1329 2002 1450 2024 cursor.

1204 2071 1290 2105 loAx.
1319 2071 1412 2104 Barr.
1434 2063 1570 2111 Ricctt's,
1590 2080 1670 2113 mag.
1686 2080 1766 2104 curs.

1381 2234 1503 2267 DXLtt‘.

1072 2311 1228 2345 Facultas
1253 2313 1414 2346 collectori
1431 2313 1612 2359 spoliorum
1638 2312 1813 2357 Portaqal-

1119 2366 1182 2399 liae
1212 2366 1407 2410 procedendi
1442 2366 1484 2400 ad
1514 2367 1813 2410 promalyationem

1117 2430 1331 2453 censurarum
1355 2424 1467 2453 contra
1490 2420 1661 2453 violatores
1686 2420 1811 2453 immu-

1117 2474 1232 2506 nitatis
1252 2474 1483 2507 ccclcsiasticae
1506 2473 1540 2506 in
1564 2474 1674 2517 reynis
1699 2473 1813 2507 Porta-

1117 2527 1239 2571 (Jalliae
1263 2531 1291 2560 et
1315 2526 1579 2571 Alqarbioram‘.

1110 2648 1119 2673 t
1146 2646 1181 2674 Ex
1203 2646 1308 2683 ltegest.
1331 2646 1357 2674 in
1378 2646 1478 2675 Secu-et.
1500 2645 1576 2675 Brev.

1711 217 1774 253 533
1821 227 1870 256 An.
1892 226 1920 256 c.
1937 228 2005 256 ¹636
