2248 3229
242 239 293 267 An.
309 239 335 268 c,
360 239 426 267 1634
471 230 535 265 396

262 990 292 1012 Da
307 990 410 1012 ecclesus.

232 1632 262 1654 00
283 1631 412 1654 ordinandis,

259 2221 289 2244 De
304 2221 404 2244 moribus,

440 288 470 321 1.
488 288 676 332 apostasiam
696 299 713 321 a
733 289 896 331 religione,
917 288 1025 321 habitu
1049 289 1179 322 dimisso

440 341 504 374 sive
528 347 666 382 retento,
691 341 816 385 quando
841 352 878 375 eo
902 342 1081 386 pervenerit
1104 353 1179 386 apo-

439 395 552 435 stasia,
578 400 611 427 ut
641 400 727 427 extra
763 400 850 439 septa
884 396 1066 429 monasterii
1100 396 1179 429 sacta

435 447 531 480 fuerit
554 447 710 490 egressio;
728 447 756 480 2.
776 448 964 482 occisionem
988 454 1018 482 ct
1039 449 1180 482 vulnera-

436 500 551 533 tionem
572 511 626 534 seu
647 500 705 534 ob¹
726 512 854 544 gravem
873 503 1109 546 percussionem
1128 515 1179 536 cu-
1195 500 1196 535 ἲ

436 552 621 598 iuscumque
644 564 818 598 personae3
851 554 880 589 3.
908 556 1099 590 malitiosum
1125 557 1179 589 im-

435 606 659 650 pedimentum,
670 608 915 642 retardationem
929 615 959 643 et
970 611 1177 644 retentionem

436 659 611 693 litterarum
633 661 804 705 superioris
825 663 981 705 generalis
1001 663 1039 696 ad
1054 663 1179 697 inferio-

437 723 496 753 res,
514 718 544 746 et
567 714 752 748 inferiorum
778 715 816 748 ad
841 717 1040 760 generalem,
1066 718 1115 750 vel
1140 717 1177 750 ad

435 765 668 800 definitorium:
687 768 764 802 alios
782 769 840 802 sibi
858 780 948 803 casus
968 770 1006 803 de
1023 781 1177 804 consensu

435 819 562 863 capituli
587 822 744 863 generalis
768 822 886 866 poterit
901 833 1064 857 reservare
1085 835 1176 868 supe‘

435 873 511 913 rior,
531 873 704 908 dummodo
722 875 782 907 sint
799 875 837 908 de
859 876 1013 909 contentis
1037 877 1069 910 in
1093 877 1176 911 dicto

435 925 562 959 decreto
587 927 755 961 Clementis
780 929 853 961 vill.

478 980 615 1014 Sacrista
639 981 722 1015 circa
742 982 881 1015 officium
899 993 989 1016 suum
1010 983 1176 1027 diligenter

434 1043 466 1067 se
479 1034 636 1078 praebeat,
651 1041 680 1068 et
694 1036 815 1069 studeat
824 1037 888 1070 Deo
897 1037 1031 1080 placere,
1043 1048 1106 1071 non
1123 1038 1177 1071 ho-

434 1087 586 1129 minibus3
601 1088 639 1122 de
653 1089 798 1123 altarium
823 1090 976 1123 munditie
987 1096 1019 1124 et
1035 1091 1176 1124 decentia

433 1140 586 1175 sollicitus
604 1142 654 1184 sit,
673 1153 745 1176 vasa
761 1154 849 1176 sacra
866 1148 896 1176 et
913 1149 1097 1178 ornamenta
1113 1155 1176 1178 om-

432 1195 484 1228 nia
508 1195 639 1229 honeste
656 1202 686 1229 et
706 1197 852 1231 decenter
873 1202 1009 1230 asservet
1029 1204 1059 1231 et
1076 1204 1175 1232 custo·

432 1248 496 1282 diat
520 1249 577 1282 sub
602 1250 788 1290 inventario,
817 1255 847 1283 et
870 1251 908 1283 de
934 1251 995 1283 illis
1020 1252 1173 1286 rationem

431 1302 542 1336 reddat
568 1304 725 1347 superiori
750 1315 806 1337 suo
832 1304 954 1349 quoties
985 1301 1193 1349 poposcerit'

475 1359 509 1392 In
529 1359 676 1392 altarium
695 1364 725 1392 et
744 1360 963 1393 ministrorum
981 1362 1174 1404 paramentis
1190 1401 1191 1408 ἵ

431 1416 572 1444 servetur
585 1412 722 1453 rubrica,
740 1413 842 1456 quoad
856 1413 1174 1456 integritatem,mun-
1190 1441 1191 1449 ,

431 1463 549 1507 ditiem,
582 1466 722 1499 colorem
747 1472 777 1499 et
801 1472 946 1499 ornatum
972 1467 1084 1508 serico,
1108 1459 1191 1508 uti‘2]

432 1518 641 1561 permittitur,
670 1519 858 1563 pretiosiora
882 1530 946 1553 non
970 1526 1172 1563 quaerantur,

431 1570 486 1603 sed
510 1570 622 1604 oblatis
646 1582 663 1604 a
680 1572 932 1606 benefactoribus
956 1573 1000 1605 uti
1026 1573 1126 1606 liceat.

475 1624 544 1657 Non
568 1625 731 1658 mittantur
755 1627 868 1659 fratres
893 1626 931 1659 ad
956 1637 1061 1660 sacros
1086 1626 1190 1663 ordi-1

430 1687 484 1710 nes
502 1679 709 1722 promovendi
734 1680 810 1723 quin
834 1680 921 1724 prius
940 1680 1046 1714 stricte
1067 1686 1097 1713 et
1113 1680 1173 1713 sin-

430 1741 501 1765 cere
517 1732 634 1765 fuerint
658 1733 825 1767 examinati
842 1744 859 1766 a
877 1733 1051 1777 superiore,
1068 1734 1116 1766 vel
1133 1733 1171 1766 ab

429 1795 466 1818 eo
491 1785 660 1829 deputatis,
689 1787 727 1819 de
752 1792 852 1819 aetate
877 1792 906 1819 et
930 1787 1093 1828 doctrina,
1114 1797 1171 1820 nec

429 1839 522 1871 etiam
537 1839 709 1882 mittantur,
728 1841 781 1883 qui
795 1841 896 1873 zelum
914 1840 1086 1883 religionis,
1108 1851 1171 1873 mo-

428 1901 499 1924 rum
524 1892 753 1935 integritatem,
785 1899 815 1926 et
846 1894 1011 1937 religiosae
1044 1904 1189 1927 conver·=

429 1945 525 1978 sionis
557 1947 806 1990 expectationem
830 1957 903 1984 ‚non
935 1948 1188 1991 praeseferant„

428 2008 467 2031 ne
483 1998 669 2033 immeritis³
686 2001 755 2033 talis
772 2005 877 2044 pateat
901 2011 1057 2034 ascensus.

675 2091 815 2115 SECUNDA
839 2092 928 2116 PARS.

569 2144 614 2177 De
637 2145 777 2178 moribus
802 2149 830 2178 et
856 2145 893 2178 de
917 2145 1029 2179 votis&

474 2214 520 2248 Ad
545 2225 670 2248 morum
688 2216 944 2249 reformationem
962 2217 1046 2250 aliud
1063 2217 1170 2250 utilius

431 2268 595 2312 iniungere
619 2280 680 2303 non
706 2270 909 2313 intendimus,
935 2281 1028 2315 quam
1053 2271 1171 2304 divino-

429 2332 501 2356 rum
526 2323 763 2365 mandatorum,
789 2330 818 2357 et
838 2324 919 2357 beati
948 2325 1046 2368 patris
1070 2325 1168 2358 nostri

429 2377 595 2420 Augustini
613 2377 651 2410 ad
676 2378 842 2412 canonicos
866 2379 1002 2421 regulae,
1028 2379 1170 2412 solemni-

429 2440 547 2475 umque
571 2433 718 2466 votorum
755 2432 984 2466 exactissimam
1013 2438 1043 2466 et
1065 2433 1168 2477 perfe-

465 2523 477 2547 1
500 2520 596 2557 Praep.
613 2522 646 2549 ob
661 2526 769 2557 praeter
783 2531 841 2550 rem
857 2531 917 2550 esse
933 2523 1040 2550 videtur
1048 2525 1087 2558 (a.
1101 2523 1149 2557 T.).

463 2564 481 2592 2
499 2565 629 2601 Legerem
643 2568 733 2594 serico
747 2568 801 2601 uti,
816 2571 947 2595 commate
961 2568 1049 2595 deleto
1064 2568 1106 2603 (n.
1119 2567 1167 2601 T.).

463 2609 480 2636 3
499 2610 647 2646 perperam
662 2612 705 2639 ed.
723 2612 757 2640 M.
773 2613 839 2648 legit
854 2613 884 2640 in
900 2613 1009 2641 meritis
1025 2613 1061 2649 (a.
1083 2612 1132 2649 an).

464 2653 481 2682 4
494 2653 565 2684 Edit.
581 2655 661 2685 Μαίη.
677 2656 771 2686 scribit
786 2657 890 2687 devo'tis
905 2658 943 2694 (a,
956 2657 1005 2694 m).

1023 241 1207 267 BULLARIUM
1227 243 1380 268 ROMANUM

1214 289 1441 330 ctissimam,in
1466 295 1617 333 quantum
1642 291 1791 325 Dominus
1820 291 1950 333 dederit,

1213 342 1454 383 observantiam,
1481 353 1551 376 curn
1584 345 1796 387 praesentium
1828 343 1948 378 consti-

1214 396 1367 430 tutionum
1393 396 1725 437 determinationibus3
1747 403 1777 430 et
1793 399 1951 442 quoniam,

1213 460 1249 482 ex
1274 450 1471 493 praescripto
1489 449 1629 483 eiusdem
1654 450 1792 493 regulae,
1806 450 1952 484 iubemur

1212 502 1328 536 habere
1354 513 1409 536 cor
1433 513 1530 536 unum
1555 508 1585 536 et
1612 503 1749 536 animam
1774 514 1888 547 unam,
1921 504 1952 537 in

1211 556 1344 590 Domino
1381 557 1565 591 mandamus
1605 558 1803 592 strictissime
1837 558 1952 601 atque¹

1211 611 1432 654 praecipimus,
1464 615 1507 653 ut,
1533 611 1586 654 qui
1617 611 1673 645 sub
1703 613 1765 644 una
1789 611 1899 654 regula
1923 616 1953 644 et

1212 664 1269 697 sub
1288 664 1380 697 unius
1394 665 1599 708 professionis
1619 669 1691 700 voto
1715 665 1870 706 vivimus,
1887 664 1953 698 uni-

1212 718 1329 750 formes
1361 718 1392 750 in
1424 718 1630 751 observantiis
1662 718 1825 761 religionis
1860 718 1948 752 inve-

1211 771 1344 813 niamur,
1375 775 1528 814 quatenus
1552 771 1656 805 unitas
1685 771 1850 814 cordium,
1871 782 1952 816 quae

1211 825 1343 858 interius
1361 825 1493 858 tenenda
1518 831 1584 868 est,
1609 826 1648 858 ab
1673 825 1887 859 uniformitate
1903 835 1952 858 ex-

1211 879 1308 912 terius
1336 882 1459 912 servata
1484 880 1515 912 in
1543 879 1685 912 moribus
1709 884 1832 911 tueatur
1856 883 1886 911 et
1905 888 1952 911 re-

1160 954 1163 956 —
1193 937 1434 976 Jpraesentetur.
1466 934 1643 977 Eapropter
1674 932 1848 975 singulares
1878 941 1952 964 con-

1193 1003 1195 1027 2
1211 987 1390 1020 suetudines
1415 992 1444 1020 et
1462 987 1674 1021 observantias
1694 991 1782 1020 extra
1798 986 1951 1029 regulam,

1211 1040 1448 1073 constitutiones
1471 1046 1499 1074 et
1522 1050 1722 1074 communem
1740 1039 1864 1072 vivendi
1888 1049 1953 1072 mo-

1193 1098 1194 1113 *
1210 1094 1283 1127 dum
1296 1094 1327 1126 in
1338 1095 1447 1128 ordine
1464 1101 1627 1139 receptum
1642 1099 1673 1127 et
1689 1093 1895 1137 approbatum
1913 1093 1952 1126 ab

1210 1148 1357 1181 omnibus
1382 1148 1412 1180 in
1438 1149 1567 1193 publico
1585 1154 1614 1181 et
1632 1158 1739 1181 eoram
1764 1147 1833 1180 aliis
1852 1147 1952 1181 vitan-

1209 1201 1263 1234 das
1291 1206 1320 1234 et
1345 1202 1552 1245 amputandas
1577 1202 1787 1235 decernimus.

1253 1256 1326 1289 Cum
1353 1260 1569 1300 paupertatem
1606 1256 1816 1298 evangelicam
1850 1255 1950 1288 scalae

1208 1309 1408 1352 perfectionis
1437 1310 1575 1353 primum
1604 1309 1738 1352 gradum
1770 1319 1837 1342 esse
1865 1308 1951 1342 Chri-

1209 1367 1274 1394 stus
1290 1362 1416 1395 1103161·ιζ
1433 1363 1542 1396 doceat
1558 1364 1607 1395 his
1624 1363 1743 1395 verbis:
1765 1363 1802 1395 Si
1816 1363 1864 1395 vis
1881 1372 1950 1405 per-

1206 1416 1305 1458 fectus
1331 1426 1405 1451 esse.
1436 1416 1532 1456 vaste,
1553 1420 1581 1448 et
1600 1416 1698 1448 relicte
1728 1418 1840 1448 omnia
1867 1425 1950 1459 quae

1190 1468 1313 1519 senties,
1332 1473 1359 1501 et
1384 1468 1426 1501 da
1446 1469 1655 1514 pattperibus,
1681 1473 1709 1501 et
1733 1479 1862 1512 sequere
1878 1478 1947 1501 me:

1189 1525 1385 1568 {propterea
1411 1532 1427 1554 a
1454 1527 1640 1566 paupertate
1665 1527 1810 1555 votorum
1836 1526 1950 1554 tracta-

1208 1581 1272 1608 tum
1298 1576 1493 1620 incipientes,
1519 1577 1693 1618 statuimus,
1721 1581 1874 1620 quatenus
1898 1585 1950 1608 ne-

1207 1629 1282 1661 mini
1306 1629 1398 1662 liceat
1423 1630 1505 1662 bona
1530 1630 1659 1662 mobilia
1683 1630 1732 1662 vel
1758 1628 1948 1669 immobiIIa,

1207 1682 1433 1725 cuiuscumque
1451 1683 1608 1725 qualitatis
1622 1682 1748 1724 suerint,
1765 1682 1858 1714 etiam
1875 1691 1949 1725 quo-

1206 1736 1251 1767 vis
1269 1736 1362 1769 modo
1381 1735 1542 1779 acquisita,
1561 1741 1720 1779 tamquam
1738 1734 1877 1779 propria,
1895 1739 1949 1767 aut

1206 1790 1298 1823 etiam
1313 1789 1439 1823 nomine
1457 1789 1702 1829 communitatis,
1720 1788 1882 1832 possidere
1899 1787 1948 1820 vel

1188 1848 1330 1884 itenere,
1357 1843 1409 1876 sed
1442 1843 1544 1876 statim
1580 1842 1738 1886 superiori
1762 1841 1946 1881 tradantur,

1206 1896 1445 1940 conventuique,
1471 1902 1505 1929 ut
1528 1896 1667 1940 primum
1694 1895 1859 1928 commode
1883 1905 1943 1939 po-

1187 2003 1267 2036 'cilii
1293 2003 1475 2036 Tridentini.

1249 2057 1358 2090 Nullus
1383 2062 1555 2100 praeterea,
1581 2057 1781 2100 quantumvis
1800 2056 1946 2100 superior

1205 2110 1268 2143 sive
1292 2110 1372 2143 alius
1397 2110 1548 2151 officialis,
1573 2111 1680 2154 possit,
1705 2110 1799 2144 etiam
1817 2110 1855 2143 de
1877 2120 1947 2143 con-

1205 2174 1297 2196 sensu
1322 2164 1371 2197 vel
1396 2164 1527 2197 consilio
1552 2164 1680 2207 capituli
1710 2163 1839 2206 localis,
1865 2174 1945 2207 quo-

1205 2227 1338 2259 cumque
1362 2221 1525 2259 praetextu
1546 2217 1593 2249 vel
1614 2219 1718 2258 eausa,
1733 2216 1815 2250 bona
1835 2216 1947 2250 immo-

1204 2270 1277 2302 bilia
1294 2270 1438 2310 vendere,
1456 2270 1602 2311 alienare,
1623 2275 1815 2314 permutare,
1833 2270 1863 2302 in
1885 2280 1947 2303 em-

1203 2323 1379 2367 phyteusim
1398 2327 1581 2367 perpetuam
1599 2324 1646 2356 vel
1664 2323 1702 2356 ad
1720 2329 1842 2368 tempus
1859 2323 1944 2357 dare:

1203 2378 1373 2410 locationes
1386 2377 1468 2409 ultra
1486 2378 1655 2410 triennium
1671 2377 1794 2411 facere³
1811 2377 1946 2410 debean-

1203 2436 1263 2471 tur,
1277 2430 1314 2463 de
1336 2430 1445 2464 ordine
1459 2431 1654 2464 Sanctissimi
1671 2431 1787 2472 Nostri,
1804 2429 1945 2464 necnon⁴

1184 2462 1187 2475 t

1236 2521 1249 2546 ‘I
1268 2521 1414 2556 Perperam
1430 2520 1472 2548 ed.
1490 2521 1522 2547 M.
1535 2522 1601 2556 legit
1611 2525 1691 2557 teque
1703 2524 1843 2557 proutque
1852 2520 1890 2555 (a.
1905 2522 1944 2555 Τ).

1237 2565 1253 2591 ‘2
1268 2565 1313 2592 Vel
1327 2565 1386 2600 lege
1401 2574 1453 2592 nos
1468 2566 1510 2593 vel
1526 2567 1668 2595 Dominus
1688 2570 1783 2596 noster
1798 2567 1836 2602 (a.
1854 2565 1906 2601 T.)-

1237 2610 1253 2636 3
1268 2609 1369 2637 Forsan
1385 2612 1461 2638 deest
1476 2620 1533 2638 non
1548 2614 1588 2645 (a.
1601 2612 1649 2646 T.).

1182 2661 1187 2691 ι
1236 2655 1252 2682 4
1271 2654 1413 2686 videretur
1431 2658 1580 2693 legendum
1599 2665 1648 2686 nec
1662 2657 1700 2693 (R.
1715 2657 1764 2693 tu).

1969 245 2018 271 An.
2032 244 2060 272 C.
2082 244 2149 272 1634

1992 1262 2021 1283 De
2035 1265 2082 1284 voto
2098 1268 2150 1289 pau-

1965 1291 2060 1316 perlatis.

1206 1950 1287 1990 terit,
1313 1950 1568 1993 incorporentur,
1586 1950 1670 1983 iuxta
1691 1949 1854 1983 decretum
1878 1959 1948 1983 con-
1997 1984 2004 1988 ,
