<?xml version="1.0" encoding="UTF-8"?>
<!DOCTYPE html PUBLIC "-//W3C//DTD XHTML 1.0 Transitional//EN"
    "http://www.w3.org/TR/xhtml1/DTD/xhtml1-transitional.dtd">
<html xmlns="http://www.w3.org/1999/xhtml" xml:lang="en" lang="en">
 <head>
  <title>
</title>
<meta http-equiv="Content-Type" content="text/html;charset=utf-8" />
  <meta name='ocr-system' content='tesseract 3.04.00' />
  <meta name='ocr-capabilities' content='ocr_page ocr_carea ocr_par ocr_line ocrx_word'/>
</head>
<body>
  <div class='ocr_page' id='page_1' title='image "./bullarumdiplomat14cath_0558.png"; bbox 0 0 2248 3229; ppageno 0'>
   <div class='ocr_carea' id='block_1_1' title="bbox 267 194 451 223">
    <p class='ocr_par' dir='ltr' id='par_1_1' title="bbox 267 194 451 223">
     <span class='ocr_line' id='line_1_1' title="bbox 267 194 451 223; baseline 0.016 -2"><span class='ocrx_word' id='word_1_1' title='bbox 267 194 314 222; x_wconf 81' lang='lat' dir='ltr'>An.</span> <span class='ocrx_word' id='word_1_2' title='bbox 331 195 360 223; x_wconf 91' lang='lat' dir='ltr'>C.</span> <span class='ocrx_word' id='word_1_3' title='bbox 382 195 451 223; x_wconf 72' lang='lat'>1635</span> 
     </span>
    </p>
   </div>
   <div class='ocr_carea' id='block_1_2' title="bbox 295 416 412 437">
    <p class='ocr_par' dir='ltr' id='par_1_2' title="bbox 295 416 412 437">
     <span class='ocr_line' id='line_1_2' title="bbox 295 416 412 437; baseline 0.017 -2"><span class='ocrx_word' id='word_1_4' title='bbox 295 416 412 437; x_wconf 58' lang='lat' dir='ltr'>Clausulam.</span> 
     </span>
    </p>
   </div>
   <div class='ocr_carea' id='block_1_3' title="bbox 267 946 452 1072">
    <p class='ocr_par' dir='ltr' id='par_1_3' title="bbox 267 946 452 1072">
     <span class='ocr_line' id='line_1_3' title="bbox 313 946 451 969; baseline 0.007 -3"><span class='ocrx_word' id='word_1_5' title='bbox 313 946 363 969; x_wconf 68' lang='lat' dir='ltr'>Quis</span> <span class='ocrx_word' id='word_1_6' title='bbox 378 946 451 967; x_wconf 77' lang='lat' dir='ltr'>modus</span> 
     </span>
     <span class='ocr_line' id='line_1_4' title="bbox 267 973 451 993; baseline 0.005 -1"><span class='ocrx_word' id='word_1_7' title='bbox 267 973 287 992; x_wconf 88' lang='lat' dir='ltr'>in</span> <span class='ocrx_word' id='word_1_8' title='bbox 309 974 391 992; x_wconf 69' lang='lat' dir='ltr'>decima</span> <span class='ocrx_word' id='word_1_9' title='bbox 414 973 451 993; x_wconf 84' lang='lat' dir='ltr'>hu-</span> 
     </span>
     <span class='ocr_line' id='line_1_5' title="bbox 267 999 452 1025; baseline 0 -6"><span class='ocrx_word' id='word_1_10' title='bbox 267 999 356 1019; x_wconf 67' lang='lat' dir='ltr'>iusmodi</span> <span class='ocrx_word' id='word_1_11' title='bbox 368 1000 452 1025; x_wconf 62' lang='lat' dir='ltr'>exigen-</span> 
     </span>
     <span class='ocr_line' id='line_1_6' title="bbox 268 1026 451 1046; baseline 0.005 -1"><span class='ocrx_word' id='word_1_12' title='bbox 268 1026 294 1046; x_wconf 75' lang='lat' dir='ltr'>da</span> <span class='ocrx_word' id='word_1_13' title='bbox 315 1027 393 1046; x_wconf 60' lang='lat' dir='ltr'>§curari</span> <span class='ocrx_word' id='word_1_14' title='bbox 417 1027 451 1046; x_wconf 46' lang='lat' dir='ltr'>tle*</span> 
     </span>
     <span class='ocr_line' id='line_1_7' title="bbox 267 1053 324 1072; baseline 0 0"><span class='ocrx_word' id='word_1_15' title='bbox 267 1053 324 1072; x_wconf 80' lang='lat' dir='ltr'>beat.</span> 
     </span>
    </p>
   </div>
   <div class='ocr_carea' id='block_1_4' title="bbox 464 188 1229 2586">
    <p class='ocr_par' dir='ltr' id='par_1_4' title="bbox 465 188 1204 393">
     <span class='ocr_line' id='line_1_8' title="bbox 495 188 560 221; baseline 0 0"><span class='ocrx_word' id='word_1_16' title='bbox 495 188 560 221; x_wconf 70' lang='lat'>470</span> 
     </span>
     <span class='ocr_line' id='line_1_9' title="bbox 465 244 1202 288; baseline -0.004 -10"><span class='ocrx_word' id='word_1_17' title='bbox 465 246 586 288; x_wconf 78' lang='lat' dir='ltr'>integre</span> <span class='ocrx_word' id='word_1_18' title='bbox 620 245 828 288; x_wconf 87' lang='lat' dir='ltr'>persolvisse;</span> <span class='ocrx_word' id='word_1_19' title='bbox 860 244 1064 276; x_wconf 74' lang='lat' dir='ltr'>decernentes</span> <span class='ocrx_word' id='word_1_20' title='bbox 1101 244 1202 276; x_wconf 86' lang='lat' dir='ltr'>nullas</span> 
     </span>
     <span class='ocr_line' id='line_1_10' title="bbox 466 295 1204 341; baseline -0.004 -10"><span class='ocrx_word' id='word_1_21' title='bbox 466 298 593 332; x_wconf 89' lang='lat' dir='ltr'>omnino</span> <span class='ocrx_word' id='word_1_22' title='bbox 611 297 826 341; x_wconf 80' lang='lat' dir='ltr'>exemptiones</span> <span class='ocrx_word' id='word_1_23' title='bbox 850 301 879 329; x_wconf 92' lang='lat' dir='ltr'>et</span> <span class='ocrx_word' id='word_1_24' title='bbox 904 295 1116 329; x_wconf 89' lang='lat' dir='ltr'>immunitates</span> <span class='ocrx_word' id='word_1_25' title='bbox 1137 306 1204 329; x_wconf 83' lang='lat' dir='ltr'>exa-</span> 
     </span>
     <span class='ocr_line' id='line_1_11' title="bbox 466 349 1098 393; baseline -0.003 -9"><span class='ocrx_word' id='word_1_26' title='bbox 466 351 600 384; x_wconf 85' lang='lat' dir='ltr'>ctionem</span> <span class='ocrx_word' id='word_1_27' title='bbox 624 350 805 383; x_wconf 88' lang='lat' dir='ltr'>huiusmodi</span> <span class='ocrx_word' id='word_1_28' title='bbox 823 349 974 393; x_wconf 90' lang='lat' dir='ltr'>impedire</span> <span class='ocrx_word' id='word_1_29' title='bbox 992 359 1098 393; x_wconf 90' lang='lat' dir='ltr'>posse;</span> 
     </span>
    </p>

    <p class='ocr_par' dir='ltr' id='par_1_5' title="bbox 464 403 1224 935">
     <span class='ocr_line' id='line_1_12' title="bbox 509 403 1222 448; baseline -0.001 -11"><span class='ocrx_word' id='word_1_30' title='bbox 509 405 524 448; x_wconf 66' lang='lat' dir='ltr'>g</span> <span class='ocrx_word' id='word_1_31' title='bbox 543 404 572 437; x_wconf 71' lang='lat'>4.</span> <span class='ocrx_word' id='word_1_32' title='bbox 591 404 704 448; x_wconf 85' lang='lat' dir='ltr'>Sicque</span> <span class='ocrx_word' id='word_1_33' title='bbox 721 414 778 448; x_wconf 87' lang='lat' dir='ltr'>per</span> <span class='ocrx_word' id='word_1_34' title='bbox 796 413 1013 447; x_wconf 89' lang='lat' dir='ltr'>quoscumque</span> <span class='ocrx_word' id='word_1_35' title='bbox 1038 403 1155 436; x_wconf 90' lang='lat' dir='ltr'>iudices</span> <span class='ocrx_word' id='word_1_36' title='bbox 1175 407 1222 444; x_wconf 52' lang='lat' dir='ltr'>et}</span> 
     </span>
     <span class='ocr_line' id='line_1_13' title="bbox 465 457 1222 500; baseline 0 -11"><span class='ocrx_word' id='word_1_37' title='bbox 465 457 708 499; x_wconf 85' lang='lat' dir='ltr'>commissarios,</span> <span class='ocrx_word' id='word_1_38' title='bbox 727 457 819 490; x_wconf 90' lang='lat' dir='ltr'>etiam</span> <span class='ocrx_word' id='word_1_39' title='bbox 837 467 1002 490; x_wconf 85' lang='lat' dir='ltr'>causarum</span> <span class='ocrx_word' id='word_1_40' title='bbox 1015 457 1121 500; x_wconf 89' lang='lat' dir='ltr'>palatii</span> <span class='ocrx_word' id='word_1_41' title='bbox 1135 467 1205 500; x_wconf 87' lang='lat' dir='ltr'>apo·</span> <span class='ocrx_word' id='word_1_42' title='bbox 1221 476 1222 490; x_wconf 38' lang='grc' dir='ltr'>η</span> 
     </span>
     <span class='ocr_line' id='line_1_14' title="bbox 466 510 1223 551; baseline 0.003 -8"><span class='ocrx_word' id='word_1_43' title='bbox 466 510 566 544; x_wconf 87' lang='lat' dir='ltr'>stolici</span> <span class='ocrx_word' id='word_1_44' title='bbox 598 510 768 551; x_wconf 80' lang='lat' dir='ltr'>auditores,</span> <span class='ocrx_word' id='word_1_45' title='bbox 786 521 821 544; x_wconf 88' lang='lat' dir='ltr'>ac</span> <span class='ocrx_word' id='word_1_46' title='bbox 846 511 875 543; x_wconf 82' lang='lat' dir='ltr'>S.</span> <span class='ocrx_word' id='word_1_47' title='bbox 904 511 937 543; x_wconf 79' lang='lat' dir='ltr'>R.</span> <span class='ocrx_word' id='word_1_48' title='bbox 967 511 999 543; x_wconf 83' lang='lat' dir='ltr'>E.</span> <span class='ocrx_word' id='word_1_49' title='bbox 1021 510 1223 551; x_wconf 80' lang='lat' dir='ltr'>cardinales„</span> 
     </span>
     <span class='ocr_line' id='line_1_15' title="bbox 466 552 1223 607; baseline 0.001 -11"><span class='ocrx_word' id='word_1_50' title='bbox 466 563 559 596; x_wconf 89' lang='lat' dir='ltr'>etiam</span> <span class='ocrx_word' id='word_1_51' title='bbox 579 563 617 596; x_wconf 92' lang='lat' dir='ltr'>de</span> <span class='ocrx_word' id='word_1_52' title='bbox 634 564 731 597; x_wconf 85' lang='lat' dir='ltr'>latere</span> <span class='ocrx_word' id='word_1_53' title='bbox 752 564 881 607; x_wconf 82' lang='lat' dir='ltr'>legatos,</span> <span class='ocrx_word' id='word_1_54' title='bbox 896 564 1017 598; x_wconf 76' lang='lat' dir='ltr'>sublata</span> <span class='ocrx_word' id='word_1_55' title='bbox 1035 564 1079 597; x_wconf 92' lang='lat' dir='ltr'>eis</span> <span class='ocrx_word' id='word_1_56' title='bbox 1102 568 1133 597; x_wconf 91' lang='lat' dir='ltr'>et</span> <span class='ocrx_word' id='word_1_57' title='bbox 1157 552 1223 597; x_wconf 45' lang='lat' dir='ltr'>eo-N</span> 
     </span>
     <span class='ocr_line' id='line_1_16' title="bbox 464 617 1223 661; baseline 0.001 -13"><span class='ocrx_word' id='word_1_58' title='bbox 464 627 534 649; x_wconf 89' lang='lat' dir='ltr'>rum</span> <span class='ocrx_word' id='word_1_59' title='bbox 560 617 688 650; x_wconf 84' lang='lat' dir='ltr'>cuilibet</span> <span class='ocrx_word' id='word_1_60' title='bbox 718 618 826 661; x_wconf 86' lang='lat' dir='ltr'>quavis</span> <span class='ocrx_word' id='word_1_61' title='bbox 860 617 950 650; x_wconf 89' lang='lat' dir='ltr'>aliter</span> <span class='ocrx_word' id='word_1_62' title='bbox 986 617 1143 650; x_wconf 86' lang='lat' dir='ltr'>iudicandi</span> <span class='ocrx_word' id='word_1_63' title='bbox 1176 620 1223 649; x_wconf 65' lang='lat' dir='ltr'>et*</span> 
     </span>
     <span class='ocr_line' id='line_1_17' title="bbox 466 669 1205 714; baseline 0.001 -12"><span class='ocrx_word' id='word_1_64' title='bbox 466 669 691 714; x_wconf 88' lang='lat' dir='ltr'>interpretandi</span> <span class='ocrx_word' id='word_1_65' title='bbox 711 671 856 704; x_wconf 79' lang='lat' dir='ltr'>facultate</span> <span class='ocrx_word' id='word_1_66' title='bbox 884 675 914 703; x_wconf 90' lang='lat' dir='ltr'>et</span> <span class='ocrx_word' id='word_1_67' title='bbox 940 670 1136 711; x_wconf 85' lang='lat' dir='ltr'>auctoritate,</span> <span class='ocrx_word' id='word_1_68' title='bbox 1158 671 1205 703; x_wconf 91' lang='lat' dir='ltr'>iu-</span> 
     </span>
     <span class='ocr_line' id='line_1_18' title="bbox 465 722 1207 763; baseline 0.001 -8"><span class='ocrx_word' id='word_1_69' title='bbox 465 722 563 755; x_wconf 88' lang='lat' dir='ltr'>dicari</span> <span class='ocrx_word' id='word_1_70' title='bbox 595 728 625 756; x_wconf 89' lang='lat' dir='ltr'>et</span> <span class='ocrx_word' id='word_1_71' title='bbox 650 723 773 756; x_wconf 88' lang='lat' dir='ltr'>definiri</span> <span class='ocrx_word' id='word_1_72' title='bbox 801 723 932 763; x_wconf 79' lang='lat' dir='ltr'>debere3</span> <span class='ocrx_word' id='word_1_73' title='bbox 958 734 994 756; x_wconf 92' lang='lat' dir='ltr'>ac</span> <span class='ocrx_word' id='word_1_74' title='bbox 1028 724 1151 757; x_wconf 86' lang='lat' dir='ltr'>irritum</span> <span class='ocrx_word' id='word_1_75' title='bbox 1177 729 1207 756; x_wconf 87' lang='lat' dir='ltr'>et</span> 
     </span>
     <span class='ocr_line' id='line_1_19' title="bbox 467 776 1224 821; baseline 0.003 -13"><span class='ocrx_word' id='word_1_76' title='bbox 467 776 568 819; x_wconf 89' lang='lat' dir='ltr'>inane,</span> <span class='ocrx_word' id='word_1_77' title='bbox 587 777 611 809; x_wconf 90' lang='lat' dir='ltr'>si</span> <span class='ocrx_word' id='word_1_78' title='bbox 630 787 719 810; x_wconf 88' lang='lat' dir='ltr'>secus</span> <span class='ocrx_word' id='word_1_79' title='bbox 737 787 831 821; x_wconf 89' lang='lat' dir='ltr'>super</span> <span class='ocrx_word' id='word_1_80' title='bbox 848 777 896 810; x_wconf 87' lang='lat' dir='ltr'>his</span> <span class='ocrx_word' id='word_1_81' title='bbox 913 788 929 810; x_wconf 91' lang='lat' dir='ltr'>a</span> <span class='ocrx_word' id='word_1_82' title='bbox 946 787 1114 821; x_wconf 87' lang='lat' dir='ltr'>quoquam,</span> <span class='ocrx_word' id='word_1_83' title='bbox 1135 788 1206 821; x_wconf 88' lang='lat' dir='ltr'>qua·</span> <span class='ocrx_word' id='word_1_84' title='bbox 1222 782 1224 801; x_wconf 64' lang='lat'><em>³</em></span> 
     </span>
     <span class='ocr_line' id='line_1_20' title="bbox 466 829 1224 883; baseline 0.005 -22"><span class='ocrx_word' id='word_1_85' title='bbox 466 829 511 862; x_wconf 81' lang='lat' dir='ltr'>vis</span> <span class='ocrx_word' id='word_1_86' title='bbox 535 831 737 871; x_wconf 87' lang='lat' dir='ltr'>auctoritate,</span> <span class='ocrx_word' id='word_1_87' title='bbox 765 831 898 865; x_wconf 82' lang='lat' dir='ltr'>scienter</span> <span class='ocrx_word' id='word_1_88' title='bbox 930 832 976 865; x_wconf 71' lang='lat' dir='ltr'>rel</span> <span class='ocrx_word' id='word_1_89' title='bbox 1010 832 1224 883; x_wconf 38' lang='lat' dir='ltr'>ignorantem!¹</span> 
     </span>
     <span class='ocr_line' id='line_1_21' title="bbox 466 884 1224 935; baseline 0.008 -19"><span class='ocrx_word' id='word_1_90' title='bbox 466 884 634 927; x_wconf 85' lang='lat' dir='ltr'>contigerit</span> <span class='ocrx_word' id='word_1_91' title='bbox 653 886 807 919; x_wconf 86' lang='lat' dir='ltr'>attentari.</span> <span class='ocrx_word' id='word_1_92' title='bbox 1222 886 1224 935; x_wconf 65' lang='lat' dir='ltr'>{J</span> 
     </span>
    </p>

    <p class='ocr_par' dir='ltr' id='par_1_6' title="bbox 466 937 1229 2586">
     <span class='ocr_line' id='line_1_22' title="bbox 511 937 1224 983; baseline 0.003 -13"><span class='ocrx_word' id='word_1_93' title='bbox 511 937 525 980; x_wconf 62' lang='grc' dir='ltr'>ξ</span> <span class='ocrx_word' id='word_1_94' title='bbox 550 937 578 970; x_wconf 82' lang='grc'>5.</span> <span class='ocrx_word' id='word_1_95' title='bbox 605 937 643 971; x_wconf 92' lang='lat' dir='ltr'>Ut</span> <span class='ocrx_word' id='word_1_96' title='bbox 664 942 768 972; x_wconf 89' lang='lat' dir='ltr'>autem</span> <span class='ocrx_word' id='word_1_97' title='bbox 789 940 968 983; x_wconf 88' lang='lat' dir='ltr'>supradicta</span> <span class='ocrx_word' id='word_1_98' title='bbox 992 939 1157 983; x_wconf 78' lang='lat' dir='ltr'>diligenter</span> <span class='ocrx_word' id='word_1_99' title='bbox 1177 941 1224 972; x_wconf 76' lang='lat' dir='ltr'>et‘</span> 
     </span>
     <span class='ocr_line' id='line_1_23' title="bbox 466 991 1207 1036; baseline 0.004 -12"><span class='ocrx_word' id='word_1_100' title='bbox 466 991 601 1025; x_wconf 86' lang='lat' dir='ltr'>fideliter</span> <span class='ocrx_word' id='word_1_101' title='bbox 633 993 833 1036; x_wconf 84' lang='lat' dir='ltr'>exequutioni</span> <span class='ocrx_word' id='word_1_102' title='bbox 868 994 1115 1035; x_wconf 78' lang='lat' dir='ltr'>demandentur,</span> <span class='ocrx_word' id='word_1_103' title='bbox 1141 1004 1207 1027; x_wconf 87' lang='lat' dir='ltr'>eos-</span> 
     </span>
     <span class='ocr_line' id='line_1_24' title="bbox 467 1043 1205 1090; baseline 0.005 -14"><span class='ocrx_word' id='word_1_104' title='bbox 467 1043 538 1077; x_wconf 86' lang='lat' dir='ltr'>dem</span> <span class='ocrx_word' id='word_1_105' title='bbox 563 1045 707 1078; x_wconf 90' lang='lat' dir='ltr'>nuntium</span> <span class='ocrx_word' id='word_1_106' title='bbox 733 1050 763 1079; x_wconf 88' lang='lat' dir='ltr'>et</span> <span class='ocrx_word' id='word_1_107' title='bbox 787 1043 1012 1085; x_wconf 85' lang='lat' dir='ltr'>collectorem,</span> <span class='ocrx_word' id='word_1_108' title='bbox 1037 1057 1072 1080; x_wconf 86' lang='lat' dir='ltr'>ac</span> <span class='ocrx_word' id='word_1_109' title='bbox 1097 1057 1205 1090; x_wconf 89' lang='lat' dir='ltr'>perso-</span> 
     </span>
     <span class='ocr_line' id='line_1_25' title="bbox 468 1100 1206 1143; baseline 0.003 -13"><span class='ocrx_word' id='word_1_110' title='bbox 468 1107 538 1130; x_wconf 91' lang='lat' dir='ltr'>nam</span> <span class='ocrx_word' id='word_1_111' title='bbox 559 1109 616 1142; x_wconf 89' lang='lat' dir='ltr'>per</span> <span class='ocrx_word' id='word_1_112' title='bbox 635 1109 703 1141; x_wconf 85' lang='lat' dir='ltr'>nos,</span> <span class='ocrx_word' id='word_1_113' title='bbox 728 1105 762 1132; x_wconf 91' lang='lat' dir='ltr'>ut</span> <span class='ocrx_word' id='word_1_114' title='bbox 785 1100 970 1143; x_wconf 84' lang='lat' dir='ltr'>praefertur,</span> <span class='ocrx_word' id='word_1_115' title='bbox 997 1100 1206 1143; x_wconf 80' lang='lat' dir='ltr'>deputandam</span> 
     </span>
     <span class='ocr_line' id='line_1_26' title="bbox 468 1151 1206 1197; baseline 0.004 -14"><span class='ocrx_word' id='word_1_116' title='bbox 468 1151 500 1183; x_wconf 92' lang='lat' dir='ltr'>in</span> <span class='ocrx_word' id='word_1_117' title='bbox 524 1151 663 1185; x_wconf 85' lang='lat' dir='ltr'>decimae</span> <span class='ocrx_word' id='word_1_118' title='bbox 686 1152 862 1196; x_wconf 81' lang='lat' dir='ltr'>praedictae</span> <span class='ocrx_word' id='word_1_119' title='bbox 888 1153 1073 1186; x_wconf 83' lang='lat' dir='ltr'>collectores</span> <span class='ocrx_word' id='word_1_120' title='bbox 1099 1164 1206 1197; x_wconf 89' lang='lat' dir='ltr'>respe-</span> 
     </span>
     <span class='ocr_line' id='line_1_27' title="bbox 468 1205 1208 1250; baseline 0.005 -14"><span class='ocrx_word' id='word_1_121' title='bbox 468 1205 569 1245; x_wconf 86' lang='lat' dir='ltr'>ctive,</span> <span class='ocrx_word' id='word_1_122' title='bbox 591 1216 662 1238; x_wconf 90' lang='lat' dir='ltr'>cum</span> <span class='ocrx_word' id='word_1_123' title='bbox 688 1206 834 1239; x_wconf 89' lang='lat' dir='ltr'>omnibus</span> <span class='ocrx_word' id='word_1_124' title='bbox 859 1206 1001 1248; x_wconf 84' lang='lat' dir='ltr'>iuribus,</span> <span class='ocrx_word' id='word_1_125' title='bbox 1036 1217 1115 1250; x_wconf 86' lang='lat' dir='ltr'>quae</span> <span class='ocrx_word' id='word_1_126' title='bbox 1140 1207 1208 1240; x_wconf 88' lang='lat' dir='ltr'>aliis</span> 
     </span>
     <span class='ocr_line' id='line_1_28' title="bbox 468 1257 1208 1293; baseline 0.005 -4"><span class='ocrx_word' id='word_1_127' title='bbox 468 1257 646 1291; x_wconf 85' lang='lat' dir='ltr'>huiusmodi</span> <span class='ocrx_word' id='word_1_128' title='bbox 665 1259 887 1292; x_wconf 82' lang='lat' dir='ltr'>collectoribus</span> <span class='ocrx_word' id='word_1_129' title='bbox 907 1259 944 1292; x_wconf 92' lang='lat' dir='ltr'>de</span> <span class='ocrx_word' id='word_1_130' title='bbox 974 1260 1040 1293; x_wconf 88' lang='lat' dir='ltr'>iure</span> <span class='ocrx_word' id='word_1_131' title='bbox 1066 1260 1113 1293; x_wconf 82' lang='lat' dir='ltr'>vel</span> <span class='ocrx_word' id='word_1_132' title='bbox 1139 1270 1208 1293; x_wconf 90' lang='lat' dir='ltr'>con-</span> 
     </span>
     <span class='ocr_line' id='line_1_29' title="bbox 468 1311 1209 1356; baseline 0.005 -13"><span class='ocrx_word' id='word_1_133' title='bbox 468 1311 633 1344; x_wconf 87' lang='lat' dir='ltr'>suetudine</span> <span class='ocrx_word' id='word_1_134' title='bbox 647 1312 885 1355; x_wconf 83' lang='lat' dir='ltr'>quomodolibet</span> <span class='ocrx_word' id='word_1_135' title='bbox 898 1318 1091 1356; x_wconf 88' lang='lat' dir='ltr'>competunt,</span> <span class='ocrx_word' id='word_1_136' title='bbox 1105 1319 1209 1347; x_wconf 88' lang='lat' dir='ltr'>aucto-</span> 
     </span>
     <span class='ocr_line' id='line_1_30' title="bbox 468 1363 1209 1408; baseline 0.004 -13"><span class='ocrx_word' id='word_1_137' title='bbox 468 1363 558 1396; x_wconf 87' lang='lat' dir='ltr'>ritate</span> <span class='ocrx_word' id='word_1_138' title='bbox 577 1369 607 1397; x_wconf 91' lang='lat' dir='ltr'>et</span> <span class='ocrx_word' id='word_1_139' title='bbox 624 1369 732 1397; x_wconf 89' lang='lat' dir='ltr'>tenore</span> <span class='ocrx_word' id='word_1_140' title='bbox 749 1365 918 1408; x_wconf 87' lang='lat' dir='ltr'>praedictis</span> <span class='ocrx_word' id='word_1_141' title='bbox 935 1365 1154 1398; x_wconf 78' lang='lat' dir='ltr'>constituimus</span> <span class='ocrx_word' id='word_1_142' title='bbox 1180 1371 1209 1398; x_wconf 92' lang='lat' dir='ltr'>et</span> 
     </span>
     <span class='ocr_line' id='line_1_31' title="bbox 468 1416 1209 1463; baseline 0.003 -13"><span class='ocrx_word' id='word_1_143' title='bbox 468 1416 670 1461; x_wconf 66' lang='lat' dir='ltr'>deputamus,</span> <span class='ocrx_word' id='word_1_144' title='bbox 697 1419 888 1459; x_wconf 78' lang='lat' dir='ltr'>mandantes,</span> <span class='ocrx_word' id='word_1_145' title='bbox 907 1424 950 1459; x_wconf 84' lang='lat' dir='ltr'>ut,</span> <span class='ocrx_word' id='word_1_146' title='bbox 968 1419 1120 1463; x_wconf 87' lang='lat' dir='ltr'>quidquid</span> <span class='ocrx_word' id='word_1_147' title='bbox 1137 1419 1209 1452; x_wconf 88' lang='lat' dir='ltr'>inde</span> 
     </span>
     <span class='ocr_line' id='line_1_32' title="bbox 468 1472 1210 1515; baseline 0.003 -12"><span class='ocrx_word' id='word_1_148' title='bbox 468 1480 526 1514; x_wconf 88' lang='lat' dir='ltr'>per</span> <span class='ocrx_word' id='word_1_149' title='bbox 547 1476 630 1514; x_wconf 67' lang='lat' dir='ltr'>sefet</span> <span class='ocrx_word' id='word_1_150' title='bbox 653 1482 804 1515; x_wconf 78' lang='lat' dir='ltr'>personas</span> <span class='ocrx_word' id='word_1_151' title='bbox 829 1472 1054 1506; x_wconf 85' lang='lat' dir='ltr'>ecclesiasticas</span> <span class='ocrx_word' id='word_1_152' title='bbox 1074 1483 1091 1504; x_wconf 89' lang='lat' dir='ltr'>a</span> <span class='ocrx_word' id='word_1_153' title='bbox 1112 1472 1210 1515; x_wconf 88' lang='lat' dir='ltr'>quoli-</span> 
     </span>
     <span class='ocr_line' id='line_1_33' title="bbox 468 1523 1210 1570; baseline 0.003 -14"><span class='ocrx_word' id='word_1_154' title='bbox 468 1523 519 1558; x_wconf 90' lang='lat' dir='ltr'>bet</span> <span class='ocrx_word' id='word_1_155' title='bbox 533 1524 658 1558; x_wconf 89' lang='lat' dir='ltr'>illorum</span> <span class='ocrx_word' id='word_1_156' title='bbox 674 1526 846 1569; x_wconf 82' lang='lat' dir='ltr'>respective</span> <span class='ocrx_word' id='word_1_157' title='bbox 859 1526 1052 1570; x_wconf 87' lang='lat' dir='ltr'>deputandas</span> <span class='ocrx_word' id='word_1_158' title='bbox 1070 1537 1124 1558; x_wconf 90' lang='lat' dir='ltr'>seu</span> <span class='ocrx_word' id='word_1_159' title='bbox 1142 1526 1210 1559; x_wconf 90' lang='lat' dir='ltr'>sub-</span> 
     </span>
     <span class='ocr_line' id='line_1_34' title="bbox 469 1576 1209 1622; baseline 0.004 -12"><span class='ocrx_word' id='word_1_160' title='bbox 469 1576 653 1611; x_wconf 88' lang='lat' dir='ltr'>collectores</span> <span class='ocrx_word' id='word_1_161' title='bbox 681 1578 909 1612; x_wconf 87' lang='lat' dir='ltr'>ecclesiasticos</span> <span class='ocrx_word' id='word_1_162' title='bbox 937 1590 1009 1612; x_wconf 90' lang='lat' dir='ltr'>suos</span> <span class='ocrx_word' id='word_1_163' title='bbox 1038 1579 1209 1622; x_wconf 78' lang='lat' dir='ltr'>exegerint,</span> 
     </span>
     <span class='ocr_line' id='line_1_35' title="bbox 470 1630 1210 1677; baseline 0.004 -15"><span class='ocrx_word' id='word_1_164' title='bbox 470 1630 500 1663; x_wconf 92' lang='lat' dir='ltr'>id</span> <span class='ocrx_word' id='word_1_165' title='bbox 525 1641 618 1664; x_wconf 89' lang='lat' dir='ltr'>omne</span> <span class='ocrx_word' id='word_1_166' title='bbox 636 1637 665 1664; x_wconf 93' lang='lat' dir='ltr'>et</span> <span class='ocrx_word' id='word_1_167' title='bbox 683 1637 793 1673; x_wconf 88' lang='lat' dir='ltr'>totum,</span> <span class='ocrx_word' id='word_1_168' title='bbox 816 1632 937 1675; x_wconf 79' lang='lat' dir='ltr'>integre</span> <span class='ocrx_word' id='word_1_169' title='bbox 957 1636 986 1666; x_wconf 89' lang='lat' dir='ltr'>et</span> <span class='ocrx_word' id='word_1_170' title='bbox 1010 1633 1129 1677; x_wconf 85' lang='lat' dir='ltr'>absque</span> <span class='ocrx_word' id='word_1_171' title='bbox 1146 1633 1210 1665; x_wconf 78' lang='lat' dir='ltr'>ulla</span> 
     </span>
     <span class='ocr_line' id='line_1_36' title="bbox 470 1684 1209 1731; baseline 0.004 -15"><span class='ocrx_word' id='word_1_172' title='bbox 470 1684 686 1727; x_wconf 83' lang='lat' dir='ltr'>diminutione,</span> <span class='ocrx_word' id='word_1_173' title='bbox 701 1687 873 1720; x_wconf 86' lang='lat' dir='ltr'>retentione</span> <span class='ocrx_word' id='word_1_174' title='bbox 891 1697 944 1720; x_wconf 88' lang='lat' dir='ltr'>seu</span> <span class='ocrx_word' id='word_1_175' title='bbox 959 1687 1209 1731; x_wconf 78' lang='lat' dir='ltr'>participatione,</span> 
     </span>
     <span class='ocr_line' id='line_1_37' title="bbox 470 1738 1211 1784; baseline 0.003 -13"><span class='ocrx_word' id='word_1_176' title='bbox 470 1738 666 1772; x_wconf 86' lang='lat' dir='ltr'>thesaurario</span> <span class='ocrx_word' id='word_1_177' title='bbox 684 1739 779 1783; x_wconf 85' lang='lat' dir='ltr'>ipsius</span> <span class='ocrx_word' id='word_1_178' title='bbox 793 1740 926 1784; x_wconf 81' lang='lat' dir='ltr'>Philippi</span> <span class='ocrx_word' id='word_1_179' title='bbox 944 1740 1038 1783; x_wconf 86' lang='lat' dir='ltr'>regis,</span> <span class='ocrx_word' id='word_1_180' title='bbox 1053 1741 1084 1772; x_wconf 94' lang='lat' dir='ltr'>in</span> <span class='ocrx_word' id='word_1_181' title='bbox 1102 1750 1211 1783; x_wconf 85' lang='lat' dir='ltr'>supra-</span> 
     </span>
     <span class='ocr_line' id='line_1_38' title="bbox 470 1791 1228 1842; baseline 0.003 -18"><span class='ocrx_word' id='word_1_182' title='bbox 470 1791 570 1825; x_wconf 89' lang='lat' dir='ltr'>dictos</span> <span class='ocrx_word' id='word_1_183' title='bbox 595 1792 784 1825; x_wconf 83' lang='lat' dir='ltr'>defensionis</span> <span class='ocrx_word' id='word_1_184' title='bbox 806 1793 876 1826; x_wconf 85' lang='lat' dir='ltr'>fidei</span> <span class='ocrx_word' id='word_1_185' title='bbox 900 1794 1071 1826; x_wconf 84' lang='lat' dir='ltr'>catholicae</span> <span class='ocrx_word' id='word_1_186' title='bbox 1090 1793 1119 1825; x_wconf 91' lang='lat' dir='ltr'>in</span> <span class='ocrx_word' id='word_1_187' title='bbox 1138 1793 1228 1842; x_wconf 32' lang='lat' dir='ltr'>Ger-A</span> 
     </span>
     <span class='ocr_line' id='line_1_39' title="bbox 471 1845 1209 1887; baseline 0.001 -10"><span class='ocrx_word' id='word_1_188' title='bbox 471 1845 573 1877; x_wconf 77' lang='lat' dir='ltr'>mania</span> <span class='ocrx_word' id='word_1_189' title='bbox 600 1850 629 1877; x_wconf 91' lang='lat' dir='ltr'>et</span> <span class='ocrx_word' id='word_1_190' title='bbox 661 1856 723 1878; x_wconf 91' lang='lat' dir='ltr'>non</span> <span class='ocrx_word' id='word_1_191' title='bbox 747 1846 823 1879; x_wconf 84' lang='lat' dir='ltr'>alios</span> <span class='ocrx_word' id='word_1_192' title='bbox 855 1857 929 1879; x_wconf 92' lang='lat' dir='ltr'>usus</span> <span class='ocrx_word' id='word_1_193' title='bbox 954 1847 1209 1887; x_wconf 77' lang='lat' dir='ltr'>convertendum,</span> 
     </span>
     <span class='ocr_line' id='line_1_40' title="bbox 471 1898 1228 1942; baseline 0.003 -12"><span class='ocrx_word' id='word_1_194' title='bbox 471 1898 648 1940; x_wconf 90' lang='lat' dir='ltr'>consignari</span> <span class='ocrx_word' id='word_1_195' title='bbox 674 1898 797 1935; x_wconf 75' lang='lat' dir='ltr'>faciant,</span> <span class='ocrx_word' id='word_1_196' title='bbox 823 1900 957 1942; x_wconf 78' lang='lat' dir='ltr'>receptis</span> <span class='ocrx_word' id='word_1_197' title='bbox 981 1905 1084 1932; x_wconf 82' lang='lat' dir='ltr'>tamen</span> <span class='ocrx_word' id='word_1_198' title='bbox 1109 1910 1126 1932; x_wconf 90' lang='lat' dir='ltr'>a</span> <span class='ocrx_word' id='word_1_199' title='bbox 1148 1900 1228 1932; x_wconf 85' lang='lat' dir='ltr'>the--</span> 
     </span>
     <span class='ocr_line' id='line_1_41' title="bbox 471 1951 1229 1995; baseline 0.004 -13"><span class='ocrx_word' id='word_1_200' title='bbox 471 1951 612 1983; x_wconf 85' lang='lat' dir='ltr'>saurario</span> <span class='ocrx_word' id='word_1_201' title='bbox 645 1951 676 1983; x_wconf 91' lang='lat' dir='ltr'>in</span> <span class='ocrx_word' id='word_1_202' title='bbox 706 1956 777 1984; x_wconf 87' lang='lat' dir='ltr'>actu</span> <span class='ocrx_word' id='word_1_203' title='bbox 802 1952 969 1985; x_wconf 85' lang='lat' dir='ltr'>cuiuslibet</span> <span class='ocrx_word' id='word_1_204' title='bbox 1000 1952 1229 1995; x_wconf 63' lang='lat' dir='ltr'>consignatio-²</span> 
     </span>
     <span class='ocr_line' id='line_1_42' title="bbox 471 2005 1211 2050; baseline 0.004 -15"><span class='ocrx_word' id='word_1_205' title='bbox 471 2005 518 2036; x_wconf 82' lang='lat' dir='ltr'>nis</span> <span class='ocrx_word' id='word_1_206' title='bbox 535 2005 783 2038; x_wconf 87' lang='lat' dir='ltr'>attestationibus</span> <span class='ocrx_word' id='word_1_207' title='bbox 800 2012 829 2038; x_wconf 86' lang='lat' dir='ltr'>et</span> <span class='ocrx_word' id='word_1_208' title='bbox 846 2006 1024 2049; x_wconf 84' lang='lat' dir='ltr'>quietantiis</span> <span class='ocrx_word' id='word_1_209' title='bbox 1047 2006 1211 2050; x_wconf 83' lang='lat' dir='ltr'>duplicatis</span> 
     </span>
     <span class='ocr_line' id='line_1_43' title="bbox 472 2057 1209 2102; baseline 0.003 -13"><span class='ocrx_word' id='word_1_210' title='bbox 472 2057 610 2090; x_wconf 83' lang='lat' dir='ltr'>eiusdem</span> <span class='ocrx_word' id='word_1_211' title='bbox 643 2058 830 2091; x_wconf 82' lang='lat' dir='ltr'>thesaurarii</span> <span class='ocrx_word' id='word_1_212' title='bbox 863 2059 900 2091; x_wconf 89' lang='lat' dir='ltr'>de</span> <span class='ocrx_word' id='word_1_213' title='bbox 932 2059 968 2091; x_wconf 89' lang='lat' dir='ltr'>iis</span> <span class='ocrx_word' id='word_1_214' title='bbox 1003 2059 1209 2102; x_wconf 83' lang='lat' dir='ltr'>pecuniarum</span> 
     </span>
     <span class='ocr_line' id='line_1_44' title="bbox 472 2111 1211 2154; baseline 0.003 -12"><span class='ocrx_word' id='word_1_215' title='bbox 472 2111 612 2151; x_wconf 79' lang='lat' dir='ltr'>summis,</span> <span class='ocrx_word' id='word_1_216' title='bbox 630 2121 705 2154; x_wconf 86' lang='lat' dir='ltr'>quas</span> <span class='ocrx_word' id='word_1_217' title='bbox 727 2111 784 2154; x_wconf 86' lang='lat' dir='ltr'>ipsi</span> <span class='ocrx_word' id='word_1_218' title='bbox 806 2112 1003 2144; x_wconf 85' lang='lat' dir='ltr'>thesaurario</span> <span class='ocrx_word' id='word_1_219' title='bbox 1028 2112 1211 2146; x_wconf 80' lang='lat' dir='ltr'>collectores</span> 
     </span>
     <span class='ocr_line' id='line_1_45' title="bbox 472 2164 1212 2207; baseline 0.004 -11"><span class='ocrx_word' id='word_1_220' title='bbox 472 2164 622 2207; x_wconf 87' lang='lat' dir='ltr'>praedicti</span> <span class='ocrx_word' id='word_1_221' title='bbox 644 2165 810 2205; x_wconf 72' lang='lat' dir='ltr'>solverint,</span> <span class='ocrx_word' id='word_1_222' title='bbox 829 2177 864 2198; x_wconf 89' lang='lat' dir='ltr'>ac</span> <span class='ocrx_word' id='word_1_223' title='bbox 885 2166 1000 2199; x_wconf 85' lang='lat' dir='ltr'>eisdem</span> <span class='ocrx_word' id='word_1_224' title='bbox 1018 2167 1138 2205; x_wconf 86' lang='lat' dir='ltr'>nuntio,</span> <span class='ocrx_word' id='word_1_225' title='bbox 1152 2166 1212 2199; x_wconf 89' lang='lat' dir='ltr'>col-</span> 
     </span>
     <span class='ocr_line' id='line_1_46' title="bbox 473 2218 1210 2264; baseline 0.003 -14"><span class='ocrx_word' id='word_1_226' title='bbox 473 2218 582 2251; x_wconf 86' lang='lat' dir='ltr'>lectori</span> <span class='ocrx_word' id='word_1_227' title='bbox 611 2224 637 2251; x_wconf 85' lang='lat' dir='ltr'>et</span> <span class='ocrx_word' id='word_1_228' title='bbox 667 2230 819 2263; x_wconf 78' lang='lat' dir='ltr'>personae</span> <span class='ocrx_word' id='word_1_229' title='bbox 850 2231 906 2264; x_wconf 82' lang='lat' dir='ltr'>per</span> <span class='ocrx_word' id='word_1_230' title='bbox 930 2230 986 2254; x_wconf 87' lang='lat' dir='ltr'>nos</span> <span class='ocrx_word' id='word_1_231' title='bbox 1014 2220 1210 2264; x_wconf 83' lang='lat' dir='ltr'>deputandae</span> 
     </span>
     <span class='ocr_line' id='line_1_47' title="bbox 471 2272 1211 2317; baseline 0.001 -13"><span class='ocrx_word' id='word_1_232' title='bbox 471 2272 606 2315; x_wconf 84' lang='lat' dir='ltr'>plenam,</span> <span class='ocrx_word' id='word_1_233' title='bbox 623 2273 753 2305; x_wconf 86' lang='lat' dir='ltr'>liberam</span> <span class='ocrx_word' id='word_1_234' title='bbox 772 2279 801 2306; x_wconf 89' lang='lat' dir='ltr'>ct</span> <span class='ocrx_word' id='word_1_235' title='bbox 818 2274 953 2317; x_wconf 87' lang='lat' dir='ltr'>amplam</span> <span class='ocrx_word' id='word_1_236' title='bbox 977 2284 1013 2307; x_wconf 89' lang='lat' dir='ltr'>ac</span> <span class='ocrx_word' id='word_1_237' title='bbox 1037 2274 1211 2307; x_wconf 88' lang='lat' dir='ltr'>absolutam</span> 
     </span>
     <span class='ocr_line' id='line_1_48' title="bbox 472 2327 1210 2372; baseline 0 -13"><span class='ocrx_word' id='word_1_238' title='bbox 472 2331 669 2370; x_wconf 88' lang='lat' dir='ltr'>potestatem,</span> <span class='ocrx_word' id='word_1_239' title='bbox 692 2332 792 2360; x_wconf 80' lang='lat' dir='ltr'>taxam</span> <span class='ocrx_word' id='word_1_240' title='bbox 821 2333 851 2360; x_wconf 84' lang='lat' dir='ltr'>et</span> <span class='ocrx_word' id='word_1_241' title='bbox 872 2328 1130 2372; x_wconf 87' lang='lat' dir='ltr'>repartimentum</span> <span class='ocrx_word' id='word_1_242' title='bbox 1151 2327 1210 2359; x_wconf 83' lang='lat' dir='ltr'>Iiu-</span> 
     </span>
     <span class='ocr_line' id='line_1_49' title="bbox 472 2377 1212 2425; baseline 0.001 -13"><span class='ocrx_word' id='word_1_243' title='bbox 472 2380 618 2422; x_wconf 82' lang='lat' dir='ltr'>iusmodi,</span> <span class='ocrx_word' id='word_1_244' title='bbox 642 2392 701 2425; x_wconf 91' lang='lat' dir='ltr'>pro</span> <span class='ocrx_word' id='word_1_245' title='bbox 722 2382 879 2425; x_wconf 77' lang='lat' dir='ltr'>praedicta</span> <span class='ocrx_word' id='word_1_246' title='bbox 905 2377 1212 2415; x_wconf 59' lang='lat' dir='ltr'>decima&#39;dumtaxat</span> 
     </span>
     <span class='ocr_line' id='line_1_50' title="bbox 472 2433 1211 2479; baseline 0.001 -13"><span class='ocrx_word' id='word_1_247' title='bbox 472 2434 623 2477; x_wconf 80' lang='lat' dir='ltr'>exigenda</span> <span class='ocrx_word' id='word_1_248' title='bbox 638 2433 655 2477; x_wconf 83' lang='lat'>¹,</span> <span class='ocrx_word' id='word_1_249' title='bbox 682 2435 767 2468; x_wconf 88' lang='lat' dir='ltr'>omni</span> <span class='ocrx_word' id='word_1_250' title='bbox 793 2441 821 2467; x_wconf 81' lang='lat' dir='ltr'>et</span> <span class='ocrx_word' id='word_1_251' title='bbox 847 2446 1043 2479; x_wconf 87' lang='lat' dir='ltr'>quacumque</span> <span class='ocrx_word' id='word_1_252' title='bbox 1073 2435 1211 2479; x_wconf 85' lang='lat' dir='ltr'>appella-</span> 
     </span>
     <span class='ocr_line' id='line_1_51' title="bbox 473 2487 1211 2531; baseline 0 -11"><span class='ocrx_word' id='word_1_253' title='bbox 473 2487 566 2531; x_wconf 87' lang='lat' dir='ltr'>tione,</span> <span class='ocrx_word' id='word_1_254' title='bbox 600 2499 739 2531; x_wconf 84' lang='lat' dir='ltr'>recursu,</span> <span class='ocrx_word' id='word_1_255' title='bbox 769 2490 918 2522; x_wconf 80' lang='lat' dir='ltr'>nullitatis</span> <span class='ocrx_word' id='word_1_256' title='bbox 950 2489 1085 2522; x_wconf 87' lang='lat' dir='ltr'>dictione</span> <span class='ocrx_word' id='word_1_257' title='bbox 1117 2500 1151 2522; x_wconf 91' lang='lat' dir='ltr'>ac</span> <span class='ocrx_word' id='word_1_258' title='bbox 1181 2488 1211 2520; x_wconf 93' lang='lat' dir='ltr'>in</span> 
     </span>
     <span class='ocr_line' id='line_1_52' title="bbox 472 2541 1211 2586; baseline 0.001 -14"><span class='ocrx_word' id='word_1_259' title='bbox 472 2541 629 2585; x_wconf 82' lang='lat' dir='ltr'>integrum</span> <span class='ocrx_word' id='word_1_260' title='bbox 649 2543 844 2576; x_wconf 82' lang='lat' dir='ltr'>restitutione</span> <span class='ocrx_word' id='word_1_261' title='bbox 865 2553 995 2586; x_wconf 83' lang='lat' dir='ltr'>prorsus</span> <span class='ocrx_word' id='word_1_262' title='bbox 1016 2543 1154 2582; x_wconf 77' lang='lat' dir='ltr'>remotis,</span> <span class='ocrx_word' id='word_1_263' title='bbox 1171 2542 1211 2574; x_wconf 86' lang='lat' dir='ltr'>sa-</span> 
     </span>
    </p>
   </div>
   <div class='ocr_carea' id='block_1_5' title="bbox 1221 247 1232 2632">
    <p class='ocr_par' dir='ltr' id='par_1_7' title="bbox 1221 247 1232 2632">
     <span class='ocr_line' id='line_1_53' title="bbox 1221 247 1232 2632; baseline 0 0"><span class='ocrx_word' id='word_1_264' title='bbox 1221 247 1232 2632; x_wconf 95' lang='lat' dir='ltr'> </span> 
     </span>
    </p>
   </div>
   <div class='ocr_carea' id='block_1_6' title="bbox 509 2604 1208 2640">
    <p class='ocr_par' dir='ltr' id='par_1_8' title="bbox 509 2604 1208 2640">
     <span class='ocr_line' id='line_1_54' title="bbox 509 2604 1208 2640; baseline 0.003 -12"><span class='ocrx_word' id='word_1_265' title='bbox 509 2604 521 2629; x_wconf 78' lang='lat'>1</span> <span class='ocrx_word' id='word_1_266' title='bbox 535 2604 626 2638; x_wconf 76' lang='lat' dir='ltr'>Aptius</span> <span class='ocrx_word' id='word_1_267' title='bbox 639 2604 664 2631; x_wconf 89' lang='lat' dir='ltr'>in</span> <span class='ocrx_word' id='word_1_268' title='bbox 676 2604 726 2632; x_wconf 90' lang='lat' dir='ltr'>loc.</span> <span class='ocrx_word' id='word_1_269' title='bbox 738 2605 831 2639; x_wconf 87' lang='lat' dir='ltr'>parall.</span> <span class='ocrx_word' id='word_1_270' title='bbox 843 2605 942 2640; x_wconf 78' lang='lat' dir='ltr'>legitur</span> <span class='ocrx_word' id='word_1_271' title='bbox 952 2604 1208 2639; x_wconf 52' lang='lat' dir='ltr'>conficiendam-1).</span> 
     </span>
    </p>
   </div>
   <div class='ocr_carea' id='block_1_7' title="bbox 1047 196 1404 221">
    <p class='ocr_par' dir='ltr' id='par_1_9' title="bbox 1047 196 1404 221">
     <span class='ocr_line' id='line_1_55' title="bbox 1047 196 1404 221; baseline 0.003 -1"><span class='ocrx_word' id='word_1_272' title='bbox 1047 196 1226 220; x_wconf 68' lang='lat' dir='ltr'><strong>BULLARIUM</strong></span> <span class='ocrx_word' id='word_1_273' title='bbox 1251 197 1404 221; x_wconf 78' lang='lat' dir='ltr'><strong>ROMANUM</strong></span> 
     </span>
    </p>
   </div>
   <div class='ocr_carea' id='block_1_8' title="bbox 1236 244 1985 2638">
    <p class='ocr_par' dir='ltr' id='par_1_10' title="bbox 1236 244 1982 1783">
     <span class='ocr_line' id='line_1_56' title="bbox 1236 244 1972 289; baseline 0.003 -14"><span class='ocrx_word' id='word_1_274' title='bbox 1236 244 1338 276; x_wconf 90' lang='lat' dir='ltr'>ciendi</span> <span class='ocrx_word' id='word_1_275' title='bbox 1363 249 1393 276; x_wconf 89' lang='lat' dir='ltr'>et</span> <span class='ocrx_word' id='word_1_276' title='bbox 1415 244 1666 287; x_wconf 87' lang='lat' dir='ltr'>praescribendi;</span> <span class='ocrx_word' id='word_1_277' title='bbox 1683 245 1838 289; x_wconf 87' lang='lat' dir='ltr'>praefatos</span> <span class='ocrx_word' id='word_1_278' title='bbox 1863 254 1972 278; x_wconf 89' lang='lat' dir='ltr'>omnes</span> 
     </span>
     <span class='ocr_line' id='line_1_57' title="bbox 1237 295 1970 342; baseline 0.001 -14"><span class='ocrx_word' id='word_1_279' title='bbox 1237 295 1274 328; x_wconf 90' lang='lat' dir='ltr'>ad</span> <span class='ocrx_word' id='word_1_280' title='bbox 1303 295 1456 329; x_wconf 86' lang='lat' dir='ltr'>decimam</span> <span class='ocrx_word' id='word_1_281' title='bbox 1478 296 1659 330; x_wconf 91' lang='lat' dir='ltr'>huiusmodi</span> <span class='ocrx_word' id='word_1_282' title='bbox 1681 308 1740 341; x_wconf 89' lang='lat' dir='ltr'>pro</span> <span class='ocrx_word' id='word_1_283' title='bbox 1764 299 1832 331; x_wconf 78' lang='lat' dir='ltr'>rata</span> <span class='ocrx_word' id='word_1_284' title='bbox 1857 307 1970 342; x_wconf 84' lang='lat' dir='ltr'>quem-</span> 
     </span>
     <span class='ocr_line' id='line_1_58' title="bbox 1237 348 1973 394; baseline 0.003 -13"><span class='ocrx_word' id='word_1_285' title='bbox 1237 349 1312 382; x_wconf 89' lang='lat' dir='ltr'>libet</span> <span class='ocrx_word' id='word_1_286' title='bbox 1325 348 1410 382; x_wconf 86' lang='lat' dir='ltr'>iuxta</span> <span class='ocrx_word' id='word_1_287' title='bbox 1423 349 1614 393; x_wconf 87' lang='lat' dir='ltr'>praedictam</span> <span class='ocrx_word' id='word_1_288' title='bbox 1629 354 1732 383; x_wconf 86' lang='lat' dir='ltr'>taxam</span> <span class='ocrx_word' id='word_1_289' title='bbox 1750 354 1895 394; x_wconf 84' lang='lat' dir='ltr'>tangente</span> <span class='ocrx_word' id='word_1_290' title='bbox 1906 360 1973 394; x_wconf 88' lang='lat' dir='ltr'>per-</span> 
     </span>
     <span class='ocr_line' id='line_1_59' title="bbox 1238 402 1974 448; baseline 0.003 -13"><span class='ocrx_word' id='word_1_291' title='bbox 1238 402 1433 443; x_wconf 87' lang='lat' dir='ltr'>solvendum,</span> <span class='ocrx_word' id='word_1_292' title='bbox 1447 402 1539 435; x_wconf 88' lang='lat' dir='ltr'>etiam</span> <span class='ocrx_word' id='word_1_293' title='bbox 1553 412 1610 446; x_wconf 90' lang='lat' dir='ltr'>per</span> <span class='ocrx_word' id='word_1_294' title='bbox 1626 402 1763 435; x_wconf 89' lang='lat' dir='ltr'>edictum</span> <span class='ocrx_word' id='word_1_295' title='bbox 1779 404 1811 435; x_wconf 90' lang='lat' dir='ltr'>in</span> <span class='ocrx_word' id='word_1_296' title='bbox 1826 404 1903 437; x_wconf 89' lang='lat' dir='ltr'>locis</span> <span class='ocrx_word' id='word_1_297' title='bbox 1919 414 1974 448; x_wconf 89' lang='lat' dir='ltr'>pu-</span> 
     </span>
     <span class='ocr_line' id='line_1_60' title="bbox 1237 456 1975 501; baseline 0.003 -13"><span class='ocrx_word' id='word_1_298' title='bbox 1237 456 1327 489; x_wconf 84' lang='lat' dir='ltr'>blicis</span> <span class='ocrx_word' id='word_1_299' title='bbox 1343 456 1544 499; x_wconf 81' lang='lat' dir='ltr'>affigendum,</span> <span class='ocrx_word' id='word_1_300' title='bbox 1562 461 1591 489; x_wconf 91' lang='lat' dir='ltr'>ct</span> <span class='ocrx_word' id='word_1_301' title='bbox 1607 456 1665 489; x_wconf 89' lang='lat' dir='ltr'>sub</span> <span class='ocrx_word' id='word_1_302' title='bbox 1691 456 1831 489; x_wconf 87' lang='lat' dir='ltr'>censuris</span> <span class='ocrx_word' id='word_1_303' title='bbox 1855 462 1885 489; x_wconf 92' lang='lat' dir='ltr'>et</span> <span class='ocrx_word' id='word_1_304' title='bbox 1902 467 1975 501; x_wconf 90' lang='lat' dir='ltr'>poe-</span> 
     </span>
     <span class='ocr_line' id='line_1_61' title="bbox 1238 509 1974 553; baseline 0.001 -11"><span class='ocrx_word' id='word_1_305' title='bbox 1238 510 1286 543; x_wconf 90' lang='lat' dir='ltr'>nis</span> <span class='ocrx_word' id='word_1_306' title='bbox 1302 510 1530 552; x_wconf 80' lang='lat' dir='ltr'>ecclesiasticis⁷</span> <span class='ocrx_word' id='word_1_307' title='bbox 1555 509 1702 543; x_wconf 89' lang='lat' dir='ltr'>monendi</span> <span class='ocrx_word' id='word_1_308' title='bbox 1726 514 1757 543; x_wconf 86' lang='lat' dir='ltr'>et</span> <span class='ocrx_word' id='word_1_309' title='bbox 1776 510 1974 553; x_wconf 84' lang='lat' dir='ltr'>requirendi;</span> 
     </span>
     <span class='ocr_line' id='line_1_62' title="bbox 1238 562 1975 606; baseline 0.001 -11"><span class='ocrx_word' id='word_1_310' title='bbox 1238 572 1300 596; x_wconf 90' lang='lat' dir='ltr'>non</span> <span class='ocrx_word' id='word_1_311' title='bbox 1325 568 1490 606; x_wconf 85' lang='lat' dir='ltr'>parentes,</span> <span class='ocrx_word' id='word_1_312' title='bbox 1516 568 1717 597; x_wconf 86' lang='lat' dir='ltr'>contumaces</span> <span class='ocrx_word' id='word_1_313' title='bbox 1742 567 1773 596; x_wconf 89' lang='lat' dir='ltr'>et</span> <span class='ocrx_word' id='word_1_314' title='bbox 1795 562 1975 596; x_wconf 80' lang='lat' dir='ltr'>fraudantes</span> 
     </span>
     <span class='ocr_line' id='line_1_63' title="bbox 1239 616 1977 662; baseline 0.001 -13"><span class='ocrx_word' id='word_1_315' title='bbox 1239 617 1270 649; x_wconf 91' lang='lat' dir='ltr'>in</span> <span class='ocrx_word' id='word_1_316' title='bbox 1294 627 1443 650; x_wconf 86' lang='lat' dir='ltr'>censuras</span> <span class='ocrx_word' id='word_1_317' title='bbox 1459 621 1489 650; x_wconf 89' lang='lat' dir='ltr'>et</span> <span class='ocrx_word' id='word_1_318' title='bbox 1505 627 1622 660; x_wconf 89' lang='lat' dir='ltr'>poenas</span> <span class='ocrx_word' id='word_1_319' title='bbox 1639 617 1815 662; x_wconf 88' lang='lat' dir='ltr'>praedictas</span> <span class='ocrx_word' id='word_1_320' title='bbox 1832 616 1977 650; x_wconf 87' lang='lat' dir='ltr'>incidisse</span> 
     </span>
     <span class='ocr_line' id='line_1_64' title="bbox 1239 670 1978 714; baseline 0.003 -12"><span class='ocrx_word' id='word_1_321' title='bbox 1239 670 1438 710; x_wconf 74' lang='lat' dir='ltr'>declarandi,</span> <span class='ocrx_word' id='word_1_322' title='bbox 1466 670 1682 714; x_wconf 86' lang='lat' dir='ltr'>proprietates,</span> <span class='ocrx_word' id='word_1_323' title='bbox 1710 671 1921 713; x_wconf 81' lang='lat' dir='ltr'>fructus,·1·es</span> <span class='ocrx_word' id='word_1_324' title='bbox 1949 673 1978 704; x_wconf 83' lang='lat' dir='ltr'>et</span> 
     </span>
     <span class='ocr_line' id='line_1_65' title="bbox 1239 723 1977 768; baseline 0.001 -12"><span class='ocrx_word' id='word_1_325' title='bbox 1239 723 1320 757; x_wconf 86' lang='lat' dir='ltr'>bona</span> <span class='ocrx_word' id='word_1_326' title='bbox 1337 724 1477 767; x_wconf 89' lang='lat' dir='ltr'>ipsorum</span> <span class='ocrx_word' id='word_1_327' title='bbox 1496 724 1763 768; x_wconf 87' lang='lat' dir='ltr'>apprehendendi,</span> <span class='ocrx_word' id='word_1_328' title='bbox 1778 729 1808 757; x_wconf 93' lang='lat' dir='ltr'>et</span> <span class='ocrx_word' id='word_1_329' title='bbox 1823 734 1922 768; x_wconf 89' lang='lat' dir='ltr'>usque</span> <span class='ocrx_word' id='word_1_330' title='bbox 1939 723 1977 756; x_wconf 88' lang='lat' dir='ltr'>ad</span> 
     </span>
     <span class='ocr_line' id='line_1_66' title="bbox 1240 776 1977 817; baseline 0 -8"><span class='ocrx_word' id='word_1_331' title='bbox 1240 777 1480 810; x_wconf 86' lang='lat' dir='ltr'>satisfactionem</span> <span class='ocrx_word' id='word_1_332' title='bbox 1510 776 1687 817; x_wconf 74' lang='lat' dir='ltr'>retinendi,</span> <span class='ocrx_word' id='word_1_333' title='bbox 1713 777 1977 817; x_wconf 83' lang='lat' dir='ltr'>contradictores,</span> 
     </span>
     <span class='ocr_line' id='line_1_67' title="bbox 1240 830 1978 874; baseline -0.001 -11"><span class='ocrx_word' id='word_1_334' title='bbox 1240 830 1497 874; x_wconf 85' lang='lat' dir='ltr'>perturbatores,</span> <span class='ocrx_word' id='word_1_335' title='bbox 1530 831 1746 864; x_wconf 85' lang='lat' dir='ltr'>molestatores</span> <span class='ocrx_word' id='word_1_336' title='bbox 1781 836 1811 863; x_wconf 91' lang='lat' dir='ltr'>et</span> <span class='ocrx_word' id='word_1_337' title='bbox 1845 830 1978 863; x_wconf 82' lang='lat' dir='ltr'>rebelles</span> 
     </span>
     <span class='ocr_line' id='line_1_68' title="bbox 1240 883 1978 928; baseline -0.001 -11"><span class='ocrx_word' id='word_1_338' title='bbox 1240 895 1472 928; x_wconf 86' lang='lat' dir='ltr'>quoscumque,</span> <span class='ocrx_word' id='word_1_339' title='bbox 1495 883 1604 928; x_wconf 88' lang='lat' dir='ltr'>eisque</span> <span class='ocrx_word' id='word_1_340' title='bbox 1628 884 1788 925; x_wconf 83' lang='lat' dir='ltr'>auxilium,</span> <span class='ocrx_word' id='word_1_341' title='bbox 1813 883 1978 916; x_wconf 91' lang='lat' dir='ltr'>consilium</span> 
     </span>
     <span class='ocr_line' id='line_1_69' title="bbox 1241 936 1979 981; baseline 0 -11"><span class='ocrx_word' id='word_1_342' title='bbox 1241 938 1287 971; x_wconf 70' lang='lat' dir='ltr'>rel</span> <span class='ocrx_word' id='word_1_343' title='bbox 1317 938 1455 971; x_wconf 78' lang='lat' dir='ltr'>savorem</span> <span class='ocrx_word' id='word_1_344' title='bbox 1486 937 1612 981; x_wconf 91' lang='lat' dir='ltr'>publice</span> <span class='ocrx_word' id='word_1_345' title='bbox 1642 937 1689 970; x_wconf 77' lang='lat' dir='ltr'>vel</span> <span class='ocrx_word' id='word_1_346' title='bbox 1721 937 1841 971; x_wconf 89' lang='lat' dir='ltr'>occulte</span> <span class='ocrx_word' id='word_1_347' title='bbox 1869 936 1979 980; x_wconf 84' lang='lat' dir='ltr'>quovis</span> 
     </span>
     <span class='ocr_line' id='line_1_70' title="bbox 1239 990 1979 1035; baseline -0.003 -11"><span class='ocrx_word' id='word_1_348' title='bbox 1239 991 1380 1035; x_wconf 81' lang='lat' dir='ltr'>quaesito</span> <span class='ocrx_word' id='word_1_349' title='bbox 1406 991 1510 1024; x_wconf 86' lang='lat' dir='ltr'>colore</span> <span class='ocrx_word' id='word_1_350' title='bbox 1531 995 1734 1035; x_wconf 78' lang='lat' dir='ltr'>praestanteS,</span> <span class='ocrx_word' id='word_1_351' title='bbox 1755 990 1979 1033; x_wconf 87' lang='lat' dir='ltr'>cuiuscumque</span> 
     </span>
     <span class='ocr_line' id='line_1_71' title="bbox 1240 1043 1979 1088; baseline -0.003 -11"><span class='ocrx_word' id='word_1_352' title='bbox 1240 1044 1410 1088; x_wconf 81' lang='lat' dir='ltr'>dignitatis,</span> <span class='ocrx_word' id='word_1_353' title='bbox 1429 1045 1545 1088; x_wconf 86' lang='lat' dir='ltr'>gradus</span> <span class='ocrx_word' id='word_1_354' title='bbox 1562 1050 1591 1078; x_wconf 91' lang='lat' dir='ltr'>et</span> <span class='ocrx_word' id='word_1_355' title='bbox 1608 1044 1727 1078; x_wconf 88' lang='lat' dir='ltr'>ordinis</span> <span class='ocrx_word' id='word_1_356' title='bbox 1744 1043 1870 1084; x_wconf 89' lang='lat' dir='ltr'>suerint,</span> <span class='ocrx_word' id='word_1_357' title='bbox 1889 1053 1979 1087; x_wconf 89' lang='lat' dir='ltr'>prae-</span> 
     </span>
     <span class='ocr_line' id='line_1_72' title="bbox 1241 1096 1980 1141; baseline -0.003 -11"><span class='ocrx_word' id='word_1_358' title='bbox 1241 1097 1310 1130; x_wconf 87' lang='lat' dir='ltr'>fatis</span> <span class='ocrx_word' id='word_1_359' title='bbox 1331 1097 1461 1141; x_wconf 89' lang='lat' dir='ltr'>aliisque</span> <span class='ocrx_word' id='word_1_360' title='bbox 1485 1098 1627 1130; x_wconf 87' lang='lat' dir='ltr'>censuris</span> <span class='ocrx_word' id='word_1_361' title='bbox 1652 1102 1681 1130; x_wconf 93' lang='lat' dir='ltr'>et</span> <span class='ocrx_word' id='word_1_362' title='bbox 1704 1097 1814 1141; x_wconf 88' lang='lat' dir='ltr'>poenis</span> <span class='ocrx_word' id='word_1_363' title='bbox 1838 1096 1980 1129; x_wconf 87' lang='lat' dir='ltr'>ecclesia-</span> 
     </span>
     <span class='ocr_line' id='line_1_73' title="bbox 1241 1149 1980 1195; baseline -0.001 -12"><span class='ocrx_word' id='word_1_364' title='bbox 1241 1151 1335 1191; x_wconf 84' lang='lat' dir='ltr'>sticis,</span> <span class='ocrx_word' id='word_1_365' title='bbox 1354 1161 1476 1184; x_wconf 88' lang='lat' dir='ltr'>necnon</span> <span class='ocrx_word' id='word_1_366' title='bbox 1492 1150 1692 1195; x_wconf 86' lang='lat' dir='ltr'>pecuniariis,</span> <span class='ocrx_word' id='word_1_367' title='bbox 1711 1150 1886 1194; x_wconf 89' lang='lat' dir='ltr'>ceterisque</span> <span class='ocrx_word' id='word_1_368' title='bbox 1902 1149 1980 1182; x_wconf 89' lang='lat' dir='ltr'>iuris</span> 
     </span>
     <span class='ocr_line' id='line_1_74' title="bbox 1242 1203 1980 1248; baseline -0.001 -11"><span class='ocrx_word' id='word_1_369' title='bbox 1242 1209 1271 1237; x_wconf 87' lang='lat' dir='ltr'>et</span> <span class='ocrx_word' id='word_1_370' title='bbox 1288 1205 1358 1237; x_wconf 86' lang='lat' dir='ltr'>facti</span> <span class='ocrx_word' id='word_1_371' title='bbox 1383 1204 1530 1237; x_wconf 88' lang='lat' dir='ltr'>remediis</span> <span class='ocrx_word' id='word_1_372' title='bbox 1548 1204 1735 1248; x_wconf 87' lang='lat' dir='ltr'>opportunis</span> <span class='ocrx_word' id='word_1_373' title='bbox 1760 1203 1980 1248; x_wconf 88' lang='lat' dir='ltr'>compellendi,</span> 
     </span>
     <span class='ocr_line' id='line_1_75' title="bbox 1242 1255 1978 1301; baseline -0.001 -12"><span class='ocrx_word' id='word_1_374' title='bbox 1242 1257 1356 1301; x_wconf 85' lang='lat' dir='ltr'>illaque</span> <span class='ocrx_word' id='word_1_375' title='bbox 1373 1258 1467 1290; x_wconf 89' lang='lat' dir='ltr'>etiam</span> <span class='ocrx_word' id='word_1_376' title='bbox 1492 1258 1610 1291; x_wconf 88' lang='lat' dir='ltr'>iteratis</span> <span class='ocrx_word' id='word_1_377' title='bbox 1635 1257 1754 1291; x_wconf 90' lang='lat' dir='ltr'>vicibus</span> <span class='ocrx_word' id='word_1_378' title='bbox 1771 1255 1978 1300; x_wconf 83' lang='lat' dir='ltr'>aggravandi;</span> 
     </span>
     <span class='ocr_line' id='line_1_76' title="bbox 1242 1310 1981 1355; baseline -0.003 -11"><span class='ocrx_word' id='word_1_379' title='bbox 1242 1321 1295 1344; x_wconf 91' lang='lat' dir='ltr'>eos</span> <span class='ocrx_word' id='word_1_380' title='bbox 1313 1321 1397 1353; x_wconf 88' lang='lat' dir='ltr'>vero,</span> <span class='ocrx_word' id='word_1_381' title='bbox 1415 1312 1468 1355; x_wconf 88' lang='lat' dir='ltr'>qui</span> <span class='ocrx_word' id='word_1_382' title='bbox 1493 1311 1597 1344; x_wconf 87' lang='lat' dir='ltr'>debite</span> <span class='ocrx_word' id='word_1_383' title='bbox 1622 1310 1838 1351; x_wconf 86' lang='lat' dir='ltr'>satisfecerint,</span> <span class='ocrx_word' id='word_1_384' title='bbox 1854 1310 1893 1342; x_wconf 91' lang='lat' dir='ltr'>ab</span> <span class='ocrx_word' id='word_1_385' title='bbox 1914 1320 1981 1343; x_wconf 89' lang='lat' dir='ltr'>om-</span> 
     </span>
     <span class='ocr_line' id='line_1_77' title="bbox 1242 1363 1980 1408; baseline -0.003 -11"><span class='ocrx_word' id='word_1_386' title='bbox 1242 1365 1334 1398; x_wconf 87' lang='lat' dir='ltr'>nibus</span> <span class='ocrx_word' id='word_1_387' title='bbox 1369 1364 1510 1398; x_wconf 88' lang='lat' dir='ltr'>censuris</span> <span class='ocrx_word' id='word_1_388' title='bbox 1539 1369 1569 1398; x_wconf 87' lang='lat' dir='ltr'>et</span> <span class='ocrx_word' id='word_1_389' title='bbox 1599 1364 1708 1408; x_wconf 88' lang='lat' dir='ltr'>poenis</span> <span class='ocrx_word' id='word_1_390' title='bbox 1740 1363 1926 1408; x_wconf 88' lang='lat' dir='ltr'>supradictis</span> <span class='ocrx_word' id='word_1_391' title='bbox 1950 1363 1980 1395; x_wconf 91' lang='lat' dir='ltr'>in</span> 
     </span>
     <span class='ocr_line' id='line_1_78' title="bbox 1243 1415 1982 1457; baseline -0.004 -6"><span class='ocrx_word' id='word_1_392' title='bbox 1243 1418 1344 1452; x_wconf 76' lang='lat' dir='ltr'>forma</span> <span class='ocrx_word' id='word_1_393' title='bbox 1368 1418 1525 1452; x_wconf 88' lang='lat' dir='ltr'>Ecclesiae</span> <span class='ocrx_word' id='word_1_394' title='bbox 1549 1419 1697 1452; x_wconf 79' lang='lat' dir='ltr'>consueta</span> <span class='ocrx_word' id='word_1_395' title='bbox 1722 1416 1925 1457; x_wconf 87' lang='lat' dir='ltr'>absolvendi,</span> <span class='ocrx_word' id='word_1_396' title='bbox 1950 1415 1982 1448; x_wconf 92' lang='lat' dir='ltr'>in</span> 
     </span>
     <span class='ocr_line' id='line_1_79' title="bbox 1243 1469 1981 1515; baseline -0.004 -11"><span class='ocrx_word' id='word_1_397' title='bbox 1243 1472 1459 1515; x_wconf 88' lang='lat' dir='ltr'>delinquentes</span> <span class='ocrx_word' id='word_1_398' title='bbox 1492 1476 1522 1504; x_wconf 91' lang='lat' dir='ltr'>et</span> <span class='ocrx_word' id='word_1_399' title='bbox 1550 1476 1761 1512; x_wconf 80' lang='lat' dir='ltr'>contumaceS,</span> <span class='ocrx_word' id='word_1_400' title='bbox 1784 1481 1842 1515; x_wconf 89' lang='lat' dir='ltr'>per</span> <span class='ocrx_word' id='word_1_401' title='bbox 1867 1480 1909 1512; x_wconf 81' lang='lat' dir='ltr'>se,</span> <span class='ocrx_word' id='word_1_402' title='bbox 1935 1469 1981 1502; x_wconf 84' lang='lat' dir='ltr'>vel</span> 
     </span>
     <span class='ocr_line' id='line_1_80' title="bbox 1243 1523 1982 1568; baseline -0.004 -10"><span class='ocrx_word' id='word_1_403' title='bbox 1243 1525 1348 1568; x_wconf 85' lang='lat' dir='ltr'>alium,</span> <span class='ocrx_word' id='word_1_404' title='bbox 1373 1536 1427 1559; x_wconf 90' lang='lat' dir='ltr'>seu</span> <span class='ocrx_word' id='word_1_405' title='bbox 1453 1525 1540 1566; x_wconf 89' lang='lat' dir='ltr'>alios,</span> <span class='ocrx_word' id='word_1_406' title='bbox 1561 1526 1654 1560; x_wconf 90' lang='lat' dir='ltr'>etiam</span> <span class='ocrx_word' id='word_1_407' title='bbox 1680 1524 1874 1568; x_wconf 88' lang='lat' dir='ltr'>simpliciter,</span> <span class='ocrx_word' id='word_1_408' title='bbox 1899 1523 1982 1557; x_wconf 91' lang='lat' dir='ltr'>etde</span> 
     </span>
     <span class='ocr_line' id='line_1_81' title="bbox 1244 1576 1980 1623; baseline -0.004 -11"><span class='ocrx_word' id='word_1_409' title='bbox 1244 1579 1347 1623; x_wconf 88' lang='lat' dir='ltr'>plano,</span> <span class='ocrx_word' id='word_1_410' title='bbox 1370 1590 1405 1612; x_wconf 89' lang='lat' dir='ltr'>ac</span> <span class='ocrx_word' id='word_1_411' title='bbox 1434 1579 1500 1612; x_wconf 91' lang='lat' dir='ltr'>sine</span> <span class='ocrx_word' id='word_1_412' title='bbox 1529 1579 1661 1623; x_wconf 87' lang='lat' dir='ltr'>strepitu</span> <span class='ocrx_word' id='word_1_413' title='bbox 1685 1584 1715 1611; x_wconf 93' lang='lat' dir='ltr'>et</span> <span class='ocrx_word' id='word_1_414' title='bbox 1739 1578 1840 1621; x_wconf 78' lang='lat' dir='ltr'>figura</span> <span class='ocrx_word' id='word_1_415' title='bbox 1865 1576 1980 1616; x_wconf 85' lang='lat' dir='ltr'>iudicii,</span> 
     </span>
     <span class='ocr_line' id='line_1_82' title="bbox 1244 1630 1981 1676; baseline -0.003 -11"><span class='ocrx_word' id='word_1_416' title='bbox 1244 1633 1442 1676; x_wconf 83' lang='lat' dir='ltr'>inquirendi,</span> <span class='ocrx_word' id='word_1_417' title='bbox 1472 1644 1507 1666; x_wconf 91' lang='lat' dir='ltr'>ac</span> <span class='ocrx_word' id='word_1_418' title='bbox 1539 1632 1658 1666; x_wconf 89' lang='lat' dir='ltr'>meritis</span> <span class='ocrx_word' id='word_1_419' title='bbox 1683 1632 1792 1675; x_wconf 89' lang='lat' dir='ltr'>poenis</span> <span class='ocrx_word' id='word_1_420' title='bbox 1816 1630 1981 1675; x_wconf 87' lang='lat' dir='ltr'>puniendi,</span> 
     </span>
     <span class='ocr_line' id='line_1_83' title="bbox 1245 1683 1982 1729; baseline -0.003 -10"><span class='ocrx_word' id='word_1_421' title='bbox 1245 1686 1354 1719; x_wconf 88' lang='lat' dir='ltr'>modos</span> <span class='ocrx_word' id='word_1_422' title='bbox 1379 1691 1408 1719; x_wconf 89' lang='lat' dir='ltr'>et</span> <span class='ocrx_word' id='word_1_423' title='bbox 1439 1686 1556 1719; x_wconf 88' lang='lat' dir='ltr'>formas</span> <span class='ocrx_word' id='word_1_424' title='bbox 1582 1686 1612 1718; x_wconf 91' lang='lat' dir='ltr'>in</span> <span class='ocrx_word' id='word_1_425' title='bbox 1636 1685 1784 1729; x_wconf 85' lang='lat' dir='ltr'>praefatis</span> <span class='ocrx_word' id='word_1_426' title='bbox 1813 1683 1982 1718; x_wconf 83' lang='lat' dir='ltr'>servandos</span> 
     </span>
     <span class='ocr_line' id='line_1_84' title="bbox 1244 1738 1980 1783; baseline -0.003 -12"><span class='ocrx_word' id='word_1_427' title='bbox 1244 1738 1489 1783; x_wconf 86' lang='lat' dir='ltr'>praescribendi,</span> <span class='ocrx_word' id='word_1_428' title='bbox 1508 1738 1709 1772; x_wconf 87' lang='lat' dir='ltr'>concedimus</span> <span class='ocrx_word' id='word_1_429' title='bbox 1729 1744 1758 1771; x_wconf 88' lang='lat' dir='ltr'>et</span> <span class='ocrx_word' id='word_1_430' title='bbox 1773 1738 1980 1782; x_wconf 87' lang='lat' dir='ltr'>impertimur.</span> 
     </span>
    </p>

    <p class='ocr_par' dir='ltr' id='par_1_11' title="bbox 1243 1790 1985 2638">
     <span class='ocr_line' id='line_1_85' title="bbox 1289 1790 1979 1835; baseline -0.001 -10"><span class='ocrx_word' id='word_1_431' title='bbox 1289 1792 1351 1835; x_wconf 61' lang='lat' dir='ltr'>§fi</span> <span class='ocrx_word' id='word_1_432' title='bbox 1382 1792 1450 1825; x_wconf 84' lang='lat' dir='ltr'>Non</span> <span class='ocrx_word' id='word_1_433' title='bbox 1474 1792 1669 1825; x_wconf 85' lang='lat' dir='ltr'>obstantibus</span> <span class='ocrx_word' id='word_1_434' title='bbox 1699 1791 1797 1824; x_wconf 84' lang='lat' dir='ltr'>felicis</span> <span class='ocrx_word' id='word_1_435' title='bbox 1830 1790 1979 1824; x_wconf 86' lang='lat' dir='ltr'>recorda-</span> 
     </span>
     <span class='ocr_line' id='line_1_86' title="bbox 1245 1843 1984 1888; baseline 0 -11"><span class='ocrx_word' id='word_1_436' title='bbox 1245 1845 1337 1877; x_wconf 81' lang='lat' dir='ltr'>tionis</span> <span class='ocrx_word' id='word_1_437' title='bbox 1371 1845 1519 1878; x_wconf 85' lang='lat' dir='ltr'>Bonifacii</span> <span class='ocrx_word' id='word_1_438' title='bbox 1549 1845 1648 1888; x_wconf 89' lang='lat' dir='ltr'>Papae</span> <span class='ocrx_word' id='word_1_439' title='bbox 1673 1844 1738 1877; x_wconf 83' lang='lat' dir='ltr'>VIII</span> <span class='ocrx_word' id='word_1_440' title='bbox 1767 1843 1984 1888; x_wconf 85' lang='lat' dir='ltr'>praedecesso-</span> 
     </span>
     <span class='ocr_line' id='line_1_87' title="bbox 1245 1896 1981 1940; baseline 0 -10"><span class='ocrx_word' id='word_1_441' title='bbox 1245 1899 1287 1930; x_wconf 88' lang='lat' dir='ltr'>ris</span> <span class='ocrx_word' id='word_1_442' title='bbox 1311 1898 1409 1931; x_wconf 88' lang='lat' dir='ltr'>nostri</span> <span class='ocrx_word' id='word_1_443' title='bbox 1427 1898 1465 1931; x_wconf 90' lang='lat' dir='ltr'>de</span> <span class='ocrx_word' id='word_1_444' title='bbox 1483 1896 1554 1938; x_wconf 63' lang='lat' dir='ltr'>unzi,</span> <span class='ocrx_word' id='word_1_445' title='bbox 1573 1903 1602 1930; x_wconf 93' lang='lat' dir='ltr'>et</span> <span class='ocrx_word' id='word_1_446' title='bbox 1620 1897 1744 1931; x_wconf 91' lang='lat' dir='ltr'>concilii</span> <span class='ocrx_word' id='word_1_447' title='bbox 1768 1897 1924 1940; x_wconf 84' lang='lat' dir='ltr'>generalis</span> <span class='ocrx_word' id='word_1_448' title='bbox 1943 1897 1981 1930; x_wconf 90' lang='lat' dir='ltr'>de</span> 
     </span>
     <span class='ocr_line' id='line_1_88' title="bbox 1245 1950 1984 1995; baseline 0 -12"><span class='ocrx_word' id='word_1_449' title='bbox 1245 1950 1366 1983; x_wconf 89' lang='lat' dir='ltr'>duabus</span> <span class='ocrx_word' id='word_1_450' title='bbox 1385 1951 1484 1993; x_wconf 85' lang='lat' dir='ltr'>dietis,</span> <span class='ocrx_word' id='word_1_451' title='bbox 1503 1951 1634 1995; x_wconf 89' lang='lat' dir='ltr'>aliisque</span> <span class='ocrx_word' id='word_1_452' title='bbox 1654 1951 1929 1984; x_wconf 88' lang='lat' dir='ltr'>constitutionibus</span> <span class='ocrx_word' id='word_1_453' title='bbox 1953 1956 1984 1983; x_wconf 83' lang='lat' dir='ltr'>et</span> 
     </span>
     <span class='ocr_line' id='line_1_89' title="bbox 1245 2003 1983 2048; baseline -0.003 -11"><span class='ocrx_word' id='word_1_454' title='bbox 1245 2004 1495 2038; x_wconf 87' lang='lat' dir='ltr'>ordinationibus</span> <span class='ocrx_word' id='word_1_455' title='bbox 1521 2004 1719 2048; x_wconf 88' lang='lat' dir='ltr'>apostolicis,</span> <span class='ocrx_word' id='word_1_456' title='bbox 1744 2004 1838 2037; x_wconf 87' lang='lat' dir='ltr'>etiam</span> <span class='ocrx_word' id='word_1_457' title='bbox 1863 2004 1894 2036; x_wconf 91' lang='lat' dir='ltr'>in</span> <span class='ocrx_word' id='word_1_458' title='bbox 1915 2003 1983 2036; x_wconf 87' lang='lat' dir='ltr'>aliis</span> 
     </span>
     <span class='ocr_line' id='line_1_90' title="bbox 1245 2056 1984 2101; baseline -0.003 -10"><span class='ocrx_word' id='word_1_459' title='bbox 1245 2058 1387 2091; x_wconf 90' lang='lat' dir='ltr'>conciliis</span> <span class='ocrx_word' id='word_1_460' title='bbox 1411 2058 1611 2101; x_wconf 87' lang='lat' dir='ltr'>generalibus</span> <span class='ocrx_word' id='word_1_461' title='bbox 1629 2057 1729 2098; x_wconf 83' lang='lat' dir='ltr'>editis,</span> <span class='ocrx_word' id='word_1_462' title='bbox 1749 2067 1871 2090; x_wconf 90' lang='lat' dir='ltr'>necnon</span> <span class='ocrx_word' id='word_1_463' title='bbox 1889 2056 1984 2090; x_wconf 85' lang='lat' dir='ltr'>eccle·</span> 
     </span>
     <span class='ocr_line' id='line_1_91' title="bbox 1246 2111 1984 2154; baseline -0.003 -9"><span class='ocrx_word' id='word_1_464' title='bbox 1246 2112 1372 2154; x_wconf 83' lang='lat' dir='ltr'>siarum,</span> <span class='ocrx_word' id='word_1_465' title='bbox 1399 2112 1661 2146; x_wconf 88' lang='lat' dir='ltr'>monasteriorum</span> <span class='ocrx_word' id='word_1_466' title='bbox 1678 2138 1685 2149; x_wconf 83' lang='lat'><em>‚</em></span> <span class='ocrx_word' id='word_1_467' title='bbox 1716 2111 1880 2152; x_wconf 82' lang='lat' dir='ltr'>ordinum,</span> <span class='ocrx_word' id='word_1_468' title='bbox 1909 2120 1984 2144; x_wconf 84' lang='lat' dir='ltr'>con-</span> 
     </span>
     <span class='ocr_line' id='line_1_92' title="bbox 1245 2165 1984 2209; baseline -0.004 -10"><span class='ocrx_word' id='word_1_469' title='bbox 1245 2167 1477 2209; x_wconf 84' lang='lat' dir='ltr'>gregationum,</span> <span class='ocrx_word' id='word_1_470' title='bbox 1496 2166 1692 2206; x_wconf 86' lang='lat' dir='ltr'>societatum,</span> <span class='ocrx_word' id='word_1_471' title='bbox 1722 2165 1925 2209; x_wconf 88' lang='lat' dir='ltr'>hospitalium</span> <span class='ocrx_word' id='word_1_472' title='bbox 1954 2169 1984 2196; x_wconf 88' lang='lat' dir='ltr'>et</span> 
     </span>
     <span class='ocr_line' id='line_1_93' title="bbox 1245 2219 1981 2263; baseline -0.004 -11"><span class='ocrx_word' id='word_1_473' title='bbox 1245 2219 1386 2252; x_wconf 87' lang='lat' dir='ltr'>locorum</span> <span class='ocrx_word' id='word_1_474' title='bbox 1411 2219 1654 2263; x_wconf 83' lang='lat' dir='ltr'>praedictorum,</span> <span class='ocrx_word' id='word_1_475' title='bbox 1681 2219 1772 2252; x_wconf 88' lang='lat' dir='ltr'>etiam</span> <span class='ocrx_word' id='word_1_476' title='bbox 1794 2219 1981 2257; x_wconf 78' lang='lat' dir='ltr'>iuramento,</span> 
     </span>
     <span class='ocr_line' id='line_1_94' title="bbox 1245 2270 1985 2316; baseline -0.004 -11"><span class='ocrx_word' id='word_1_477' title='bbox 1245 2272 1481 2306; x_wconf 79' lang='lat' dir='ltr'>confirmatione</span> <span class='ocrx_word' id='word_1_478' title='bbox 1510 2272 1692 2316; x_wconf 75' lang='lat' dir='ltr'>apostolica,</span> <span class='ocrx_word' id='word_1_479' title='bbox 1719 2272 1766 2304; x_wconf 85' lang='lat' dir='ltr'>vel</span> <span class='ocrx_word' id='word_1_480' title='bbox 1797 2270 1906 2314; x_wconf 87' lang='lat' dir='ltr'>quavis</span> <span class='ocrx_word' id='word_1_481' title='bbox 1934 2270 1985 2302; x_wconf 88' lang='lat' dir='ltr'>fir-</span> 
     </span>
     <span class='ocr_line' id='line_1_95' title="bbox 1245 2325 1984 2366; baseline -0.001 -8"><span class='ocrx_word' id='word_1_482' title='bbox 1245 2326 1351 2359; x_wconf 90' lang='lat' dir='ltr'>mitate</span> <span class='ocrx_word' id='word_1_483' title='bbox 1372 2327 1431 2359; x_wconf 77' lang='lat' dir='ltr'>alia</span> <span class='ocrx_word' id='word_1_484' title='bbox 1452 2325 1626 2366; x_wconf 87' lang='lat' dir='ltr'>roboratis,</span> <span class='ocrx_word' id='word_1_485' title='bbox 1651 2325 1772 2358; x_wconf 83' lang='lat' dir='ltr'>statutis</span> <span class='ocrx_word' id='word_1_486' title='bbox 1797 2330 1826 2357; x_wconf 93' lang='lat' dir='ltr'>et</span> <span class='ocrx_word' id='word_1_487' title='bbox 1858 2333 1984 2357; x_wconf 88' lang='lat' dir='ltr'>consue-</span> 
     </span>
     <span class='ocr_line' id='line_1_96' title="bbox 1245 2377 1983 2421; baseline -0.004 -9"><span class='ocrx_word' id='word_1_488' title='bbox 1245 2379 1426 2421; x_wconf 85' lang='lat' dir='ltr'>tudinibus,</span> <span class='ocrx_word' id='word_1_489' title='bbox 1456 2380 1565 2413; x_wconf 87' lang='lat' dir='ltr'>usibus</span> <span class='ocrx_word' id='word_1_490' title='bbox 1599 2383 1628 2413; x_wconf 89' lang='lat' dir='ltr'>et</span> <span class='ocrx_word' id='word_1_491' title='bbox 1659 2379 1805 2418; x_wconf 85' lang='lat' dir='ltr'>naturis;</span> <span class='ocrx_word' id='word_1_492' title='bbox 1838 2377 1983 2421; x_wconf 88' lang='lat' dir='ltr'>quodque</span> 
     </span>
     <span class='ocr_line' id='line_1_97' title="bbox 1244 2432 1981 2477; baseline -0.003 -11"><span class='ocrx_word' id='word_1_493' title='bbox 1244 2434 1387 2477; x_wconf 85' lang='lat' dir='ltr'>personis</span> <span class='ocrx_word' id='word_1_494' title='bbox 1418 2434 1585 2477; x_wconf 88' lang='lat' dir='ltr'>praedictis</span> <span class='ocrx_word' id='word_1_495' title='bbox 1600 2460 1607 2474; x_wconf 93' lang='lat'>,</span> <span class='ocrx_word' id='word_1_496' title='bbox 1635 2443 1809 2476; x_wconf 86' lang='lat' dir='ltr'>eorumque</span> <span class='ocrx_word' id='word_1_497' title='bbox 1833 2432 1981 2471; x_wconf 85' lang='lat' dir='ltr'>ecclesiis,</span> 
     </span>
     <span class='ocr_line' id='line_1_98' title="bbox 1244 2485 1983 2531; baseline -0.004 -12"><span class='ocrx_word' id='word_1_498' title='bbox 1244 2487 1320 2519; x_wconf 87' lang='lat' dir='ltr'>locis</span> <span class='ocrx_word' id='word_1_499' title='bbox 1350 2488 1397 2520; x_wconf 75' lang='lat' dir='ltr'>vel</span> <span class='ocrx_word' id='word_1_500' title='bbox 1422 2487 1584 2531; x_wconf 86' lang='lat' dir='ltr'>quibusvis</span> <span class='ocrx_word' id='word_1_501' title='bbox 1609 2487 1677 2519; x_wconf 86' lang='lat' dir='ltr'>aliis</span> <span class='ocrx_word' id='word_1_502' title='bbox 1703 2485 1912 2520; x_wconf 87' lang='lat' dir='ltr'>communiter</span> <span class='ocrx_word' id='word_1_503' title='bbox 1937 2485 1983 2517; x_wconf 77' lang='lat' dir='ltr'>vel</span> 
     </span>
     <span class='ocr_line' id='line_1_99' title="bbox 1243 2538 1983 2584; baseline -0.003 -11"><span class='ocrx_word' id='word_1_504' title='bbox 1243 2541 1367 2573; x_wconf 81' lang='lat' dir='ltr'>divisim</span> <span class='ocrx_word' id='word_1_505' title='bbox 1391 2541 1429 2573; x_wconf 86' lang='lat' dir='ltr'>ab</span> <span class='ocrx_word' id='word_1_506' title='bbox 1454 2541 1632 2584; x_wconf 80' lang='lat' dir='ltr'>Apostolica</span> <span class='ocrx_word' id='word_1_507' title='bbox 1653 2541 1692 2573; x_wconf 85' lang='lat' dir='ltr'>sit</span> <span class='ocrx_word' id='word_1_508' title='bbox 1715 2539 1793 2574; x_wconf 83' lang='lat' dir='ltr'>Sede</span> <span class='ocrx_word' id='word_1_509' title='bbox 1817 2538 1983 2578; x_wconf 87' lang='lat' dir='ltr'>indultum,</span> 
     </span>
     <span class='ocr_line' id='line_1_100' title="bbox 1243 2592 1980 2638; baseline -0.003 -11"><span class='ocrx_word' id='word_1_510' title='bbox 1243 2595 1326 2638; x_wconf 88' lang='lat' dir='ltr'>quod</span> <span class='ocrx_word' id='word_1_511' title='bbox 1350 2594 1504 2632; x_wconf 80' lang='lat' dir='ltr'>interdici,</span> <span class='ocrx_word' id='word_1_512' title='bbox 1521 2593 1669 2637; x_wconf 89' lang='lat' dir='ltr'>suspendi</span> <span class='ocrx_word' id='word_1_513' title='bbox 1695 2593 1741 2625; x_wconf 76' lang='lat' dir='ltr'>vel</span> <span class='ocrx_word' id='word_1_514' title='bbox 1766 2592 1980 2626; x_wconf 81' lang='lat' dir='ltr'>excommuni-</span> 
     </span>
    </p>
   </div>
   <div class='ocr_carea' id='block_1_9' title="bbox 1987 195 2168 224">
    <p class='ocr_par' dir='ltr' id='par_1_12' title="bbox 1987 195 2168 224">
     <span class='ocr_line' id='line_1_101' title="bbox 1987 195 2168 224; baseline 0.006 -1"><span class='ocrx_word' id='word_1_515' title='bbox 1987 196 2036 223; x_wconf 78' lang='lat' dir='ltr'>An.</span> <span class='ocrx_word' id='word_1_516' title='bbox 2052 196 2081 224; x_wconf 87' lang='lat' dir='ltr'>C.</span> <span class='ocrx_word' id='word_1_517' title='bbox 2100 195 2168 224; x_wconf 83' lang='lat'><strong>1635</strong></span> 
     </span>
    </p>
   </div>
   <div class='ocr_carea' id='block_1_10' title="bbox 1998 1799 2182 1852">
    <p class='ocr_par' dir='ltr' id='par_1_13' title="bbox 1998 1799 2182 1852">
     <span class='ocr_line' id='line_1_102' title="bbox 2049 1799 2182 1821; baseline 0.008 -1"><span class='ocrx_word' id='word_1_518' title='bbox 2049 1799 2182 1821; x_wconf 77' lang='lat' dir='ltr'>Obstantium</span> 
     </span>
     <span class='ocr_line' id='line_1_103' title="bbox 1998 1826 2117 1852; baseline 0 -5"><span class='ocrx_word' id='word_1_519' title='bbox 1998 1826 2117 1852; x_wconf 70' lang='lat' dir='ltr'>dei-agane.</span> 
     </span>
    </p>
   </div>
  </div>
 </body>
</html>
