2248 3229
104 236 154 264 An.
174 234 203 264 C.
222 234 288 264 1636

171 2165 252 2185 Clu-Ac
273 2164 301 2183 ft·

118 2192 206 2213 ciendae
237 2191 302 2211 ntor-

119 2219 216 2239 nuti-»nis
227 2224 246 2237 in
256 2224 302 2242 pri»-

120 2251 188 2265 vtusta
237 2244 302 2264 Tutu-

118 2277 173 2292 niae.

913 233 1062 260 URBANUS
1087 234 1144 259 vm
1168 235 1216 259 PP.

1731 222 1795 257 535

306 282 452 326 dinibus,
483 282 658 327 privilegiis
689 293 834 328 quoque,
860 283 988 316 indultis
1020 283 1219 327 et'Baptista
1243 292 1260 315 a
1284 281 1460 326 Campanca
1484 280 1558 315 dieti
1583 279 1708 315 Ordinis
1730 280 1826 314 mini-

306 336 418 370 litteris
435 337 626 381 apostolicis,
638 337 696 370 sub
710 337 872 381 quibusvis
886 336 1049 369 tenoribus

306 395 336 423 et
360 390 480 429 formis,
497 400 532 423 ac
557 401 629 423 cum
654 390 816 434 quibusvis
840 389 934 422 etiam
960 388 1049 424 dero-

306 443 500 487 gatoriarum
521 443 741 487 derogatoriis‚
759 443 878 486 alisque
899 442 1050 475 efficacio-

306 496 394 529 ribus
412 502 442 530 et
462 496 595 530 insolitis
620 496 779 532 clausulis.
793 506 829 529 ac
854 495 1050 528 irritantibus

306 555 337 583 ct
360 550 429 583 aliis
453 549 598 591 decretis,
624 550 655 582 in
680 559 801 595 genere
821 549 868 582 vel
886 549 917 581 in
935 548 1048 592 specie⁷
1066 554 1068 561 ·

307 614 342 636 ac
355 603 441 645 alias,
458 603 489 635 in
501 602 695 636 contrarium
710 602 960 646 praemissorum
977 611 1051 644 quo-

307 656 480 690 modolibet
504 655 672 696 concessis,
697 655 890 688 confirmatis
914 660 943 687 et
961 654 1051 686 inno-

307 709 400 749 vatis;
419 708 533 753 quibus
550 709 698 742 omnibus
719 714 750 742 et
769 707 1050 751 singulis„etiamsi
1068 713 1069 727 t

306 772 366 806 pro
389 762 519 795 illorum
543 762 711 796 sufficienti
729 762 933 805 derogatione
959 760 996 793 de
1019 760 1052 792 il-

307 816 346 849 lis
377 826 553 860 eorumque
584 815 656 849 totis
688 815 850 849 tenoribus
884 814 1050 858 specialis,

307 869 463 914 specifica,
475 879 622 913 expressa
635 874 665 902 et
680 868 849 909 individua,
866 877 929 901 non
946 872 1051 900 autem

307 934 364 968 per
378 923 534 957 clausulas
550 924 714 967 generales
731 922 814 956 idem
832 922 1050 965 imponantes,

308 977 427 1010 mentio
460 987 515 1010 scu
546 977 674 1020 quaevis
703 976 764 1009 alia
795 974 956 1019 expressio
989 974 1048 1007 ha-

308 1030 409 1064 benda
433 1035 486 1063 aut
511 1030 614 1074 aliqua
631 1029 690 1062 alia
711 1028 864 1072 exquisita
888 1028 990 1063 forma
1013 1027 1052 1060 ad

309 1084 369 1117 hoc
393 1082 545 1117 servanda
575 1083 671 1123 foret,
696 1082 826 1115 illorum
857 1081 998 1114 omnium
1024 1084 1053 1114 et

309 1137 507 1180 singulorum
522 1141 647 1169 tenores
658 1134 876 1180 praesentibus
889 1145 948 1178 pro
961 1135 1053 1178 plene
1068 1146 1070 1154 ¹

309 1196 341 1223 ct
361 1189 554 1223 sufficienter
577 1188 736 1233 expressis
760 1198 796 1221 ac
826 1188 865 1221 de
889 1187 986 1221 verbo
1014 1187 1053 1220 ad

309 1243 442 1278 verbum
458 1243 585 1277 insertis
601 1243 764 1283 habentes,
785 1242 846 1275 illis
859 1242 934 1275 alias
948 1242 979 1274 in
995 1252 1052 1275 suo

310 1298 427 1332 robore
457 1297 694 1341 permansuris,
720 1297 778 1329 liae
802 1296 870 1328 vice
894 1295 1053 1329 dumtaxat

311 1351 488 1396 specialiter
501 1357 530 1384 et
545 1360 693 1395 expresse
709 1350 914 1393 derogamusf,
930 1350 1054 1383 ceteris-

311 1415 372 1449 que
397 1401 562 1438 contrariis
587 1404 849 1449 quibuscumque.

356 1460 468 1493 Datum
483 1460 609 1499 Romae,
619 1459 702 1503 apud
715 1458 744 1491 S.
755 1458 883 1491 Mariam
894 1457 1054 1497 Maiorem,

313 1512 370 1545 sub
385 1513 501 1545 annulo
516 1512 692 1552 Piscatoris‚
702 1511 752 1544 die
767 1520 787 1543 lt
801 1510 868 1544 iulii
882 1520 1054 1551 uncxxxw,

312 1566 514 1611 pontificatus
536 1566 634 1599 nostri
655 1575 737 1598 anno
754 1575 820 1599 xm.

349 1628 407 1655 Dat.
424 1628 469 1656 die
483 1627 500 1655 ⁶2
514 1627 572 1656 iulii
589 1628 667 1661 1536,
683 1627 778 1663 pontis.
796 1635 866 1655 anuo
882 1634 940 1654 xm.

628 1745 740 1779 DXLv.

316 1818 527 1860 Confirmatio
543 1816 742 1850 decretorum
755 1827 814 1860 pro
827 1816 1057 1859 reformatione
1073 1807 1075 1817 ¹

357 1871 544 1916 prot-inciae
582 1870 744 1903 Turom'ac
781 1869 916 1903 Ordinis
952 1870 1058 1902 sancti

359 1925 390 1958 F
391 1924 530 1957 runcise-i
554 1924 816 1966 Reformatornm
839 1933 894 1956 sete
918 1922 1057 1956 Rccollc-

359 1982 483 2011 storum
509 1977 544 2010 in
568 1977 713 2009 Francia
728 1975 746 2008 ¹.

517 2048 655 2075 urbanus
676 2047 755 2081 Papa
775 2046 854 2078 VIII,

440 2095 476 2122 ad
491 2096 670 2128 perpetuam
689 2092 735 2120 rei
754 2090 937 2119 memoriam.

318 2209 401 2243 filius
425 2208 620 2242 Cherubinus
651 2218 669 2240 a
693 2207 903 2250 Marcigniaco
935 2205 1060 2239 Ordinis

319 2264 449 2296 fratrum
475 2262 629 2295 Minorum
654 2261 752 2294 saneti
771 2260 929 2294 Francisei
946 2259 985 2293 de
1004 2259 1061 2293 Ob-

319 2315 473 2349 servantia
496 2315 678 2359 professor,
703 2319 733 2347 et
756 2314 937 2358 provinciae
963 2313 1058 2347 sancti

320 2369 476 2402 l·'i·ancisci
506 2368 646 2401 eiusdem
671 2367 795 2402 Ordinis
821 2372 928 2411 pater,
958 2367 1059 2410 quod,

320 2478 379 2510 tiae
404 2481 435 2510 et
458 2475 682 2509 reformatione
711 2475 741 2507 in
766 2474 930 2519 provincia
953 2475 1057 2507 Turo-

319 2531 388 2564 niae
412 2530 485 2564 dieti
511 2529 635 2562 Ordinis
660 2528 897 2569 introducenda,
917 2528 1059 2562 nonnulli

1082 341 1147 370 stro
1172 337 1311 380 generali
1337 336 1394 369 sub
1419 335 1469 369 die
1493 345 1567 369 xxiv
1584 334 1657 368 maii
1682 344 1826 378 praesen-

1083 390 1120 424 tis
1144 390 1216 423 anni
1239 390 1318 424 facta
1333 389 1463 422 fuissent
1488 388 1607 422 tenoris
1631 387 1824 432 subsequen-

1083 443 1130 485 tis,
1149 443 1309 476 videlicet:

1127 496 1142 539 ξ
1166 496 1195 528 2.
1221 497 1282 529 Pro
1306 496 1502 530 restitutione
1526 495 1682 539 regularis
1708 495 1822 528 obser--

1084 549 1205 582 vantiae
1230 554 1260 581 ct
1284 549 1508 582 reformatione
1533 548 1564 581 in
1589 547 1751 592 provincia
1767 549 1826 581 Tu-

1084 601 1191 634 roniae
1221 601 1450 634 introducenda
1486 601 1674 642 efficaciter,
1702 611 1826 641 necnon

1084 664 1193 688 secure
1218 655 1444 698 promovenda,
1461 655 1637 688 destinetur
1658 655 1691 687 in
1714 655 1826 698 primis

1084 718 1101 740 a
1117 708 1380 742 reverendissimo
1404 713 1493 752 patre
1518 707 1665 741 ministro
1685 707 1825 750 generali

1085 761 1177 805 pius,
1208 762 1327 805 probus
1355 767 1385 795 et
1415 762 1556 806 prudens
1588 761 1826 795 commissarius

1085 824 1121 848 ex
1150 814 1322 858 provinciis
1349 815 1538 855 reformatis,
1556 815 1659 848 cidem
1676 815 1827 848 reforma-

1085 867 1161 902 tioni
1179 877 1216 900 ex
1233 867 1329 901 corde
1346 867 1589 908 addictissimus,
1603 867 1668 911 qui,
1685 867 1827 911 plenaria

1085 921 1228 954 eiusdem
1252 921 1507 954 reverendissimi
1525 921 1624 965 patris
1641 921 1827 955 auctoritate

1085 975 1202 1017 sulum,
1232 985 1250 1007 a
1273 974 1478 1008 Sanctissimo
1501 974 1636 1008 Domino
1660 979 1769 1008 nostro
1789 974 1828 1007 ad

1085 1028 1255 1062 certiorem
1279 1028 1414 1062 intentae
1433 1027 1668 1061 reformationis
1694 1037 1828 1071 exequu-

1086 1082 1202 1116 tionem
1234 1087 1264 1115 et
1299 1082 1534 1126 promotionem
1569 1080 1828 1121 confirmandus,

1086 1135 1228 1178 singulos
1253 1135 1354 1168 dietae
1370 1135 1551 1179 provinciae
1580 1138 1752 1168 conventus
1775 1144 1830 1178 pe·

1085 1189 1190 1222 dester
1215 1189 1336 1230 visitet,
1361 1189 1477 1222 abusus
1502 1188 1613 1229 tollat,
1641 1187 1830 1232 depravatos

1087 1253 1191 1276 mores
1215 1243 1336 1285 evellat,
1357 1247 1387 1275 et
1411 1251 1630 1285 quaecumque
1654 1241 1829 1285 proprieta-

1087 1302 1148 1330 tem
1173 1296 1311 1340 aliquam
1326 1323 1333 1337 ‚
1359 1295 1422 1329 sive
1447 1297 1479 1328 in
1503 1295 1684 1335 communi,
1709 1294 1774 1328 sive
1798 1295 1830 1328 in

1086 1349 1280 1393 particulari,
1305 1359 1360 1381 scu
1387 1349 1515 1392 regulae
1544 1347 1830 1390 transgressionem

1087 1403 1232 1436 redolere
1255 1402 1464 1444 videbuntur,
1490 1402 1575 1436 iuxta
1602 1401 1830 1435 declarationes

1088 1458 1146 1491 DD.
1171 1456 1290 1490 Nieolai
1311 1456 1350 1489 ltt
1368 1461 1399 1489 ct
1414 1455 1581 1489 Clementis
1606 1456 1629 1488 V
1653 1456 1766 1500 procul
1781 1466 1831 1489 cx-

1088 1511 1244 1550 terminet‚
1257 1520 1373 1554 purum
1395 1508 1551 1553 seraphici
1571 1508 1672 1542 nostri
1696 1509 1830 1542 instituti

1088 1565 1207 1598 cultum
1237 1563 1303 1597 sine
1327 1564 1391 1596 ulla
1415 1562 1649 1607 dispensatione
1673 1563 1830 1604 stabiliat,

1088 1622 1182 1661 atque
1195 1617 1226 1649 in
1241 1617 1378 1660 capitulo
1395 1616 1540 1660 proxime
1557 1615 1757 1657 celebrando,
1770 1627 1831 1660 pro

1088 1670 1312 1704 reformatione
1332 1669 1550 1714 amplexanda,
1568 1669 1646 1703 haee
1670 1670 1832 1713 sequentia

1090 1724 1244 1757 instituat:

1134 1777 1250 1818 Primo,
1264 1777 1348 1822 quod
1369 1777 1474 1810 dictus
1493 1776 1740 1819 commissarius,
1760 1780 1834 1811 lem-

1089 1841 1168 1875 pore
1192 1841 1267 1864 suae
1287 1830 1483 1871 visitationis,
1501 1830 1614 1863 fratres
1639 1830 1739 1864 dictae
1759 1830 1834 1874 pro*-

1091 1885 1210 1918 vinciae
1227 1884 1266 1917 ad
1290 1884 1548 1918 reformationem
1573 1884 1752 1917 sectandam
1770 1895 1834 1918 mo-

1074 1943 1172 1979 =neat,
1196 1938 1313 1971 alliciat
1337 1942 1367 1970 et
1391 1937 1721 1977 exliortetut·;e01·um
1746 1948 1833 1978 vero,

1092 1992 1146 2036 qui
1170 1991 1386 2030 reformationi
1418 1991 1583 2024 sectandae
1613 2001 1645 2023 se
1670 1990 1834 2031 dederint,

1092 2045 1221 2078 nomina
1244 2045 1412 2087 diligenter
1435 2049 1548 2084 sumat,
1567 2049 1597 2076 et
1614 2043 1718 2086 (iuxta
1742 2055 1835 2088 pecu-

1076 2095 1170 2133 {liare
1194 2102 1366 2137 statutum,
1397 2097 1435 2129 ad
1466 2096 1709 2140 postulationem
1742 2102 1773 2130 et
1804 2097 1834 2130 in

362 2157 377 2199 g
406 2156 429 2188 l.
455 2155 576 2199 Exponi
600 2154 691 2187 nobis
709 2164 811 2197 nuper
832 2153 904 2186 fecit
927 2152 1078 2185 dilectus

1077 2204 1228 2250 madonis
1259 2204 1421 2237 Gallorum
1458 2203 1488 2235 in
1525 2203 1661 2246 capitulo
1694 2203 1835 2237 Romano

1078 2256 1175 2290 'anuo
1200 2267 1327 2290 ,ηυρλ-κν
1345 2257 1472 2298 editum,
1491 2266 1508 2289 a
1527 2256 1611 2290 dicto
1631 2257 1766 2291 Domino
1782 2268 1835 2291 no-

1093 2152 1232 2184 savorem
1252 2160 1366 2184 novem
1391 2149 1628 2194 provinciarum
1653 2149 1691 2183 de
1715 2150 1834 2183 familia

1094 2317 1159 2344 stro
1177 2312 1410 2351 confirmatum,
1429 2314 1459 2343 et
1478 2320 1588 2343 rursus
1608 2310 1639 2343 in
1659 2310 1769 2344 ultimo
1787 2322 1836 2353 ge-

1078 2363 1191 2415 }nerali
1215 2364 1351 2408 capitulo
1368 2364 1519 2397 Toletano
1539 2368 1734 2405 renovatum,
1753 2369 1783 2397 et
1803 2369 1836 2397 ut

319 2434 401 2463 eum,
419 2433 476 2466 pro
496 2421 692 2455 restitutione
717 2420 873 2464 regularis
891 2421 1060 2454 observan-
1078 2418 1079 2423 ’

1094 2428 1189 2462 supra
1214 2418 1434 2451 confirmatum
1459 2426 1540 2450 anno
1566 2417 1750 2459 uncxxxtu)
1773 2422 1836 2450 tres

1094 2478 1147 2505 aut
1171 2478 1306 2515 quatuor
1330 2475 1501 2505 conventus
1526 2470 1756 2504 recollectionis
1780 2470 1836 2504 ‹lc-

1095 2530 1190 2570 putet,
1208 2531 1302 2570 prout
1319 2525 1420 2559 dictae
1437 2524 1651 2558 recollectioni
1669 2534 1724 2557 seu
1741 2524 1838 2558 refor-

320 2584 444 2618 articuli
468 2583 532 2617 sive
549 2583 674 2616 decreta
691 2593 708 2615 a
723 2582 838 2616 dilecto
863 2582 928 2616 filio
946 2582 1061 2616 Ioanne
1096 2580 1225 2614 mationi
1250 2579 1483 2613 commodiores
1507 2582 1538 2612 et
1556 2578 1695 2622 aptiores
1718 2577 1837 2611 iudica-

359 2647 369 2674 l
387 2646 424 2673 Ex
442 2645 548 2681 Regest.
566 2645 592 2672 in
608 2644 709 2673 Secret.
730 2645 812 2672 Brev.

1097 2635 1184 2678 verit,
1203 2634 1241 2668 ad
1262 2644 1342 2679 quos
1359 2634 1460 2668 dictos
1484 2633 1598 2668 fratres
1622 2632 1838 2667 reformationi

1840 232 1892 262 Au.
1911 232 1939 261 C.
1958 233 2024 262 1636

1868 508 1958 529 Decreta
1967 513 1979 527 a
1989 507 2026 527 ml-

1840 535 1906 556 nistro
1933 534 2026 560 generali

1841 562 1925 582 ordinis
1936 567 1973 588 pru
1987 561 2026 581 ltu·

1841 588 1930 609 iusnmdi
1961 587 2026 607 refor-

1840 618 1933 636 matione
1950 614 2015 635 edita.
