2248 3229
229 258 279 286 An.
293 244 326 286 c.
348 257 416 286 1633
460 248 525 283 334

285 903 416 925 Pontificium

233 931 307 953 Breve.
322 937 364 957 quo
380 931 416 951 de-

232 958 306 983 legatis
317 957 416 983 apostoli-

233 985 263 1004 cis
271 984 359 1004 facultas
368 990 417 1004 con-

233 1011 315 1031 ceditur
330 1016 416 1031 concor-

233 1037 282 1057 diae
294 1038 417 1058 instrumen-

233 1066 276 1084 tum
293 1064 415 1091 stipulandi.

426 317 482 351 per
499 307 565 339 eius
584 305 703 338 litteras
719 302 906 347 apostolicas
928 302 959 334 in
976 302 1078 335 forma
1095 302 1166 335 Bre-

427 360 472 392 vis
497 360 554 392 sub
579 358 685 391 datum
718 357 835 389 Romae
866 355 949 400 apud
982 355 1010 388 S.
1037 355 1165 388 Mariam

427 412 575 445 Maiorem
610 410 667 443 sub
693 409 810 442 annulo
845 409 1012 442 piscatoris
1040 409 1089 442 die
1121 418 1165 442 v11

428 464 542 497 mensis
560 463 626 496 iulii
647 463 718 496 anni
736 472 886 503 nucxxIx,
901 462 1101 506 pontificatus
1119 462 1166 494 sui

428 528 508 550 anno
522 527 563 558 vr,
589 508 660 551 cum
685 516 879 560 amplissima
905 516 1048 550 facultate
1075 515 1168 559 depu-

428 571 492 611 tati,
512 568 611 614 ‘prout
635 570 812 603 docuerunt
836 580 892 613 per
908 570 1029 602 litteras
1048 568 1168 612 praedi-

429 629 514 664 ctas,
539 634 617 668 quas
641 623 838 666 originaliter
860 622 952 655 nobis
982 622 1112 655 notariis
1138 622 1168 654 in

429 676 564 710 solidum
590 676 708 719 rogatis
732 675 929 709 tradiderunt
954 680 983 709 et
1007 675 1169 718 consigna-

429 734 502 762 runt
526 729 564 762 ad
597 729 741 763 effectum
772 729 930 773 praesenti
960 728 1168 763 instrumento

430 783 588 816 inserendi
613 788 643 816 et
667 782 877 826 registrandi,
909 782 1100 827 infrascripti
1126 788 1170 816 te-

430 837 526 878 noris,
552 836 711 870 videlicet:

477 890 625 924 Urbanus
648 891 744 935 Papa
773 890 863 934 VIII,
884 890 927 923 acl
950 891 1099 934 futuram
1123 890 1170 923 rei

431 945 631 978 memoriam.
665 945 749 977 Inter
773 944 997 988 gravissimas,
1022 943 1171 988 multipli-

432 1008 545 1042 cesque
557 998 746 1041 apostolicae
764 997 921 1030 servitutis
938 1008 1040 1038 curas,
1057 997 1170 1041 quibus

431 1061 489 1095 pro
509 1051 609 1084 nostri
630 1051 797 1095 pastoralis
817 1051 911 1084 officii
931 1050 1037 1084 debito
1055 1050 1171 1093 iugiter

433 1104 589 1148 angimur,
615 1105 667 1137 illa
684 1115 740 1138 nos
760 1105 928 1148 praecipue
954 1104 1104 1137 sollicitos
1122 1104 1173 1136 lia-

434 1158 496 1200 bet,
510 1164 544 1191 ut
561 1163 741 1191 sacrosanta
755 1157 832 1190 fides
846 1157 1007 1197 catholica,
1021 1157 1172 1200 dispersis

433 1217 526 1254 atque
540 1211 731 1244 conculcatis
748 1210 866 1243 inimici
881 1210 1016 1243 hominis
1037 1210 1172 1250 zizaniis,

434 1264 551 1308 ubique
576 1264 716 1307 gentium
749 1263 895 1297 inviolata
924 1263 1025 1306 vigeat
1050 1269 1079 1296 et
1102 1274 1173 1307 pro-

434 1323 578 1360 pagetur,
603 1317 811 1361 haeresesque
835 1322 865 1350 et
888 1316 940 1349 alii
965 1316 1101 1351 damnati
1127 1327 1174 1350 er-

434 1381 523 1404 rores
536 1382 552 1404 e
568 1371 726 1404 mentibus
754 1370 1017 1412 christifidelium,
1035 1370 1088 1403 ubi
1105 1381 1175 1414 pec—

435 1423 510 1457 catis
540 1423 704 1456 hominum
741 1422 926 1455 facientibus
957 1422 1173 1466 irrepserunt,

434 1486 491 1519 per
528 1475 713 1509 immensam
754 1475 806 1509 Dei
842 1475 1012 1509 bonitatem
1050 1475 1174 1520 penitus

435 1529 616 1563 evellantur.
642 1529 841 1573 Quapropter
858 1539 925 1571 neS,
942 1528 995 1572 qui
1013 1528 1174 1563 militantis

436 1581 592 1615 Ecclesiae.
616 1581 774 1625 regimen,
800 1581 1081 1625 omnimodamque
1105 1582 1174 1615 uni-

435 1635 516 1668 versi
541 1635 689 1668 dominici
721 1635 826 1679 gregis
851 1646 868 1667 a
891 1635 1013 1669 Christo
1042 1636 1175 1669 Domino

437 1699 543 1721 curam
569 1689 600 1721 in
624 1689 806 1723 beatissimo
836 1689 927 1722 Petro
960 1689 1175 1733 apostolorum

437 1742 581 1787 principe
606 1743 794 1787 accepimus,
815 1743 872 1775 etsi
897 1753 955 1776 nos
975 1743 1013 1775 ad
1034 1743 1175 1776 omnium

437 1796 568 1829 salutem
594 1796 826 1840 procurandam
851 1796 1008 1829 debitores
1029 1807 1177 1839 agnosca-

438 1860 518 1890 mus,
542 1850 580 1882 iis
604 1855 709 1883 tamen
732 1849 901 1893 provinciis
925 1850 1077 1894 peculiari
1098 1851 1176 1894 vigi-

437 1902 534 1935 lantia
547 1902 683 1935 studium
702 1902 921 1946 impendimus,
940 1913 1028 1945 quae,
1047 1903 1176 1936 dextera

438 1955 492 1988 Dei
517 1955 648 1988 faciente
672 1955 828 1996 virtutem,
854 1966 871 1988 e
896 1956 1040 1988 manibus
1065 1956 1176 1989 haere-

439 2008 573 2041 ticorum
598 2018 661 2041 non
686 2008 727 2041 ita
752 2009 873 2052 pridem
895 2014 1021 2052 ereptae
1038 2019 1130 2053 open]
1149 2013 1178 2043 et

439 2072 567 2105 operam
592 2066 715 2094 nostras
739 2061 839 2104 magis
863 2062 1035 2106 implorare
1055 2062 1179 2105 dignos-

440 2120 564 2155 cuntur,
588 2115 721 2159 piosque
746 2115 972 2148 catholicorum
996 2115 1178 2159 principum

440 2173 569 2202 conatus
593 2174 686 2212 atque
703 2169 857 2201 desideria
874 2169 912 2200 ad
937 2169 967 2201 id
985 2169 1178 2202 tendentium

441 2222 598 2255 favoribus
623 2228 652 2255 et
676 2222 785 2265 gratiis
808 2222 1034 2266 prosequimur
1061 2233 1179 2266 oppor-

442 2275 532 2308 tunis.
548 2275 623 2309 Cum
637 2275 751 2319 itaque,
763 2275 916 2308 concitata
929 2275 1093 2308 retroactis
1106 2280 1181 2308 tem-

442 2328 573 2372 poribus
591 2328 622 2361 in
639 2338 738 2372 regno
755 2328 921 2362 Bohemiae
945 2339 1002 2372 per
1021 2328 1180 2372 principes

442 2388 473 2415 et
495 2386 662 2426 potestates
691 2382 893 2415 tenebrarum
924 2382 1113 2423 rebellione,
1137 2382 1181 2414 fu-

443 2436 646 2480 rentihusque
670 2448 740 2469 cum
766 2438 886 2469 armata
911 2437 1034 2470 haeresi
1058 2436 1181 2470 seditio-

443 2489 545 2530 nibus,
570 2490 722 2534 bellisque
747 2489 911 2530 intestinis,
937 2490 1033 2523 mnlta
1053 2489 1135 2522 bona
1152 2494 1181 2521 et

445 2542 513 2575 iura
536 2543 746 2576 ecclesiastica
769 2543 885 2587 partim
910 2542 1032 2587 direpta
1056 2547 1085 2575 et
1113 2552 1182 2586 par-

447 2596 500 2628 tim
525 2602 677 2640 occupata
700 2602 730 2630 et
754 2601 903 2641 usurpata
929 2596 1058 2637 fuerint,
1086 2600 1116 2628 et
1143 2595 1180 2627 ad

447 2659 594 2692 praesens
608 2650 815 2693 detineantur,
834 2651 1038 2684 charissimus
1059 2660 1133 2683 vero
1151 2649 1181 2682 in

1017 252 1196 278 BULLARIUM
1219 251 1374 277 ROMANUM

1200 301 1323 335 Christo
1347 300 1430 333 filius
1453 301 1561 334 noster
1584 299 1799 333 Ferdinandus
1824 299 1938 333 Roma-

1200 364 1314 387 norum
1340 364 1394 386 rex
1418 353 1449 386 in
1475 353 1696 396 imperatorem
1721 353 1857 393 electus,
1880 362 1939 396 pro

1201 418 1257 440 suo
1282 407 1364 440 avito
1393 410 1423 440 et
1453 410 1591 450 spectato
1616 405 1777 448 religionis
1806 411 1836 438 et
1866 404 1939 438 fidei

1202 460 1372 494 catholicae
1397 459 1473 503 zelo,
1493 459 1684 503 profligatis,
1701 458 1868 491 auxiliante
1884 458 1940 491 Do-

1202 514 1288 547 mino
1312 513 1376 546 Deo
1400 512 1611 554 exercituum,
1632 511 1806 544 rebellibus
1828 511 1939 544 haere-

1203 568 1280 610 ticis,
1306 566 1482 611 sedatisque
1507 576 1670 618 armorugi
1695 564 1843 605 motibus,
1868 564 1941 597 fidei

1202 620 1381 665 praedictae
1406 621 1437 653 in
1461 620 1544 653 dicto
1569 629 1669 663 regno
1694 622 1724 652 et
1740 618 1784 651 illi
1802 618 1941 651 adiacen-

1204 674 1284 707 tibus
1308 673 1477 718 provineiis
1511 673 1732 717 bonorumque
1756 671 1942 705 ecclesiasti-

1203 739 1312 762 corum
1325 727 1513 761 restitutioni
1528 727 1600 761 totis
1614 726 1733 760 viribus
1744 723 1943 766 incubuerit¹,

1204 787 1234 815 et
1258 781 1444 815 eorumdem
1468 780 1701 814 haereticorum
1726 778 1942 818 conversioni,

1203 835 1433 878 liaeresumque
1443 833 1675 878 praedictarum
1684 831 1882 876 extirpationi
1893 831 1944 876 pia

1205 888 1413 923 sollicitudine
1432 888 1546 931 iugiter
1560 887 1713 930 invigilet:
1733 896 1790 920 nos
1808 886 1945 930 (speran-

1206 942 1271 976 tes*2
1295 942 1457 986 negotium
1482 940 1705 981 restitutionis,
1730 939 1945 984 extirpationis

1206 1001 1235 1029 et
1251 995 1465 1029 conversionis
1484 994 1718 1039 praedictarum
1732 1004 1770 1028 eo
1790 992 1945 1026 faciliores

1205 1060 1393 1094 progressus
1416 1048 1598 1082 habiturum
1623 1048 1699 1089 fore,
1717 1058 1781 1092 quo
1798 1047 1899 1080 maior
1914 1046 1946 1079 in

1206 1103 1422 1144 ecclesiarum,
1447 1101 1604 1135 bonorum
1628 1105 1658 1135 et
1682 1101 1798 1134 iurium
1824 1110 1945 1144 posses-

1207 1157 1407 1199 sessionibus,
1426 1156 1456 1188 in
1474 1156 1564 1189 dictis
1581 1155 1688 1198 regnis
1711 1160 1741 1188 et
1764 1153 1945 1198 provinciis,

1207 1210 1451 1254 praeteritorum
1476 1214 1656 1253 temporum
1676 1207 1857 1242 huiusmodi
1875 1217 1947 1240 con-

1207 1263 1339 1303 fusione,
1352 1266 1387 1296 ut
1402 1263 1587 1306 praefertur,
1604 1261 1775 1306 occupatis,
1788 1260 1947 1304 usurpatis

1208 1320 1237 1348 et
1261 1316 1415 1356 detentis,
1439 1315 1553 1348 nedum
1587 1315 1762 1358 benignitas
1791 1319 1821 1347 et
1844 1313 1946 1346 indul-

1208 1369 1313 1412 gc‘ntia
1337 1369 1375 1401 ab
1405 1369 1463 1402 hac
1494 1370 1605 1403 Sancta
1637 1368 1715 1402 Sede
1744 1367 1947 1407 ostendatur,

1209 1422 1263 1455 scd
1288 1422 1381 1455 etiam
1406 1421 1604 1455 indemnitati
1629 1420 1834 1454 ecclesiarum
1859 1430 1948 1464 prac-

1208 1475 1374 1516 dictarum,
1399 1480 1551 1519 quantum
1577 1485 1648 1508 cum
1680 1473 1812 1508 Domino
1836 1483 1949 1518 possu-

1209 1539 1290 1570 mus,
1314 1529 1514 1568 consulatur;
1546 1527 1699 1571 nobisque
1723 1526 1948 1571 persuadentes

1208 1583 1404 1628 praedictum
1422 1582 1652 1616 Ferdinandum
1670 1582 1884 1615 Romanorum
1904 1590 1949 1613 re-

1209 1646 1280 1679 gem
1296 1636 1325 1668 in
1343 1634 1584 1680 imperatorem³
1596 1635 1740 1677 electum,
1755 1634 1795 1667 ob
1812 1633 1949 1677 praecla-

1209 1689 1295 1722 ram⁴
1320 1690 1388 1722 eius
1408 1689 1439 1721 in
1463 1699 1520 1722 nos
1545 1693 1574 1722 et
1598 1688 1742 1722 Sanctam
1759 1687 1870 1721 Sedcm
1892 1686 1948 1720 ob-

1209 1743 1407 1785 servantiam,
1433 1747 1528 1787 atque
1552 1742 1584 1775 in
1609 1741 1792 1775 reductione
1811 1740 1901 1784 regni
1919 1745 1949 1773 et

1209 1796 1443 1841 provinciarum
1469 1795 1649 1829 huiusmodi
1674 1795 1713 1827 ad
1738 1794 1877 1828 eiusdem
1895 1794 1949 1827 Ec-

1210 1850 1323 1883 clesiae
1347 1850 1504 1892 gremium
1530 1854 1560 1882 et
1577 1858 1667 1882 verae
1685 1847 1757 1881 fidei
1773 1846 1949 1892 praedictae

1211 1903 1439 1937 confessionem
1456 1907 1659 1945 nostramque
1682 1906 1712 1934 et
1733 1912 1791 1945 pro
1808 1906 1950 1944 tempore

1211 1957 1372 1990 existentis
1396 1955 1528 1990 Romani
1552 1954 1711 1988 Pontificis
1741 1953 1950 1988 obedientiam

1212 2011 1370 2054 singulare
1395 2010 1542 2051 studium,
1568 2008 1769 2052 infrascripta
1793 2008 1949 2048 facultate,

1213 2069 1372 2108 tamquam
1397 2062 1542 2096 materie⁵
1567 2072 1641 2095 suae
1665 2061 1788 2105 pietatis
1806 2071 1951 2094 exercen-

1212 2117 1269 2150 dae
1292 2127 1436 2156 usurum,
1462 2126 1593 2159 eamque
1613 2120 1814 2148 ostensurum
1834 2119 1897 2146 tam
1919 2113 1950 2146 in

1213 2170 1362 2211 eeclesiis,
1388 2169 1585 2203 monasteriis
1610 2174 1639 2201 et
1663 2168 1740 2201 locis
1763 2167 1845 2211 piis,
1870 2177 1950 2212 quae

1213 2224 1315 2256 adhuc
1329 2228 1442 2263 extant,
1460 2222 1682 2256 conservandis
1699 2226 1728 2255 et
1750 2225 1951 2254 manutenen-

1213 2277 1269 2317 dis,
1287 2287 1379 2320 quam
1398 2276 1510 2309 dirutis
1528 2281 1557 2309 et
1572 2276 1688 2309 eversis
1702 2276 1734 2308 in
1747 2275 1813 2308 dies
1834 2275 1951 2307 instau-

1213 2329 1329 2370 randis,
1344 2329 1566 2373 occupatisque
1586 2328 1821 2373 recuperandis,
1840 2328 1951 2370 hisque

1213 2383 1404 2416 sufficienter
1425 2383 1578 2424 dotandis,
1603 2393 1638 2416 ac
1663 2381 1792 2426 reliquis
1816 2381 1950 2425 denique

1248 2481 1261 2507 ‘l
1282 2480 1372 2508 Potius
1386 2480 1523 2515 legeretur
1537 2480 1685 2508 incumbat
1701 2480 1737 2515 (R.
1750 2480 1798 2514 T.).

1250 2526 1267 2551 2
1283 2525 1400 2552 Pessime
1416 2525 1479 2551 edit.
1497 2524 1577 2551 Main.
1595 2525 1659 2560 legit
1670 2532 1820 2559 speramus
1833 2524 1871 2557 (R.
1887 2523 1938 2557 T.).

1250 2570 1265 2597 3
1281 2569 1351 2597 Edit.
1369 2569 1447 2596 Main.
1465 2570 1529 2605 legit
1543 2570 1754 2604 imperatorum
1768 2568 1806 2603 (R.
1822 2568 1871 2601 Τ.).

1250 2614 1266 2640 4
1281 2613 1349 2640 Edit.
1367 2613 1445 2642 Mein.
1463 2613 1545 2640 habet
1557 2614 1747 2648 praeclarum
1763 2615 1799 2645 (R.
1815 2612 1862 2646 Τ.).

1250 2658 1266 2685 5
1280 2657 1345 2686 Male
1361 2658 1424 2686 edit.
1442 2658 1522 2686 lllain.
1538 2657 1601 2693 legit
1616 2657 1755 2686 materiae
1769 2657 1807 2691 (R.
1819 2656 1868 2691 τ.).
