2226 3235
0 2029 10 3160 ..-—-——————-——--——
0 1992 2 2014 η
0 1944 2 1951 v

69 234 118 260 An.
134 232 162 260 C.
185 232 253 260 ¹629

120 295 255 316 Manentibus

70 324 143 351 autem
181 322 256 343 iisdem

72 354 153 373 causis,

113 2372 211 2394 Urbanus
228 2378 260 2394 re-

76 2399 210 2424 gularitatem
240 2400 261 2420 iu

76 2426 206 2451 prioratibus
233 2426 260 2446 ab

77 2457 103 2472 eo
122 2452 262 2478 dependenti-

77 2478 116 2499 bus
131 2479 261 2505 supprimit.-

885 232 1027 257 URBANUS
1050 232 1108 256 vm
1131 232 1179 256 1³1³.

316 279 331 324 ξ
353 279 383 312 4.
408 280 483 314 Cum
500 284 604 313 autem
626 281 719 323 (sicut
734 290 797 313 non
818 281 883 314 sine
906 281 1011 323 magni

271 332 366 366 animi
395 333 493 366 nostri
525 333 720 377 displicentia
749 334 940 378 accepimus)
968 334 1013 366 di-

272 387 370 420 lectus
390 386 473 419 filius
492 392 598 420 noster
623 387 808 420 Franciseus
828 388 857 420 S.
875 387 1014 430 Agathae

272 440 422 473 diaconus
447 440 614 473 cardinalis
639 440 829 473 Barberinus
853 451 1014 484 nuncupa-

274 499 331 534 tus,
343 499 449 526 noster
463 493 635 526 secundum
648 504 774 526 carnem
791 505 826 526 ex
841 494 936 527 fratre
948 505 1016 537 ger·

273 557 366 579 mano
397 556 506 590 nepos,
532 546 585 590 qui
613 546 651 578 ad
680 553 829 590 praesens
855 548 884 579 S.
909 547 1015 580 Salva-

274 599 349 632 toris
367 605 397 632 et
414 600 560 633 Farfense
577 600 767 633 monasteria
783 600 963 633 huiusmodi
984 601 1015 632 in

273 653 492 685 commendam
525 653 562 686 ad
597 653 644 685 sui
674 654 766 686 vitam
797 664 833 686 ex
862 653 1016 686 similibus

273 705 476 738 concessione
504 711 534 738 et
562 706 795 750 dispensatione
825 706 957 746 obtinet,
985 706 1016 738 in

273 759 464 793 monasterio
489 759 517 793 S.
544 760 713 793 Salvatoris
739 765 768 792 et
793 760 859 804 <qui
889 770 1016 800 omnes,

274 817 307 845 ut
320 813 412 845 etiam
427 813 616 857 accepimus,
631 824 688 858 per
702 813 824 857 priores
838 813 1016 852 triennales,

275 866 360 899 iuxta
392 867 554 900 decretum
587 867 618 899 in
650 867 769 912 synodo
801 866 948 899 abbatiali
979 867 1017 899 de

273 931 356 955 anno
373 921 495 954 Domini
510 931 605 955 >mciv
621 921 788 961 celebrata,
806 921 873 963 regi
891 931 1018 953 consue-

275 978 387 1008 verunt
403 985 458 1007 seu
474 975 602 1018 debent)
620 973 813 1019 prioratibus
836 974 1016 1007 huiusmodi

274 1028 454 1071 regularem
487 1028 683 1072 disciplinam
716 1028 747 1060 in
778 1027 915 1061 deterius
942 1039 1017 1072 pro-

274 1082 355 1124 labi,
382 1082 572 1116 monasteria
597 1087 626 1115 et
650 1082 810 1126 prioratus
834 1082 1015 1115 huiusmodi

274 1136 394 1169 maiora
413 1136 444 1168 in
461 1135 527 1168 dies
544 1136 575 1168 in
593 1135 810 1179 spiritualibus
830 1135 1016 1168 detrimenta

275 1190 439 1230 sustinere,
456 1199 492 1222 ac
509 1189 682 1223 monachos
700 1194 727 1222 et
746 1189 912 1232 religiosos
930 1200 1018 1233 prae-

273 1242 352 1275 fatos
362 1242 428 1286 (qui
441 1252 576 1276 nurnero
586 1242 713 1285 triginta
726 1247 861 1286 quatuor
875 1243 922 1275 vel
933 1243 1016 1276 eirca

274 1296 426 1338 existunt,
452 1301 480 1328 et
506 1296 538 1328 in
561 1306 672 1340 parum
698 1295 867 1329 distineto¹
893 1306 910 1328 a
932 1307 1017 1340 pres-

273 1349 456 1394 byterorum
486 1350 676 1383 secularium
707 1349 818 1383 habitu
846 1349 1014 1393 incedunt⁷

274 1415 310 1438 ac
329 1404 556 1448 professionem
570 1404 749 1447 regularem
763 1404 795 1436 in
812 1404 956 1436 manibus
969 1415 1016 1437 su-

275 1457 407 1501 pradicti
432 1457 692 1490 commendatarii
718 1457 900 1490 solemniter
925 1458 1014 1490 emit—

276 1514 340 1544 tere
361 1511 451 1554 eique
476 1510 685 1544 obedientiam
708 1516 867 1554 praestare
889 1521 1017 1544 consue-

275 1565 400 1607 verunt)
425 1564 519 1596 vitam
543 1564 642 1606 longo
665 1564 703 1596 ab
733 1574 843 1597 eorum
869 1564 1016 1599 institutis

275 1617 474 1660 regularibus
498 1617 632 1650 alienam
652 1628 724 1651 cum
743 1618 892 1661 propriae
908 1618 1016 1651 salutis

273 1671 414 1715 periculo
434 1671 599 1704 traducere
617 1671 887 1711 animadverteritj.
906 1675 936 1706 et
953 1672 1014 1704 iarn

274 1724 377 1758 nullos
396 1724 435 1757 ad
451 1724 593 1757 habitum
610 1725 789 1768 regularem
809 1725 840 1757 in
858 1729 1014 1759 monaste-

275 1777 322 1810 rio
347 1777 375 1810 S.
394 1777 563 1810 Salvatoris
580 1783 610 1810 et
626 1778 819 1821 prioratibus
834 1778 1015 1812 huiusmodi

275 1830 314 1863 de
337 1835 442 1863 cetero
466 1831 566 1874 recipi
590 1830 694 1863 debite
718 1836 869 1863 statutum
900 1832 1014 1872 sueritg

275 1884 313 1917 lis
337 1894 412 1917 vero
436 1889 464 1917 et
490 1894 582 1917 eausa
614 1884 695 1916 inter
725 1884 956 1928 praesidentem
986 1891 1016 1918 et

276 1937 456 1981 superiores
481 1937 672 1971 Cassinensis
702 1938 955 1981 congregationis
979 1949 1015 1971 ex

276 1994 349 2033 una,
364 2001 399 2024 ae
413 1990 737 2033 eosdenrmonaelios,
747 2001 801 2023 seu
815 1991 892 2024 alios
905 2001 1015 2024 eorum

276 2045 338 2078 litis
362 2050 535 2085 consortes,
560 2055 597 2077 ex
622 2045 720 2077 altera
744 2044 897 2088 partibus,
922 2055 1017 2089 super

276 2098 500 2141 aggregatione
532 2103 562 2130 et
592 2097 660 2130 aliis
696 2098 878 2141 praemissis
910 2108 1015 2131 coram

276 2156 362 2184 certo
380 2161 545 2184 causarum
562 2150 669 2195 palatii
686 2151 848 2194 apostolici
873 2151 1016 2184 auditore

277 2204 315 2237 ab
339 2214 376 2237 eo
401 2208 543 2248 tempore
559 2215 621 2249 quo
639 2205 740 2238 dietus
759 2205 944 2238 Franciscus
962 2206 1017 2239 Ur-

277 2258 364 2291 sinus
380 2259 569 2291 inonasteria
592 2260 731 2302 praefata
747 2259 778 2292 in
796 2260 1015 2293 commendam

277 2312 437 2346 obtinebat
461 2312 638 2345 introducta
664 2313 856 2357 reperiatur:

321 2365 336 2409 g
359 2365 388 2398 5.
412 2366 485 2407 Nos,
511 2365 636 2399 eosdem
663 2367 836 2400 monachos
860 2367 1016 2410 regularis

277 2419 469 2463 disciplinae,
487 2420 783 2464 reformationisque
800 2432 913 2465 parum
928 2433 1016 2466 capa-

277 2483 328 2506 ces
361 2477 584 2515 agnoscentes,
618 2484 654 2506 ex
686 2473 868 2517 praemissis
893 2480 921 2507 et
946 2475 1014 2507 aliis

277 2525 367 2558 nobis
391 2526 484 2559 etiam
508 2527 602 2570 plane
626 2527 709 2560 notis
737 2528 838 2560 causis
865 2528 1013 2561 Ordinem

1045 291 1080 312 ae
1105 279 1298 324 prioratibus
1322 277 1502 311 huiusmodi
1526 278 1637 311 tollere
1663 284 1693 310 et
1717 289 1786 322 sup-

1046 334 1183 377 primere
1215 333 1386 376 litibusque
1411 336 1440 365 et
1472 331 1574 364 causis
1605 331 1785 365 huiusmodi

1046 397 1081 418 ac
1107 396 1214 418 earum
1240 385 1419 429 sumptibus
1444 395 1611 418 occurrere
1637 385 1786 425 volentes,

1047 449 1169 472 necnon
1194 439 1402 482 singularium
1429 438 1607 471 litterarum
1632 438 1785 482 praefata-

1048 503 1118 525 rum
1143 493 1283 525 veriores
1309 498 1340 525 et
1366 498 1447 525 totos
1470 498 1594 525 tenores
1618 502 1654 524 ac
1679 491 1786 532 datas,

1048 556 1169 579 necnon
1194 556 1467 589 quarmncumque
1492 556 1657 578 causarum
1683 550 1713 578 et
1736 556 1787 578 ra-

1048 599 1169 632 tionum
1194 599 1223 631 in
1249 598 1293 631 eis
1310 598 1525 641 deductarum,
1543 603 1571 632 et
1589 609 1667 642 quae
1684 599 1787 631 forsan

1048 653 1160 686 deduci
1184 658 1321 697 possent,
1339 663 1373 685 ae
1391 653 1415 685 si
1436 653 1473 684 de
1492 653 1588 685 verbo
1605 653 1644 685 ad
1657 653 1787 686 verbum

1049 707 1273 748 insererentur,
1292 706 1478 749 illarumque
1497 711 1610 739 statum
1625 710 1654 740 et
1668 707 1788 745 merita,

1049 759 1239 803 nominaque
1265 765 1294 792 et
1319 760 1508 803 cognomina
1526 760 1664 792 iudicum
1683 765 1711 792 et
1729 760 1789 792 col-

1050 813 1247 856 litigantium,
1273 805 1447 856 eorumque
1473 813 1579 846 titulos
1604 818 1633 845 et
1650 818 1790 856 praeten-

1050 866 1162 909 siones,
1189 877 1260 899 cum
1278 867 1350 900 inde
1367 867 1508 910 sequutis
1527 867 1789 910 quibuscumque,

1049 921 1267 964 praesentibus
1290 931 1348 964 pro
1370 921 1459 964 plene
1480 926 1509 953 et
1535 920 1725 953 sufficienter
1740 923 1791 953 efi-

1049 975 1165 1019 pressis
1191 980 1221 1008 et
1244 975 1370 1007 insertis
1393 975 1552 1015 habentes,
1579 980 1666 1007 motu
1686 975 1790 1015 simili,

1049 1039 1112 1061 non
1136 1029 1173 1061 ad
1199 1028 1272 1061 dicti
1298 1028 1456 1061 Francisei
1481 1028 1649 1061 cardinalis
1673 1029 1721 1060 vel
1746 1029 1790 1060 al-

1052 1083 1147 1115 terius
1173 1093 1231 1127 pro
1256 1093 1293 1115 eo
1317 1082 1409 1115 nobis
1434 1082 1568 1126 desuper
1593 1082 1714 1115 oblatae
1737 1093 1791 1126 pe-

1050 1136 1168 1170 titionis
1193 1136 1382 1176 instantiam,
1408 1135 1461 1168 sed
1487 1147 1523 1168 ex
1549 1138 1635 1169 certa
1663 1136 1791 1170 scientia

1051 1192 1235 1233 maturaque
1265 1189 1491 1222 deliberatione
1523 1190 1660 1229 nostris,
1691 1189 1791 1234 deque

1048 1243 1237 1287 apostolicae
1263 1243 1426 1286 potestatis
1451 1243 1665 1286 plenitudine,
1697 1243 1790 1276 etiam

1049 1296 1086 1329 de
1112 1296 1243 1329 consilio
1268 1296 1496 1328 venerabilium
1521 1296 1653 1328 fratrum
1671 1301 1791 1329 nostro-

1049 1360 1119 1382 rum
1145 1349 1284 1382 eiusdem
1310 1354 1434 1382 sanetae
1452 1350 1610 1382 Romanae
1634 1350 1791 1382 Ecclesiae

1049 1402 1255 1435 cardinalium
1280 1402 1415 1445 negotiis
1440 1402 1634 1445 regularium
1659 1413 1792 1446 praepo-

1050 1457 1203 1496 sitorum,
1238 1456 1276 1488 ad
1305 1466 1384 1500 quos
1414 1457 1576 1499 negotium
1610 1456 1790 1489 huiusmodi

1050 1509 1289 1542 examinandum
1305 1514 1334 1542 et
1351 1509 1582 1542 discutiendum
1597 1509 1789 1552 reiecimus¹,

1050 1570 1112 1596 tam
1138 1563 1169 1595 in
1193 1563 1388 1599 monasterio
1414 1563 1442 1595 S.
1466 1562 1634 1595 Salvatoris
1659 1566 1687 1596 et
1711 1563 1792 1606 prio-

1050 1617 1169 1650 ratibus
1195 1617 1375 1650 huiusmodi
1397 1627 1433 1649 ex
1458 1627 1551 1659 nune,
1572 1628 1665 1661 quam
1687 1617 1719 1649 in
1742 1628 1792 1661 pa-

1049 1670 1182 1704 rochiali
1218 1670 1352 1704 ecclesia
1388 1670 1528 1703 eiusdem
1561 1671 1588 1703 S.
1623 1671 1791 1704 Salvatoris

1050 1724 1081 1756 in
1113 1723 1230 1767 Campo
1261 1723 1434 1766 nuncupati
1465 1723 1503 1756 de
1530 1723 1636 1764 Urbe,
1662 1734 1741 1767 quae
1774 1735 1791 1757 a

1049 1778 1211 1822 praedicto
1229 1777 1421 1810 monasterio
1438 1778 1467 1811 S.
1485 1777 1654 1810 Salvatoris
1678 1778 1791 1821 depen-

1050 1832 1101 1864 det
1125 1841 1179 1863 seu
1204 1831 1288 1862 illius
1312 1831 1444 1873 grangia
1473 1831 1595 1867 existit,
1621 1841 1656 1864 ae
1680 1832 1790 1871 cuius,

1049 1885 1124 1917 dum
1144 1895 1212 1928 pro
1242 1889 1386 1928 tempore
1412 1888 1518 1926 vacat,
1545 1885 1692 1925 collatio,
1716 1896 1791 1929 pro-

1050 1938 1127 1971 visio
1152 1943 1182 1971 et
1206 1937 1390 1971 omnimoda
1414 1937 1580 1982 dispositio
1607 1938 1645 1970 ad
1670 1939 1791 1982 praefa-

1049 1998 1115 2025 tum
1141 1992 1443 2026 commendatarium
1469 1997 1610 2036 spectare
1634 1992 1792 2035 dignosci-

1051 2052 1101 2078 tur
1118 2046 1203 2089 (cum
1221 2046 1361 2089 primum
1380 2050 1485 2077 tamen
1502 2045 1603 2089 ipsam
1625 2046 1789 2078 ecclesiam

1049 2100 1078 2133 S.
1103 2099 1273 2133 Salvatoris
1300 2109 1358 2142 per
1383 2109 1505 2131 cessum
1531 2099 1578 2131 vel
1603 2099 1765 2132 decessum
1782 2128 1789 2141 ‚

1049 2154 1141 2188 etiam
1167 2164 1201 2187 ex
1228 2155 1321 2186 causa
1346 2152 1606 2197 permutationis,
1636 2154 1728 2186 etiam
1758 2155 1790 2187 in

1048 2208 1164 2241 nostris
1177 2207 1225 2240 vel
1240 2217 1458 2240 suceessorum
1475 2212 1658 2240 nostrorum
1680 2208 1790 2240 Roma-

1049 2272 1162 2295 norum
1188 2260 1374 2294 Pontificum
1400 2270 1458 2304 pro
1483 2265 1626 2304 tempore
1659 2261 1789 2295 existen-

1050 2316 1126 2348 tium
1156 2315 1203 2348 vel
1231 2314 1324 2347 etiam
1350 2313 1608 2347 commendatarii
1633 2313 1661 2347 S.
1688 2314 1789 2347 Salva-

1051 2369 1125 2402 toris
1154 2374 1183 2401 et
1209 2368 1365 2401 Farsensis
1391 2368 1653 2401 monasteriorum
1682 2368 1789 2401 huius-

1050 2423 1133 2456 modi
1159 2422 1301 2455 manibus
1326 2422 1423 2456 saetae
1448 2422 1496 2454 vel
1520 2421 1701 2462 faciendae,
1733 2432 1787 2455 seu

1048 2477 1266 2520 privationem,
1283 2476 1330 2508 vel
1351 2476 1492 2519 quamvis
1517 2475 1609 2507 aliam
1635 2475 1788 2509 dimissio-

1048 2540 1119 2562 nem
1143 2535 1196 2561 aut
1219 2529 1420 2562 amissionem
1445 2538 1678 2572 quamcumque
1701 2529 1786 2562 illam

276 2579 471 2623 praedictum
504 2580 534 2612 in
567 2580 758 2614 monasterio
789 2581 818 2614 S.
847 2581 1014 2616 Salvatoris
1030 2581 1031 2601 ¹
1048 2583 1078 2615 in
1103 2583 1227 2615 titulum
1244 2582 1281 2614 ad
1299 2591 1447 2625 praesens
1464 2581 1642 2622 obtinentis,
1654 2581 1702 2614 vel
1717 2581 1786 2614 aliis

311 2642 325 2668 1
347 2641 413 2669 Male
429 2641 492 2670 edit.
510 2641 589 2670 Main.
611 2642 676 2677 legit
693 2643 842 2672 distinctos
856 2645 894 2679 (n.
911 2645 960 2680 τ.).

1082 2645 1095 2672 1
1108 2644 1208 2672 Forsan
1216 2652 1265 2679 pro
1276 2643 1429 2672 reiecimus
1437 2642 1543 2679 legend.
1554 2643 1785 2679 retulimusfflxrj.

1713 220 1753 256 87
1801 231 1849 258 An.
1870 230 1898 257 c.
1917 229 1983 258 1629
