2248 3229
115 206 166 233 An.
181 203 210 232 C.
232 202 298 231 ¹637

155 694 300 722 Transumpu,

115 721 174 742 endi
189 722 255 742 iubet.

145 1862 232 1884 Mettu-

927 203 1069 228 tnnaxus

313 256 374 285 tate
387 251 448 284 alia
463 251 630 293 roboratis,
645 253 768 286 statutis
782 258 812 286 et
825 252 1055 286 consuetudini-

313 304 382 346 bus,
401 305 575 349 ceterisque
601 306 766 340 contrariis
792 306 1054 352 quibuscumque.
1072 334 1073 346 ,

357 359 372 402 §
396 358 425 391 4.
452 359 601 393 Volumus
626 365 741 401 autem,
766 360 850 404 quod
882 360 1074 404 praesentis·

313 411 533 455 prohibitionis
564 413 653 457 copia
677 413 708 446 in
733 413 828 446 valvis
860 412 1074 456 singularum'

314 464 578 499 bibliothecarum
599 471 628 499 et
649 466 854 500 ecclesiarum
873 465 1054 498 huiusmodi
1072 461 1074 473 ⁴

314 518 498 562 respective,
522 524 574 552 aut
599 519 759 563 aliquibus
784 519 853 552 aliis
878 519 1056 562 perspicuis

315 571 402 612 locis,
420 571 501 604 unde
526 572 564 604 ab
589 572 736 605 omnibus
757 572 842 605 cerni
861 572 969 616 possit,
987 581 1074 605 con-t

315 624 404 658 tinuo
427 624 518 658 affixa
543 631 724 664 remaneat;

359 678 374 722 ξ
391 678 420 711 5.
444 678 594 723 Quodque
610 679 822 724 praesentium
841 678 1055 722 transumptis
1073 707 1074 711 ,

315 731 409 764 etiam
439 732 621 776 impressis,
654 743 748 766 manu
779 733 910 766 alicuius
942 725 1074 765 notarii‘

317 784 437 828 publici
462 786 699 830 subsc1·iptis,et
714 786 818 829 sigillo
842 785 974 818 alicuius
990 792 1075 829 per-¹

316 849 410 873 sonae
428 839 458 872 in
476 839 626 883 dignitate
641 840 853 874 ecclesiastica
871 839 1058 873 constitutae
1074 854 1075 863 1

317 893 455 934 munitis,
472 894 581 928 eadem
603 904 734 938 prorsus
748 893 864 938 ubique
879 893 955 926 sides
971 893 1058 926 adhi-

316 945 427 980 beatur
450 957 530 991 quae
554 947 757 981 adhiberetur
781 946 1009 991 praesentibus,
1032 946 1057 979 si

316 999 418 1033 forent
443 1000 600 1033 exhibitae
624 1000 671 1033 vel
696 1004 848 1034 ostensae.

361 1052 470 1086 Datum
499 1054 627 1093 Romae,
651 1052 734 1097 apud
760 1053 789 1087 S.
816 1053 944 1086 Mariam
966 1053 1059 1086 Maio-

317 1115 394 1146 rem,
412 1106 470 1138 sub
486 1106 602 1139 annulo
625 1106 801 1146 piscatoris,
823 1106 872 1139 die
894 1116 948 1139 xut
971 1111 1058 1140 octo-

316 1157 380 1191 bris
395 1168 580 1200 uncxxxvn,
591 1159 791 1204 pontificatus
802 1160 901 1193 nostri
914 1169 997 1193 anno
1008 1169 1057 1192 xv.

354 1219 413 1249 Dat.
430 1221 472 1250 die
492 1222 522 1248 ¹3
537 1222 657 1250 octobris
675 1222 752 1256 ¹637,
774 1222 868 1258 pontis.
886 1230 956 1250 anno
971 1229 1014 1249 xv.

597 1363 777 1398 DLxxxut.

320 1443 412 1483 Quod
435 1445 586 1478 minister
618 1445 762 1488 fratrum
785 1445 823 1478 de
848 1445 1059 1479 Obseruantia

359 1498 549 1541 provinciae
572 1498 786 1532 Grancztensis
811 1502 959 1531 teneatur
982 1498 1059 1531 reci-

359 1561 436 1594 pere
470 1551 638 1595 reliyiosos
671 1553 785 1584 missos
809 1562 849 1584 ex
873 1551 1060 1585 Recoltectis

361 1603 505 1636 eiusdem
536 1604 746 1648 provinciae,
778 1605 837 1648 qui
867 1615 888 1638 ιι
917 1605 1059 1648 perfectci

361 1665 439 1689 suae
453 1656 588 1700 requlae
604 1657 808 1690 observanti&
826 1656 1058 1690 declinarunt¹.

527 1736 662 1764 Urbanus
679 1736 758 1770 Papa
777 1737 855 1768 vm,

460 1783 497 1808 ad
516 1781 650 1809 futuram
669 1782 714 1810 rei
734 1781 915 1810 memoriam.

363 1852 378 1895 ἓ
403 1851 431 1884 ·1.
457 1851 544 1893 Cum,
569 1852 649 1886 sicut
673 1852 778 1885 dilecti
799 1853 854 1885 filii
875 1853 987 1886 fratres
1007 1852 1060 1887 Or·

319 1904 401 1938 dinis
417 1904 572 1938 Minoi-um
586 1905 614 1939 S.
630 1905 789 1939 Francisci
806 1906 1058 1940 Recollectorum

320 1963 571 2002 nuncupatorum
588 1959 768 2003 provinciae
787 1959 988 1993 Granatensis
1008 1970 1060 1993 no-

319 2011 366 2045 bis
390 2022 492 2056 nuper
515 2013 628 2056 exponi
647 2013 798 2054 fecerunt⁷
820 2013 973 2057 temporis
991 2024 1061 2057 pro-

318 2075 429 2107 gressu
449 2070 645 2110 compertum
663 2066 712 2106 sit,
729 2065 822 2110 quod,
845 2065 969 2108 quando
991 2066 1061 2098 reli-

319 2119 426 2162 giosus
441 2119 554 2163 aliquis
578 2118 703 2152 Ordinis
716 2124 745 2152 et
759 2119 938 2163 provinciae
955 2119 1061 2152 huius-

320 2171 404 2205 modi
429 2182 446 2204 a
469 2172 607 2216 perfecta
624 2183 697 2206 suae
716 2173 843 2216 regulae
860 2173 1059 2206 observantia

319 2224 501 2266 declinavit,
521 2226 632 2259 exinde
646 2226 714 2259 aliis
732 2226 880 2259 fratribus
898 2225 1060 2270 perturba-

320 2278 419 2311 tiones
439 2288 502 2312 non
522 2279 588 2311 sine
610 2279 746 2312 maximo
765 2278 948 2312 eorumdem
968 2289 1059 2322 prae-

320 2330 435 2365 iudicio
460 2331 670 2376 pei·veniant³‚
687 2332 875 2376 cupiantque
892 2336 1059 2376 propterea
1076 2338 1077 2343 ¹

319 2395 377 2428 pro
402 2385 514 2418 maiori
540 2385 635 2418 divini
662 2385 765 2418 cultus
790 2385 985 2419 incremento
1014 2385 1059 2417 in-

357 2477 366 2501 t
386 2475 425 2501 De
440 2474 553 2501 transitu
570 2473 683 2501 fratrum
699 2482 715 2500 a
735 2473 935 2501 Reformatione
951 2473 984 2501 ad
1001 2474 1058 2501 Ob-

319 2523 457 2546 servantes
467 2518 512 2546 dat
528 2519 635 2546 modum
648 2518 748 2546 Paulus
760 2518 778 2544 V
795 2519 820 2545 in
835 2527 884 2546 sua
894 2519 985 2546 Const.
999 2525 1060 2546 thv

319 2563 369 2597 (at.
386 2563 432 2598 62)
445 2563 588 2596 Postulat,
605 2567 669 2590 tom.
687 2569 724 2596 xi,
740 2572 800 2598 pag.
819 2564 880 2590 376.

354 2610 370 2635 2
386 2607 483 2643 Aptius
499 2607 556 2643 lege
569 2608 743 2642 proveniant
760 2608 794 2643 [a.
814 2608 861 2642 τ.).

1094 203 1150 228 vttt
1174 204 1222 228 rr.

1089 251 1347 286 convenientibus
1371 250 1552 285 huiusmodi
1572 255 1785 295 opportunum
1803 261 1831 284 a-

1090 305 1197 349 liquod
1223 304 1398 338 remedium
1423 304 1586 338 adhiberi:

1134 359 1149 402 g
1174 358 1202 391 2.
1228 359 1300 400 Nos,
1321 358 1479 392 dictorum
1505 358 1731 402 exponentium
1752 357 1831 391 votis

1091 411 1119 443 in
1146 411 1337 455 praemissis,
1356 417 1508 456 quantum
1523 422 1594 444 eum
1613 411 1746 444 Domino
1763 421 1833 455 pos-

1090 475 1209 507 sumus⁷
1230 475 1384 506 annuere,
1407 465 1554 509 ipsosque
1579 464 1767 509 specialibus
1788 464 1832 497 sa-

1091 518 1218 551 voribus
1242 523 1271 551 et
1296 519 1404 561 gratiis
1428 518 1578 563 prosequi
1600 519 1750 558 volentes,
1767 521 1797 551 et
1814 527 1832 550 a

1089 571 1252 615 quibusvis
1266 572 1608 612 excommunicationis,
1619 571 1833 615 suspensionis

1090 630 1119 657 et
1144 625 1320 666 interdicti,
1345 625 1476 669 aliisque
1505 625 1724 659 ecclesiasticis
1756 634 1830 658 sen-

1091 678 1204 718 tentiis,
1230 679 1371 712 censuris
1395 684 1424 712 et
1449 679 1568 723 poenis,
1585 690 1602 712 a
1627 679 1694 712 iure
1720 679 1766 712 vel
1792 678 1832 711 ab

1090 731 1228 772 homine,
1253 733 1361 776 quavis
1387 733 1552 766 occasione
1570 733 1617 766 vel
1636 734 1729 766 causa
1750 732 1831 773 latis,

1091 785 1115 818 si
1136 786 1250 828 quibus
1275 787 1514 832 quomodolibet
1531 787 1669 820 innodati
1687 786 1831 827 existunt,

1091 838 1129 871 ad
1146 839 1292 872 effectum
1314 840 1524 883 praesentium
1545 840 1707 874 dumtaxat
1727 850 1833 874 conse-

1091 892 1262 935 quendum,
1280 893 1391 926 harum
1417 893 1498 926 serie
1519 893 1716 926 absolventes
1733 899 1763 927 et
1783 893 1835 926 ab·

1091 945 1211 978 solutos
1244 946 1310 979 sore
1341 952 1521 987 censentes,
1553 946 1834 990 supplicationibus

1093 998 1218 1032 illorum
1243 1000 1369 1033 nomine
1394 999 1486 1034 nobis
1513 1011 1607 1045 super
1639 1001 1700 1034 hoc
1729 999 1834 1034 humi-

1092 1051 1163 1086 liter
1184 1053 1338 1095 porrectis
1364 1052 1524 1095 inclinati,

1137 1105 1151 1149 ξ,
1175 1104 1206 1138 3.
1236 1106 1385 1138 Volumus
1403 1111 1431 1139 et
1449 1106 1624 1150 apostolica
1638 1105 1835 1147 auctoritate,

1093 1164 1201 1192 tenore
1226 1159 1450 1203 praesentium,
1476 1160 1641 1192 statuimus
1658 1165 1688 1193 et
1708 1159 1835 1193 ordina-

1094 1223 1174 1253 mus,
1188 1218 1221 1245 ut
1246 1216 1329 1253 tunc,
1347 1218 1377 1245 et
1392 1223 1430 1246 eo
1447 1223 1532 1253 casu,
1550 1213 1672 1256 possint
1689 1213 1836 1246 definitor

1093 1270 1123 1299 et
1146 1271 1282 1309 quatuor
1312 1266 1476 1309 guardiani
1512 1266 1670 1299 dictorum
1702 1266 1837 1299 fratrum

1094 1318 1345 1351 Recollectorum
1371 1329 1438 1352 sese
1463 1329 1670 1362 congregare,
1694 1319 1784 1363 sique
1803 1329 1837 1352 a-

1094 1371 1157 1415 pud
1184 1372 1363 1405 ministrum
1383 1371 1611 1416 provincialem
1632 1372 1765 1406 fratrum
1786 1372 1837 1406 Mt-

1093 1435 1207 1459 norum
1240 1426 1425 1460 eorumdem
1457 1426 1633 1460 instetcrint
1658 1436 1718 1470 pro
1742 1436 1834 1460 amo-

1094 1478 1178 1512 tione
1202 1479 1335 1512 alicuius
1359 1490 1395 1512 ex
1421 1479 1607 1512 Recollectis
1631 1479 1790 1522 religiosi,
1807 1484 1837 1512 et

1094 1532 1331 1565 transmissione
1361 1531 1398 1564 ad
1431 1532 1545 1565 fratres
1568 1531 1607 1565 de
1632 1531 1837 1565 Observantia

1093 1590 1310 1628 nuncupatos,
1335 1584 1437 1618 dictus
1462 1585 1606 1618 minister
1631 1585 1837 1629 provincialis

1095 1643 1237 1671 teneatur
1261 1638 1406 1671 eudem
1433 1639 1561 1672 fratrem
1587 1649 1624 1672 ex
1651 1639 1837 1672 Recollectis

1094 1702 1276 1732 removere,
1309 1692 1461 1736 illumque
1494 1693 1576 1725 inter
1600 1693 1699 1726 dictos
1723 1692 1837 1725 fratres

1093 1744 1131 1777 de
1164 1744 1371 1778 Observantia
1402 1745 1502 1788 recipi
1538 1745 1641 1778 facere
1676 1745 1775 1778 libere
1807 1750 1838 1778 et

1093 1797 1246 1838 absolute,
1270 1803 1301 1831 et
1324 1798 1442 1842 absque
1467 1798 1530 1831 utta
1548 1809 1680 1842 prorsus
1697 1799 1786 1831 mora
1807 1803 1838 1831 et

1094 1850 1363 1894 tergiversatione.

1138 1904 1153 1947 ξ
1169 1903 1199 1936 4.
1221 1904 1431 1938 Decernentes
1454 1910 1636 1949 praesentes
1655 1905 1773 1939 litteras
1790 1914 1838 1938 va-

1094 1956 1182 1998 lidas,
1195 1957 1304 1990 firmas
1328 1963 1359 1990 et
1380 1958 1522 1991 efficaces
1540 1959 1674 1992 existere
1699 1964 1730 1992 et
1758 1959 1835 1999 sore,

1094 2020 1230 2054 suosque
1244 2011 1401 2054 plenarios
1419 2017 1449 2044 et
1469 2012 1610 2055 integros
1627 2012 1756 2046 effectus
1774 2023 1837 2046 sor-

1094 2063 1145 2096 tiri
1166 2070 1196 2097 et
1213 2065 1367 2105 obtinere,
1381 2070 1412 2097 et
1436 2065 1474 2097 ab
1499 2066 1646 2099 omnibus
1660 2071 1690 2099 et
1706 2065 1838 2109 singulis

1093 2116 1131 2149 ad
1156 2127 1236 2160 quos
1261 2121 1378 2161 spectat
1395 2123 1425 2151 et
1441 2129 1499 2162 pro
1516 2124 1660 2163 tempore
1680 2119 1837 2163 spectabit

1095 2169 1124 2202 in
1158 2171 1299 2203 futurum
1335 2171 1555 2205 inviolabiliter
1587 2178 1617 2205 et
1651 2172 1837 2206 inconcusse

1094 2223 1255 2256 observari
1280 2223 1412 2266 debere,
1433 2235 1469 2258 ac
1490 2225 1614 2258 irritum
1633 2230 1663 2258 et
1686 2225 1786 2267 inane,
1812 2225 1837 2258 si

1094 2286 1183 2309 secus
1208 2287 1302 2320 super
1320 2277 1368 2310 his
1397 2287 1414 2310 a
1441 2288 1621 2321 quoquam,
1648 2278 1758 2322 quavis
1784 2288 1835 2311 au-

1093 2330 1248 2371 ctoritate,
1262 2331 1398 2364 scienter
1418 2332 1465 2365 vel
1486 2332 1678 2375 ignoranter,
1700 2332 1837 2375 contige-

1096 2384 1136 2415 rit
1156 2384 1310 2417 attentari.

1138 2437 1152 2480 ξ
1177 2436 1206 2469 5.
1232 2437 1300 2470 Non
1332 2437 1528 2472 obstantibus
1560 2438 1836 2472 constitutionibus

1093 2496 1121 2523 et
1146 2490 1397 2524 ordinationibus
1430 2492 1627 2535 apostolicis,
1652 2502 1687 2525 ac
1711 2491 1836 2525 Ordinis

1093 2549 1122 2577 et
1146 2543 1328 2587 provinciae
1354 2544 1606 2588 praedictorum,
1632 2545 1726 2578 etiam
1757 2545 1837 2578 iura-

1075 2604 1210 2641 ¹mento,
1235 2598 1475 2632 confirmatione
1500 2599 1682 2643 apostolica,
1707 2598 1754 2631 vel
1775 2598 1836 2632 alia

1733 193 1792 226 6111
1843 202 1893 230 An.
1908 202 1937 230 c.
1960 202 2028 231 1637

1890 1117 1978 1147 Mandat
1995 1118 2035 1148 ob-

1850 1150 1930 1165 servari
1942 1147 2004 1170 prout
2014 1150 2034 1165 in

1850 1171 1945 1192 rubrica.

1865 1941 1869 1945 ἱ
1884 1913 1996 1936 Decretum
2010 1915 2037 1936 tr-

1853 1944 1925 1963 mans.

1920 2444 2036 2467 conti-attt-

1852 2472 1947 2499 derogat.
