2226 3235
80 244 128 271 An.
145 243 174 271 C.
194 242 264 270 1628

108 411 195 434 Mandat
204 412 265 432 cotte-

81 441 134 461 οισι-ἰ
148 440 265 464 apostolica

81 469 103 487 nt
122 471 264 486 commissario

81 494 178 514 inhibeat
215 497 265 518 quo-

82 521 150 541 minus
192 522 265 539 contra

81 546 202 573 praerelala
236 548 266 565 ut-

82 575 154 594 tentet.

115 2107 224 2138 Clausulas
237 2113 273 2129 no·

88 2140 194 2164 cessarias
207 2141 273 2161 appo-

90 2164 127 2182 nit.

888 242 1031 265 rnnitNUS

280 290 454 325 modolibet
478 290 717 330 intervenerint,
739 296 791 323 aut
816 290 1021 323 intervenisse

281 345 359 378 dici¹
380 345 428 378 vel
452 344 614 388 praetendi
632 349 779 388 possent,
804 344 998 388 supplemus.

325 399 340 442 ξ
362 398 391 432 6.
417 398 583 431 Praeterea
608 403 710 437 motu,
735 397 865 430 scientia
890 402 920 430 et
944 396 1022 429 deli-

281 451 444 484 beratione
473 451 628 484 'similibus
660 450 714 483 tibi
750 461 807 494 per
842 453 1040 494 praesentes

281 505 508 538 committimus
526 510 555 538 et
581 504 776 545 mandamus,
794 510 828 537 ut
848 504 948 537 eidem
966 504 1023 536 An-

282 559 367 592 tonio
392 558 545 592 moderno
570 565 599 591 et
623 569 682 602 pro
714 563 856 602 tempore
880 557 1022 591 existenti

282 612 456 655 gratiarum
482 612 583 645 dictae
600 612 757 645 cruciatae
781 612 813 644 in
836 611 953 644 eisdem
973 621 1022 643 re-

282 665 352 708 gnis
369 665 598 706 commissario,
613 666 671 698 sub
690 663 1024 698 excommunicationis

283 719 411 752 maioris
442 719 522 752 latae
555 719 725 752 sentcntiae
743 746 750 759 ,
775 729 810 751 ac
839 718 1024 762 privationis

283 770 527 812 beneficiorum,
551 770 760 813 dignitatum,
786 780 822 802 ac
846 768 1023 802 officiorum

283 834 576 868 quorumcumque,
603 824 694 856 etiam
728 823 858 867 speciali
888 823 964 855 nota
996 827 1023 854 et

283 877 485 921 expressione
502 877 680 920 dignorum,
705 876 970 919 inhabilitatisque
987 875 1025 908 ad

284 930 337 963 illa
360 936 389 964 et
410 931 471 963 alia
494 931 703 974 imposterum
729 929 898 963 obtinenda
914 929 1026 973 poenis

284 995 321 1018 eo
344 984 413 1028 ipso
441 984 559 1027 absque
587 984 651 1016 ulla
682 983 897 1016 declaratione
922 982 1028 1015 incur-

284 1037 411 1078 rendis,
439 1037 624 1070 auctoritate
659 1038 767 1070 nostra
798 1036 973 1080 praecipias
997 1041 1027 1069 et

285 1091 424 1132 mandes,
442 1101 481 1124 ne
497 1091 638 1125 licentias
655 1096 890 1124 sacrosanctum
913 1091 1026 1124 missae

285 1145 474 1178 sacrificium
492 1145 523 1177 in
540 1145 670 1188 privatis
692 1144 860 1178 domorum
881 1143 1027 1177 oratoriis

285 1197 485 1238 celebrandi,
512 1208 567 1231 seu
598 1198 773 1242 respective
805 1197 959 1230 celebrari
984 1197 1027 1229 fa-

285 1251 404 1293 ciendi,
429 1252 593 1295 quibusvis
625 1252 770 1295 personis
801 1252 1046 1294 cuiuscumque*

285 1304 456 1347 dignitatis,
482 1310 589 1346 status,
614 1305 740 1348 gradus,
761 1305 882 1338 ordinis
907 1309 937 1336 et
959 1314 1046 1337 con—¹

286 1357 412 1391 ditionis
436 1354 650 1400 existentibus,
674 1358 783 1402 quavis
801 1369 836 1391 ex
855 1359 959 1399 causa,
981 1357 1028 1390 vel
1045 1349 1047 1374 ζ’

287 1411 428 1454 quaesito
453 1412 569 1454 colore,
589 1417 641 1444 aut
661 1416 825 1455 praetextu
844 1410 1028 1451 concedere,
1046 1430 1047 1440 i

287 1474 345 1497 nec
368 1464 545 1498 litterarum
570 1465 813 1509 apostolicarum
839 1475 934 1508 super
955 1475 1028 1498 con-

288 1517 429 1551 cessione
453 1518 554 1551 dictae
579 1519 735 1551 cruciatae
755 1518 978 1557 confectarum,
996 1522 1029 1550 ut

287 1571 482 1614 praefertur,
506 1572 677 1604 summaria
709 1572 757 1604 vel
782 1572 923 1614 exempla
948 1571 1029 1604 litte-

287 1623 332 1656 ris
355 1624 566 1657 concessionis
587 1623 767 1668 praedictae
792 1624 949 1657 cruciatae
966 1634 1029 1657 non

288 1676 461 1710 conformia
481 1677 674 1721 imprimere,
700 1688 755 1711 seu
779 1678 959 1722 publicare,
977 1684 1030 1711 aut

287 1729 428 1774 imprimi
452 1731 501 1764 vel
521 1731 678 1775 publicari
698 1732 801 1765 facere
829 1731 942 1764 audeat
975 1742 1029 1765 seu
1047 1733 1048 1737 ’

288 1788 488 1826 praesumat,
513 1784 572 1817 nisi
600 1784 689 1828 prius
714 1784 823 1818 eadem
857 1785 1029 1818 summaria

289 1836 337 1868 vel
361 1837 502 1881 exempla
523 1848 540 1870 a
560 1843 589 1870 te
609 1848 664 1870 seu
681 1838 718 1870 de
736 1843 790 1871 tuo
809 1839 954 1872 mandato
974 1850 1031 1883 per

289 1899 442 1932 personas
465 1890 504 1922 ad
527 1891 588 1923 hoc
605 1891 733 1924 idoneas
753 1902 770 1924 a
792 1897 820 1924 te
838 1892 1030 1936 deputandas

288 1942 400 1985 revisa,
414 1948 443 1976 et
467 1943 492 1976 si
510 1954 588 1988 opus
602 1944 698 1977 suerit
721 1950 864 1978 correcta
881 1951 911 1978 et
928 1957 1032 1979 emen-

289 1995 369 2038 data,
383 2002 413 2029 et
432 2008 504 2030 cum
522 1997 640 2031 eisdem
656 1998 768 2033 litteris
787 1999 954 2042 diligenter
970 2001 1033 2034 col-

287 2048 349 2081 lata
363 2049 488 2083 fuerint.

333 2103 347 2146 ξ
372 2102 400 2135 7.
426 2103 635 2138 Deeernentes
655 2111 836 2150 praesentes
857 2107 976 2140 litteras
1002 2112 1032 2140 et

288 2156 320 2188 in
342 2157 387 2190 eis
411 2163 556 2192 contenta
573 2170 790 2204 quaecumque
811 2161 921 2204 quovis
943 2171 1032 2204 prae-

287 2214 383 2251 textu,
401 2214 505 2252 causa,
523 2213 571 2245 vel
595 2213 737 2256 quaesito
763 2215 869 2247 colore
893 2214 931 2247 de
957 2209 1048 2247 sub-³

287 2263 455 2306 reptionis‚
479 2266 528 2298 vel
559 2266 772 2310 obreptionis,
798 2278 853 2300 seu
877 2268 1029 2301 nullitatis

287 2316 373 2358 vitio,
390 2323 444 2351 aut
466 2312 647 2353 intentionis
665 2324 790 2354 nostrae
811 2322 858 2354 vel
876 2321 936 2354 alio
954 2333 1030 2365 quo-

287 2381 423 2415 cumque
440 2372 562 2406 defectu
578 2375 690 2415 notari,
711 2375 901 2418 impugnari,
920 2375 1029 2408 redar-

288 2423 357 2466 gui,
382 2424 529 2468 infringi,
553 2427 602 2460 vel
638 2428 820 2467 retractari,
845 2428 876 2460 in
902 2428 949 2461 ius
981 2429 1028 2462 vel

288 2479 536 2512 controversiam
560 2481 686 2521 vocari,
711 2487 764 2514 aut
788 2481 937 2514 adversus
962 2482 1030 2515 illas

288 2531 511 2576 quodcumque
535 2533 612 2567 iuris
623 2561 638 2577 ‚.
662 2535 781 2577 gratiae
812 2535 860 2568 vel
884 2535 955 2569 sacti
979 2546 1030 2568 re-

289 2586 430 2620 medium
453 2587 611 2629 intentari,
631 2598 686 2621 seu
710 2587 885 2633 impetrari,
906 2594 968 2631 aut,
986 2589 1030 2623 sic

1057 241 1113 264 vni
1137 241 1185 264 rr.
1728 230 1762 262 021

1056 290 1221 333 impetrato
1246 289 1294 321 vel
1327 298 1495 329 concesso,
1530 288 1710 331 quempiam
1744 289 1797 321 illo

1056 342 1099 374 uti
1137 353 1191 375 seu
1216 353 1247 375 sc
1277 342 1383 375 iuvare
1420 342 1451 374 in
1488 341 1604 374 iudicio
1632 341 1679 374 vel
1713 345 1798 374 extra

1056 396 1142 428 nullo
1167 406 1317 439 uniquam
1344 401 1486 439 tempore
1510 405 1617 438 posse,
1643 394 1696 427 scd
1732 394 1800 426 illas

1056 460 1090 483 ae
1108 450 1214 483 onmia
1234 455 1262 482 et
1285 450 1408 492 singula
1428 450 1460 482 in
1484 449 1528 481 eis
1553 453 1699 482 contenta
1724 459 1801 481 sem-

1056 514 1112 547 pcr
1137 508 1167 536 et
1190 509 1343 547 perpetuo
1364 503 1475 543 valida,
1497 503 1589 535 firma
1609 506 1638 536 et
1662 502 1799 534 efficacia

1057 556 1190 590 existere
1217 562 1247 589 et
1271 557 1347 598 sore,
1366 567 1502 600 suosque
1526 556 1684 600 plenarios
1705 560 1734 588 et
1755 555 1800 587 in-

1059 616 1163 652 tegros
1188 609 1317 642 effectus
1343 610 1450 642 sortiri
1475 614 1503 642 et
1529 609 1688 648 obtineret.
1709 614 1801 652 atquc

1057 673 1074 695 a
1099 663 1261 706 praedicto
1278 663 1414 696 Antonio
1433 663 1585 696 moderno
1603 668 1633 695 et
1652 673 1710 706 pro
1728 667 1802 694 tcm-

1058 726 1135 759 pore
1159 716 1311 749 existente
1331 716 1503 759 gratiarum
1523 716 1679 749 cruciatae
1697 716 1804 748 liuius-

1059 769 1144 803 modi
1169 770 1397 810 commissario,
1416 780 1451 802 ac
1476 770 1554 807 aliis,
1575 769 1613 801 ad
1634 780 1712 813 quos
1732 780 1802 813 spe-

1059 827 1119 857 ctat
1136 828 1166 856 et
1183 823 1214 855 in
1231 823 1371 856 futurum
1390 823 1626 866 quomodolibet
1640 823 1802 866 spectabit,

1060 876 1285 909 inviolabiliter
1302 876 1481 915 observari3
1500 875 1605 919 sicque
1624 881 1651 908 et
1670 886 1732 908 non
1750 876 1804 908 ali-

1060 934 1108 962 ter
1126 929 1157 962 in
1182 929 1365 973 praemissis
1390 929 1536 962 omnibus
1554 935 1583 962 et
1603 930 1732 971 singulis
1749 940 1805 972 per

1062 992 1280 1026 quoscumque
1312 983 1431 1015 iudices
1461 982 1637 1016 ordinarios
1666 988 1695 1014 et
1721 983 1804 1015 dele-

1061 1042 1171 1079 gatos,
1197 1037 1290 1071 etiam
1316 1047 1482 1070 causarum
1512 1037 1618 1080 palatii
1644 1036 1804 1080 apostolici

1061 1090 1239 1131 auditores,
1265 1100 1300 1123 ac
1323 1090 1463 1123 eiusdem
1496 1095 1621 1123 sanctae
1646 1091 1805 1123 Romanae

1061 1144 1220 1177 Ecclesiae
1244 1144 1434 1184 cardinales,
1461 1144 1554 1176 etiam
1580 1143 1618 1176 de
1642 1143 1740 1176 latere
1760 1143 1803 1176 le-

1062 1202 1151 1240 gatos
1175 1202 1205 1230 et
1228 1197 1370 1237 nuncios,
1395 1197 1502 1240 quavis
1528 1197 1712 1230 auctoritate
1735 1197 1801 1230 sun-

1063 1256 1180 1294 gcntes,
1195 1251 1303 1294 quavis
1324 1252 1418 1283 causa
1439 1256 1469 1282 et
1492 1250 1653 1292 instantia,
1680 1251 1804 1283 sublata

1063 1305 1107 1337 eis
1132 1309 1291 1337 eteorum
1318 1304 1444 1337 cuilibet
1469 1304 1577 1347 quavis
1601 1304 1690 1337 aliter
1718 1304 1802 1337 iudi-

1063 1358 1153 1391 candi
1174 1363 1203 1390 et
1227 1357 1452 1401 interpretandi
1480 1358 1624 1390 facultate
1649 1364 1676 1391 et
1699 1364 1805 1392 aucto-

1063 1411 1164 1450 ritate,
1186 1411 1318 1443 iudicari
1344 1416 1373 1443 et
1398 1410 1522 1443 definiri
1547 1411 1661 1444 debere
1676 1439 1683 1452 ‚
1711 1423 1747 1445 ac
1764 1413 1805 1445 ir-

1063 1465 1158 1497 ritum
1184 1469 1214 1496 et
1239 1464 1329 1496 inane
1347 1464 1499 1507 quidquid
1524 1475 1612 1497 secus
1637 1476 1734 1509 super
1758 1466 1806 1498 liis

1063 1528 1079 1550 a
1093 1528 1263 1561 quoquam,
1277 1517 1386 1560 quavis
1400 1518 1595 1557 auctoritate,
1612 1519 1746 1552 scienter
1759 1521 1806 1552 vel

1064 1570 1255 1614 ignoranter,
1273 1571 1440 1614 contigerit
1460 1572 1613 1604 attentari.

1109 1624 1123 1667 ξ
1148 1623 1176 1657 8.
1203 1625 1271 1657 Non
1301 1625 1498 1658 obstantibus
1530 1626 1807 1660 constitutionibus

1064 1684 1093 1711 et
1111 1678 1363 1716 ordinationibus
1384 1679 1572 1722 apostolicis,
1591 1691 1625 1713 ac
1647 1681 1807 1726 quibusvis

1065 1733 1186 1765 statutis
1216 1737 1245 1765 et
1275 1733 1572 1774 consuetudinibus,
1597 1734 1692 1767 etiam
1716 1735 1803 1768 iura-

1065 1792 1180 1827 mento,
1206 1787 1445 1820 confirmatione
1463 1788 1647 1831 apostolica,
1665 1789 1713 1821 vel
1730 1800 1807 1832 qua-

1066 1840 1110 1873 vis
1135 1839 1283 1872 firmitate
1309 1840 1368 1872 alia
1387 1840 1553 1880 roboratis,
1577 1841 1728 1881 statutis¹,
1747 1843 1808 1886 pri-

1066 1893 1187 1936 vilegiis
1207 1903 1343 1936 quoque,
1361 1893 1489 1926 indultis
1507 1898 1536 1926 et
1556 1894 1668 1927 litteris
1686 1901 1809 1938 aposto-

1066 1947 1143 1987 licis,
1156 1947 1257 1979 eidem
1273 1946 1500 1987 commissario,
1514 1957 1548 1980 ac
1563 1947 1727 1991 quibusvis
1740 1949 1807 1981 aliis

1066 2000 1218 2043 personis,
1237 2000 1294 2032 sub
1316 1999 1568 2044 quibuscumque
1594 2001 1757 2034 tenoribus
1779 2007 1808 2035 et

1065 2053 1192 2093 formis,
1217 2063 1252 2085 ac
1278 2064 1349 2086 cum
1375 2053 1537 2096 quibusvis
1562 2054 1654 2087 etlam
1681 2055 1809 2098 deroga-

1065 2107 1220 2140 toriarum
1241 2106 1461 2149 derogatoriis,
1480 2107 1611 2150 aliisque
1629 2108 1808 2141 eflicaciori—

1065 2160 1133 2199 bus,
1159 2160 1382 2193 efficacissimis
1400 2165 1429 2192 et
1454 2160 1587 2193 insolitis
1611 2161 1759 2194 clausulis
1779 2168 1809 2194 et

1064 2214 1208 2256 decretis,
1227 2214 1258 2246 in
1275 2224 1391 2256 genere
1414 2214 1462 2246 vel
1482 2214 1513 2246 in
1537 2215 1653 2258 specie,
1670 2225 1705 2247 ae
1722 2215 1807 2254 alias,

1064 2268 1094 2300 in
1106 2268 1300 2301 contrarium
1313 2267 1561 2311 praemissorum
1572 2269 1806 2311 quomodolibet

1064 2321 1231 2361 concessis,
1249 2321 1442 2353 confirmatis
1459 2326 1489 2353 et
1505 2321 1674 2360 innovatis;
1693 2321 1808 2364 quibus

1063 2374 1209 2407 omnibus
1223 2380 1253 2407 et
1270 2374 1410 2417 singulis,
1428 2375 1548 2407 etiamsi
1566 2385 1625 2418 pro
1642 2375 1807 2407 sufficienti

1064 2438 1174 2460 eorum
1199 2427 1403 2470 derogatione
1421 2428 1458 2460 de
1477 2428 1548 2467 illis,
1566 2438 1741 2471 eorumque
1765 2433 1808 2461 to-

1065 2482 1102 2514 tis
1122 2481 1294 2521 tenoribus,
1315 2481 1469 2524 specialis,
1486 2480 1643 2524 specifica,
1662 2491 1822 2525 expressa*

1064 2540 1094 2567 et
1125 2534 1284 2567 individua
1313 2545 1349 2568 ac
1381 2535 1418 2568 de
1450 2535 1548 2567 verbo
1581 2535 1620 2567 ad
1652 2536 1806 2576 verbum,

1063 2598 1127 2622 non
1146 2592 1251 2621 autem
1275 2598 1333 2632 per
1357 2588 1512 2621 clausulas
1536 2589 1699 2632 generales
1724 2588 1807 2622 idem

326 2650 338 2677 1
356 2649 433 2685 Male,
449 2653 568 2686 utputo,
585 2650 649 2679 edit.
666 2651 749 2679 Μαίη.
762 2650 845 2680 habet
854 2652 1029 2688 dietmar).
1045 2631 1049 2682 i
1102 2652 1111 2678 1
1134 2651 1191 2678 Yox
1209 2651 1324 2680 statutis
1343 2650 1477 2679 redundat
1497 2653 1535 2685 (n.
1548 2652 1595 2686 T.).

1823 1661 1886 1687 ‹loru›tx

1817 240 1864 265 An.
1882 240 1908 265 C.
1933 240 1999 266 tom

1889 1635 2007 1681 (It-intramis

1883 1669 1899 1681 ’ΖΙ
1914 1679 1917 1682 .
