2248 3229
101 229 152 257 An.
172 229 202 258 C.
220 229 287 258 1633

143 1684 232 1706 Decreta
250 1691 283 1706 sa-

98 1717 150 1742 crae
165 1713 283 1742 congrega-

99 1741 162 1759 tionis
178 1741 261 1760 rituum.

906 231 1046 256 rnnANt's
1071 231 1130 255 vm
1156 232 1203 256 rP.

298 278 491 320 iuramento,
516 277 756 313 confirmatione
780 280 967 324 apostolica,
988 281 1037 314 rel

296 332 357 366 alia
382 331 491 376 (plavis
515 332 662 366 firmitate
686 332 854 374 roboratis,
869 333 992 368 statutis
1009 338 1038 366 et

297 385 592 428 consuetudinibus,
624 387 797 431 privilegiis
821 398 966 432 quoque,
992 388 1039 420 in-

297 439 391 473 dultis
412 444 441 473 et
465 440 576 475 litteris
594 440 776 485 apostolicis
792 441 822 473 in
841 441 1037 474 contrarium
1054 462 1056 466 »

296 494 544 537 praemissorum
581 494 818 538 quomodolibet
855 494 1013 528 concessis
1031 522 1037 537 ‚

297 546 491 580 confirmatis
515 552 546 580 et
569 546 738 587 innovatis3
759 547 873 591 quibus
890 547 1038 581 omnibus

297 606 327 633 et
351 601 493 644 singulis,
519 611 693 645 eorumque
718 607 844 635 tenores
867 596 1057 646 praesenti-¹

296 654 355 687 bus
385 665 444 698 pro
474 654 565 699 plene
599 660 629 688 et
658 655 850 690 sufficienter
883 654 1057 699 expressisi

296 707 468 749 hahentes,
492 709 554 742 illis
579 709 654 742 alias
679 709 710 742 in
735 720 792 744 suo
823 709 939 743 robore
964 719 1057 753 pers

297 762 476 803 mansuris,
500 762 559 795 hac
583 763 649 796 vice
674 763 836 796 dumtaxat
859 763 1039 807 specialiter

297 819 326 849 et
342 825 488 860 expresse
505 815 695 860 derogamus
702 828 710 857 ;
729 817 904 861 ceterisque
919 820 1039 850 contra·
1056 823 1057 831 ¹

297 869 353 902 riis
377 869 638 915 quibuscumque.

334 922 446 956 Datum
475 924 612 965 Romae,
636 923 720 968 apud
745 923 773 957 S.
799 923 926 957 Mariam
948 923 1039 956 Maio-

297 987 376 1018 rem,
394 977 452 1011 sub
468 978 584 1012 annulo
601 977 780 1018 Piscatoris,
801 977 849 1010 die
871 987 947 1011 xxm
962 976 1037 1010 iunii

298 1042 472 1074 nncxxxnn
496 1032 698 1077 pontificatus
722 1031 822 1066 nostri
847 1041 928 1065 anno
954 1043 981 1065 x.

334 1096 391 1124 Dat.
410 1095 452 1123 die
467 1096 501 1123 23
518 1095 584 1123 iunii
606 1094 689 1130 1633,
711 1095 808 1131 pontis.
830 1103 900 1122 anno
916 1104 940 1122 x.

601 1213 735 1247 CDLXV.

298 1285 476 1329 Requlares
506 1295 572 1318 non
601 1289 737 1329 possunt
763 1285 932 1328 prohiberi
955 1272 1057 1317 assoss

342 1339 428 1372 ciari
451 1350 586 1383 corpora
609 1339 851 1383 clefmzctorum,
879 1342 907 1371 et
932 1339 1040 1371 curati

341 1403 407 1426 non
431 1394 555 1436 possint
579 1403 685 1437 cogere
710 1392 860 1425 haeredes
879 1391 1040 1434 defuncto-

342 1456 419 1478 rum
449 1445 604 1479 celebrari
630 1447 734 1489 facere
757 1446 875 1478 missas
903 1445 939 1478 in
971 1445 1039 1478 suis

343 1499 482 1532 ecclesiis
503 1498 751 1543 parochialibus
765 1498 783 1531 ¹.

501 1570 636 1597 Urbanus
657 1570 735 1604 Papa
754 1570 834 1604 vm,

440 1615 476 1642 ad
497 1615 631 1643 futuram
650 1615 695 1642 rei
716 1614 895 1642 memoriam.

341 1677 356 1721 ἓ
386 1678 410 1710 l.
435 1678 542 1721 Nuper
566 1688 624 1721 pro
648 1681 736 1721 parte
750 1677 938 1711 dilectorum
963 1677 1040 1711 filio-

298 1741 369 1764 rum
393 1735 638 1774 procuratorum
664 1730 859 1773 generalium
886 1730 1039 1764 Ordinum

298 1784 396 1817 saneti
411 1783 578 1825 Francisci,
593 1784 691 1817 sancti
705 1784 871 1827 Augustini
886 1789 913 1817 et
928 1784 1039 1817 Beatae

298 1837 411 1871 Mariae
425 1837 463 1870 de
479 1838 583 1871 Monte
601 1838 755 1881 Carmelo,
772 1837 1038 1871 Discalceatorum

298 1896 563 1935 nuncupatorum,
577 1891 668 1925 nobis
680 1891 857 1935 expositum
871 1891 938 1932 suit>
955 1892 1038 1935 quod

297 1946 373 1978 alias
386 1956 403 1978 a
416 1945 646 1978 venerabilibus
666 1945 816 1978 fratribus
840 1946 955 1978 nostris
970 1956 1039 1978 san-

299 2004 367 2032 ctae
378 1999 536 2032 Romanae
546 1998 703 2031 Ecclesiae
719 1997 930 2031 cardinalibus
944 1998 1040 2031 sacris

298 2052 409 2086 ritibus
434 2052 624 2096 praepositis
649 2051 804 2085 emanavit
820 2051 981 2085 decretum
999 2057 1040 2085 te-

298 2105 385 2139 noris
409 2105 657 2150 subsequentis²,
683 2105 844 2139 videlicet:

342 2158 532 2192 Instantibus
556 2159 818 2202 procuratoribus
838 2159 1039 2202 generalibus

299 2212 451 2245 Ordinum
468 2212 734 2254 Praedicatorum,
752 2213 850 2246 sancti
871 2213 1039 2253 Francisci‚

299 2266 398 2300 sancti
422 2267 589 2310 Augustini
620 2273 650 2301 et
673 2267 940 2301 Discalceatorum
965 2267 1038 2300 Car-

336 2384 347 2409 1
366 2382 482 2410 Parochi
498 2390 550 2410 non
565 2386 679 2418 possunt
694 2391 790 2418 cogere
806 2383 936 2411 habentes
952 2383 1040 2419 sepul·
1056 2386 1058 2402 l

1056 2454 1058 2466 ,
1075 2427 1222 2468 defectus,
1240 2428 1293 2471 qui
1311 2428 1446 2472 desuper
1461 2427 1698 2472 quomodolibet
1724 2427 1814 2460 inter-

1057 2498 1058 2506 i
1075 2481 1225 2521 venerint,
1251 2482 1443 2525 supplemus.

301 2430 387 2454 turam
402 2427 429 2454 in
445 2427 566 2454 ecclesiis
579 2427 693 2455 fratrum
709 2427 842 2455 Minorum
856 2428 941 2455 sancti
956 2427 1040 2455 Fran-

301 2471 363 2498 cisci
378 2471 411 2498 de
422 2471 599 2498 Observantia
613 2471 641 2498 in
659 2471 741 2498 lndiis
757 2471 864 2507 sepeliri
879 2472 905 2498 in
920 2472 1040 2499 eeclesiis

304 2515 521 2552 parochialibus3
551 2516 611 2543 vide
640 2516 741 2543 Urbani
761 2516 819 2542 wll
846 2516 934 2543 Const.
959 2516 1040 2544 Alitis

299 2561 400 2595 felicis,
418 2565 482 2589 tom.
500 2567 554 2594 xm,
571 2569 631 2596 pag.
647 2561 712 2594 4173
730 2560 789 2587 vide
805 2560 885 2588 etiam
901 2560 979 2595 infra,
990 2561 1039 2588 sub

300 2605 355 2633 dat.
371 2613 396 2633 xi
413 2606 503 2633 martii
516 2612 679 2633 Mocxxxviu.

335 2651 351 2678 2
367 2651 438 2681 Edit.
455 2652 533 2681 Μαίη.
550 2652 613 2688 legit
629 2653 865 2689 subsequentibus
879 2654 916 2688 (n.
929 2654 977 2688 Τ.).

1072 281 1261 322 inclitarum,
1287 280 1458 315 declarari:
1480 279 1502 314 I.
1520 289 1559 314 an
1578 280 1670 314 liceat
1686 282 1811 324 curatis,

1073 335 1182 368 solutis
1207 346 1318 369 corum
1343 335 1466 368 iuribus
1485 334 1731 379 parochialibus,
1755 335 1812 367 im-

1066 388 1181 435 pedire
1206 394 1315 422 contra
1340 389 1531 424 voluntatem
1556 389 1728 423 haeredum
1754 388 1810 421 de-

1073 442 1252 476 functorum
1277 453 1315 475 ne
1335 443 1497 486 regulares
1515 442 1553 476 ad
1570 443 1662 476 sunus
1679 452 1814 486 corpora

1072 495 1294 528 defunctorum
1308 495 1345 528 ad
1355 496 1480 540 quasvis
1490 497 1637 530 ccclesias
1647 495 1814 529 deserenda

1073 550 1134 581 una
1159 560 1230 582 cum
1255 549 1402 593 parochis
1429 556 1458 582 et
1489 550 1612 583 clericis
1642 549 1815 594 processio-

1072 602 1185 635 naliter
1202 601 1385 643 associcnt¹3
1403 608 1432 636 et
1449 603 1486 636 ad
1506 603 1566 637 hoc
1589 614 1678 637 sacra
1696 603 1813 637 rituum

1073 655 1277 699 congregatio
1302 656 1482 700 respondit,
1506 657 1669 700 regulares
1688 657 1717 689 in
1739 667 1813 689 casu

1074 709 1236 752 proposito
1251 719 1313 743 non
1329 720 1422 754 posse
1443 709 1599 754 impedit-ig
1618 710 1653 743 ΙΙ.
1671 720 1709 742 an
1727 720 1814 754 prac-

1072 761 1145 796 dicti
1171 763 1270 796 curati
1294 764 1416 807 possint
1444 775 1559 807 cogere
1582 764 1734 797 haeredes
1759 774 1814 797 seu

1073 822 1283 860 exequutores
1308 818 1576 860 testamentarios>
1601 822 1652 859 ut,
1676 828 1735 862 pro
1760 817 1815 851 dc-

1072 870 1186 903 functis
1211 872 1264 914 qui
1290 871 1485 904 tumulantur
1510 871 1540 904 in
1560 871 1702 905 ecclesiis
1726 881 1816 914 regu-

1073 923 1209 964 larium,
1235 923 1266 956 in
1292 924 1433 957 ecclesiis
1458 924 1552 958 etiam
1582 924 1815 969 parochialibus

1072 977 1227 1010 celebrari
1262 977 1375 1011 saciant
1409 978 1512 1012 officia
1543 979 1753 1012 novemdialia
1786 983 1816 1011 et

1073 1031 1297 1073 anniversaria,
1321 1037 1417 1076 prout
1442 1032 1642 1066 celebrantur
1666 1033 1697 1065 in
1716 1032 1815 1065 eccle-

1074 1085 1127 1118 siis
1152 1086 1347 1129 regularium
1363 1113 1370 1126 ,
1396 1086 1427 1119 in
1452 1086 1567 1130 quibus
1592 1085 1744 1120 cadavera
1768 1096 1816 1118 se-

1073 1140 1250 1184 peliuntur3
1283 1144 1312 1174 et
1343 1150 1432 1174 sacra
1464 1140 1583 1173 rituum
1610 1140 1815 1184 congregatio

1074 1193 1253 1238 respondit,
1279 1203 1342 1227 non
1365 1204 1457 1238 posse
1478 1204 1602 1238 cogere.

1117 1247 1171 1280 Die
1196 1257 1276 1281 xxm
1301 1248 1411 1291 aprilis
1436 1258 1611 1282 nncxxxln.

1118 1301 1132 1344 g
1156 1301 1186 1334 2.
1207 1302 1282 1335 Cum
1304 1306 1418 1344 autem,
1440 1302 1520 1336 sicut
1537 1302 1646 1336 eadem
1663 1302 1815 1346 expositio

1073 1354 1302 1398 subiungebat,
1333 1355 1408 1388 dicti
1434 1361 1627 1400 exponentes
1651 1355 1814 1389 decretum

1073 1409 1304 1452 praeinsertum
1330 1409 1521 1453 apostolicae
1546 1415 1672 1443 nostrae
1694 1409 1814 1443 contir-

1075 1462 1220 1496 mationis
1244 1461 1361 1496 robore
1394 1463 1585 1496 communiri
1614 1473 1815 1508 summopere

1073 1515 1267 1549 desiderent:
1285 1526 1352 1557 nos,
1366 1516 1437 1550 illos
1455 1516 1644 1561 specialibus
1658 1517 1817 1550 favoribus

1074 1574 1103 1602 et
1128 1569 1237 1612 gratiis
1269 1569 1418 1614 prosequi
1450 1570 1607 1610 volentes,
1640 1575 1670 1603 et
1705 1580 1815 1603 eorum

1074 1622 1250 1666 singulares
1270 1634 1421 1668 personas
1450 1635 1468 1657 a
1497 1624 1659 1668 quibusvis
1684 1635 1813 1658 excom-

1075 1677 1312 1720 municationis,
1339 1678 1553 1722 suspensionis
1582 1682 1612 1712 et
1636 1678 1815 1719 interdicti,

1073 1731 1204 1774 aliisque
1229 1732 1447 1765 ecclesiasticis
1472 1732 1647 1771 sententiis,
1674 1732 1815 1765 censuris

1074 1789 1103 1816 et
1127 1785 1246 1828 poenis,
1271 1795 1288 1817 a
1313 1785 1380 1818 iure
1405 1785 1453 1818 vel
1477 1785 1515 1817 ab
1540 1785 1679 1823 homine,
1704 1785 1814 1829 quavis

1074 1839 1239 1871 occasione
1264 1839 1311 1871 vel
1336 1840 1430 1872 causa
1455 1839 1535 1879 latis,
1560 1839 1585 1871 si
1611 1838 1725 1882 quibus
1742 1849 1816 1882 quo—

1074 1891 1244 1924 modolibet
1271 1891 1436 1925 innodatae
1453 1891 1598 1934 existunt,
1615 1891 1653 1924 ad
1670 1891 1815 1924 effectum

1074 1945 1285 1988 praesentium
1304 1945 1465 1979 dumtaxat
1482 1945 1748 1989 consequendum,
1764 1946 1817 1978 ha-

1076 2009 1144 2031 rum
1170 1999 1251 2032 serie
1275 1999 1471 2033 absolventes
1503 2003 1532 2033 et
1560 1999 1718 2033 absolutas
1750 2000 1815 2032 sore

1074 2056 1245 2095 censentes,
1257 2053 1539 2097 supplicationibus
1548 2053 1674 2086 illorum
1688 2053 1814 2086 nomine

1074 2105 1165 2138 nobis
1191 2116 1285 2150 super
1316 2106 1376 2139 hoc
1407 2106 1567 2139 humiliter
1591 2106 1745 2150 porrectis
1770 2107 1815 2138 in-

1075 2158 1189 2201 clinati,
1205 2158 1365 2193 decretum
1383 2159 1624 2203 praeinsertum‚
1644 2160 1815 2204 apostolica

1075 2212 1258 2245 auctoritate
1273 2239 1280 2253 ‚
1305 2218 1414 2246 tenore
1438 2213 1674 2257 praesentium⁷
1700 2223 1814 2257 appro-

1075 2265 1184 2299 bamus
1198 2271 1225 2299 et
1246 2266 1480 2308 confirmamus,
1502 2267 1609 2310 illique
1627 2266 1814 2300 inviolabilis

1075 2320 1263 2364 apostolicae
1289 2320 1446 2353 firmitatis
1463 2321 1562 2354 robur
1586 2320 1758 2361 adiicimus,
1779 2330 1813 2352 ac

1075 2384 1184 2407 omnes
1208 2378 1237 2408 ct
1261 2374 1401 2417 singulos
1430 2380 1492 2408 tam
1523 2375 1598 2407 iuris
1623 2385 1716 2418 quam
1742 2374 1814 2406 sacti

1119 2536 1133 2578 g
1158 2535 1187 2567 a.
1212 2535 1421 2569 Decernentes
1449 2535 1611 2568 decretum
1636 2535 1811 2579 praefatum

1056 2599 1195 2641 mecnon
1220 2589 1338 2623 litteras
1362 2594 1543 2633 praesentes
1568 2589 1688 2630 valida,
1722 2588 1812 2623 firma

1114 2655 1119 2679 l
1145 2652 1213 2680 Edit.
1236 2652 1312 2681 Main.
1336 2652 1399 2688 legit
1419 2652 1558 2680 associavit
1577 2653 1616 2687 (R.
1635 2652 1682 2685 τ.).

1717 222 1781 256 349
1826 231 1876 259 Αη,
1897 231 1926 259 C.
1943 231 2012 260 1633

1854 1310 2014 1333 Confirmaniur.

1876 2539 1907 2562 Ita
1923 2539 2012 2564 iudicari

1828 2567 1921 2590 mandat.
