2248 3229
111 223 160 254 An.
181 223 214 254 ὣ
227 222 296 254 168ι

152 659 202 687 Cap.
219 659 255 681 w.

138 686 169 708 De
190 687 296 707 sociorum

111 713 219 737 dissidiis,
240 718 295 739 quae

111 739 165 761 sorte
193 740 295 764 orientur,

111 766 269 794 componendis.

156 1783 208 1809 Cap.
223 1781 250 1803 V.

138 1809 169 1831 ne
184 1810 224 1833 his,
241 1814 298 1836 quae

112 1841 171 1858 eii-ca
181 1842 253 1857 eoi-uin
262 1841 297 1856 cu-

190 1864 210 1883 ui
224 1863 249 1883 de
260 1868 298 1883 no-

112 1889 172 1910 voad
193 1890 240 1910 dem
249 1894 298 1910 cun·

113 1917 169 1937 vei-si
194 1918 249 1940 sunt,
263 1921 298 1936 so-

112 1943 179 1964 cietas
202 1944 297 1968 praesta-

111 1975 135 1991 ro
150 1969 220 1991 dehet.

112 1869 163 1886 [affl-

917 223 1060 250 URBANUS
1084 222 1142 249 vm
1165 223 1212 248 PP-

311 272 384 314 ctis,
410 272 542 307 societas
568 271 643 317 quid
671 271 829 316 agendum
857 272 896 306 sit
928 271 1053 306 delibe-

311 325 402 359 rabit.

354 378 389 413 In
411 378 475 413 fine
506 379 630 414 tandem
655 379 806 424 cuiusque
837 380 1054 423 congregatio-

309 432 358 467 nis
382 432 459 475 dies
482 433 562 467 hora
586 439 615 467 et
639 434 737 476 loeus,
763 443 826 477 quo
850 433 909 468 crit
933 443 1049 466 eonve-

311 487 471 530 niendum,
497 486 721 528 destinabitur,
746 490 839 530 atque
863 487 901 520 de
925 486 1052 529 negotio

312 540 534 585 pertractando
562 541 616 585 qui
652 545 833 585 praesentes
858 540 975 574 fuerint
998 539 1052 572 ab·

312 599 415 628 sentes
437 593 659 628 admonebunt.
706 624 709 627 .

356 647 388 682 Si
412 645 492 682 forte
517 647 623 691 (quod
648 647 746 691 absit)
776 647 983 681 dissentiones
1017 656 1052 679 ae

311 700 439 735 dissidia
453 701 571 745 aliquot
585 701 707 735 sodales
724 701 806 734 inter
822 701 973 742 orientur,
994 710 1052 743 pro

310 754 430 788 viribus
447 754 580 788 societas
597 760 685 788 curet
709 765 745 788 ea
769 763 970 798 componere,
988 763 1054 786 eos-

310 818 373 853 que
396 808 432 842 in*
452 808 617 853 pristinam
642 808 822 842 animorum
851 806 1052 841 concordiam

310 871 478 902 revocare;
501 862 586 906 quod
605 861 630 895 si
654 861 732 895 nihil
752 860 900 906 precibus
924 870 959 893 ae
983 860 1054 893 hor-

311 915 482 949 tationibus
506 915 687 960 profecerit,
705 915 805 948 donec
822 914 859 947 de
884 923 993 946 eorum
1008 922 1054 945 re-

312 968 534 1003 conciliatione
551 967 736 1008 constiterit,
753 977 816 1009 eos,
830 971 865 1000 ut
886 976 902 999 a
920 975 1052 1009 congre-

311 1023 438 1067 gatione
454 1022 643 1062 abstineant,
659 1020 850 1054 admonebit.

355 1076 386 1110 Si
404 1076 476 1120 quis
499 1085 574 1109 vero
594 1073 812 1108 dissidentium
831 1073 988 1107 societatis
1009 1083 1055 1106 ar-

311 1129 407 1164 bitrio
430 1138 464 1163 se
488 1128 649 1169 subiiciat,
674 1138 746 1161 eum
771 1127 903 1161 societas
928 1127 1050 1171 ample-

311 1186 422 1224 ctetur,
439 1182 492 1215 alii
509 1192 584 1215 vero
601 1181 703 1215 adhuc
719 1180 913 1223 dissidentes,
932 1180 957 1214 si
972 1180 1054 1213 infra

311 1234 491 1279 quindecim
511 1234 578 1268 dies
595 1234 819 1268 dissentionem
839 1239 933 1278 atque
958 1233 1053 1267 animi

311 1288 459 1323 duritiem
476 1297 539 1322 non
556 1288 729 1333 posuerint,
746 1288 779 1320 in
798 1288 979 1322 societatem
999 1287 1054 1320 ite-

310 1353 382 1377 rum
403 1342 470 1376 sine
486 1342 621 1375 duarum
638 1341 804 1375 tertiarum
824 1341 960 1385 partium
979 1351 1054 1375 eon-

311 1406 405 1430 sensu
429 1406 493 1430 non
518 1400 590 1430 sunt
613 1395 808 1430 admittendi.

355 1449 444 1491 Quod
469 1450 494 1483 si
519 1459 629 1484 omnes
645 1450 731 1484 litem
752 1454 781 1483 et
806 1448 1053 1483 controversiam

311 1503 467 1539 societatis
491 1503 624 1538 arbitrio
650 1503 889 1537 examinandam
914 1508 944 1536 et
968 1514 1054 1537 com-

309 1557 488 1604 ponendam
513 1557 689 1599 subiiciant‚
711 1557 854 1597 societas,
879 1557 1054 1590 rationibus

310 1612 385 1646 hine
409 1611 481 1645 inde
501 1611 650 1652 excussis,
667 1611 705 1644 ad
728 1611 782 1644 Dei
808 1610 951 1654 gloriam,
969 1610 1055 1655 quod

311 1665 412 1710 magis
422 1665 578 1699 videbitur
589 1664 748 1709 expedire,
765 1665 910 1709 quodque
925 1665 1054 1708 aequius

312 1717 382 1758 erit,
402 1716 598 1750 deliberabit.

356 1770 446 1804 Haud
469 1770 598 1813 segnior
621 1769 749 1814 quidem
785 1768 943 1803 societatis
978 1780 1055 1803 cura

313 1833 382 1859 esse
405 1825 500 1858 debet
522 1824 555 1858 in
579 1824 628 1857 his
652 1824 886 1865 confirmandis,
911 1835 990 1869 quos
1015 1824 1054 1857 ad

312 1878 407 1912 fidem
431 1877 600 1918 revocavit,
617 1888 711 1922 quam
732 1878 764 1911 in
784 1878 967 1912 revocandis
987 1878 1053 1912 fuit.

312 1932 410 1973 Unde,
422 1942 463 1965 ne
476 1937 640 1976 susceptae
651 1942 704 1965 eos
716 1932 878 1976 religionis
886 1932 1053 1976 poeniteat,

312 1987 437 2031 saepius
450 1986 597 2026 invisere,
610 1986 755 2026 blandiri,
766 1992 804 2028 et,
816 1997 877 2031 qua
889 1987 1055 2031 spirituali-

311 2040 370 2074 bus
387 2045 418 2074 et
434 2050 496 2084 qua
512 2039 739 2084 temporalibus
756 2040 877 2074 collatis
898 2040 1054 2081 subsidiis,

312 2104 423 2128 eorum
448 2093 628 2137 indigentiis
652 2104 821 2127 occurrere
846 2094 1013 2138 oportebit.

357 2148 437 2182 Hine
460 2153 600 2192 paratam
634 2158 760 2192 semper
784 2148 912 2182 domum
938 2148 975 2181 acl
1001 2159 1054 2181 cos

312 2201 511 2246 recipiendos
535 2202 588 2246 qui
620 2201 658 2235 ad
684 2202 892 2247 profitendam
919 2203 1052 2236 catholi-

314 2265 382 2289 cam
408 2254 592 2299 religionem
625 2258 681 2289 sua
711 2255 806 2289 domo
832 2262 1054 2296 excesserunt;

311 2314 405 2354 atque
418 2308 638 2353 undecumque
654 2309 779 2343 tandem
798 2310 983 2344 accesserint
1003 2310 1055 2343 ho-

311 2362 405 2408 spitio
429 2366 501 2396 sunt
533 2363 731 2407 excipiendi,
759 2369 852 2408 atque
877 2356 1072 2397 humaniter}

311 2415 474 2450 tractandi.
493 2416 724 2450 Advertendum
751 2427 825 2451 vero
843 2418 977 2450 maxime
998 2424 1053 2459 est,

310 2475 345 2503 ut
369 2470 423 2514 qui
449 2469 501 2502 tali
525 2469 620 2503 domo
650 2475 681 2503 et
705 2470 842 2514 hospitio
868 2476 999 2515 praeest,
1029 2472 1054 2504 is

311 2523 360 2564 sit,
378 2529 412 2556 ut
430 2523 510 2556 vitae
527 2533 562 2556 ac
580 2528 703 2556 morum
726 2524 903 2557 innocentia
922 2536 957 2558 ac
975 2525 1054 2558 chri—

311 2577 410 2610 stiana
434 2578 586 2610 charitate
607 2588 660 2611 eos
679 2578 803 2618 alliciat,
817 2584 846 2611 et
867 2579 988 2612 traditis
1006 2591 1053 2613 ve—

310 2640 365 2665 rae
387 2631 511 2676 pietatis
535 2631 686 2676 exemplis
702 2658 710 2673 ,
735 2632 766 2664 in
791 2633 946 2666 catholica
972 2633 1048 2666 reli-

1088 272 1180 315 gione
1206 271 1306 315 magis
1326 271 1489 315 magisque
1509 268 1684 305 confirmet.
1704 269 1831 314 Propte-

1090 337 1143 359 rea
1160 331 1251 359 notae
1272 325 1443 358 sanctitatis
1457 335 1492 357 ac
1510 324 1633 368 pietatis
1647 334 1714 357 esse
1728 324 1828 367 debet,

1088 385 1128 420 et,
1150 380 1175 413 si
1201 380 1269 413 fieri
1295 379 1412 424 possit,
1442 389 1478 411 ex
1509 378 1656 412 societate
1680 378 1750 422 ipsa
1774 378 1829 411 eli-

1089 433 1220 476 gendus,
1232 433 1294 476 qui,
1306 439 1335 466 et.
1352 432 1578 476 temporalibus
1592 431 1830 465 necessitatibus

1089 487 1239 527 consulat,
1251 486 1411 529 multoque
1426 485 1526 528 magis
1540 485 1756 529 spiritualibus
1770 485 1830 518 col-

1089 539 1157 572 latis
1182 539 1329 572 subsidiis
1356 539 1495 573 instituat
1516 538 1554 571 ad
1573 549 1664 571 verae
1682 544 1712 572 et
1728 539 1831 572 eatho-

1087 593 1164 625 lieae
1181 592 1341 635 religionis
1367 592 1521 632 studium,
1538 592 1683 625 observet
1706 601 1831 636 quoque

1088 656 1198 680 eorum
1225 656 1339 686 mores,
1357 651 1387 679 et
1404 646 1543 679 societati
1568 646 1694 686 reserat,
1711 651 1745 678 ut
1764 646 1830 689 ipsa

1088 700 1245 744 tempori,
1277 701 1302 732 si
1327 700 1401 744 quid
1427 704 1508 733 esset
1538 710 1638 743 opus,
1664 699 1830 743 providere

1089 753 1196 797 possit.

1133 807 1322 850 Peregrinae
1340 808 1477 850 virgines
1494 817 1529 840 ac
1548 805 1696 840 mulieres
1724 805 1763 839 ab
1778 805 1831 840 ho-

1088 863 1177 894 nesta
1202 861 1306 904 aliqua
1341 862 1473 894 muliere
1506 866 1577 894 sunt
1608 860 1830 905 excipiendae,

1090 915 1219 958 eiusque
1245 924 1339 947 curae
1362 914 1541 953 tradendae,
1567 914 1655 947 cuius
1679 914 1738 947 erit
1768 923 1831 947 non

1090 967 1183 1002 modo
1208 967 1247 1001 de
1271 968 1340 1008 liis,
1369 978 1449 1011 quae
1474 968 1511 1000 ad
1536 968 1631 1000 vitam
1655 967 1831 1000 necessaria

1089 1026 1171 1061 sunt,
1186 1021 1365 1065 providere,
1386 1021 1439 1054 sed
1464 1031 1522 1065 pro
1539 1021 1604 1054 eius
1622 1025 1713 1064 captu
1734 1021 1765 1054 in
1785 1031 1832 1054 su-

1089 1076 1195 1119 scepta
1209 1074 1373 1117 religione,
1384 1084 1446 1118 qua
1466 1074 1579 1116 verbis,
1594 1085 1655 1118 qua
1672 1074 1831 1118 exemplis,

1089 1128 1288 1161 confirmare.
1314 1127 1359 1161 Ad
1395 1127 1584 1161 exactiorem
1616 1138 1691 1160 vero
1722 1137 1832 1161 earum

1089 1182 1120 1215 in
1141 1181 1285 1215 doctrina
1310 1181 1480 1215 christiana
1501 1192 1537 1215 ae
1562 1181 1622 1214 side
1650 1181 1830 1215 instructio-

1089 1246 1161 1269 nem
1186 1235 1325 1279 religiosi
1347 1245 1382 1268 ao
1399 1245 1510 1278 graves
1528 1235 1596 1275 viri,
1615 1235 1723 1269 saltem
1742 1235 1832 1279 quin-

1089 1289 1283 1333 quagenarii,
1302 1294 1373 1321 sunt
1387 1288 1604 1330 substituendi,
1619 1289 1672 1333 qui
1690 1289 1719 1321 id
1738 1289 1768 1321 in
1786 1299 1832 1323 ec-

1089 1343 1184 1376 clesia
1209 1347 1239 1375 et
1263 1342 1294 1375 in
1319 1342 1453 1375 aliorum
1486 1342 1663 1386 praesentia
1694 1347 1830 1385 praesta·

1089 1397 1175 1430 bunt.
1195 1396 1255 1429 Pro
1280 1396 1424 1440 expensis
1451 1406 1536 1436 vero,
1554 1406 1633 1439 quae
1658 1396 1696 1428 ad
1722 1407 1832 1430 earum

1089 1449 1304 1494 exceptionem
1331 1455 1360 1482 et
1384 1449 1663 1482 substentationem
1688 1460 1831 1484 necessa-

1088 1503 1152 1537 riae
1178 1508 1278 1544 erunt,
1293 1504 1360 1547 ipsa
1383 1503 1516 1536 societas
1540 1503 1726 1547 providebit.

1132 1557 1163 1591 si
1188 1557 1267 1590 sorte
1292 1557 1403 1600 aliquis
1420 1567 1456 1590 cx
1474 1557 1522 1590 his
1551 1557 1588 1590 de
1605 1567 1686 1590 novo
1704 1567 1831 1591 conver-

1089 1611 1130 1644 sis
1156 1611 1186 1644 in
1212 1611 1360 1644 morbum
1386 1611 1548 1650 incideret,
1566 1616 1658 1655 atque
1684 1612 1723 1645 ob
1742 1622 1830 1645 suam

1089 1670 1260 1708 egestatem
1286 1664 1368 1697 unde
1402 1675 1458 1697 suo
1488 1665 1600 1698 morbo
1624 1675 1660 1697 ac
1686 1665 1831 1698 miseriae

1091 1717 1270 1752 consulere¹
1286 1719 1384 1762 possit
1400 1729 1462 1751 non
1480 1719 1620 1759 haberet,
1638 1719 1761 1752 curabit
1774 1730 1831 1764 pro

1091 1772 1171 1805 virili
1198 1772 1348 1812 societas,
1369 1777 1403 1805 ut
1420 1772 1477 1805 viri
1504 1772 1534 1805 in
1561 1773 1755 1806 xenodochio
1780 1773 1832 1808 So-

1089 1827 1209 1860 cietatis
1233 1826 1398 1860 Cliaritatis
1432 1827 1650 1870 excipiantur3
1683 1828 1832 1861 mulieres

1088 1891 1163 1914 vero
1181 1881 1264 1925 apud
1284 1881 1422 1913 eiusdem
1441 1874 1603 1914 Societatis
1619 1881 1765 1924 virgines,
1784 1882 1830 1915 vel

1089 1935 1184 1967 alium
1209 1935 1240 1967 in
1265 1935 1390 1976 locum,
1420 1935 1472 1967 ubi
1510 1935 1681 1967 christiana
1717 1935 1831 1979 pietate

1089 1998 1198 2021 eorum
1225 1999 1300 2021 cura
1325 1988 1390 2031 geri
1411 1989 1518 2031 possit,
1536 1988 1740 2032 excipiantur.

1134 2042 1272 2085 Reliquis
1297 2053 1371 2075 vero
1401 2043 1523 2075 assidua
1551 2043 1636 2075 febre
1664 2043 1832 2075 laboranti-

1091 2095 1157 2136 bus,
1176 2106 1233 2128 nee
1258 2096 1399 2139 pecunia,
1420 2106 1477 2128 nec
1507 2096 1712 2136 medicorum,
1741 2098 1832 2140 phar-

1071 2150 1346 2192 Jmacopolarum‚
1376 2154 1427 2183 aut
1458 2150 1591 2182 aliorum
1618 2152 1714 2193 opera
1738 2161 1829 2194 opem

1071 2194 1167 2236 {serat
1192 2203 1334 2242 societas,
1353 2203 1411 2235 nisi
1441 2204 1528 2247 prius
1548 2210 1671 2247 peccata
1689 2205 1831 2248 expiave-

1071 2283 1072 2305 Ξ
1090 2257 1151 2289 rint
1176 2262 1205 2289 et
1229 2267 1319 2289 sacro
1341 2267 1418 2300 pane
1436 2267 1467 2289 se
1486 2258 1665 2297 refecerint,
1684 2259 1766 2301 quod
1785 2269 1831 2291 so-

1089 2311 1191 2343 cietati
1218 2321 1274 2354 pet·
1298 2311 1481 2344 contessarii
1510 2312 1615 2351 tidem,
1635 2313 1678 2344 vel
1701 2313 1828 2344 alterius

1088 2375 1104 2397 e
1122 2364 1280 2403 societate,
1299 2365 1351 2408 qui
1378 2366 1456 2398 t'orte
1481 2365 1640 2404 adfuisset,
1658 2366 1827 2406 constabit;

1088 2429 1167 2461 quae
1186 2418 1261 2451 tides
1279 2429 1335 2462 per
1352 2419 1492 2451 eiusdem
1510 2420 1713 2452 secretarium
1736 2419 1829 2453 adno-

1090 2478 1180 2505 tetur.

1132 2526 1257 2559 Curabit
1271 2537 1396 2569 quoque
1413 2526 1553 2565 societas,
1567 2532 1597 2558 ut
1614 2527 1651 2559 de
1666 2537 1746 2560 novo
1761 2537 1830 2560 con—

1089 2580 1166 2612 versi
1190 2580 1280 2612 alicui
1307 2581 1363 2612 arti
1383 2581 1428 2612 vel
1447 2581 1586 2612 sei-rituti
1609 2571 1824 2622 addicantuur,

1123 2644 1133 2669 1
1156 2643 1225 2669 Edit.
1243 2642 1319 2669 atain.
1339 2644 1402 2678 legit
1418 2645 1560 2671 consulere
1576 2650 1610 2675 tu.
1629 2644 1677 2678 Τ.).

1732 211 1792 248 431
1845 223 1893 251 An.
1913 223 1942 253 c.
1960 224 2028 254 1634
