2248 3229
101 191 151 218 An.
165 190 194 217 C.
218 190 284 218 1637

123 1364 232 1386 cumulas
243 1371 279 1392 ap-

97 1393 162 1417 pontt.

94 1891 205 1913 contram
216 1894 278 1914 lulli!-

118 2159 152 2181 Ιιμ
161 2165 234 2186 prum„
245 2166 278 2182 gv.

94 2187 171 2206 noram
195 2186 278 2207 vntum

94 2215 171 2233 tuctur.

906 189 1046 213 t'ttma't's
1071 189 1119 213 PP.
1147 188 1202 212 vu(

298 248 369 272 rum
390 248 500 272 omnes
521 239 623 272 dictae
648 237 903 281 congregationis
926 238 1040 270 fratres

299 302 370 324 cum
395 301 472 335 pace
497 297 527 324 et
551 291 656 336 quiete
681 292 765 324 omni
790 291 822 323 in
842 291 975 324 Domino
1000 290 1042 322 vi—

300 354 372 377 vere
401 344 545 388 possint,
578 344 725 378 omnibus
759 349 790 377 et
824 343 956 387 singulis
981 354 1039 376 su-

299 397 492 440 perioribus,
518 398 746 441 cuiuscumque
771 402 887 436 status,
911 396 1039 439 gradus,

300 450 346 482 vel
371 450 560 484 conditionis
583 450 725 490 existant,
743 449 919 492 ceterisque
938 449 1039 481 dictae

297 502 552 546 congregationis
582 502 738 545 religiosis
771 502 829 535 sub
861 512 1040 535 excommu-

298 555 463 589 nicationis
491 556 623 599 aliisque
647 555 757 599 poenis
782 555 994 598 praecipimus
1010 558 1040 587 et

297 608 504 648 mandamus,
531 614 564 640 ut
595 619 704 642 omnes
728 618 917 652 processus,
942 607 1038 640 insor-

297 662 461 703 mationes,
486 662 622 703 litteras,
649 672 832 696 communes
863 666 916 695 aut
935 660 1034 704 parti-

297 715 442 755 culares,
466 715 701 756 accusationes,
727 719 756 748 et
786 714 900 748 similia
929 713 1038 747 huius-

297 767 400 808 modi,
425 773 486 800 tam
518 768 549 800 in
574 767 803 800 visitationibus
827 766 1037 810 generalibus,

296 831 390 863 quam
415 820 446 853 in
470 820 716 864 provincialibus
740 825 770 853 et
794 818 1037 864 particularibus

296 878 438 918 receptas
457 880 487 907 et
502 873 615 907 saetas·
633 884 651 906 a
674 873 830 917 principio
849 872 951 905 dictae
967 881 1038 905 con-

296 927 489 970 gregationis
520 937 618 970 usque
652 926 689 959 ad
720 926 837 959 dictum
862 925 1035 969 capitulum

296 980 454 1023 generale,
471 980 643 1013 dilacerent
667 985 697 1012 et
721 978 918 1018 comburant,
939 977 1038 1010 iniun—

296 1034 419 1076 gimus,
444 1032 676 1078 praecipimus,
700 1037 793 1075 atque
829 1031 1035 1072 mandamus,

295 1092 547 1130 perpetuumque
581 1085 626 1119 eis
650 1095 745 1129 super
769 1085 830 1118 boc
854 1084 1035 1124 silentium,

296 1139 338 1172 ita
369 1143 403 1173 ut
433 1139 640 1183 imposterum
672 1139 778 1172 nullus
806 1138 952 1182 superior
983 1143 1034 1170 aut

295 1192 426 1226 inferior
450 1192 618 1236 praedictis
635 1191 896 1232 accusationibus,
914 1201 1037 1235 proces-

295 1245 381 1279 sibus
406 1251 436 1278 et
460 1245 624 1284 similibus,
642 1246 700 1278 sub
725 1245 836 1289 quovis
861 1249 1034 1288 praetextu,

296 1304 349 1332 aut
362 1299 505 1343 quaesito
519 1299 626 1332 colore
644 1299 687 1332 uti
705 1298 812 1342 possit,
829 1298 1035 1342 imponimus,

340 1354 356 1395 ξ,
381 1353 408 1385 7.
434 1353 548 1396 Sicque
579 1356 609 1386 et
640 1362 704 1385 non
733 1352 824 1384 aliter
854 1362 911 1395 per
941 1361 1035 1394 quos-

296 1416 431 1449 cumque
457 1405 576 1438 iudices
610 1405 787 1438 ordinarios
811 1409 842 1437 et
865 1404 1035 1447 delegatos,

296 1459 389 1492 ctiam
415 1469 580 1492 causarum
602 1458 708 1502 palatii
733 1457 897 1501 apostolici
918 1457 1036 1490 audito-

294 1522 354 1551 res,
371 1522 408 1544 ac
431 1517 556 1544 sanctae
580 1512 739 1544 Romanae
763 1511 918 1544 Ecclesiae
937 1510 1036 1543 cardi-

292 1566 390 1606 nales,
415 1565 509 1597 etiam
534 1564 572 1596 de
604 1564 701 1597 latere
725 1564 866 1606 legatos,
891 1568 921 1597 ct
947 1564 1036 1597 Sedis

293 1617 492 1662 Apostolicae
517 1617 665 1656 nuncios,
698 1616 830 1649 iudicari
855 1622 884 1649 ct
910 1616 1034 1649 deliniri

293 1671 420 1712 debere,
442 1671 630 1715 irritumque
655 1676 684 1704 et
709 1670 810 1710 inane,
827 1670 852 1703 si
878 1681 967 1703 secus
987 1681 1035 1702 su-

293 1735 349 1768 per
373 1724 421 1758 his
445 1735 462 1757 a
482 1734 640 1768 quoquam
655 1750 663 1764 ‚
694 1723 803 1767 quavis
837 1723 1033 1763 auctoritate,

293 1778 428 1811 scienter
452 1778 499 1811 vel
524 1777 724 1820 ignoranter,
749 1776 916 1819 contigerit
937 1782 1035 1809 atten-

295 1830 365 1870 tari,
389 1830 598 1864 decernimus.

338 1884 395 1927 58.
413 1884 481 1917 Non
495 1882 690 1916 obstantibus
707 1883 838 1926 singulis
855 1883 966 1917 litteris
981 1893 1034 1917 no-

294 1937 368 1970 stris
392 1936 570 1980 praedictis‚
587 1947 623 1969 ac
647 1935 922 1969 constitutionibus
939 1941 968 1968 et
985 1947 1034 1969 or-

294 1990 507 2023 dinationibus
523 1989 714 2033 apostolicis,
735 1999 771 2022 ac
795 1989 942 2021 omnibus
962 1989 1033 2030 illis,

294 2054 375 2087 quae
400 2044 430 2076 in
453 2042 571 2076 eisdem
602 2042 758 2075 voluimus
793 2052 855 2074 non
886 2042 1034 2083 obstare,

295 2097 470 2140 ceterisque
494 2095 661 2130 contrariis
685 2095 944 2139 quibuscumque.

338 2148 395 2193 ἐξ).
416 2149 564 2183 Volumus
581 2154 696 2188 autem,
709 2147 793 2191 quod
808 2147 838 2180 in
853 2147 1034 2191 praemissis

293 2202 471 2236 auctoritati
489 2201 605 2246 prioris
621 2201 777 2244 generalis
794 2200 918 2234 Ordinis
936 2201 1033 2233 sancti

294 2255 459 2298 Augustini
487 2256 518 2288 in
542 2255 647 2299 aliquo
672 2263 734 2288 non
757 2258 920 2288 censeatur
945 2265 1033 2298 prae-

294 2308 486 2349 iudicatum,
511 2309 565 2342 sed
589 2308 673 2352 quod
699 2315 860 2341 remaneat
888 2308 972 2340 salva
1003 2308 1033 2340 in

293 2362 440 2396 omnibus
464 2366 493 2396 et
517 2372 572 2405 per
589 2361 704 2401 omnia,
722 2362 806 2394 iuxta
831 2361 1032 2394 concordiam

1077 237 1197 270 litteras
1228 236 1260 268 in
1284 235 1386 268 forma
1416 234 1523 267 Brevis
1554 232 1737 276 expeditas,
1758 232 1816 265 sub

1074 290 1181 322 datum
1217 289 1267 322 die
1290 297 1344 322 xxi
1369 287 1435 320 iulii
1460 296 1643 320 noccxxwu
1668 295 1747 328 quae
1772 284 1815 318 in-

1074 343 1166 387 cipit:
1193 343 1242 376 Eas
1267 342 1421 383 iniuncti,
1448 345 1515 381 etc„
1541 339 1758 374 confirmatam
1783 344 1814 372 et

1073 395 1290 440 approbatam.

1118 448 1228 481 Datum
1257 448 1383 485 Romae,
1405 446 1489 490 apud
1513 446 1542 479 S.
1564 446 1693 478 Mariam
1718 444 1814 478 Maio-

1074 511 1151 541 rem,
1165 500 1224 532 sub
1243 500 1358 532 annulo
1371 499 1548 538 Piscatoris,
1558 498 1608 531 die
1623 508 1721 532 xxviii
1734 498 1814 542 apri-

1073 555 1110 587 lis
1122 563 1307 592 itncxxxvn,
1322 552 1522 596 pontificatus
1538 552 1638 586 nostri
1652 562 1733 586 anno
1747 562 1811 586 xiv.

1108 616 1166 643 Dat.
1183 615 1226 642 die
1242 615 1276 642 ⁶28
1295 615 1389 650 aprilis
1407 616 1488 648 1637,
1510 615 1604 650 pontis,
1623 623 1694 642 anno
1710 622 1763 642 xiv.

1388 730 1499 763 DLXX.

1071 801 1226 835 Facultns
1259 800 1432 834 alienandi
1455 811 1558 845 usque
1581 801 1624 833 acl
1650 811 1813 834 summam

1115 854 1327 886 ducentorum
1349 857 1377 885 et
1396 853 1640 897 quinquaqinta
1666 853 1813 886 nn'llium

1114 910 1277 938 scalarum
1304 910 1468 943 monelae,
1495 916 1616 938 necnon
1641 906 1814 939 reducendi

1115 969 1242 992 ammos
1255 969 1365 991 census
1381 958 1422 991 ad
1438 958 1549 991 'minus
1564 959 1814 998 inem-usurium,

1115 1022 1260 1045 concessa
1286 1012 1538 1055 Conyreyatiwzi
1564 1011 1756 1046 Cassinensi.

1278 1083 1414 1110 Urbanus
1435 1083 1513 1116 Papa
1534 1083 1610 1116 v111‚

1211 1127 1247 1155 ad
1269 1127 1401 1155 futuram
1421 1127 1466 1154 rei
1485 1127 1665 1155 memoriam.

1114 1189 1234 1234 Exponi
1257 1189 1349 1222 nobis
1369 1199 1470 1233 nuper
1490 1189 1562 1222 feeit
1579 1189 1712 1222 dilectus
1728 1189 1812 1222 silius

1071 1243 1241 1276 modernus
1261 1247 1449 1286 procurator
1467 1242 1623 1284 generalis
1644 1242 1812 1275 monacho-

1071 1307 1139 1329 rum
1165 1296 1424 1339 Congregationis
1459 1295 1650 1329 Cassinensis
1685 1295 1811 1329 Ordinis

1070 1350 1098 1382 S.
1126 1349 1308 1389 Benedicti,
1341 1349 1519 1392 praedictae
1552 1349 1811 1391 Congrcgationis

1071 1402 1215 1445 illiusque
1245 1402 1408 1444 regiminis
1432 1401 1569 1442 nomine,
1584 1401 1667 1444 quod
1684 1402 1725 1434 ob
1744 1412 1809 1434 rna-

1070 1456 1113 1488 las
1134 1462 1314 1499 temporum
1340 1450 1545 1495 conditiones,
1565 1455 1688 1495 damna,
1717 1454 1810 1488 detri-

1070 1514 1173 1541 menta
1186 1515 1279 1552 atque
1295 1508 1496 1541 incommoda
1513 1519 1569 1551 per
1583 1507 1724 1540 eamdem
1736 1508 1811 1541 Con-

1069 1562 1286 1605 greg-ationem
1319 1567 1447 1605 accepta
1479 1561 1599 1595 ratione
1631 1561 1810 1602 bellorum,

1069 1615 1214 1647 incursus
1239 1614 1382 1656 militum,
1402 1620 1431 1647 et
1456 1614 1677 1647 destructionis
1701 1614 1810 1647 aedifi-

1069 1667 1189 1700 ciorum
1215 1668 1246 1700 in
1270 1667 1361 1700 bonis
1381 1667 1520 1700 eiusdem
1541 1667 1810 1710 Congregationis,

1069 1731 1190 1754 necnon
1205 1722 1339 1765 rapinas,
1360 1721 1596 1764 ablationesque
1615 1721 1810 1760 animalium,

1067 1774 1206 1818 aliasque
1221 1774 1486 1807 extraordinarias
1511 1774 1714 1814 calamitates,
1730 1785 1811 1818 qnae

1067 1828 1148 1861 bona
1180 1840 1216 1860 cx
1247 1834 1336 1871 parte
1371 1827 1512 1860 ciusdem
1549 1826 1810 1870 Congregationis

1067 1881 1194 1925 praedia
1218 1882 1335 1914 inculta
1360 1881 1575 1921 reddiderunt,
1592 1891 1715 1914 necnon
1738 1892 1810 1923 gra-

1068 1946 1120 1968 ves
1144 1935 1325 1977 solutiones,
1343 1945 1423 1978 quae
1447 1945 1506 1978 pro
1531 1936 1656 1967 summa
1679 1935 1811 1978 quadra-

1067 1989 1152 2031 ginta
1184 1988 1279 2021 trium
1317 1988 1443 2021 circiter
1478 1988 1611 2021 millium
1647 1993 1809 2022 scutorum

1067 2041 1235 2084 quotannis
1254 2052 1310 2084 per
1327 2041 1444 2074 dictum
1463 2046 1702 2084 procuratorem
1721 2041 1809 2081 liunt,

1068 2094 1189 2126 ratione
1223 2094 1421 2127 diversorum
1446 2093 1671 2134 subsidiorum,
1696 2093 1784 2127 Sedis
1800 2095 1808 2111 ¹

1068 2147 1277 2190 Apostolicae‚
1295 2146 1485 2179 monasteria
1508 2146 1610 2179 dictae
1634 2148 1809 2191 Congrega-

1070 2199 1171 2240 tionis,
1189 2200 1229 2232 ob
1249 2200 1404 2233 defecturi]
1420 2210 1549 2233 suorum
1567 2200 1755 2243 reddituum,
1770 2201 1808 2234 ad

1069 2263 1216 2297 praesens
1237 2257 1309 2287 sunt
1333 2253 1410 2286 adeo
1435 2263 1598 2297 oppressa,
1623 2259 1657 2286 ut
1680 2254 1807 2287 illorum

1068 2306 1219 2339 nonnulla
1243 2306 1304 2338 iam
1331 2305 1430 2338 ruinis
1453 2316 1572 2346 eversa,
1592 2312 1622 2339 et
1646 2317 1678 2339 se
1702 2307 1808 2339 subic-

1070 2369 1141 2392 vare
1167 2359 1350 2402 impotentia
1382 2359 1502 2392 reddita
1531 2359 1614 2397 sint,
1641 2359 1710 2392 aliis
1735 2370 1809 2392 vcro

293 2416 368 2449 alias
393 2415 473 2448 inter
497 2415 613 2448 dictum
639 2415 778 2459 priorem
808 2416 986 2458 generalem
1005 2421 1033 2448 et
1049 2412 1051 2445 l
1068 2413 1177 2446 eadem
1204 2413 1294 2445 ruina
1320 2412 1507 2456 impendeat,
1525 2412 1582 2445 nisi
1604 2412 1665 2445 illis
1689 2412 1727 2446 de
1751 2424 1808 2456 op-

293 2469 420 2503 eosdem
445 2469 556 2502 fratres
584 2469 792 2502 Dircalceatos
817 2469 1035 2512 congregatio-
1068 2473 1206 2511 portuno
1224 2466 1437 2499 subventionis
1455 2466 1571 2500 auxilio
1590 2477 1647 2510 per
1663 2476 1721 2500 nos
1737 2477 1809 2510 pro-

294 2522 342 2556 nis
359 2521 476 2556 Galliae
501 2522 620 2562 initam,
638 2527 667 2554 et
685 2532 701 2553 a
718 2521 808 2554 nobis
829 2532 886 2565 per
909 2527 1033 2555 nostras
1069 2520 1220 2560 videatur,
1246 2523 1340 2563 prout
1364 2519 1439 2552 alias
1456 2529 1513 2563 per
1532 2519 1690 2552 Romanos
1708 2519 1808 2552 Ponti-

331 2587 341 2612 1
360 2585 460 2619 Aptius
475 2584 533 2620 lege
549 2587 661 2619 recepta
677 2587 702 2611 et
717 2585 797 2618 sacta
811 2590 848 2619 (tt.
864 2583 911 2618 T.).

377 2640 454 2668 Bau.
475 2640 558 2668 Iiom.
580 2654 612 2659 -
639 2639 693 2667 Vol.
716 2638 790 2666 XIV.
936 2638 968 2665 75

1106 2586 1114 2609 l
1140 2583 1234 2618 Aptius
1254 2582 1312 2617 lege
1333 2582 1402 2609 Scdt‘
1421 2583 1459 2616 (n.
1475 2581 1523 2614 τ.).

1722 175 1787 209 593
1832 184 1882 212 An.
1897 184 1926 211 c.
1947 184 2015 212 1637

1838 1228 1841 1231 Ι
1864 1202 1944 1233 lttotiva
1958 1202 2012 1230 peti·

1827 1232 1898 1251 homs-
