2248 3229
221 208 275 238 An.
290 208 321 238 G.
342 207 410 238 1634
454 197 519 234 432

420 256 459 290 ad
476 255 560 302 quod
581 255 675 289 etiam
692 263 819 288 omnem
832 253 911 287 seret
927 262 1033 297 opem,
1049 256 1085 285 ut
1100 251 1160 285 sibi

419 310 536 344 victum
561 318 754 352 comparare,
781 313 874 352 atque
898 306 1030 340 honeste
1054 306 1159 340 vivere

419 363 556 408 possint:
574 362 611 394 iis
635 371 719 403 vero,
736 361 790 404 qui
810 360 953 394 laborem
974 364 1159 404 respuentes

419 417 483 450 otio
507 426 540 449 se
564 414 678 448 dedere
702 414 816 455 volent,
839 423 879 447 ne
902 423 977 446 ansa
1000 413 1045 446 eis
1069 414 1101 446 in
1123 414 1159 447 ea

419 469 481 502 vita
504 467 690 512 persistendi
715 467 915 511 praebeatur,
932 466 1011 500 nihil
1030 466 1159 500 omnino

419 514 633 566 praebebitur,
653 520 714 554 nisi
734 521 865 554 sortasse
885 520 979 554 certis
999 519 1037 554 de
1057 519 1159 554 causis

419 575 502 608 aliud
520 574 659 608 societati
683 574 851 608 videretur.

464 627 556 661 Pueri
581 637 666 669 vero,
684 627 759 660 dum
782 637 839 671 per
863 631 999 672 aetatem
1022 626 1103 669 lieet,
1121 626 1160 659 ad

419 682 556 726 aliquam
586 686 687 714 artem
721 679 964 722 addiscendam,
998 679 1036 713 ad
1066 689 1160 724 quam

419 735 558 779 aptiores
582 733 782 775 videbuntur,
799 733 1007 777 applicentur,
1026 732 1075 766 vel
1100 733 1160 766 sal-

420 794 483 822 tem
500 788 539 821 ad
551 787 750 821 serviendum
767 787 872 831 aliquo
890 787 922 820 in
937 787 1018 828 loco,
1030 786 1086 819 ubi
1096 786 1160 820 Deo

420 842 589 885 inservire,
619 846 649 875 et
673 842 790 874 victum
813 841 872 874 sibi
896 850 1011 884 parare
1036 845 1159 884 queant.

419 895 508 936 Quod
532 896 558 928 si
582 895 694 939 aliquis
718 894 844 938 ingenio
868 894 995 938 polleat,
1016 884 1046 927 et
1066 893 1104 927 de
1124 904 1161 928 eo

419 959 492 993 spes
517 948 566 991 sit,
584 953 618 981 ut
637 948 670 981 in
686 947 869 981 liberalibus
894 947 1004 981 studiis
1021 957 1057 981 ac
1073 947 1162 980 disci-

419 1002 512 1047 plinis
529 1001 569 1035 sit
583 1002 800 1046 profecturus,
819 1001 850 1034 in
867 1001 1001 1043 collegio
1024 1010 1096 1033 eum
1112 1000 1161 1033 ad-

419 1055 501 1089 mitti
519 1055 651 1089 societas
668 1055 799 1097 curabit,
822 1059 928 1088 ettam
945 1054 982 1087 de
997 1054 1046 1087 his
1065 1064 1160 1098 quam

420 1109 459 1143 de
482 1109 554 1150 illis,
583 1109 683 1143 donec
707 1108 863 1143 solidioris
888 1108 949 1141 sint
972 1108 1104 1149 aetatis,
1132 1112 1162 1141 et

419 1163 535 1196 nullius
567 1162 605 1195 ad
637 1161 804 1195 vivendum
835 1161 950 1194 auxilio
982 1161 1161 1204 indigeant,

420 1217 553 1251 societas
577 1217 609 1249 in
626 1226 737 1250 eorum
755 1217 831 1249 cura
849 1215 931 1249 vices
947 1215 1045 1259 patris
1062 1219 1160 1258 geret,

419 1276 454 1304 ut
478 1270 619 1304 eiusdem
645 1269 802 1304 societatis
826 1269 883 1303 filii
907 1269 1021 1303 merito
1041 1269 1162 1313 possint

419 1324 603 1369 nuncupari.

463 1379 540 1413 Cum
565 1378 635 1422 quis
659 1378 698 1411 de
721 1387 824 1421 nuper
842 1377 1002 1411 conversis
1026 1376 1161 1421 pecunia

419 1432 590 1476 indiguerit
614 1432 653 1465 ad
677 1432 743 1465 eius
774 1432 911 1476 inopiam
938 1431 1161 1465 sublevandam

419 1492 529 1520 mutuo
542 1486 649 1520 detur:
664 1495 758 1529 quam
773 1491 886 1527 tamen,
900 1485 939 1519 ad
954 1485 1079 1519 libitum
1094 1485 1161 1519 eius

419 1550 436 1574 e
454 1540 546 1573 sociis
566 1539 616 1573 cui
641 1549 673 1572 se
698 1539 883 1582 obstringet,
911 1538 1078 1583 spondebit
1094 1539 1162 1572 red-

419 1594 504 1627 dere.
522 1593 709 1626 Advertatur
722 1603 807 1633 vero,
821 1593 905 1637 quod
919 1593 944 1626 si
959 1603 1081 1626 summa
1094 1603 1162 1626 mu-

418 1653 472 1681 tuo
488 1647 559 1680 data
575 1646 654 1680 duos
673 1656 785 1680 aureos
802 1656 865 1680 non
883 1646 1020 1688 excedat,
1038 1646 1160 1690 apocha

418 1701 539 1746 privata
564 1700 711 1740 sufficiet3
741 1710 830 1733 secus
862 1710 936 1733 vero
961 1699 986 1732 si
1011 1700 1158 1733 excedat:

418 1765 491 1788 nam
516 1758 641 1798 praeter
658 1764 738 1795 eam,
754 1753 930 1787 tabellionis
947 1753 1064 1798 publici
1082 1753 1159 1787 fides

420 1808 571 1850 exigetur.

462 1861 553 1895 Haud
578 1871 652 1895 vero
686 1861 801 1895 scheda
832 1861 1032 1904 obligationis
1067 1871 1158 1905 prae-

419 1915 620 1955 termittatur,
634 1925 696 1958 qua
712 1919 874 1958 acceptam
892 1915 1006 1948 reserat
1019 1915 1158 1949 societati

420 1979 488 2002 eam
515 1978 680 2008 summam,
698 1968 745 2000 vel
763 1967 978 2010 gubernatori,
996 1969 1045 2001 vel
1062 1968 1158 2002 admi-

417 2021 649 2063 nistratoribus
676 2021 761 2054 nulla
786 2022 865 2054 sacta
882 2021 1020 2065 apochae
1038 2026 1068 2055 et
1084 2022 1158 2055 fidei

417 2075 623 2108 tabellionum
648 2074 816 2115 mentione,
835 2085 913 2119 quae
938 2075 1050 2108 deinde
1074 2075 1106 2108 in
1126 2075 1159 2108 li-

418 2129 492 2162 bros
512 2128 619 2169 relata,
637 2138 695 2172 pro
717 2128 856 2162 eiusdem
882 2128 1104 2171 gubernatoris
1129 2134 1159 2163 et

418 2181 707 2215 administratorum
733 2181 876 2215 cautione
901 2181 1057 2215 inserviet.

462 2236 598 2270 Tandem
624 2230 780 2277 sacerdos,
799 2237 851 2280 qui
872 2236 1103 2270 absolutionem
1120 2236 1158 2270 ab

417 2290 540 2325 haeresi
563 2300 664 2334 nuper
688 2300 840 2324 converso
865 2290 1064 2335 impenderit,
1086 2300 1158 2324 eum

417 2344 501 2378 serio
525 2348 661 2385 moneat,
686 2348 846 2388 curetque,
865 2349 898 2377 ut
922 2344 1017 2388 eligat
1041 2354 1158 2389 appro-

417 2398 525 2432 batum
549 2398 686 2442 aliquem
704 2398 940 2439 confessarium,
962 2398 1011 2432 cui
1031 2402 1158 2442 peccata

417 2452 565 2496 deinceps
590 2452 732 2496 aperiat,
759 2453 819 2486 nisi
844 2452 923 2486 sorte
948 2451 1030 2494 sibi,
1055 2462 1072 2484 a
1096 2461 1158 2495 quo

416 2505 475 2538 suit
499 2506 670 2547 absolutus,
684 2506 807 2551 aperire
821 2507 929 2541 vellet:
948 2511 1041 2550 atque
1055 2505 1157 2539 eidem

419 2569 569 2593 converso
584 2560 749 2604 pecuniam
766 2571 824 2605 pro
841 2561 908 2594 eius
925 2559 1158 2601 sustentatione,

418 2612 444 2646 si
467 2613 591 2657 quando
615 2614 764 2658 exigeret,
785 2615 918 2649 socletas
941 2624 1006 2649 non
1030 2614 1157 2658 tribuat,

994 204 1174 230 BULLARIUM
1197 204 1353 231 ROMANUM

1943 206 1995 237 An.
2015 207 2046 237 G.
2061 207 2131 237 1634

1195 251 1255 285 nisi
1273 252 1341 286 eius
1358 253 1567 288 confessarius
1582 258 1729 289 testatum
1747 255 1839 290 saciat
1861 265 1935 291 eum

1195 305 1291 339 semel
1317 304 1348 338 in
1372 315 1478 339 mense
1506 310 1635 350 peccata
1658 308 1782 352 aperire
1805 308 1933 343 solitum

1193 368 1271 400 esse,
1289 369 1325 392 ac
1349 358 1410 392 nisi
1433 359 1513 392 sorte
1537 359 1639 392 eidem
1663 361 1803 396 societati
1823 362 1862 395 ad
1878 362 1932 396 Dei

1193 411 1326 456 gloriam
1351 411 1439 445 iustis
1463 411 1501 445 de
1525 412 1627 446 causis
1648 412 1733 446 aliud
1757 414 1907 449 videatur.

1236 466 1337 499 Erunt
1349 476 1467 509 omnes,
1482 466 1596 510 quibus
1608 467 1685 501 haec
1699 467 1932 511 suntobeunda,
2027 509 2031 511 .
2050 509 2053 511 ,
2079 509 2082 512 ⁴

1193 523 1263 552 octo
1280 518 1419 563 (praeter
1435 518 1513 553 alios
1530 520 1683 564 minores)
1697 524 1772 564 puta
1785 520 1932 563 director,
1947 508 2133 565 affifflssiffiffii

1193 572 1396 616 gubernator,
1417 577 1552 616 quatuor
1578 573 1858 615 administratores
1883 585 1933 608 ra·
1947 564 2051 609 ῗιῗιῗᾶίξῖω
2082 561 2131 583 ⁰b⁶‘

1194 624 1315 658 tionum
1339 625 1491 668 collator,
1521 626 1575 670 qui
1605 627 1699 670 vulgo
1730 627 1933 661 controllator

1194 678 1319 722 dicitur,
1335 682 1366 714 et
1382 679 1568 713 secretarius
1574 691 1582 720 3
1600 684 1692 724 atque
1711 680 1749 714 de
1764 680 1814 714 his
1831 681 1933 715 omni-

1194 732 1262 775 bus,
1285 732 1386 777 deque
1410 743 1521 766 eorum
1545 733 1728 767 muneribus
1752 734 1932 778 singulatim

1195 786 1316 820 dicetur
1340 786 1373 820 in
1403 786 1615 832 sequentibus.
1641 787 1679 821 Ili
1703 798 1778 822 vero
1808 792 1933 833 praeter

1195 839 1384 874 directorem
1414 840 1481 884 (qui
1505 840 1651 874 sacerdos
1675 851 1743 874 esse
1765 841 1872 885 debet)
1896 852 1934 875 ex

1195 893 1415 928 ecclesiasticis
1438 894 1536 928 sacris
1561 893 1691 928 initiatis
1710 894 1783 938 eligi
1803 904 1867 928 non
1882 905 1934 939 po-

1195 951 1309 988 terunt,
1337 947 1410 981 lieet
1432 946 1492 992 ipsi
1517 947 1549 980 in
1573 947 1724 981 electione
1748 947 1934 992 suffragium

1195 1000 1303 1034 serant.

1238 1054 1346 1094 Quoad
1365 1058 1490 1099 tempus
1515 1064 1599 1095 vero,
1620 1065 1682 1099 quo
1704 1055 1817 1100 cuique
1841 1066 1935 1089 suum

1195 1117 1310 1141 munus
1339 1113 1385 1142 est
1417 1108 1648 1150 exercendum,
1672 1108 1809 1143 director
1832 1109 1935 1144 tribus

1195 1161 1305 1203 annis,
1327 1162 1521 1205 gubernator
1549 1162 1692 1204 duobus,
1722 1163 1836 1207 reliqui
1860 1174 1935 1198 vero

1195 1219 1315 1249 tantum
1340 1225 1421 1250 anno
1445 1216 1476 1249 in
1501 1226 1631 1250 munere
1659 1217 1847 1261 persistent,
1874 1218 1935 1252 nisi

1195 1269 1274 1302 sorte
1299 1269 1543 1312 gubernatorem
1575 1271 1623 1304 vel
1648 1270 1935 1305 administratorem

1195 1322 1309 1356 iterum
1327 1323 1517 1357 confirmare
1534 1324 1658 1367 urgenti
1675 1326 1770 1358 eausa
1795 1325 1935 1359 societati

1195 1376 1365 1410 videretur.
1390 1377 1435 1410 Ex
1455 1382 1590 1421 quatuor
1610 1388 1685 1411 vero
1709 1379 1936 1413 amnistratori-

1194 1430 1253 1464 bus
1277 1430 1339 1465 duo
1364 1441 1488 1476 semper
1512 1431 1693 1465 confirmari
1723 1432 1858 1475 debent,
1882 1433 1936 1477 qui

1195 1494 1267 1517 cum
1291 1484 1414 1519 duobus
1438 1485 1477 1519 de
1500 1495 1582 1520 novo
1606 1485 1713 1520 electis
1737 1486 1935 1521 administra-

1195 1538 1282 1572 bunt

1238 1593 1276 1626 At
1300 1602 1376 1626 vero
1400 1592 1512 1637 quivis,
1537 1593 1590 1636 qui
1613 1593 1688 1628 huic
1713 1594 1852 1628 societati
1876 1594 1936 1628 erit

1194 1646 1388 1690 adscriptus,
1413 1651 1507 1690 atque
1531 1646 1562 1680 in
1587 1648 1623 1680 ea
1648 1648 1695 1681 vel
1720 1647 1862 1682 officialis
1886 1649 1935 1682 vel

1194 1701 1225 1734 in
1249 1700 1354 1744 aliquo
1386 1700 1533 1734 obeundo
1564 1711 1695 1735 munere
1727 1712 1815 1735 suam
1843 1707 1936 1736 navat

1193 1764 1322 1798 operam
1342 1764 1378 1788 ac
1394 1754 1545 1795 laborem,
1562 1755 1680 1788 nullam
1694 1756 1873 1790 mercedem
1886 1757 1935 1791 vel

1194 1807 1364 1840 humanam
1388 1808 1678 1842 remunerationem
1707 1809 1855 1852 intendat,
1879 1810 1934 1844 sed

1193 1861 1232 1894 ad
1256 1861 1355 1895 solam
1382 1861 1437 1895 Dei
1471 1862 1606 1905 gloriam
1640 1867 1670 1896 et
1701 1862 1934 1898 haereticorum

1194 1915 1432 1949 conversionem
1461 1925 1494 1948 se
1522 1925 1640 1959 suaque
1671 1917 1777 1950 omnia
1808 1917 1932 1960 dirigat.

1192 1969 1328 2012 AEquum
1353 1974 1456 2002 tamen
1478 1969 1618 2003 societati
1642 1969 1773 2012 videtur,
1798 1975 1832 2003 ut
1858 1981 1934 2004 non-

1192 2022 1280 2064 nulli,
1298 2032 1411 2066 nempe
1431 2022 1634 2066 gubernat0r‚
1652 2022 1932 2065 administratores,

1193 2076 1398 2109 conti-ollator
1422 2081 1452 2109 et
1476 2067 1672 2117 se'eretarius‚
1690 2077 1742 2120 qui
1767 2077 1884 2121 aliquid
1900 2078 1933 2111 in

1192 2128 1313 2163 ratione
1338 2128 1533 2173 sumptuaria
1557 2129 1716 2164 reddenda
1744 2133 1837 2174 atque
1864 2131 1932 2164 aliis

1193 2182 1317 2226 scriptis
1330 2182 1494 2216 exarandis
1511 2182 1549 2216 de
1567 2193 1623 2216 suo
1640 2183 1835 2228 impendunt,
1853 2195 1932 2218 mer-

1192 2235 1300 2269 cedem
1324 2235 1462 2280 aliquam
1485 2246 1522 2269 ex
1546 2236 1753 2281 eleemosynis
1784 2237 1823 2272 de
1849 2248 1930 2273 novo

1192 2299 1417 2323 conversorum
1442 2295 1682 2334 consequantur.

1237 2343 1273 2376 Ut
1298 2343 1408 2377 electio
1434 2343 1472 2376 ad
1496 2344 1550 2377 Dei
1575 2344 1708 2387 gloriam
1737 2343 1845 2386 cadat,
1873 2354 1931 2379 nec
1980 2352 2095 2384 Gap-wt-

1192 2396 1258 2429 sine
1283 2396 1385 2430 divina
1410 2396 1578 2441 implorata
1603 2407 1662 2442 ope
1687 2397 1849 2440 efficiatur,
1867 2398 1930 2442 pri·
1945 2379 2131 2436 sog‘ssfflssm'ss'iffl

1191 2450 1305 2494 dieque
1319 2449 1328 2467 ¹
1348 2450 1459 2485 electio
1482 2450 1536 2484 siat
1554 2451 1647 2495 (quae
1663 2462 1788 2496 semper
1803 2452 1835 2485 in
1851 2452 1929 2485 sesto
1945 2435 2022 2455 ΟΜΝ

1192 2504 1395 2538 Exaltationis
1419 2505 1548 2539 Sanctae
1572 2505 1680 2540 Crucis
1710 2507 1789 2540 hora
1820 2507 1930 2539 octava

1192 2558 1343 2591 matutina
1368 2563 1415 2592 est
1438 2559 1602 2604 facienda),
1620 2559 1795 2594 sacerdotes
1821 2570 1930 2595 omnes

1228 2624 1239 2649 1
1257 2620 1366 2651 Videtur
1379 2622 1525 2658 legendum
1536 2622 1636 2658 pridie
1651 2631 1738 2659 quam
1753 2623 1792 2658 (a.
1808 2623 1857 2659 n).

1988 482 2039 508 Cap.
2053 482 2090 503 νι.
