2248 3229
206 233 255 263 An.
277 235 306 263 C.
330 236 394 264 1637

264 1468 389 1489 posmodum

206 1500 255 1514 vero
266 1495 292 1514 ab
305 1495 344 1515 hac
360 1495 390 1515 le-

206 1527 230 1546 ge
249 1521 337 1541 elericos
357 1527 390 1542 re-

207 1547 290 1572 gulares
299 1547 390 1570 Minores

207 1576 294 1600 excepit.

443 228 504 261 5813
970 239 995 259 ιιι
1010 237 1145 259 LLAtttt'M

404 285 509 318 Brevis
529 285 685 317 dumtaxat
713 290 741 316 ct
767 294 827 316 non
849 283 933 323 alias,
952 293 1141 327 quemquam
1158 284 1159 288 ’

405 339 440 371 ad
466 338 607 371 habitum
627 338 805 380 regularem
824 336 1069 380 suscipiendum,
1086 346 1143 369 nec

404 391 495 423 etiam
522 399 699 429 conversos,
719 389 777 420 nisi
800 389 829 421 in
847 389 1061 429 conventibus,
1078 399 1144 422 mo—

404 443 547 476 nasteriis
571 448 601 475 et
626 442 781 482 domibus,
798 442 982 475 auctoritate
1003 442 1142 474 eiusdem

404 495 570 528 Clementis
605 495 857 539 praedecessoris
891 495 922 527 in
957 505 1143 539 unaquaque

403 549 564 594 provincia
589 548 789 592 designandis
816 549 968 592 recipere,
987 554 1039 581 aut
1055 559 1143 581 rece-

403 609 473 646 ptos
490 603 527 635 ad
545 603 771 646 professionem
786 602 950 635 admittere
968 602 1032 635 ullo
1050 601 1144 635 modo

403 656 564 698 auderent,
582 655 638 688 sub
660 656 752 688 certis
771 661 843 688 tune
860 655 1005 689 similiter
1022 666 1144 699 expres-

404 709 445 741 sis
469 709 579 752 poenis
599 719 656 752 per
679 708 936 741 contrafacientes
957 719 993 741 eo
1014 708 1081 752 ipso
1102 708 1145 740 in-

404 762 585 802 currendis,
604 762 798 805 receptiones
823 772 897 795 vero
923 767 950 795 et
977 762 1144 806 professio-

404 826 458 848 nes
472 815 625 859 quaslibet
639 825 759 855 eorum,
774 816 825 859 qui
841 821 949 848 contra
963 815 1144 849 huiusmodi

404 869 564 902 decretum
598 879 653 901 seu
686 869 809 902 decreta
841 869 968 901 admissi
993 869 1143 911 fuissent,

404 923 504 955 nullas
525 927 554 955 et
575 923 679 955 irritas
705 933 771 956 esse
795 923 833 955 ad
858 934 1089 967 quemcumque
1106 924 1145 956 ef-

406 978 518 1009 fectum
539 987 575 1010 ex
593 982 665 1009 tunc
683 977 864 1010 decreverat
881 982 910 1009 et
932 977 1145 1010 declaraverat

405 1031 485 1063 idem
519 1031 659 1064 Clemens
690 1031 934 1074 praedeeessorj,
960 1031 1030 1074 qui,
1055 1025 1162 1064 cxci-l

404 1083 518 1127 piendo
544 1084 574 1116 in
595 1083 711 1116 eisdem
733 1083 867 1117 decretis
884 1084 1050 1116 nonnullas
1069 1083 1144 1116 alias
1160 1089 1162 1136 ἰ

404 1137 582 1180 religiones,
597 1137 758 1170 ordinasse
776 1137 971 1177 censebatur,
989 1142 1023 1169 ut
1039 1137 1143 1170 dilecti

405 1190 460 1222 filii
482 1190 680 1233 praepositus
698 1190 852 1233 generalis
878 1195 907 1222 ct
932 1190 983 1222 alii
1008 1190 1145 1234 superio-

404 1254 454 1275 res
472 1243 660 1276 clericorum
681 1244 873 1286 regularium
896 1243 1050 1276 Minorum
1070 1254 1146 1276 nun-

405 1301 590 1340 cupatorum
606 1303 633 1329 et
652 1297 733 1329 illius
752 1297 883 1330 instituti
902 1297 1052 1340 religiosi,
1070 1302 1146 1329 tam-

404 1360 497 1393 quam
522 1360 585 1383 non
609 1350 750 1393 excepti,
776 1350 832 1382 sub
862 1350 988 1383 decreto
1014 1360 1068 1383 seu
1093 1350 1145 1383 de-

405 1404 498 1437 cretis
523 1404 702 1437 huiusmodi
729 1404 1089 1448 comprehenderentur)

449 1458 463 1500 ξ
495 1458 523 1490 Q.
557 1458 725 1502 Comperto
761 1458 983 1502 postmodum,
1019 1458 1144 1491 eosdem

406 1511 640 1555 praepositum,
674 1511 876 1555 superiores,
910 1521 945 1544 ac
982 1512 1146 1555 religiosos

406 1565 603 1598 laudabiliter
618 1565 769 1609 progredi
795 1566 824 1598 in
851 1566 898 1598 via
925 1566 1163 1604 t‘natuilatorutw

406 1618 540 1659 Domini,
565 1629 600 1651 ac
624 1618 790 1661 religiosae
815 1619 894 1651 vitae
920 1620 1075 1663 exemplo,
1101 1630 1146 1652 re-

406 1671 588 1715 ligiosisque
610 1672 886 1705 exercitationibus
910 1673 978 1704 aliis
1003 1673 1040 1705 ad
1065 1673 1146 1705 salu-

408 1729 468 1756 tem
486 1723 647 1768 prodesse,
664 1724 947 1767 supplicationibus
963 1725 1145 1756 eormudem

406 1777 586 1821 praepositi,
604 1777 800 1820 aliorumque
818 1778 1018 1821 superiorum
1044 1778 1148 1811 liuius-

408 1830 492 1863 modi
517 1830 576 1863 sibi
601 1830 762 1862 humiliter
786 1831 941 1874 porrectis
972 1831 1164 1872 inclinatuss

408 1895 465 1928 per
490 1883 556 1916 eius
581 1884 700 1916 litteras
726 1884 755 1916 in
781 1884 881 1916 forma
898 1884 1003 1917 Brevis
1020 1885 1076 1917 sub
1093 1896 1146 1917 an-
1163 1903 1164 1908 =

408 1938 482 1970 nulo
506 1937 673 1970 Piscatoris
698 1937 747 1970 dic
773 1948 791 1971 x
818 1937 920 1971 martii
942 1948 1003 1971 ime
1022 1938 1164 1982 expedi-1

409 1996 474 2031 tas,
496 1991 612 2024 eisdem
631 1991 810 2035 praeposito
835 1992 989 2034 generalis
1019 2003 1055 2024 ac
1079 1992 1147 2025 aliis

408 2044 623 2088 superioribus
652 2045 840 2078 clericorum
869 2046 1063 2088 regularium
1093 2045 1146 2077 Mi-

408 2108 520 2131 norum
545 2098 743 2139 huiusmodi,
769 2104 799 2131 ut
826 2099 959 2132 novitios
985 2099 1144 2143 recipere,

408 2153 515 2196 eisque
547 2153 686 2185 habitum
714 2164 771 2196 per
796 2163 849 2186 cos
874 2153 989 2196 gestari
1022 2153 1146 2186 solitum

409 2207 578 2249 exhibere,
612 2207 761 2251 illosque,
787 2211 955 2251 postquam
980 2207 1148 2240 novitiatus

408 2271 524 2294 annum
549 2261 767 2305 explevissent,
785 2261 821 2293 ai]
844 2261 1071 2305 professionem
1092 2272 1148 2305 per

409 2327 461 2349 cos
487 2315 583 2349 emitti
609 2320 788 2348 consuetam
818 2315 1003 2355 admittere,
1028 2316 1148 2347 servata

410 2376 513 2402 tamen
538 2369 737 2402 decretorum
767 2368 839 2401 dieti
865 2369 1029 2402 Clementis
1057 2379 1148 2413 prae-

410 2424 583 2457 decessoris
608 2424 743 2468 desuper
768 2424 924 2457 cditorum
957 2435 992 2456 ac
1017 2424 1148 2456 aliarum

411 2477 667 2510 constitutionum
692 2477 933 2521 apostolicarum
960 2477 1080 2518 forma,
1106 2476 1145 2509 li-

410 2532 483 2565 bere
509 2538 538 2564 et
563 2532 644 2564 ticia-
674 2536 800 2576 possenl
826 2536 854 2566 et
879 2533 1027 2572 valerent,
1053 2531 1149 2565 licen-

413 2585 485 2617 tiam
511 2591 540 2617 et
565 2586 741 2618 facultatem
764 2586 932 2620 concessit:
950 2596 1011 2619 non
1030 2586 1151 2619 obstan-

413 2638 494 2671 tibus
531 2639 802 2672 constitutionibus
838 2645 866 2672 et
901 2640 1150 2673 ordinationibus

1172 237 1324 259 ItttttANt'M

1176 283 1364 327 apostolicis,
1386 294 1421 316 ac
1444 283 1611 328 praedictis
1628 284 1691 317 suis
1715 286 1859 327 decretis,
1884 291 1913 320 et

1176 337 1244 369 aliis
1267 336 1517 380 quibuscumque
1537 336 1567 368 in
1588 338 1779 371 contrarium
1800 340 1914 372 facien-

1178 389 1258 422 tibus
1291 394 1319 423 et
1350 393 1444 433 prout
1466 389 1559 422 latius
1583 390 1614 422 in
1640 390 1756 423 eisdem
1781 392 1913 433 litteris,

1177 453 1310 486 quarum
1337 448 1460 476 tenores
1484 442 1592 476 haberi
1618 443 1763 476 volumus
1786 455 1843 488 pro
1868 458 1915 478 cx-

1176 496 1303 539 pressis,
1329 495 1514 529 continetur.

1222 550 1236 592 g
1260 548 1289 581 .3.
1315 549 1391 581 Cum
1416 554 1530 589 autem,
1553 548 1633 582 sicut
1657 549 1760 582 dilecti
1778 549 1832 582 filii
1854 561 1916 583 mo-
1963 567 2113 588 nuta-amaus

1178 601 1293 634 dernus
1318 601 1515 645 praepositus
1539 602 1695 644 generalis
1719 608 1749 635 et
1773 603 1915 636 assisten-
1930 594 2115 646 ἷιᾛῖἱῖἓᾞέῗῗῖῗ

1929 646 1995 666 sienis
2006 648 2114 668 validitate

1179 660 1223 687 tes
1252 655 1414 697 generales
1445 655 1698 698 congregationis
1727 656 1914 689 clericorum
1931 673 1957 692 ..b
1979 678 2019 693 nou
2041 680 2114 695 serm-

1954 705 1971 718 m
1996 700 2068 720 rimam
2079 701 2115 719 de-

1178 708 1332 741 Minorum
1357 708 1537 742 huiusmodi
1561 709 1652 742 nobis
1676 720 1777 753 nuper
1801 710 1916 754 exponi
1932 701 2114 763 issegfeieiuenunt

1923 237 1972 265 An.
1994 238 2021 265 c.
2045 229 2111 266 163'7

1160 762 1327 807 fecerunt,
1351 761 1423 795 licet
1446 761 1517 805 ipsi,
1542 761 1573 794 in
1598 762 1659 794 vim
1683 763 1916 806 praedictarum
1932 758 2022 778 pfflffl’

1178 815 1345 848 Clementis
1358 815 1609 859 praedecessoris
1622 816 1797 850 litterarum
1814 817 1845 849 in
1858 817 1918 850 sor-

1179 870 1229 901 ma
1260 869 1387 909 Brevis,
1412 874 1446 901 ut
1469 869 1657 912 praefertur,
1683 869 1916 913 expeditarum,

1178 922 1312 955 novitios
1345 922 1383 954 ad
1418 922 1560 955 habitum
1597 922 1714 966 absque
1750 922 1917 956 domorum

1178 987 1233 1008 seu
1253 977 1395 1009 locorum
1416 976 1611 1019 regularium
1632 976 1846 1019 designatione
1865 977 1919 1009 hu-

1178 1030 1331 1071 iusmodi,
1357 1034 1452 1074 prout
1476 1029 1600 1063 decreta
1630 1030 1790 1074 praedicta
1814 1030 1919 1074 requi-

1178 1088 1268 1123 runt,
1300 1083 1504 1122 admiserint3
1536 1083 1742 1116 nihilominus
1776 1083 1918 1116 nonnulli

1179 1136 1278 1170 dictae
1314 1137 1568 1179 congregationis
1603 1137 1818 1180 professores,
1855 1138 1919 1171 sire

1179 1190 1395 1223 observantiae
1420 1190 1561 1234 vitaeque
1585 1191 1740 1233 regularis
1765 1191 1868 1224 minus
1891 1202 1919 1223 a·

1180 1249 1309 1285 mantes,
1327 1244 1391 1277 sive
1410 1244 1509 1278 nimio
1526 1245 1676 1289 scrupulo
1695 1245 1791 1286 ducti,
1816 1245 1919 1278 volue-

1180 1298 1241 1330 rint
1266 1302 1296 1330 et
1319 1297 1415 1331 velint
1439 1298 1581 1332 dubitare
1606 1298 1644 1331 de
1668 1298 1825 1332 validitate
1849 1310 1919 1332 sua-

1179 1362 1249 1384 rum
1274 1351 1505 1395 professionum
1530 1362 1586 1395 per
1611 1362 1664 1385 eos
1684 1362 1701 1384 a
1719 1355 1858 1396 tempore
1877 1352 1920 1385 di-

1180 1410 1301 1437 ctorum
1317 1404 1516 1439 decretorum
1534 1405 1730 1446 emissarum,
1747 1411 1777 1438 et
1793 1410 1918 1438 actuum

1180 1458 1250 1491 inde
1282 1458 1444 1502 bucusque
1476 1464 1699 1502 sequutorum,
1729 1464 1781 1492 aut
1809 1459 1918 1492 saltem

1180 1522 1277 1555 usque
1291 1512 1328 1544 ad
1344 1518 1476 1556 tempus,
1491 1523 1553 1556 quo
1568 1512 1803 1546 constitutiones
1821 1513 1921 1546 dictae

1181 1566 1434 1608 congregationis
1458 1576 1515 1610 per
1539 1566 1725 1599 recolendae
1751 1566 1921 1600 memoriae

1181 1619 1311 1651 Paulum
1338 1619 1450 1662 Papam
1476 1619 1499 1651 V
1524 1619 1616 1651 etiam
1643 1619 1920 1662 1·›1·ae(lccessore1n

1180 1677 1322 1704 nostrum
1356 1672 1385 1704 in
1418 1672 1518 1705 forma
1550 1671 1715 1715 specifica,
1740 1676 1769 1706 et
1794 1673 1921 1716 praevia

1181 1726 1321 1768 diligenti
1355 1725 1536 1758 earumdem
1570 1726 1827 1759 constitutionum
1864 1738 1921 1770 per

1182 1779 1374 1811 venerabiles
1393 1779 1504 1811 fratres
1520 1784 1655 1819 nostros,
1670 1784 1743 1812 tunc
1760 1789 1843 1820 suos,
1856 1790 1922 1812 sau-

1181 1838 1247 1865 ctae
1272 1833 1430 1865 Romanae
1451 1832 1607 1865 Ecclesiae
1632 1832 1804 1866 cardinales
1829 1843 1923 1876 negu-

1182 1886 1231 1918 tiis
1256 1885 1476 1929 episcoporum
1508 1891 1537 1918 et
1566 1886 1760 1928 regularium
1786 1897 1921 1931 praepo-

1182 1939 1256 1971 sitos
1278 1938 1442 1981 revisione,
1461 1939 1654 1980 emendatae,
1675 1940 1867 1984 approbatae
1891 1946 1921 1973 ct

1181 1992 1385 2026 confirmatae
1417 1993 1549 2034 suerint,
1575 1998 1621 2035 et,
1654 1993 1692 2026 ab
1721 2004 1756 2026 eo
1782 1997 1921 2038 tempore

1181 2057 1244 2090 quo
1268 2046 1448 2090 supradicta
1471 2047 1638 2080 Clementis
1670 2047 1921 2090 praedecessoris

1182 2101 1311 2144 praefati
1336 2101 1460 2134 decreta
1486 2112 1542 2145 per
1562 2111 1618 2134 nos
1639 2101 1731 2134 ctiam
1751 2102 1922 2146 approbata

1182 2160 1212 2187 et
1236 2155 1380 2188 innovata
1409 2155 1555 2196 fuerunt,
1586 2154 1767 2188 huiusmodi
1792 2155 1920 2188 dubium

1183 2219 1236 2241 seu
1257 2208 1494 2242 haesitationem
1516 2218 1604 2241 suam
1622 2208 1807 2242 deduxerint
1824 2214 1853 2243 et
1870 2209 1922 2242 dc-

1182 2262 1296 2295 ducant
1321 2272 1357 2294 ex
1382 2271 1462 2296 vano
1486 2267 1658 2306 praetextu,
1677 2262 1761 2306 quod
1785 2263 1816 2296 in
1840 2262 1922 2297 dicto

1183 2316 1272 2349 Brevi
1300 2316 1466 2350 Clementis
1497 2316 1750 2360 praedecessoris
1781 2317 1922 2362 apposita

1183 2371 1218 2403 sit
1244 2371 1322 2404 baec
1348 2371 1486 2404 clausula
1511 2371 1637 2404 serrasti
1664 2370 1807 2404 videlicet
1832 2382 1923 2415 prac-

1181 2426 1325 2468 falorttm
1357 2424 1556 2458 decretorum
1579 2425 1708 2468 forneti,
1736 2435 1815 2469 quae
1847 2425 1918 2468 qui-

1182 2478 1252 2511 dem
1271 2478 1420 2518 clausula,
1437 2478 1511 2511 licet
1536 2478 1667 2521 intelligi
1691 2477 1802 2512 debeat
1820 2478 1921 2521 quoad

1182 2532 1240 2565 alia
1273 2533 1304 2565 in
1335 2532 1482 2577 praefatis
1512 2531 1644 2566 decretis
1673 2531 1834 2572 ordinata,
1861 2542 1921 2564 non

1183 2585 1284 2629 quoad
1318 2595 1351 2618 ea
1377 2595 1456 2629 quae
1489 2590 1557 2618 sunt
1593 2585 1621 2617 in
1646 2584 1762 2617 eisdem
1788 2584 1922 2617 decretis

1167 2639 1347 2678 ,Clementis
1370 2639 1619 2682 praedecessoris
1638 2643 1774 2682 excepta,
1793 2648 1831 2671 ne
1848 2638 1923 2671 alias
