2248 3229
102 236 153 264 Λη.
170 236 198 264 C.
218 236 282 265 ¹63⁷

119 1198 148 1220 1⁸
161 1198 240 1220 Paula»
252 1198 276 1221 V.

911 240 1053 264 unnanus

299 284 415 318 nedum
446 286 666 327 confirmavit,
690 286 744 320 sed
769 287 862 320 etiam
887 287 925 320 ad
951 288 1038 331 prin-

299 338 384 382 cipes
407 343 587 379 extraneos,
613 339 842 380 universitates,
867 341 1057 374 communi-·

299 396 376 424 tates
402 396 432 424 et
456 392 599 435 collegia,
616 403 679 426 non
697 399 800 425 tamen
818 394 1038 433 eeclesiastira,
1055 394 1057 431 ξ

299 450 445 488 respectu
470 456 745 489 quorumcumque
765 446 922 479 bonorum
947 446 1056 488 stabi-J

299 496 391 538 lium,
425 503 486 530 tam
511 497 542 530 in
567 498 744 531 confinibus
769 499 910 531 eiusdem
936 491 1056 539 Statusff

299 549 528 591 Ecclesiasfici,
559 560 653 593 quam
685 550 715 583 in
747 561 946 594 quacumque
978 542 1055 584 alia'

297 601 396 645 ipsius
421 601 524 635 Status
548 608 648 647 parte,
673 607 702 637 et
727 603 757 635 in
778 604 846 647 ipsa
869 604 952 637 Urbe
969 615 1039 638 con—

297 655 486 697 sistentium,
502 666 538 689 ac
555 656 648 688 etiam
663 666 826 698 censuum,
840 658 1038 701 aliorumque

295 707 454 742 bonorum
480 712 510 742 et
534 709 662 750 iurium,
688 719 769 753 quae
792 721 851 754 pro
875 700 1056 744 stabilibus]

295 761 454 794 habentur
467 762 543 804 (non
561 767 665 795 tamen
685 762 863 796 officiorum
881 763 1038 797 Romanae

295 813 411 855 curiae,
436 824 495 847 nec
514 814 697 858 portionum
716 825 770 848 seu
788 815 930 849 locorum
951 827 1039 850 mon-

294 866 401 907 tium,¹
413 867 684 911 comprehendere
693 867 886 912 declaravit),
896 879 932 902 ac
943 870 1036 902 etiam

294 918 332 952 ad
346 929 563 964 quaecumque
577 930 694 963 genera
708 926 938 961 contractuum,
951 932 1038 966 prae-
1052 941 1054 945 ν

295 979 438 1017 terquam
464 979 497 1006 ut
521 974 698 1018 praefertur
721 984 757 1007 ex
779 976 873 1006 causa
891 974 983 1015 dotis,
1008 980 1037 1007 et

294 1026 332 1059 ad
356 1036 573 1070 quascumque
597 1026 818 1070 dispositIOnes
843 1027 925 1060 inter
950 1027 1053 1061 vivos,

294 1084 325 1112 et
343 1081 438 1113 causa
463 1079 574 1113 mortis
590 1089 626 1113 ac
653 1079 778 1112 ultimas
796 1079 972 1113 voluntates
989 1090 1038 1114 ex-

294 1132 402 1166 tendit.

337 1185 353 1230 5
375 1184 406 1219 3.
432 1185 469 1219 Et
491 1185 667 1220 successive
683 1186 753 1230 piae
771 1187 943 1220 memoriae
961 1187 1036 1221 Pau-

293 1239 341 1273 lus
358 1239 391 1279 V,
411 1239 505 1273 etiam
530 1239 755 1283 praedecessor
772 1245 889 1281 noster,
914 1240 1036 1284 praedi-

293 1298 358 1326 ctas
381 1292 457 1327 Sixti
481 1297 511 1327 et
534 1293 701 1327 Clementis
726 1294 965 1327 constitutiones
982 1294 1035 1327 de-

293 1346 422 1379 claravit
464 1357 500 1379 ac
536 1346 695 1387 extendit,
735 1350 874 1380 statuens
909 1358 1053 1390 quoque,

293 1399 449 1432 licentiam
474 1400 678 1444 apostolicam
703 1399 894 1443 praedictam
917 1410 983 1433 esse
1004 1401 1035 1432 in

292 1452 418 1497 scriptis
428 1452 640 1494 obtinendam,
651 1458 681 1485 et
693 1453 723 1485 in
735 1457 804 1487 actu
815 1453 1035 1487 celebrationis
1051 1454 1053 1485 ῗ

292 1506 574 1540 instrumentorum
588 1506 814 1548 exhibendam,
829 1507 887 1540 sub
901 1507 1034 1540 diversis

291 1559 399 1602 poenis
429 1559 523 1592 etiam
556 1559 660 1602 quoad
691 1560 831 1593 notarios
863 1561 932 1604 ipso
966 1561 1051 1594 iure*

290 1612 520 1650 incurrendis’.
551 1613 604 1646 Ac'
624 1613 760 1657 denique
791 1624 848 1647 nos
871 1614 1034 1657 prioribus

290 1666 406 1700 nostris
422 1666 534 1699 litteris
551 1666 676 1700 easdem
695 1667 944 1707 constitutiones,
963 1678 1034 1701 eon-

290 1719 495 1758 firmavimus,
512 1730 548 1753 ac
568 1719 599 1752 in
623 1720 678 1762 eis,
704 1719 786 1753 bona
802 1721 834 1753 in
856 1721 1032 1755 confinibus

290 1772 440 1806 territorii
465 1772 623 1806 baronalis
653 1773 838 1813 existentia,
870 1779 900 1807 et
929 1779 1032 1807 castra

290 1824 404 1866 diruta,
422 1835 458 1859 ac
478 1830 600 1859 tenutas
617 1825 892 1867 iurisdictionales,
909 1837 1033 1861 census-

290 1889 351 1923 que
378 1889 473 1922 super
497 1878 614 1912 eisdem
639 1878 730 1912 bonis
755 1880 920 1923 impositos
944 1891 1030 1914 com-

290 1931 442 1976 prehendi
457 1931 714 1965 declaravimus&
730 1933 766 1966 Et
781 1934 956 1967 successive
974 1945 1032 1978 per

289 1985 365 2018 alias
389 1991 512 2019 nostras
537 1985 657 2019 litteras
682 1985 851 2019 terminum
884 1987 945 2020 illis
977 1988 1030 2031 qui

289 2038 471 2083 praemissis
495 2042 766 2079 contravenerant,
790 2045 824 2072 ut
853 2044 1049 2074 contractus

289 2097 319 2125 et
343 2097 430 2135 gesta
454 2102 672 2136 quaecumque
701 2097 735 2125 ut
761 2093 939 2136 praefertur
960 2104 1031 2137 pro-

290 2144 388 2177 hibita
412 2149 628 2185 retractarent,
650 2145 864 2189 praefiximus,
890 2152 918 2179 et
944 2147 1029 2187 alias,

289 2203 383 2242 prout
407 2198 499 2230 latius
524 2203 553 2231 et
570 2198 693 2242 plenius
711 2198 740 2230 in
758 2198 928 2242 praedictis
942 2199 1029 2240 Sixti,

288 2251 454 2286 Clementis
467 2256 497 2285 et
511 2251 596 2284 Pauli
615 2252 893 2297 praedecessorum
908 2259 1031 2288 nostro-

288 2315 359 2338 rum
385 2315 420 2338 ac
444 2305 560 2338 nostris
585 2305 696 2339 litteris
722 2306 928 2340 continetur⁴.

325 2413 333 2438 1
355 2411 418 2438 llcic
434 2411 574 2448 praemitte
590 2420 664 2447 quae
679 2420 733 2439 non
752 2414 786 2446 [n.
803 2413 851 2446 τ.).

322 2456 338 2482 2
353 2455 430 2489 Sixti,
447 2456 595 2483 Clementis
610 2459 637 2482 et
654 2455 726 2482 l'auli
742 2456 948 2484 constitutiones
968 2465 1029 2484 mox

288 2502 385 2529 citatae
400 2505 463 2527 sunt
479 2501 504 2527 in
521 2502 583 2527 nota
599 2499 631 2527 ad
647 2501 784 2527 rubricam
800 2502 836 2531 (a.
847 2507 863 2527 τ
875 2502 893 2532 ).

322 2545 339 2573 3
354 2545 426 2577 Quas
440 2546 549 2581 require
564 2545 590 2571 in
608 2549 673 2572 tom.
691 2551 749 2579 xiii,
767 2553 827 2580 pag.
844 2545 894 2572 557
912 2552 948 2578 ¹a.
960 2547 1009 2579 τ.).

322 2590 339 2617 ⁴
353 2589 494 2617 Secundus
510 2589 608 2616 Urbani
631 2588 734 2616 litteras
750 2589 833 2617 babes
849 2589 874 2616 in
892 2593 955 2617 tom.
973 2596 1029 2625 xm,

287 2641 349 2669 pag.
371 2633 423 2661 596
441 2635 481 2667 (a.
497 2633 545 2667 τ.).

372 2687 450 2715 Butt.
472 2689 554 2715 [tom.
573 2703 603 2707 --
627 2688 682 2714 t‘ot.
701 2687 738 2714 XI
749 2688 774 2715 V.

943 2688 976 2715 78

1078 239 1134 264 vm
1157 241 1207 265 rr.
1723 231 1786 266 617
1832 241 1881 268 An.
1902 242 1930 269 e.
1950 243 2016 271 ¹637

1117 288 1132 331 g
1156 288 1185 320 4.
1211 288 1287 322 Cum
1312 293 1416 321 autem
1447 289 1650 333 postmodum
1678 289 1814 332 longiori
1857 303 1939 324 cama
1955 310 2016 331 pra·-

1073 341 1265 385 experientia
1290 347 1487 386 compertum
1513 342 1562 383 sit,
1579 342 1673 375 etiam
1687 352 1723 375 ex
1738 342 1816 376 doli-
1830 330 2016 404 §}5:‚{}a⁰i{‡i33‡21

1847 389 1851 402 Ι
1867 389 1878 403 0
1901 389 1925 404 ΒΣ
1937 391 1962 405 en
1980 390 2016 405 ufl‘

1073 394 1141 434 bus,
1152 405 1207 427 seu
1222 405 1257 427 ex
1276 395 1490 429 contractibus
1507 406 1542 429 ac
1555 395 1814 439 dispositionibus
1831 410 1860 430 a..

1073 449 1167 479 eausa
1198 447 1317 480 dotium
1331 475 1338 488 ,
1370 459 1462 492 posse
1494 448 1565 481 Sedi
1596 448 1814 492 Apostolicae,

1073 499 1200 542 suisque
1225 500 1358 533 subditis
1381 510 1444 534 non
1465 501 1625 534 modicum
1642 501 1710 534 [ieri
1728 511 1815 545 prae-

1054 555 1056 559 ’
1073 551 1237 592 iudicium,
1262 558 1292 585 et
1316 564 1408 597 saepe
1425 564 1461 586 ex
1479 554 1611 587 occultis
1629 554 1815 597 assignatio-

1072 604 1164 637 nibus
1189 606 1282 638 etiam
1308 617 1366 650 per
1389 607 1562 650 scripturas
1585 607 1722 650 privatas
1745 607 1815 642 fieri

1073 657 1172 690 solitis
1196 658 1280 701 ipsas
1301 659 1389 693 dotes
1408 670 1444 692 ac
1465 659 1546 693 bona
1569 666 1598 693 et
1616 660 1684 693 iura
1700 660 1816 695 dotalia

1073 709 1104 742 in
1129 710 1323 744 venditiones
1347 712 1386 744 ab
1404 712 1522 745 eisdem
1540 713 1815 747 constitutionibus

1071 763 1247 806 prohibitas
1276 764 1354 797 clam
1387 765 1521 798 transire
1551 776 1665 809 posse,
1690 766 1715 798 si
1740 766 1815 799 civi·

1073 822 1160 856 tates,
1184 822 1296 857 castra,
1313 817 1438 862 oppida,
1457 818 1614 860 fortalitia,
1631 829 1729 860 arces,
1743 819 1815 852 alia-

1071 879 1133 912 que
1157 869 1226 902 iura
1243 874 1273 902 et
1290 870 1371 903 bona
1393 870 1662 912 iurisdictionalia‚
1679 882 1715 905 ac
1731 872 1813 906 bona

1071 921 1194 954 stabilia
1212 933 1267 955 seu
1285 923 1459 956 immobilia
1483 934 1710 968 quaecumque,
1727 936 1814 969 prae-

1071 974 1181 1006 sertim
1206 975 1238 1007 in
1263 976 1441 1009 confinibus
1466 976 1606 1010 eiusdem
1632 976 1735 1010 Status
1760 978 1814 1012 Ec-

1071 1027 1236 1060 clesiastici
1254 1029 1346 1061 etiam
1372 1039 1429 1073 pro
1443 1029 1547 1072 aliqua
1565 1034 1654 1073 parte
1674 1031 1813 1074 contigui

1070 1081 1252 1123 existentia,
1285 1086 1370 1116 cerlo
1403 1083 1504 1126 pretio
1536 1083 1727 1116 aestimanda
1756 1095 1814 1128 per

1070 1144 1287 1178 quoscumque
1312 1135 1376 1167 sive
1401 1135 1551 1178 forenses,
1577 1136 1641 1169 sive
1662 1135 1813 1177 subditos,

1069 1187 1308 1230 quomodolibet
1332 1188 1544 1231 qualiticatos‚
1581 1189 1675 1222 etiam
1711 1189 1811 1233 impe-

1051 1239 1150 1279 ·riali,
1175 1241 1284 1283 regali,
1309 1241 1411 1273 ducali
1436 1247 1466 1274 et
1490 1241 1600 1286 quavis
1624 1242 1685 1274 alia
1709 1248 1814 1276 aucto-

1070 1292 1160 1325 ritate
1185 1303 1220 1326 ac
1245 1293 1406 1336 dignitate,
1432 1294 1526 1326 etiam
1545 1294 1765 1335 ecclesiastica,
1783 1301 1814 1329 et

1069 1346 1144 1378 alias
1176 1346 1370 1379 individuam
1407 1347 1598 1380 mentionem
1631 1349 1813 1391 requirente

1069 1399 1246 1442 praeditos,
1279 1401 1310 1432 in
1343 1401 1521 1444 puellarum
1552 1411 1606 1434 seu
1642 1401 1812 1435 mulierum

1069 1453 1161 1485 etiam
1187 1453 1383 1486 subditarum
1414 1453 1539 1487 dotibus
1571 1459 1601 1486 et
1633 1455 1812 1496 acconciis,

1069 1506 1133 1538 sive
1157 1508 1251 1539 causa
1276 1507 1323 1539 vel
1350 1512 1514 1550 praetextu
1539 1507 1681 1548 dotium,
1715 1502 1820 1542 dona-v

1069 1559 1252 1603 tionumque
1266 1565 1396 1603 propter
1410 1560 1546 1604 nuptias,
1562 1561 1609 1593 vel
1626 1571 1685 1604 pro
1697 1561 1810 1605 arrhis,

1068 1623 1104 1646 ac
1128 1613 1204 1645 alias
1229 1613 1469 1656 quomodolibet
1494 1614 1525 1645 in
1549 1613 1647 1655 dotes,
1673 1624 1727 1647 seu
1751 1625 1811 1658 pro

1068 1665 1189 1698 dotium
1208 1666 1364 1699 solutione
1382 1667 1429 1699 vel
1447 1667 1680 1700 assecuratione
1698 1667 1811 1701 consti-

1068 1724 1232 1752 tuerentur
1245 1725 1275 1752 et
1291 1713 1539 1763 assignarentur,
1557 1720 1605 1753 vel
1625 1721 1700 1753 alias
1717 1721 1810 1754 etiam

1067 1772 1184 1815 absque
1208 1773 1426 1806 aestimatione
1451 1778 1481 1806 et
1506 1773 1647 1816 qualibet
1667 1773 1728 1806 alia
1748 1774 1811 1818 pal-

1067 1825 1193 1859 liatione
1213 1826 1364 1859 darentur
1388 1837 1443 1859 seu
1469 1827 1669 1860 traderentur
1686 1827 1812 1871 quibus-

1066 1879 1141 1913 libet
1175 1880 1354 1913 forensibus
1386 1879 1625 1924 quomodolibet
1655 1883 1689 1914 ut
1723 1891 1812 1924 prae-

1067 1933 1202 1966 mittitur
1236 1933 1446 1977 qualificasss,
1483 1933 1576 1966 etiam
1613 1933 1810 1978 principibus

1067 1986 1195 2020 maioris
1220 1987 1377 2030 potentiae
1403 1987 1666 2030 quibuscumque,
1688 1997 1810 2020 eorum-

1065 2050 1126 2082 que
1151 2040 1305 2083 patribus,
1331 2040 1495 2079 matribus,
1512 2040 1577 2072 avis
1593 2044 1623 2073 et
1639 2040 1727 2082 aviis,
1746 2046 1808 2073 tam

1065 2093 1203 2137 paternis
1233 2104 1328 2137 quam
1361 2093 1531 2133 maternis,
1564 2103 1599 2126 ac
1635 2093 1808 2133 fratribus,

1065 2147 1218 2191 filiisque,
1244 2146 1428 2190 nepotibus,
1455 2146 1548 2179 etiam
1574 2156 1610 2179 ex
1639 2146 1735 2180 fratre
1760 2148 1807 2180 vel

1064 2211 1173 2234 sorore
1198 2210 1281 2233 nunc
1305 2199 1386 2232 natis
1411 2204 1441 2232 et
1468 2199 1732 2244 quandocumque
1755 2210 1808 2233 na-

1064 2254 1207 2287 scituris:

1109 2307 1123 2349 g
1148 2306 1176 2339 5.
1203 2306 1275 2339 ldeo
1300 2316 1367 2348 nos,
1393 2306 1543 2346 volentes,
1571 2309 1665 2349 prout
1689 2316 1725 2339 ex
1751 2307 1804 2339 de-

1065 2359 1129 2392 bito
1154 2365 1262 2392 nostro
1287 2359 1436 2402 pastorali
1462 2364 1629 2399 tenemur,
1657 2359 1805 2392 omnibus

1064 2412 1265 2456 praeiudiciis
1283 2412 1450 2456 praedictis
1467 2417 1497 2444 et
1513 2411 1581 2444 aliis
1599 2412 1804 2455 quibuscum-

1064 2477 1124 2510 que
1145 2466 1268 2499 obviam
1291 2466 1353 2507 ire,
1375 2461 1461 2499 motu
1483 2466 1628 2510 proprio,
1654 2468 1804 2510 cermque

1065 2519 1192 2552 scientia
1218 2530 1254 2551 ac
1280 2521 1403 2552 matura
1428 2519 1654 2552 deliberatione
1678 2519 1803 2562 nostris,

1064 2574 1166 2618 deque
1191 2574 1381 2617 apostolicae
1407 2573 1571 2617 potestatis
1595 2573 1804 2617 plenitudine,

1065 2627 1123 2660 liae
1136 2630 1243 2660 nostra
1261 2630 1412 2671 perpetua
1429 2627 1660 2669 constitutione,
1678 2626 1804 2660 easdem

1861 2316 1959 2337 Urbanus
1976 2317 2005 2337 ‹li-

1821 2345 1865 2363 etas
1874 2344 2006 2364 constitutin-

1821 2375 1858 2389 nes
1867 2369 1977 2390 confirmat
1986 2372 2007 2390 nt

1821 2396 1927 2420 exten-tit.
1957 2401 2005 2423 pos·

1820 2428 1901 2449 nuxque
1910 2426 2004 2444 innovat».
