2248 3229
112 215 161 242 An.
179 213 208 241 C.
230 213 295 243 163¹
920 213 1062 238 minimus

312 260 441 306 pluries,
459 266 489 295 et
507 261 677 295 novissime
694 262 733 295 ad
752 262 828 295 iunii
846 267 877 295 ct
896 262 963 295 iulii
979 273 1050 306 pro·
1069 267 1071 287 t

310 314 391 348 xime
422 314 610 359 praeteritos
642 320 671 348 et
700 321 899 360 praesentem
925 290 1070 361 augustii

310 377 433 401 menses
457 368 654 402 extendimus
672 369 792 413 pariter
815 375 846 403 et
869 363 1070 414 prorogavi-³

310 431 390 462 mus,
406 427 501 465 prout
522 423 553 455 in
577 422 708 456 diversis
729 423 846 456 nostris
869 423 1004 467 desuper
1020 423 1051 455 in
1068 436 1070 438 ’

311 473 405 507 simili
421 475 524 509 forma
541 475 648 509 Brevis
668 476 821 519 expeditis
839 477 962 517 litteris,
980 486 1052 520 qua·
1068 491 1069 495 ¹

310 538 382 561 rum
407 529 548 562 omnium
565 534 691 562 tenores
715 529 809 570 etiam
833 529 1051 574 praesentibus

312 592 371 625 pro
381 582 538 627 expressis
550 583 662 616 haberi
678 583 832 625 volumus,
848 583 970 628 plenius
981 593 1051 617 con-
1068 584 1070 610 ἰ

312 635 457 669 tinetur¹.
1069 662 1071 687 t

125 699 297 731 „aovaeonces-
357 689 372 732 ἓ
395 688 425 722 ⁶2.
450 689 526 723 Cum
551 693 654 724 autem
679 701 735 734 per
759 690 983 723 abundantiam
1009 688 1071 722 (ΗΛ

113 727 297 785 ἷέῗὲεἷῖιῗζιιῖῗρῗῖ
313 741 402 775 vinae
422 743 655 777 misericordiae
680 744 762 777 atina
783 744 862 777 L‘rbs
882 749 998 784 nostra,
1017 753 1051 776 ac

111 780 303 854 Ἐῗὲιῗςῗὲᾱέὶῗέᾞῗῗ
313 795 429 829 multae
452 796 531 830 aliae
555 797 694 831 civitates
719 804 749 831 et
774 797 963 841 provinciae,
990 807 1051 830 non

129 839 182 856 ‘¹⁰²'
313 848 415 883 solum
432 855 557 884 sanctae
577 851 736 884 Romanae
757 851 924 891 Ecclesiae,
942 860 1052 883 verum

313 902 407 936 etiarn
437 904 570 937 aliarum
599 904 753 938 ditionum
778 910 809 938 et
838 904 1052 947 dominiorum

313 957 536 1000 temporalium
554 958 586 991 in
604 958 690 991 ltalia
707 963 737 991 et
754 958 863 992 insulis
884 957 1053 1002 praedictis

314 1009 524 1052 existentium,
549 1022 566 1044 a
589 1011 738 1056 periculis
763 1016 793 1044 et
824 1011 1053 1044 calamitatibus

314 1062 495 1098 huiusmodi
512 1065 668 1098 immunes
681 1065 834 1098 hactenus
851 1070 1053 1098 conservatae
1071 1060 1073 1084 ἕ

315 1122 344 1149 et
367 1117 446 1151 aliae
466 1118 560 1151 etiarn
584 1119 736 1152 liberatae
761 1119 896 1152 suerint:
920 1129 996 1159 nos,
1021 1123 1055 1151 ut

315 1169 533 1204 christifideles
551 1172 704 1216 praedicti
722 1172 904 1206 caelestium
930 1171 1056 1205 misera-

315 1223 434 1257 tionum
459 1224 579 1258 fructus
604 1225 732 1258 uberius
749 1226 899 1269 consequi
917 1235 1056 1258 merean-

314 1282 365 1310 tur
389 1278 584 1321 peramplius
608 1279 776 1322 periderc
801 1280 961 1319 volentes,
992 1284 1075 1317 tamt

315 1330 526 1372 praeinsertas
554 1342 648 1375 quam
672 1333 747 1364 alias
772 1332 905 1365 subinde
930 1332 1075 1375 expedi-«

317 1386 361 1415 tas
384 1383 503 1416 litteras
534 1385 724 1428 praedictas,
751 1396 823 1418 cum
852 1385 998 1418 omnibus
1028 1383 1075 1417 etl

317 1435 448 1479 singulis
478 1437 511 1470 in
535 1438 579 1471 eis
604 1439 757 1472 contentis
790 1438 1056 1479 concessionibus,

317 1489 523 1533 facultatibus,
548 1491 686 1532 indultis,
702 1492 915 1535 indulgentiis,
935 1492 1058 1524 clausu-

317 1542 355 1574 lis
379 1548 409 1576 et
431 1543 576 1584 decretis,
599 1545 638 1577 ad
663 1550 726 1577 tres
744 1555 866 1577 menses
883 1545 1056 1588 proximos,

317 1595 461 1629 videlicet
485 1598 685 1641 septembris,
710 1598 851 1631 octobris
876 1604 906 1631 et
929 1608 1058 1632 novem-

316 1647 382 1681 bris
407 1649 538 1694 (quibus
556 1650 752 1692 durantibus,
773 1651 798 1684 si
818 1651 925 1685 omnia
941 1657 972 1684 et
996 1651 1058 1684 sin-

317 1700 391 1743 gula
415 1701 447 1734 in
470 1703 673 1746 praeinsertis
690 1703 802 1737 litteris
819 1714 967 1748 expressa
983 1704 1057 1737 dicti

318 1754 538 1790 christifideles
562 1757 810 1801 adimpleverint,
829 1768 865 1790 ac
889 1758 982 1792 etiam
999 1768 1057 1801 pro

318 1807 400 1841 felici
425 1814 506 1842 statu
535 1810 698 1853 religionis
727 1811 899 1844 catholicae
924 1811 956 1843 in
981 1810 1057 1844 Ger-

319 1862 423 1895 mania
447 1862 574 1904 devote,
598 1869 634 1896 ut
662 1865 856 1907 praefertur,
881 1865 1058 1905 oraverint,

319 1915 364 1948 illi
385 1926 495 1949 omnes
515 1922 546 1950 et
562 1917 701 1960 singulas
718 1917 928 1961 indulgentias
945 1923 975 1951 et
991 1929 1060 1962 pec·
1075 1906 1077 1927 '

319 1974 461 2003 catorum
486 1970 687 2004 remissiones
703 1971 888 2015 praedictas,
908 1981 979 2004 cum
996 1982 1061 2004 om-

320 2021 412 2055 nibus
435 2019 774 2066 facultatibus,'gratiis
798 2028 828 2056 et
851 2023 979 2056 indultis
1004 2023 1058 2056 hu-

320 2075 473 2118 iusmodi,
507 2077 657 2121 consequi
681 2078 842 2120 valeant),
875 2077 1078 2118 auctoritate3

319 2130 490 2173 praedicta,
507 2136 615 2164 tenore
636 2131 860 2175 praesentium,
881 2132 994 2165 iterum
1013 2142 1062 2165 ex-

320 2182 477 2216 tendimus
493 2188 523 2218 et
539 2195 759 2228 prorogamus.
776 2186 905 2219 Necnon
929 2185 977 2225 iis,
996 2185 1059 2228 qui,
1078 2206 1079 2238 ἦ

321 2236 502 2269 earumdem
528 2237 797 2281 praeinsertarum
829 2238 1007 2270 litterarum
1026 2238 1079 2270 il-³

321 2288 462 2323 larumve
482 2291 708 2332 extensionum,
729 2297 763 2324 ut
786 2301 881 2335 supra
896 2291 1060 2334 factarum,

321 2343 441 2387 vigore,
454 2343 663 2387 indulgentias
680 2350 710 2378 et
726 2350 931 2389 peccatorum
948 2345 1060 2378 remis-
1077 2372 1080 2401 4

322 2397 426 2431 siones
449 2398 624 2442 praedictas
648 2399 834 2443 consequuti
852 2399 913 2432 iam
934 2404 1015 2439 sunt,
1036 2399 1060 2431 si
1078 2404 1079 2427 1

322 2451 428 2485 omnia
452 2456 482 2484 et
506 2451 628 2495 singula
659 2453 691 2485 in
720 2453 924 2496 praeinsertis
948 2431 1080 2491 litterisi

322 2504 503 2540 huiusmodi
534 2511 680 2540 contenta
710 2511 740 2539 et
776 2516 923 2551 expressa
962 2496 1081 2572 tribus}

359 2578 459 2611 lOuas
479 2578 538 2606 vide
563 2586 645 2614 supra
668 2586 728 2614 pag.
755 2578 816 2612 150,
843 2577 903 2611 176,
929 2577 991 2611 208,
1012 2573 1082 2629 933(

321 2624 360 2657 (R,
375 2623 424 2658 tu).
1081 2633 1082 2643 ¹

1086 213 1142 238 vm
1166 214 1214 238 rr.

1086 262 1246 295 mensibus
1271 271 1328 305 per
1356 265 1537 305 praesentes
1560 260 1738 304 prorogatis
1762 260 1824 294 du«

1085 316 1228 349 rantibus
1252 315 1356 349 denuo
1381 314 1638 359 adimpleverint,
1663 324 1699 347 ac
1730 313 1824 347 etiam

1085 379 1143 412 pro
1175 369 1255 402 t‘elici
1285 375 1367 402 statu
1399 368 1560 412 religionis
1592 367 1764 402 catholicae
1794 367 1825 400 in

1086 421 1252 454 Germania
1277 421 1404 462 devote,
1428 426 1461 455 ut
1485 421 1684 465 praefertur,
1715 430 1826 454 orave-

1086 475 1157 514 rint,
1175 480 1208 507 ut
1233 475 1357 508 easdem
1382 486 1492 508 omnes
1517 481 1547 508 et
1571 475 1710 518 singulas
1727 473 1827 507 indul-

1086 528 1208 571 gentias
1233 533 1261 561 et
1292 534 1495 572 pcccatorum
1521 529 1732 570 remissiones,
1754 537 1826 561 cum

1086 581 1231 614 omnibus
1255 581 1472 622 facultatibus,
1497 582 1606 624 gratiis
1639 586 1669 614 et
1699 581 1827 614 indultis

1087 635 1266 678 praedictis,
1280 635 1396 668 iterum
1410 635 1559 679 consequi
1578 635 1708 675 valcant,
1724 639 1828 668 aucto-

1086 688 1176 722 ritate
1209 694 1239 722 et
1275 693 1384 722 tenore
1415 689 1584 733 praedictis
1615 688 1826 722 concedimus.

1086 742 1163 780 Quia
1177 753 1262 783 vero,
1277 742 1314 775 ad
1329 742 1588 786 supplicationem
1602 742 1827 776 nonnullorum

1087 795 1307 839 episcoporum
1332 805 1368 828 ac
1392 796 1571 840 principum
1598 800 1628 829 et
1658 805 1827 840 rerumpu-

1087 848 1252 889 blicarum,
1268 849 1495 892 concessioneS,
1514 850 1685 891 facultates,
1699 850 1827 889 indulta,

1087 901 1297 945 indulgentias
1313 907 1343 935 et
1360 902 1561 936 remissiones
1578 909 1779 946 peccatorum
1798 903 1829 935 in

1088 955 1293 999 praeinsertis
1323 955 1434 988 litteris
1462 961 1624 989 contentas
1656 956 1694 989 ad
1730 960 1829 989 certas

1088 1008 1238 1049 civitates,
1259 1007 1429 1049 dioeceses,
1457 1008 1636 1052 provincias
1657 1014 1686 1041 et
1703 1009 1771 1041 loca
1783 1019 1830 1042 ex-

1089 1066 1136 1094 tra
1161 1061 1281 1094 Italiam
1305 1061 1469 1094 existentia
1493 1061 1531 1094 ad
1556 1065 1678 1095 certum
1706 1066 1830 1106 tempus

1089 1115 1286 1148 extendimus
1311 1120 1340 1148 et
1364 1115 1601 1159 ampliavimus,
1626 1115 1781 1155 volumus,
1802 1121 1831 1148 et

1089 1169 1173 1202 dicta
1197 1170 1383 1202 auctoritate
1408 1168 1625 1209 decernimus,
1656 1175 1705 1211 ut,
1730 1169 1831 1202 tribus

1090 1222 1262 1256 mensibus·
1283 1233 1340 1266 per
1368 1228 1549 1266 praesentes
1573 1223 1752 1266 prorogatis
1767 1250 1774 1262 ,
1798 1228 1832 1255 ut

1091 1276 1277 1318 praefertur,
1300 1276 1423 1319 elapsis,
1442 1285 1551 1308 omnes
1569 1279 1597 1309 et
1615 1285 1831 1319 quaecumque

1091 1329 1288 1362 extensiones
1306 1334 1333 1361 et
1351 1329 1569 1372 ampliationes
1584 1329 1755 1371 gratiarum
1776 1339 1833 1372 per

1091 1392 1147 1414 nos
1171 1382 1269 1415 sactae
1294 1382 1473 1415 huiusmodi
1492 1382 1611 1426 pariter
1636 1393 1673 1416 eo
1697 1382 1767 1426 ipso
1781 1392 1832 1415 ex-

1091 1435 1214 1478 pirent,
1239 1435 1418 1479 nulliusque
1444 1436 1505 1468 sint
1528 1435 1655 1468 roboris
1687 1435 1734 1468 vel
1763 1445 1831 1468 mo-

1093 1489 1199 1530 menti,
1217 1500 1274 1523 nec
1292 1490 1439 1533 cuiquam
1460 1489 1592 1523 ulterius
1609 1489 1831 1532 suffragentur.

1136 1541 1191 1586 {1}
1206 1543 1275 1576 Non
1291 1542 1489 1575 obstantibus
1502 1543 1649 1576 omnibus
1666 1542 1736 1583 illis,
1753 1552 1833 1586 quae

1092 1595 1123 1628 in
1147 1595 1237 1629 dictis
1268 1595 1380 1629 litteris
1412 1596 1569 1629 voluimus
1599 1605 1662 1629 non
1686 1595 1831 1636 obstare,

1092 1649 1268 1693 ceterisque
1301 1649 1468 1683 contrariis
1503 1649 1763 1693 quibuscumque.
1795 1649 1833 1682 Ut

1092 1708 1196 1735 autem
1213 1708 1394 1746 praesentes
1408 1703 1531 1736 litterae
1551 1703 1672 1736 facilius
1686 1702 1833 1736 omnibus

1092 1756 1296 1797 innotescant,
1311 1757 1466 1798 volumus,
1485 1762 1520 1789 ut
1544 1756 1727 1789 earumdem
1747 1766 1833 1800 prae-

1092 1810 1226 1843 sentium
1241 1811 1456 1853 transumptis,
1473 1810 1566 1842 etiam
1585 1810 1755 1853 impressis,
1772 1820 1834 1842 ma-

1092 1874 1134 1896 nu
1159 1864 1290 1896 alicuius
1314 1863 1428 1896 notarii
1453 1863 1571 1907 publici
1596 1863 1781 1906 subscriptis
1805 1869 1834 1896 et

1093 1917 1196 1960 sigillo
1210 1917 1342 1950 alicuius
1359 1927 1513 1960 personae
1531 1917 1562 1949 in
1575 1916 1726 1960 dignitate
1740 1915 1835 1949 eccle-

1094 1971 1217 2005 siastica
1241 1970 1427 2004 constitutae
1449 1970 1588 2011 munitis,
1613 1970 1722 2003 eadem
1744 1980 1835 2013 pror—

1094 2035 1146 2057 sus
1163 2024 1282 2067 ubique
1299 2023 1376 2056 [ides
1401 2023 1596 2065 adhibeatur,
1618 2033 1697 2066 quae
1718 2022 1834 2055 eisdem

1094 2077 1169 2121 ipsis
1194 2076 1413 2120 praesentibus
1438 2076 1658 2117 adhiberetur,
1684 2076 1709 2108 si
1734 2075 1834 2109 forent

1094 2130 1251 2163 exhibitae
1270 2130 1319 2162 vel
1336 2135 1488 2162 ostensae.

1139 2184 1250 2216 Datum
1259 2184 1387 2223 Romae,
1396 2183 1479 2227 apud
1493 2183 1522 2217 S.
1534 2183 1662 2216 Mariam
1675 2182 1834 2221 Maiorem,

1095 2237 1152 2270 sub
1177 2237 1294 2270 annulo
1319 2237 1499 2277 piscatoris,
1524 2236 1574 2269 die
1599 2246 1687 2270 xxv11
1711 2236 1834 2279 augusti

1094 2299 1246 2331 Mncxxm,
1263 2290 1463 2334 pontificatus
1479 2290 1579 2324 nostri
1597 2299 1678 2323 anno
1704 2299 1744 2323 ix.

1131 2353 1188 2380 Dat.
1206 2352 1248 2380 die
1264 2353 1298 2379 27
1314 2353 1420 2388 augusti
1438 2352 1515 2387 1631,
1536 2352 1632 2388 pontis.
1649 2360 1717 2380 anno
1733 2357 1770 2378 lx.

1413 2486 1510 2520 CDXI.

1099 2558 1190 2599 Quod
1203 2559 1320 2601 fratres
1336 2557 1534 2601 Cappuccz'ni
1547 2559 1719 2590 conventus
1734 2560 1836 2589 terrae

1143 2611 1307 2656 Modoyni,
1331 2611 1489 2646 Bai-ensis
1513 2610 1674 2654 dioecesis,
1687 2620 1754 2646 non
1768 2619 1838 2655 pos-

1727 201 1791 236 937
1838 211 1887 239 An.
1903 211 1931 239 c.
1954 210 2018 239 1631

1918 1550 2032 1580 Darogatio

1848 1580 2010 1599 contrariorum.
