2248 3229
229 238 277 266 An.
294 239 323 266 c.
347 238 415 267 1634
461 230 526 265 394

426 293 456 321 et
472 298 581 321 ornnes
604 289 696 321 horas
718 288 894 325 canonicas,
913 288 971 320 nisi
998 287 1184 331 impeditus¹

427 341 515 374 alteri
540 341 652 374 idoneo
677 341 760 373 vices
785 351 855 373 suas
880 340 1083 373 commiserit.
1109 315 1184 384 tta-l

427 393 561 427 tutinum
579 403 663 432 vero,
677 392 784 425 laudes
802 398 827 425 et
848 393 949 436 prima
971 393 1165 436 subsequen·

427 451 473 478 ter
490 445 555 477 sine
580 449 671 478 cantu
696 445 920 478 recitabuntur.
1182 444 1184 484 ζ

470 498 503 530 In
532 498 630 531 choro
661 499 778 531 nemini
810 499 900 531 liceat
930 503 1054 533 cantare
1083 489 1184 543 quodi

425 561 487 585 non
512 551 550 584 sit
575 552 772 593 cantandum,
799 557 851 585 aut
876 552 1023 596 privatim
1048 553 1184 596 aliquid*

425 606 539 648 legere,
557 610 610 638 aut
626 606 709 638 aliud
726 606 837 648 facere,
860 606 934 639 dum
953 606 1099 640 dicuntur
1113 607 1166 640 ho·
1183 619 1184 629 ¹

426 668 479 691 rae
495 661 673 699 canonicae,
694 660 741 691 vel
767 660 879 692 missae
904 660 1040 692 maiores
1058 659 1167 692 decan-

425 715 539 744 tantur.
560 711 620 744 Sed
637 712 750 745 fratres
775 712 867 745 simul
893 717 1026 752 cantent,
1044 713 1166 756 quoties
1183 703 1184 708 ¹

426 765 614 798 cantandum
629 766 696 808 erit,
712 771 741 800 et
754 767 886 810 psallant
900 767 1032 800 Domino
1046 767 1166 810 sapien·
1183 761 1184 805 l

425 823 482 859 ter,
500 818 644 853 laudibus
669 819 782 852 (livinis
807 820 959 862 singulari
985 820 1184 873 attentione„

425 872 589 906 devotione
614 877 644 906 et
672 873 825 906 modestia
851 874 1054 907 intendentes.

468 926 578 959 Nullus
609 927 758 967 omnino,
784 927 1009 971 cuiuscumque
1039 928 1184 971 privile-⁴¹

425 979 466 1022 gii
497 982 550 1013 aut
580 980 810 1023 superioritatis
841 981 935 1013 etiam
968 972 1184 1024 generalatus*

425 1037 609 1075 praetextu,
635 1032 784 1066 immunis
808 1044 825 1066 a
850 1034 948 1067 choro
980 1039 1184 1076 censeatur,¹

424 1084 483 1117 nisi
508 1090 650 1128 tempore
678 1096 740 1129 quo
771 1086 840 1129 quis
866 1087 895 1119 in
921 1086 1044 1130 proprii
1071 1081 1183 1119 officii'

426 1147 556 1171 munere
579 1138 673 1172 suerit
697 1145 876 1183 occupatus.

470 1192 643 1225 Psalmodia
668 1203 730 1226 non
754 1194 918 1234 trahatur,
946 1193 998 1226 sed
1032 1193 1165 1226 rotunde

424 1246 603 1289 proseratur
622 1257 694 1279 cum
718 1247 833 1290 pausis,
852 1247 893 1279 ita
910 1252 944 1279 ut
964 1247 994 1279 in
1012 1246 1115 1279 medio
1136 1251 1166 1279 et

424 1298 455 1331 in
480 1298 542 1331 fine
567 1299 732 1333 cuiuslibet
766 1300 857 1332 metri
889 1301 943 1332 siat
966 1310 1062 1343 pausa
1093 1310 1165 1332 cum

426 1351 549 1385 modico
569 1351 743 1393 intervallo,
761 1363 818 1385 nec
836 1352 929 1385 nimis
953 1352 1165 1396 protrahendo

426 1415 550 1447 vocem,
581 1415 639 1437 nec
662 1405 755 1437 nimis
780 1405 994 1439 abbreviando
1009 1432 1016 1446 ,
1045 1407 1183 1438 servata

425 1458 656 1492 solemnitatum
681 1458 867 1493 differentia.

469 1512 503 1545 ln
528 1512 626 1545 choro
659 1517 740 1545 stent
772 1522 881 1546 omnes
907 1513 939 1545 in
964 1513 1165 1554 invitatorio,

424 1565 571 1599 omnibus
594 1565 728 1610 hymnis,
746 1566 784 1598 ad
804 1566 1009 1607 Benedictus,
1029 1567 1162 1610 Μαρκί-

423 1618 509 1660 licat,
537 1618 632 1651 Nunc
656 1619 813 1659 dimittis,
842 1619 1026 1652 Beneclz'cile
1056 1621 1165 1653 omnia

424 1681 533 1714 opera,
550 1676 580 1704 et
603 1671 641 1704 ad
665 1672 785 1705 cantica
801 1672 929 1705 laudum
954 1673 1120 1714 ferialium,
1136 1678 1165 1706 et

425 1724 518 1757 etiam
543 1724 582 1757 ad
598 1725 775 1769 symbolum
795 1725 997 1769 Quicumque
1012 1725 1090 1767 vult,
1108 1730 1163 1760 etc.

469 1778 704 1812 Genuassectant
723 1778 761 1811 ad
785 1778 879 1811 verba
905 1779 1091 1812 invitatorii:
1115 1780 1166 1813 Ve-

426 1831 493 1864 nite
520 1831 692 1864 adoremus
717 1835 745 1864 et
768 1831 1001 1875 procedamus,
1028 1837 1096 1872 etc,
1126 1833 1166 1865 Te

425 1895 499 1928 erqo
534 1895 730 1929 quaesumus
768 1885 831 1917 tuis
863 1885 1000 1927 famulis
1035 1885 1167 1919 sabvem'

425 1949 505 1982 quos
519 1939 659 1982 pretioso
683 1939 844 1981 sanquine
867 1938 1044 1978 redemisse
1064 1939 1094 1971 in
1111 1939 1166 1983 hy-

426 1991 508 2025 mnis
520 1992 559 2024 ad
569 2002 688 2025 versus:
705 1992 784 2025 Veni
795 1992 925 2026 Creator
936 1992 1083 2035 spiritus,
1096 1998 1164 2035 ete,

430 2047 573 2079 Tantum
597 2057 669 2090 erqo
686 2046 941 2086 Sacramentum,
963 2051 1030 2088 cto,
1050 2046 1076 2080 O
1095 2057 1166 2080 vere

426 2098 529 2142 diqna
543 2099 660 2139 hostia,
677 2104 744 2141 etc,
760 2098 785 2132 O
798 2099 954 2132 salutaris
969 2099 1083 2140 hoslia„
1096 2106 1165 2140 eto,

428 2153 454 2188 O
478 2154 577 2193 Crux,
612 2165 668 2187 ave
692 2165 760 2198 spes
791 2155 899 2195 urtica,
928 2160 997 2195 etc„
1030 2155 1068 2187 ad
1100 2156 1166 2188 Ave

428 2209 527 2241 maris
550 2208 666 2247 stella,
694 2213 763 2248 etc,
792 2208 829 2240 ad
862 2207 1024 2241 introitum
1052 2208 1165 2242 missae

427 2261 521 2295 Salve
544 2262 664 2295 Sancta
687 2262 823 2302 Parente,
843 2266 914 2303 eto,
933 2267 964 2294 et
982 2262 1020 2294 ad
1037 2262 1165 2295 offerto-

426 2315 509 2347 rium
534 2315 601 2349 Ave
625 2315 755 2354 Maria,
776 2315 850 2347 item
876 2315 1164 2359 quotiescumquea

427 2367 549 2401 dicente
573 2367 787 2401 invitatorium
809 2368 902 2401 osticii
924 2368 1032 2402 Beatae
1050 2369 1163 2402 Mariae

427 2422 655 2465 pronunciatur
672 2422 739 2455 Ave
756 2423 874 2464 Maria,
893 2423 940 2455 rel
958 2423 987 2455 in
1005 2421 1117 2456 choro¹
1132 2422 1163 2455 in

428 2475 628 2518 responsorio
652 2480 683 2507 et
699 2475 878 2518 antiphona,
899 2475 993 2519 idque
1010 2476 1041 2508 in
1066 2476 1163 2509 choro

427 2534 513 2561 extra
537 2533 660 2572 tempus
676 2529 820 2572 paschale
845 2534 875 2562 et
894 2529 959 2562 dics
979 2529 1162 2562 dominicos.

470 2581 505 2615 ln
517 2581 578 2615 fine
591 2582 791 2627 hymnorum,
801 2582 839 2615 ad
851 2582 965 2616 Gloria
978 2583 1085 2624 Patri,
1095 2587 1163 2623 etc„

464 2643 474 2669 1
486 2642 572 2671 Verba
581 2644 611 2671 in
620 2645 704 2672 choro
713 2648 822 2680 praeter
829 2653 887 2673 rem
897 2653 955 2673 esse
963 2645 1163 2681 ridentia-(as).

1015 240 1193 264 BULLARIUM
1218 239 1372 265 ROMANUM

1199 287 1434 320 Benedicainus
1448 288 1582 321 Patrem
1601 294 1629 323 et
1646 290 1781 332 Filium,
1801 297 1869 332 etc.,
1887 290 1937 325 Sit

1199 351 1316 374 nomen
1340 342 1471 374 Domini
1495 342 1706 385 benedictum,
1725 350 1865 387 surgant.
1891 345 1936 378 Ad

1201 394 1358 437 Confiteor
1376 394 1528 436 similiter,
1554 406 1624 428 cum
1650 406 1667 428 a
1691 397 1787 430 choro
1811 398 1935 438 dicitur,

1199 452 1229 479 et
1257 448 1382 490 operto*
1405 449 1507 491 capite
1532 449 1647 482 chorus
1672 459 1781 482 versus
1804 451 1935 484 chorum

1200 500 1366 533 inclinetur
1387 501 1596 544 mediocriter,
1623 502 1664 534 ita
1689 512 1771 544 sane,
1803 503 1886 546 quod
1911 504 1936 536 si

1200 553 1442 586 extenderentur
1466 554 1594 587 brachia
1624 554 1834 588 extremitates
1858 555 1936 598 digi-

1200 610 1303 639 torum
1338 612 1465 650 possent
1498 607 1651 650 attingere
1675 618 1794 650 genua3
1818 607 1936 642 hebdo-

1201 659 1357 692 madarius
1373 664 1477 693 tamen
1498 660 1640 693 recitabit
1659 660 1813 703 Confiteor
1830 671 1937 695 versus

1200 713 1237 745 ad
1262 713 1367 745 altare.

1243 766 1505 810 Quotiescumque
1531 776 1605 800 vero
1629 767 1856 810 pronunciatur
1880 773 1938 802 tre-

1200 820 1347 852 mendum
1374 829 1408 852 ac
1433 820 1611 853 venerabile
1642 830 1759 857 nomen
1781 821 1871 861 Iesu,
1896 821 1936 854 si-

1182 880 1184 902 :
1200 877 1279 906 stent
1303 873 1425 913 fratres,
1446 872 1559 906 sacient
1578 873 1935 916 semigenussectionen13

1200 926 1223 959 si
1242 926 1377 968 sedeant,
1396 931 1448 959 aut
1466 926 1597 969 genibus
1622 926 1683 959 sint
1706 927 1874 970 provoluti,
1891 937 1938 960 ca-

1200 985 1256 1023 put
1275 984 1421 1023 opertum
1432 980 1442 996 ²
1459 979 1617 1012 inclinent.
1639 979 1685 1012 Ad
1701 989 1816 1013 nomen
1833 980 1864 1013 B.
1878 980 1937 1013 Ma-

1200 1032 1274 1073 riae,
1291 1043 1413 1066 necnon
1430 1032 1594 1066 beatorum
1612 1037 1738 1076 patrum
1755 1038 1937 1066 nostrorum

1182 1089 1184 1119 t
1199 1086 1325 1119 Antonii
1341 1091 1371 1119 et
1387 1086 1564 1129 Augustini,
1581 1086 1620 1119 ad
1639 1096 1755 1119 nomen
1771 1097 1846 1120 vero
1866 1086 1938 1120 San-

1182 1139 1249 1181 *cti,
1271 1139 1359 1172 cuius
1384 1139 1419 1173 fit
1442 1139 1590 1180 officium,
1616 1139 1720 1182 prima
1745 1140 1821 1181 vice,
1845 1145 1937 1183 caput

1198 1193 1355 1225 detectum
1381 1192 1540 1232 inclinent,
1557 1192 1632 1225 alias
1655 1193 1757 1226 solum
1778 1193 1936 1235 inclinent,

1198 1246 1283 1289 quod
1301 1246 1399 1278 lector
1416 1246 1448 1278 in
1464 1246 1631 1278 refectorio
1649 1246 1767 1289 pariter
1790 1246 1935 1279 servabit.

1243 1298 1524 1339 Hebdomadarius,
1545 1303 1575 1331 et
1600 1298 1652 1331 alii
1676 1299 1714 1331 ad
1739 1309 1818 1343 quos
1842 1300 1938 1343 perti-

1199 1352 1293 1393 nebit,
1310 1357 1475 1396 postquam
1501 1352 1720 1393 intonaverint,
1738 1358 1791 1385 aut
1815 1353 1938 1386 benedi-

1199 1406 1346 1447 ctionem,
1360 1405 1598 1447 absolutionem,
1615 1405 1792 1447 lectionem,
1806 1406 1939 1440 versicu-

1199 1460 1254 1501 los,
1274 1459 1455 1503 capitulum,
1478 1458 1523 1491 vel
1539 1458 1714 1492 orationem
1735 1459 1879 1502 dixerint,
1897 1459 1938 1493 si-

1199 1512 1316 1545 militer
1340 1516 1434 1556 caput
1457 1522 1569 1555 parum
1594 1511 1753 1545 inclinent.

1244 1566 1482 1599 sacrosanctum
1516 1565 1730 1598 Eucharistiae
1754 1566 1939 1600 Sacramen-

1201 1625 1264 1653 tum
1279 1624 1468 1652 venerentur
1485 1628 1595 1652 omnes
1613 1619 1811 1653 uniformiter
1827 1620 1938 1654 humili

1200 1678 1230 1706 et
1246 1672 1358 1706 devota
1383 1671 1602 1715 genuflexione
1625 1682 1725 1716 usque
1748 1672 1787 1705 ad
1811 1676 1937 1715 terram,

1199 1738 1270 1761 cum
1297 1727 1422 1761 modica
1453 1727 1564 1771 capitis
1588 1731 1618 1759 et
1642 1728 1785 1771 corporis
1809 1728 1938 1762 inclina-

1200 1781 1294 1822 tione,
1312 1780 1572 1824 quotiescumque
1591 1784 1662 1813 ante
1683 1781 1785 1824 ipsum
1805 1781 1938 1814 transire

1200 1834 1377 1876 contigerit.

1244 1887 1346 1921 Sacris
1370 1886 1531 1927 altaribus,
1549 1886 1706 1928 crucibus,
1724 1898 1760 1920 ac
1784 1887 1844 1931 piis
1868 1888 1939 1922 San-

1199 1946 1323 1973 ctorum
1341 1940 1531 1982 imaginibus
1550 1939 1689 1972 debitam
1706 1940 1874 1973 exhibeant
1889 1951 1938 1974 re-

1201 1994 1372 2027 verentiam
1403 1993 1556 2027 mediocri
1585 1993 1785 2027 inclinatione
1815 1994 1937 2038 quoties

1200 2048 1415 2091 gradientibus
1439 2057 1471 2081 se
1496 2047 1527 2080 in
1554 2047 1603 2079 via
1627 2047 1745 2081 directe
1769 2047 1914 2082 offerunt.

1244 2101 1311 2134 Fiat
1335 2106 1365 2134 et
1388 2106 1564 2145 apponatur
1588 2100 1693 2133 tabula
1709 2100 1739 2133 in
1759 2101 1829 2134 loco
1852 2106 1936 2145 apto,

1200 2155 1231 2187 in
1254 2165 1315 2198 qua
1339 2154 1471 2197 singulis
1501 2153 1611 2186 diebus
1644 2153 1762 2186 sabbati
1787 2153 1825 2187 de
1849 2164 1937 2198 prae-

1200 2208 1316 2252 scripto
1341 2205 1514 2251 superioris
1544 2207 1748 2250 designentur
1777 2207 1883 2241 altaris
1907 2213 1937 2241 et

1199 2262 1287 2295 chori
1304 2261 1449 2302 ministri,
1468 2266 1564 2305 prout
1582 2261 1676 2294 officii
1693 2261 1874 2294 solemnitas
1886 2272 1935 2295 re-

1198 2315 1350 2359 quisierit,
1363 2321 1415 2348 aut
1433 2316 1565 2348 fratrum
1579 2325 1730 2348 numerus
1746 2315 1934 2359 permiserit.

1242 2369 1285 2401 Ad
1311 2369 1433 2402 tertiam
1463 2369 1605 2413 pulsetur
1629 2367 1708 2403 hora
1731 2370 1815 2402 nona
1838 2374 1936 2402 matu·

1196 2422 1261 2455 tina
1288 2422 1421 2455 diebus3
1445 2423 1559 2466 quibus
1583 2433 1646 2456 non
1670 2422 1826 2456 ieiunatur
1835 2433 1842 2463 ;
1863 2433 1933 2456 cum

1234 2515 1242 2539 ·1
1264 2513 1363 2540 Forsan
1379 2512 1522 2548 legendum
1538 2515 1638 2548 aperto
1652 2513 1690 2547 (n.
1707 2513 1753 2545 T.).

1232 2557 1247 2583 2
1264 2557 1327 2584 Vide
1343 2560 1397 2584 not.
1417 2557 1542 2593 praeced.
1559 2560 1595 2590 (R.
1608 2557 1656 2590 T.).

1232 2602 1247 2629 3
1264 2602 1407 2637 Perper-am
1418 2602 1482 2629 edit.
1495 2603 1577 2629 Main.
1590 2602 1668 2636 legit:
1687 2601 1732 2628 Ad
1745 2601 1935 2637 terez‘ampal-

1196 2649 1274 2674 setar
1289 2647 1360 2674 hora
1376 2648 1463 2674 nond..
1481 2647 1627 2675 Malatina
1643 2646 1751 2681 diebus,
1768 2649 1819 2673 etc.
1835 2647 1871 2681 (n.
1885 2646 1932 2676 τ.).

1952 242 2002 270 An.
2021 242 2049 270 C.
2067 242 2135 271 1634
