2248 3229
207 224 257 252 vn.
274 216 303 245 c.
326 216 395 246 1634
439 206 505 242 384

407 281 431 361 Ξ
457 318 522 361 Ego
540 316 703 350 Uldericus
721 315 802 348 tituli
823 315 851 348 S.
869 315 1049 349 Anastasiae
1065 324 1150 359 pres-

498 371 588 414 byter
612 368 779 402 cardinalis
804 368 982 412 Carpineus.

409 428 431 465 †
456 423 521 466 Ego
549 422 723 466 Stephanus
751 421 834 455 tituli
866 422 895 455 S.
927 421 1086 455 Laurentii
1118 421 1150 454 in

497 476 579 509 Pane
603 480 633 508 et
656 475 755 508 Perna
787 475 952 519 presbyter
982 474 1149 509 cardinalis

496 529 652 562 Duratius.

409 587 429 624 †
455 583 521 627 Ego
534 582 728 626 Augustinus
742 582 909 617 cardinalis
922 583 1055 627 Oregius
1069 582 1149 617 tituli

497 636 525 669 S.
551 636 627 670 Sixti
650 636 822 681 presbyter.

411 957 434 998 ,μ
409 906 430 943 ›i-
409 850 432 891 ›t‹
408 799 430 836 —i-
408 746 430 783 -ικ
409 693 431 730 —e

459 955 525 1000 Ego
546 956 732 1000 Hyppolitus
760 955 787 989 S.
819 955 976 991 Eustachii
1002 957 1151 991 diaconus

499 1008 667 1047 cardinalis
682 1009 944 1051 Aldobrandinus,
958 1009 987 1044 S.
1005 1010 1038 1044 R.
1057 1010 1089 1043 Ε.
1105 1021 1152 1044 ca—

498 1063 663 1096 merarius.

411 1120 432 1158 7¹
458 1117 523 1161 Ego
540 1116 726 1150 Franciscus
740 1116 768 1150 S.
783 1117 942 1151 Laurentii
964 1117 995 1150 in
1019 1118 1150 1153 Damaso

499 1171 650 1205 diaconus
660 1168 826 1204 cardinalis
837 1171 1036 1212 Barberinus,
1046 1172 1148 1205 S.R.E.

499 1224 781 1258 vicecancellarius.

410 1281 433 1322 †
465 1278 531 1322 Ego
556 1278 587 1311 P.
605 1278 701 1311 Maria
718 1278 885 1311 cardinalis
902 1278 1105 1322 Burghesius.

411 1336 432 1374 †
456 1333 523 1376 Ego
555 1332 587 1365 L.
621 1337 746 1366 sanctae
777 1332 892 1366 Mariae
922 1332 955 1365 in
986 1332 1169 1367 Cosmedin¹

500 1386 649 1420 diaconus
674 1386 841 1419 cardinalis
860 1386 970 1419 Biscia.

411 1441 435 1483 †
460 1440 526 1484 Ego
546 1440 672 1473 Martius
693 1440 721 1473 S.
739 1440 850 1483 Angeli
867 1440 899 1472 in
918 1439 1001 1473 Foro
1015 1439 1151 1473 Piscium

501 1493 650 1527 diaconus
668 1493 835 1527 cardinalis
851 1493 1002 1534 Ginettus,
1020 1493 1151 1528 Sanctis-

501 1547 572 1580 simi
591 1547 717 1581 Domini
741 1547 841 1580 nostri
866 1547 967 1591 Papae
984 1546 1128 1580 vicarius.

413 1604 433 1642 †
459 1601 525 1645 Ego
550 1602 583 1635 A.
610 1601 654 1634 Ss.
681 1601 809 1635 Cosmae
834 1605 864 1634 et
887 1601 1027 1634 Damiani
1052 1600 1153 1635 diaco-

500 1665 560 1688 nus
581 1655 749 1688 cardinalis
768 1655 961 1689 Caesarinus.

411 1711 433 1749 †
461 1709 526 1753 Ego
540 1708 568 1742 S.
580 1708 720 1752 Agathae
739 1708 890 1742 diaconus
909 1708 1077 1742 cardinalis
1090 1709 1152 1742 An-

502 1762 607 1797 tonius
620 1762 819 1796 Barberinus.

412 1820 437 2123 —c-—t-›tae—e—„u—i-

460 2082 526 2126 Ego
550 2082 735 2116 Benedictus
756 2082 872 2116 SsNiti
898 2087 928 2115 et
941 2082 1071 2116 Modesti
1093 2082 1172 2123 dia-,

503 2147 600 2170 conus
618 2136 785 2170 cardinalis
806 2135 952 2169 Ubaldus.

458 2241 552 2275 Anno
570 2251 591 2273 a
606 2240 779 2274 nativitate
803 2240 938 2274 Domini
958 2241 1062 2274 nostri
1082 2241 1156 2274 Iestt

416 2295 539 2330 Christi
567 2293 761 2334 rincxxx1v¹,
790 2294 967 2328 indictione
995 2294 1152 2335 secanda,

414 2349 466 2382 die
493 2359 564 2381 vero
593 2357 667 2381 xxiv
689 2348 820 2391 aprilis,
844 2348 1054 2391 pontificatus
1074 2348 1157 2382 San-

415 2402 553 2436 ctissinzi
568 2402 604 2435 in
616 2402 743 2436 Christo
755 2403 862 2445 patris
872 2406 900 2435 et
913 2401 1040 2434 domini
1052 2403 1157 2435 nostri

419 2457 544 2491 Urbani
569 2456 683 2489 divina
704 2456 912 2499 providentia
939 2456 1051 2500 Papae
1074 2455 1161 2489 VIII

416 2520 502 2543 anno
530 2519 577 2550 xi,
603 2513 786 2553 praesentes
813 2509 939 2542 litterae
963 2508 1156 2552 apostolicae

418 2564 514 2597 lectae
545 2567 573 2597 et
600 2563 788 2607 publicatae
815 2563 948 2606 fuerant
976 2562 1019 2596 ad
1046 2561 1155 2595 valvas

453 2626 464 2652 1
482 2624 600 2653 Erronee
615 2624 681 2653 edit.
698 2624 776 2654 Main.
793 2624 858 2661 legit
873 2624 1020 2660 eriqestmo
1034 2624 1072 2660 (R.
1087 2623 1135 2659 r.).

990 214 1170 240 BULLARIUM
1193 213 1350 239 ROMANUM

1184 261 1398 295 basilicarum
1424 261 1671 303 Lateranensis,
1695 267 1723 296 et
1752 262 1921 306 Principis

1181 314 1422 358 Apostolorum,
1440 323 1648 358 cameraeqne
1663 319 1693 348 et
1707 314 1922 348 cancellariae

1183 367 1387 412 apostolicae,
1407 368 1494 400 acin
1509 368 1578 400 acie
1597 368 1710 411 Campi
1724 368 1851 410 Florae,
1862 379 1922 412 per

1182 432 1240 455 nos
1256 421 1471 455 Franciscnm
1487 420 1526 453 de
1541 420 1660 454 Paulis
1672 424 1702 453 et
1714 421 1921 455 Dominicam

1182 474 1385 519 Manqilinm
1413 474 1593 518 praelibati
1622 473 1828 507 Sanctissimi
1852 475 1917 508 Do-

1183 528 1269 561 mini
1292 527 1396 561 nostri
1419 527 1533 572 Papae
1556 537 1709 560 cursores.

1260 589 1396 623 losum-:s
1410 589 1540 630 flames,
1555 599 1616 633 pro
1630 589 1663 622 D.
1682 599 1763 632 mag.
1779 599 1898 623 cursor.

1453 723 1657 757 CDLXXXIll.

1182 795 1325 830 Indictio
1350 794 1489 828 iubilaei
1508 794 1704 828 universalis
1717 794 1760 828 ad
1776 794 1924 828 divinam

1230 848 1316 882 iram
1340 847 1560 889 avertendam,
1577 852 1604 881 et
1617 847 1797 882 catholicae
1811 849 1861 881 rei
1873 858 1924 892 pe-

1229 901 1335 936 ricula
1369 912 1406 935 ac
1435 901 1631 935 detrimenta
1660 901 1853 945 praesertim
1888 902 1925 935 in

1230 955 1409 990 Germanici
1434 955 1626 999 ingruentia
1656 954 1849 988 removenda
1858 966 1869 995 ,·
1896 959 1925 988 et

1229 1008 1373 1042 eiusdem
1389 1008 1578 1052 proroqatio
1595 1008 1638 1041 ad
1660 1007 1747 1041 alias
1768 1007 1848 1040 duas
1876 1008 1925 1041 he-

1231 1061 1428 1103 bdomadas,
1468 1072 1541 1095 cum
1565 1061 1803 1102 declaratione,
1839 1062 1926 1106 quod

1225 1116 1351 1160 possint
1382 1115 1610 1158 christifideles
1639 1115 1788 1159 supplere
1817 1115 1854 1149 in
1880 1126 1925 1149 se-

1228 1170 1402 1214 quentibus
1427 1169 1564 1210 duabus,
1589 1170 1618 1202 si
1642 1169 1724 1214 qaid
1749 1169 1785 1203 in
1805 1170 1925 1214 primis

1230 1223 1437 1256 hebdomadis
1464 1233 1523 1267 pro
1554 1222 1778 1267 consequenda
1807 1221 1922 1255 indal—

1229 1276 1341 1318 qentid
1366 1276 1557 1309 huiusmodi
1581 1276 1758 1309 omiserint.

1386 1347 1524 1375 Urbanus
1545 1347 1625 1382 Papa
1644 1348 1711 1375 vm
1725 1368 1731 1380 ,

1185 1397 1340 1425 Universis
1351 1396 1609 1430 christifidelibus,
1619 1398 1796 1431 praesentes
1807 1396 1926 1425 litteras

1220 1437 1416 1472 inspecturis,
1433 1438 1562 1465 salutem
1578 1440 1610 1465 et
1625 1437 1822 1471 apostolicam
1837 1438 1927 1466 hene-

1221 1476 1390 1505 dictionem.

1230 1545 1352 1578 lteratis
1375 1545 1533 1589 precibus,
1550 1550 1643 1589 atque
1659 1545 1784 1579 indictis
1801 1545 1928 1590 publice

1186 1597 1467 1643 supplicationibus
1492 1598 1530 1632 ad
1554 1599 1653 1632 Deum
1673 1599 1796 1643 saepius
1817 1599 1928 1632 clama-

1185 1652 1298 1692 vimus,
1323 1656 1357 1684 ut
1381 1651 1596 1685 calamitatum
1621 1652 1746 1685 turbine
1763 1657 1927 1697 correptos

1185 1715 1243 1739 nos
1266 1704 1436 1746 liberaret,
1467 1710 1497 1738 et
1527 1715 1693 1739 aerumnas
1725 1706 1845 1750 populo
1871 1716 1928 1740 suo

1186 1758 1385 1792 imminentes
1409 1763 1580 1798 averteret3
1611 1769 1691 1803 quae
1716 1759 1772 1792 etsi
1804 1759 1929 1803 penitus

1187 1815 1309 1845 amotae
1332 1821 1396 1845 non
1421 1811 1495 1852 sint,
1520 1821 1557 1844 ex
1581 1817 1670 1855 parte
1694 1817 1800 1845 tamen
1824 1812 1930 1847 divina

1188 1865 1354 1899 clementia
1379 1864 1515 1898 sublatas
1539 1861 1595 1898 aut
1616 1874 1683 1898 esse
1707 1865 1863 1909 mitigatas
1887 1865 1930 1900 in·

1170 1918 1368 1972 gtelligimus.
1393 1918 1549 1952 Commoti
1574 1918 1670 1961 igitur
1694 1919 1866 1952 catholicae
1882 1919 1929 1953 rei

1171 1972 1336 2017 'periculis
1375 1977 1405 2005 et
1439 1972 1656 2014 detrimentis,
1695 1972 1726 2005 in
1761 1972 1929 2006 Germania

1187 2026 1375 2070 praesertim
1406 2025 1645 2069 ingruentibus,
1677 2025 1873 2060 decrevimus
1897 2026 1929 2060 in

1188 2079 1312 2113 ieiuniis
1325 2079 1510 2114 et'oratione
1525 2084 1762 2123 perseverantes
1778 2080 1929 2115 accedere

1189 2133 1226 2166 ad
1252 2144 1324 2166 eum
1348 2133 1452 2167 denuo
1476 2133 1529 2177 qui
1553 2133 1692 2167 assiduas
1711 2133 1852 2167 fidelium
1877 2144 1929 2178 pe-

1190 2187 1314 2220 titiones
1339 2186 1487 2220 exaudire
1511 2187 1689 2220 consuevit:
1716 2197 1880 2231 speramus
1896 2198 1928 2221 e-

1189 2240 1266 2281 nim,
1290 2251 1363 2273 cum
1387 2240 1426 2274 sit
1451 2246 1583 2283 creator,
1609 2240 1794 2284 redemptor
1818 2246 1848 2274 et
1871 2241 1930 2275 mi·

1190 2293 1326 2327 sericors
1349 2299 1439 2338 pater
1458 2293 1636 2327 animarum
1653 2300 1845 2337 nostrarum,
1862 2295 1929 2329 fore

1189 2352 1224 2380 ut
1247 2348 1339 2391 plane
1362 2347 1453 2381 nobis
1476 2347 1686 2392 propitiatus,
1711 2353 1741 2383 et
1765 2349 1929 2394 culparum

1190 2401 1304 2445 quibus
1332 2401 1483 2435 ultionem
1515 2412 1676 2435 meremur
1707 2402 1842 2444 oblitus,
1872 2412 1929 2437 nos

1940 213 1989 242 Aa.
2005 212 2035 242 C.
2051 211 2120 242 1584

1968 1557 1999 1578 Ad
2009 1555 2128 1577 avertenda

1940 1583 2037 1610 pericula
2048 1583 2068 1604 in
2076 1582 2127 1604 Ger·

1941 1611 2012 1632 mania
2030 1614 2127 1639 praesor-

1941 1638 1978 1658 tim
1993 1637 2112 1663 ingruentia

1190 2454 1252 2488 voti
1289 2460 1451 2500 compotes
1481 2455 1606 2489 efficere
1637 2465 1701 2490 non
1732 2456 1928 2499 dedignetur.
1977 2483 1982 2487 .

1189 2508 1256 2542 Hoc
1280 2513 1384 2542 autem
1407 2514 1442 2541 ut
1465 2509 1658 2543 fructuosius
1677 2512 1708 2543 et
1727 2508 1838 2542 maiori
1856 2519 1929 2542 curn

1189 2561 1318 2605 spiritus
1348 2562 1462 2595 ardore
1491 2567 1684 2606 peragatur,
1709 2565 1739 2596 et
1762 2572 1799 2595 ex
1831 2562 1929 2596 veteri

1188 2615 1345 2650 Ecclesiae
1379 2617 1538 2651 Romanae
1577 2617 1719 2651 omnium
1752 2616 1863 2650 matris
1899 2621 1930 2650 et
