<?xml version="1.0" encoding="UTF-8"?>
<!DOCTYPE html PUBLIC "-//W3C//DTD XHTML 1.0 Transitional//EN"
    "http://www.w3.org/TR/xhtml1/DTD/xhtml1-transitional.dtd">
<html xmlns="http://www.w3.org/1999/xhtml" xml:lang="en" lang="en">
 <head>
  <title>
</title>
<meta http-equiv="Content-Type" content="text/html;charset=utf-8" />
  <meta name='ocr-system' content='tesseract 3.04.00' />
  <meta name='ocr-capabilities' content='ocr_page ocr_carea ocr_par ocr_line ocrx_word'/>
</head>
<body>
  <div class='ocr_page' id='page_1' title='image "./bullarumdiplomat14cath_0400.png"; bbox 0 0 2248 3229; ppageno 0'>
   <div class='ocr_carea' id='block_1_1' title="bbox 214 249 511 286">
    <p class='ocr_par' dir='ltr' id='par_1_1' title="bbox 214 249 511 286">
     <span class='ocr_line' id='line_1_1' title="bbox 214 249 511 286; baseline 0.007 -4"><span class='ocrx_word' id='word_1_1' title='bbox 214 255 264 284; x_wconf 86' lang='lat' dir='ltr'>An.</span> <span class='ocrx_word' id='word_1_2' title='bbox 286 256 315 284; x_wconf 87' lang='lat' dir='ltr'>C.</span> <span class='ocrx_word' id='word_1_3' title='bbox 333 257 401 286; x_wconf 80' lang='lat'><strong>1633</strong></span> <span class='ocrx_word' id='word_1_4' title='bbox 446 249 511 284; x_wconf 67' lang='lat'><strong>339..</strong></span> 
     </span>
    </p>
   </div>
   <div class='ocr_carea' id='block_1_2' title="bbox 209 532 391 582">
    <p class='ocr_par' dir='ltr' id='par_1_2' title="bbox 209 532 391 582">
     <span class='ocr_line' id='line_1_2' title="bbox 252 532 391 557; baseline 0.022 -5"><span class='ocrx_word' id='word_1_5' title='bbox 252 532 291 557; x_wconf 84' lang='lat' dir='ltr'>Oui</span> <span class='ocrx_word' id='word_1_6' title='bbox 306 538 391 555; x_wconf 89' lang='lat' dir='ltr'>concor-</span> 
     </span>
     <span class='ocr_line' id='line_1_3' title="bbox 209 558 377 582; baseline 0.012 -2"><span class='ocrx_word' id='word_1_7' title='bbox 209 558 265 581; x_wconf 83' lang='lat' dir='ltr'>diam</span> <span class='ocrx_word' id='word_1_8' title='bbox 279 560 377 582; x_wconf 81' lang='lat' dir='ltr'>inierunt.</span> 
     </span>
    </p>
   </div>
   <div class='ocr_carea' id='block_1_3' title="bbox 193 1388 376 1436">
    <p class='ocr_par' dir='ltr' id='par_1_3' title="bbox 193 1388 376 1436">
     <span class='ocr_line' id='line_1_4' title="bbox 243 1388 376 1412; baseline 0.023 -3"><span class='ocrx_word' id='word_1_9' title='bbox 243 1388 376 1412; x_wconf 78' lang='lat' dir='ltr'>Concordiae</span> 
     </span>
     <span class='ocr_line' id='line_1_5' title="bbox 193 1416 258 1436; baseline 0 0"><span class='ocrx_word' id='word_1_10' title='bbox 193 1416 258 1436; x_wconf 85' lang='lat' dir='ltr'>tenor.</span> 
     </span>
    </p>
   </div>
   <div class='ocr_carea' id='block_1_4' title="bbox 182 2079 366 2158">
    <p class='ocr_par' dir='ltr' id='par_1_4' title="bbox 182 2079 366 2158">
     <span class='ocr_line' id='line_1_6' title="bbox 222 2079 366 2104; baseline 0.007 -1"><span class='ocrx_word' id='word_1_11' title='bbox 222 2079 317 2104; x_wconf 80' lang='lat' dir='ltr'>Nonnulli</span> <span class='ocrx_word' id='word_1_12' title='bbox 333 2088 366 2104; x_wconf 84' lang='lat' dir='ltr'>ec-</span> 
     </span>
     <span class='ocr_line' id='line_1_7' title="bbox 182 2109 365 2131; baseline 0.005 -1"><span class='ocrx_word' id='word_1_13' title='bbox 182 2109 293 2130; x_wconf 75' lang='lat' dir='ltr'>clesiarum</span> <span class='ocrx_word' id='word_1_14' title='bbox 309 2110 365 2131; x_wconf 82' lang='lat' dir='ltr'>bona</span> 
     </span>
     <span class='ocr_line' id='line_1_8' title="bbox 182 2136 313 2158; baseline 0.008 -1"><span class='ocrx_word' id='word_1_15' title='bbox 182 2136 313 2158; x_wconf 72' lang='lat' dir='ltr'><strong>detinebant.</strong></span> 
     </span>
    </p>
   </div>
   <div class='ocr_carea' id='block_1_5' title="bbox 394 307 1152 1266">
    <p class='ocr_par' dir='ltr' id='par_1_5' title="bbox 409 307 1152 502">
     <span class='ocr_line' id='line_1_9' title="bbox 413 307 1152 353; baseline 0.001 -11"><span class='ocrx_word' id='word_1_16' title='bbox 413 313 443 342; x_wconf 90' lang='lat' dir='ltr'>et</span> <span class='ocrx_word' id='word_1_17' title='bbox 467 308 557 349; x_wconf 75' lang='lat' dir='ltr'>alias,</span> <span class='ocrx_word' id='word_1_18' title='bbox 583 313 677 352; x_wconf 90' lang='lat' dir='ltr'>prout</span> <span class='ocrx_word' id='word_1_19' title='bbox 700 307 732 340; x_wconf 88' lang='lat' dir='ltr'>in</span> <span class='ocrx_word' id='word_1_20' title='bbox 756 308 871 341; x_wconf 87' lang='lat' dir='ltr'>nostris</span> <span class='ocrx_word' id='word_1_21' title='bbox 896 307 1032 353; x_wconf 82' lang='lat' dir='ltr'>desuper</span> <span class='ocrx_word' id='word_1_22' title='bbox 1056 311 1087 342; x_wconf 89' lang='lat' dir='ltr'>in</span> <span class='ocrx_word' id='word_1_23' title='bbox 1112 311 1152 343; x_wconf 90' lang='lat' dir='ltr'>si-</span> 
     </span>
     <span class='ocr_line' id='line_1_10' title="bbox 411 361 1152 405; baseline 0.004 -11"><span class='ocrx_word' id='word_1_24' title='bbox 411 362 478 395; x_wconf 89' lang='lat' dir='ltr'>mili</span> <span class='ocrx_word' id='word_1_25' title='bbox 502 362 603 394; x_wconf 76' lang='lat' dir='ltr'>sorma</span> <span class='ocrx_word' id='word_1_26' title='bbox 626 361 733 394; x_wconf 89' lang='lat' dir='ltr'>Brevis</span> <span class='ocrx_word' id='word_1_27' title='bbox 759 361 910 405; x_wconf 79' lang='lat' dir='ltr'>expeditis</span> <span class='ocrx_word' id='word_1_28' title='bbox 934 368 965 395; x_wconf 91' lang='lat' dir='ltr'>et</span> <span class='ocrx_word' id='word_1_29' title='bbox 988 362 1019 395; x_wconf 92' lang='lat' dir='ltr'>in</span> <span class='ocrx_word' id='word_1_30' title='bbox 1044 363 1152 397; x_wconf 81' lang='lat' dir='ltr'>infras-</span> 
     </span>
     <span class='ocr_line' id='line_1_11' title="bbox 410 415 1150 462; baseline 0.005 -14"><span class='ocrx_word' id='word_1_31' title='bbox 410 416 511 459; x_wconf 88' lang='lat' dir='ltr'>cripto</span> <span class='ocrx_word' id='word_1_32' title='bbox 527 415 737 449; x_wconf 87' lang='lat' dir='ltr'>instrumento</span> <span class='ocrx_word' id='word_1_33' title='bbox 756 416 881 450; x_wconf 90' lang='lat' dir='ltr'>insertis</span> <span class='ocrx_word' id='word_1_34' title='bbox 897 416 1008 451; x_wconf 89' lang='lat' dir='ltr'>litteris</span> <span class='ocrx_word' id='word_1_35' title='bbox 1027 418 1150 462; x_wconf 81' lang='lat' dir='ltr'>plenius</span> 
     </span>
     <span class='ocr_line' id='line_1_12' title="bbox 409 469 594 502; baseline 0.005 -1"><span class='ocrx_word' id='word_1_36' title='bbox 409 469 594 502; x_wconf 77' lang='lat' dir='ltr'>continetur.</span> 
     </span>
    </p>

    <p class='ocr_par' dir='ltr' id='par_1_6' title="bbox 394 521 1148 1266">
     <span class='ocr_line' id='line_1_13' title="bbox 450 521 1148 570; baseline 0.009 -16"><span class='ocrx_word' id='word_1_37' title='bbox 450 522 465 565; x_wconf 65' lang='lat' dir='ltr'>g</span> <span class='ocrx_word' id='word_1_38' title='bbox 489 521 518 555; x_wconf 82' lang='lat'>3.</span> <span class='ocrx_word' id='word_1_39' title='bbox 545 523 621 556; x_wconf 87' lang='lat' dir='ltr'>Cum</span> <span class='ocrx_word' id='word_1_40' title='bbox 648 528 763 566; x_wconf 85' lang='lat' dir='ltr'>autem,</span> <span class='ocrx_word' id='word_1_41' title='bbox 784 524 863 558; x_wconf 90' lang='lat' dir='ltr'>sicut</span> <span class='ocrx_word' id='word_1_42' title='bbox 887 526 1074 570; x_wconf 87' lang='lat' dir='ltr'>accepimus,</span> <span class='ocrx_word' id='word_1_43' title='bbox 1095 527 1148 560; x_wconf 86' lang='lat' dir='ltr'>Er-</span> 
     </span>
     <span class='ocr_line' id='line_1_14' title="bbox 405 576 1148 623; baseline 0.008 -16"><span class='ocrx_word' id='word_1_44' title='bbox 405 580 510 608; x_wconf 75' lang='lat' dir='ltr'>nesius</span> <span class='ocrx_word' id='word_1_45' title='bbox 528 581 558 609; x_wconf 91' lang='lat' dir='ltr'>et</span> <span class='ocrx_word' id='word_1_46' title='bbox 571 576 703 610; x_wconf 90' lang='lat' dir='ltr'>Ioannes</span> <span class='ocrx_word' id='word_1_47' title='bbox 718 577 857 622; x_wconf 76' lang='lat' dir='ltr'>Baptista</span> <span class='ocrx_word' id='word_1_48' title='bbox 874 579 1047 612; x_wconf 80' lang='lat' dir='ltr'>cardinales</span> <span class='ocrx_word' id='word_1_49' title='bbox 1061 591 1148 623; x_wconf 86' lang='lat' dir='ltr'>prae-</span> 
     </span>
     <span class='ocr_line' id='line_1_15' title="bbox 404 628 1146 670; baseline 0.007 -8"><span class='ocrx_word' id='word_1_50' title='bbox 404 628 487 670; x_wconf 82' lang='lat' dir='ltr'>dicti,</span> <span class='ocrx_word' id='word_1_51' title='bbox 505 630 536 662; x_wconf 93' lang='lat' dir='ltr'>in</span> <span class='ocrx_word' id='word_1_52' title='bbox 553 630 615 663; x_wconf 87' lang='lat' dir='ltr'>vim</span> <span class='ocrx_word' id='word_1_53' title='bbox 641 631 818 665; x_wconf 86' lang='lat' dir='ltr'>litterarum</span> <span class='ocrx_word' id='word_1_54' title='bbox 843 638 1024 666; x_wconf 86' lang='lat' dir='ltr'>nostrarum</span> <span class='ocrx_word' id='word_1_55' title='bbox 1041 634 1146 667; x_wconf 87' lang='lat' dir='ltr'>huius-</span> 
     </span>
     <span class='ocr_line' id='line_1_16' title="bbox 402 681 1144 725; baseline 0.008 -11"><span class='ocrx_word' id='word_1_56' title='bbox 402 681 498 725; x_wconf 83' lang='lat' dir='ltr'>modi,</span> <span class='ocrx_word' id='word_1_57' title='bbox 517 685 578 716; x_wconf 72' lang='lat' dir='ltr'>una</span> <span class='ocrx_word' id='word_1_58' title='bbox 596 694 667 716; x_wconf 89' lang='lat' dir='ltr'>cum</span> <span class='ocrx_word' id='word_1_59' title='bbox 693 684 815 718; x_wconf 89' lang='lat' dir='ltr'>dilectis</span> <span class='ocrx_word' id='word_1_60' title='bbox 839 686 912 719; x_wconf 84' lang='lat' dir='ltr'>filiis</span> <span class='ocrx_word' id='word_1_61' title='bbox 936 686 1144 720; x_wconf 79' lang='lat' dir='ltr'>Maximiliano</span> 
     </span>
     <span class='ocr_line' id='line_1_17' title="bbox 401 736 1144 781; baseline 0.008 -13"><span class='ocrx_word' id='word_1_62' title='bbox 401 736 515 769; x_wconf 84' lang='lat' dir='ltr'>comite</span> <span class='ocrx_word' id='word_1_63' title='bbox 539 736 576 770; x_wconf 88' lang='lat' dir='ltr'>de</span> <span class='ocrx_word' id='word_1_64' title='bbox 602 737 886 781; x_wconf 84' lang='lat' dir='ltr'>Thautmansdorff,</span> <span class='ocrx_word' id='word_1_65' title='bbox 913 739 1069 774; x_wconf 88' lang='lat' dir='ltr'>Gulielmo</span> <span class='ocrx_word' id='word_1_66' title='bbox 1094 752 1144 775; x_wconf 91' lang='lat' dir='ltr'>co-</span> 
     </span>
     <span class='ocr_line' id='line_1_18' title="bbox 400 789 1142 832; baseline 0.009 -11"><span class='ocrx_word' id='word_1_67' title='bbox 400 789 476 822; x_wconf 93' lang='lat' dir='ltr'>mite</span> <span class='ocrx_word' id='word_1_68' title='bbox 499 790 630 832; x_wconf 87' lang='lat' dir='ltr'>Slavata,</span> <span class='ocrx_word' id='word_1_69' title='bbox 648 797 678 824; x_wconf 88' lang='lat' dir='ltr'>et</span> <span class='ocrx_word' id='word_1_70' title='bbox 696 791 816 826; x_wconf 81' lang='lat' dir='ltr'>Othone</span> <span class='ocrx_word' id='word_1_71' title='bbox 836 793 936 827; x_wconf 88' lang='lat' dir='ltr'>libero</span> <span class='ocrx_word' id='word_1_72' title='bbox 961 794 1080 828; x_wconf 87' lang='lat' dir='ltr'>barone</span> <span class='ocrx_word' id='word_1_73' title='bbox 1104 794 1142 828; x_wconf 91' lang='lat' dir='ltr'>de</span> 
     </span>
     <span class='ocr_line' id='line_1_19' title="bbox 398 842 1142 891; baseline 0.009 -16"><span class='ocrx_word' id='word_1_74' title='bbox 398 842 529 884; x_wconf 86' lang='lat' dir='ltr'>Hostitz,</span> <span class='ocrx_word' id='word_1_75' title='bbox 544 844 582 877; x_wconf 87' lang='lat' dir='ltr'>ab</span> <span class='ocrx_word' id='word_1_76' title='bbox 600 845 710 878; x_wconf 88' lang='lat' dir='ltr'>eodem</span> <span class='ocrx_word' id='word_1_77' title='bbox 731 846 929 881; x_wconf 84' lang='lat' dir='ltr'>Ferdinando</span> <span class='ocrx_word' id='word_1_78' title='bbox 946 858 1021 891; x_wconf 80' lang='lat' dir='ltr'>rege</span> <span class='ocrx_word' id='word_1_79' title='bbox 1038 848 1069 881; x_wconf 92' lang='lat' dir='ltr'>in</span> <span class='ocrx_word' id='word_1_80' title='bbox 1087 848 1142 882; x_wconf 89' lang='lat' dir='ltr'>im-</span> 
     </span>
     <span class='ocr_line' id='line_1_20' title="bbox 398 898 1142 945; baseline 0.008 -16"><span class='ocrx_word' id='word_1_81' title='bbox 398 901 580 939; x_wconf 87' lang='lat' dir='ltr'>peratorem</span> <span class='ocrx_word' id='word_1_82' title='bbox 598 898 698 932; x_wconf 92' lang='lat' dir='ltr'>electo</span> <span class='ocrx_word' id='word_1_83' title='bbox 715 899 753 932; x_wconf 85' lang='lat' dir='ltr'>ad</span> <span class='ocrx_word' id='word_1_84' title='bbox 771 900 831 933; x_wconf 87' lang='lat' dir='ltr'>hoc</span> <span class='ocrx_word' id='word_1_85' title='bbox 852 901 1030 944; x_wconf 79' lang='lat' dir='ltr'>specialiter</span> <span class='ocrx_word' id='word_1_86' title='bbox 1047 901 1142 945; x_wconf 90' lang='lat' dir='ltr'>depu-</span> 
     </span>
     <span class='ocr_line' id='line_1_21' title="bbox 398 949 1138 991; baseline 0.009 -10"><span class='ocrx_word' id='word_1_87' title='bbox 398 949 490 991; x_wconf 87' lang='lat' dir='ltr'>tatis,</span> <span class='ocrx_word' id='word_1_88' title='bbox 516 950 554 983; x_wconf 87' lang='lat' dir='ltr'>ad</span> <span class='ocrx_word' id='word_1_89' title='bbox 578 957 696 985; x_wconf 85' lang='lat' dir='ltr'>certam</span> <span class='ocrx_word' id='word_1_90' title='bbox 729 953 810 986; x_wconf 88' lang='lat' dir='ltr'>inter</span> <span class='ocrx_word' id='word_1_91' title='bbox 843 964 875 987; x_wconf 92' lang='lat' dir='ltr'>se</span> <span class='ocrx_word' id='word_1_92' title='bbox 900 955 1138 988; x_wconf 85' lang='lat' dir='ltr'>conventionem</span> 
     </span>
     <span class='ocr_line' id='line_1_22' title="bbox 397 1004 1138 1051; baseline 0.008 -15"><span class='ocrx_word' id='word_1_93' title='bbox 397 1014 494 1047; x_wconf 85' lang='lat' dir='ltr'>super</span> <span class='ocrx_word' id='word_1_94' title='bbox 516 1004 624 1046; x_wconf 88' lang='lat' dir='ltr'>bonis,</span> <span class='ocrx_word' id='word_1_95' title='bbox 649 1006 801 1050; x_wconf 82' lang='lat' dir='ltr'>decimis,</span> <span class='ocrx_word' id='word_1_96' title='bbox 827 1008 993 1051; x_wconf 90' lang='lat' dir='ltr'>primitiis,</span> <span class='ocrx_word' id='word_1_97' title='bbox 1023 1009 1138 1049; x_wconf 89' lang='lat' dir='ltr'>rebus,</span> 
     </span>
     <span class='ocr_line' id='line_1_23' title="bbox 396 1056 1138 1106; baseline 0.007 -16"><span class='ocrx_word' id='word_1_98' title='bbox 396 1056 518 1091; x_wconf 90' lang='lat' dir='ltr'>iuribus</span> <span class='ocrx_word' id='word_1_99' title='bbox 542 1064 573 1092; x_wconf 89' lang='lat' dir='ltr'>et</span> <span class='ocrx_word' id='word_1_100' title='bbox 599 1059 774 1094; x_wconf 78' lang='lat' dir='ltr'>actionibus</span> <span class='ocrx_word' id='word_1_101' title='bbox 805 1062 1024 1096; x_wconf 89' lang='lat' dir='ltr'>ecclesiasticis</span> <span class='ocrx_word' id='word_1_102' title='bbox 1048 1063 1138 1106; x_wconf 83' lang='lat' dir='ltr'>regni</span> 
     </span>
     <span class='ocr_line' id='line_1_24' title="bbox 394 1111 1135 1160; baseline 0.007 -16"><span class='ocrx_word' id='word_1_103' title='bbox 394 1111 549 1155; x_wconf 80' lang='lat' dir='ltr'>praedicti</span> <span class='ocrx_word' id='word_1_104' title='bbox 574 1112 766 1155; x_wconf 86' lang='lat' dir='ltr'>devenerint,</span> <span class='ocrx_word' id='word_1_105' title='bbox 791 1120 885 1158; x_wconf 89' lang='lat' dir='ltr'>prout</span> <span class='ocrx_word' id='word_1_106' title='bbox 908 1116 1033 1160; x_wconf 89' lang='lat' dir='ltr'>plenius</span> <span class='ocrx_word' id='word_1_107' title='bbox 1057 1127 1135 1149; x_wconf 88' lang='lat' dir='ltr'>con-</span> 
     </span>
     <span class='ocr_line' id='line_1_25' title="bbox 395 1164 1137 1214; baseline 0.008 -17"><span class='ocrx_word' id='word_1_108' title='bbox 395 1164 511 1198; x_wconf 87' lang='lat' dir='ltr'>tinetur</span> <span class='ocrx_word' id='word_1_109' title='bbox 541 1166 573 1199; x_wconf 92' lang='lat' dir='ltr'>in</span> <span class='ocrx_word' id='word_1_110' title='bbox 603 1166 813 1201; x_wconf 88' lang='lat' dir='ltr'>instrumento</span> <span class='ocrx_word' id='word_1_111' title='bbox 843 1169 972 1212; x_wconf 87' lang='lat' dir='ltr'>publico</span> <span class='ocrx_word' id='word_1_112' title='bbox 1003 1170 1137 1214; x_wconf 82' lang='lat' dir='ltr'>desuper</span> 
     </span>
     <span class='ocr_line' id='line_1_26' title="bbox 394 1219 1113 1266; baseline 0.008 -15"><span class='ocrx_word' id='word_1_113' title='bbox 394 1219 546 1260; x_wconf 85' lang='lat' dir='ltr'>consecto,</span> <span class='ocrx_word' id='word_1_114' title='bbox 564 1221 682 1254; x_wconf 88' lang='lat' dir='ltr'>tenoris</span> <span class='ocrx_word' id='word_1_115' title='bbox 699 1221 928 1266; x_wconf 86' lang='lat' dir='ltr'>subsequentis,</span> <span class='ocrx_word' id='word_1_116' title='bbox 954 1223 1113 1257; x_wconf 87' lang='lat' dir='ltr'>videlicet:</span> 
     </span>
    </p>
   </div>
   <div class='ocr_carea' id='block_1_6' title="bbox 458 1300 1065 1338">
    <p class='ocr_par' dir='ltr' id='par_1_7' title="bbox 458 1300 1065 1338">
     <span class='ocr_line' id='line_1_27' title="bbox 458 1300 1065 1338; baseline 0.007 -4"><span class='ocrx_word' id='word_1_117' title='bbox 458 1300 677 1335; x_wconf 74' lang='lat' dir='ltr'>Instrumenti</span> <span class='ocrx_word' id='word_1_118' title='bbox 709 1304 941 1336; x_wconf 74' lang='lat' dir='ltr'>transactionis</span> <span class='ocrx_word' id='word_1_119' title='bbox 967 1308 1065 1338; x_wconf 81' lang='lat' dir='ltr'>tenor.</span> 
     </span>
    </p>
   </div>
   <div class='ocr_carea' id='block_1_7' title="bbox 375 1379 1135 2611">
    <p class='ocr_par' dir='ltr' id='par_1_8' title="bbox 375 1379 1135 2611">
     <span class='ocr_line' id='line_1_28' title="bbox 435 1379 1135 1428; baseline 0.007 -15"><span class='ocrx_word' id='word_1_120' title='bbox 435 1379 468 1413; x_wconf 94' lang='lat' dir='ltr'>In</span> <span class='ocrx_word' id='word_1_121' title='bbox 493 1381 620 1414; x_wconf 90' lang='lat' dir='ltr'>nomine</span> <span class='ocrx_word' id='word_1_122' title='bbox 645 1381 778 1415; x_wconf 88' lang='lat' dir='ltr'>Domini.</span> <span class='ocrx_word' id='word_1_123' title='bbox 800 1384 908 1417; x_wconf 89' lang='lat' dir='ltr'>Amen.</span> <span class='ocrx_word' id='word_1_124' title='bbox 934 1383 1010 1418; x_wconf 88' lang='lat' dir='ltr'>Cum</span> <span class='ocrx_word' id='word_1_125' title='bbox 1035 1384 1135 1428; x_wconf 87' lang='lat' dir='ltr'>(recu-</span> 
     </span>
     <span class='ocr_line' id='line_1_29' title="bbox 390 1436 1132 1482; baseline 0.005 -14"><span class='ocrx_word' id='word_1_126' title='bbox 390 1440 499 1479; x_wconf 86' lang='lat' dir='ltr'>perato</span> <span class='ocrx_word' id='word_1_127' title='bbox 524 1446 624 1479; x_wconf 79' lang='lat' dir='ltr'>regno</span> <span class='ocrx_word' id='word_1_128' title='bbox 649 1436 818 1471; x_wconf 87' lang='lat' dir='ltr'>Bohemiae</span> <span class='ocrx_word' id='word_1_129' title='bbox 844 1449 881 1472; x_wconf 87' lang='lat' dir='ltr'>ex</span> <span class='ocrx_word' id='word_1_130' title='bbox 905 1439 1058 1482; x_wconf 80' lang='lat' dir='ltr'>singulari</span> <span class='ocrx_word' id='word_1_131' title='bbox 1078 1439 1132 1472; x_wconf 91' lang='lat' dir='ltr'>Dei</span> 
     </span>
     <span class='ocr_line' id='line_1_30' title="bbox 388 1488 1132 1534; baseline 0.007 -13"><span class='ocrx_word' id='word_1_132' title='bbox 388 1488 542 1523; x_wconf 87' lang='lat' dir='ltr'>beneficio</span> <span class='ocrx_word' id='word_1_133' title='bbox 561 1501 620 1534; x_wconf 91' lang='lat' dir='ltr'>per</span> <span class='ocrx_word' id='word_1_134' title='bbox 646 1501 767 1524; x_wconf 86' lang='lat' dir='ltr'>sacram</span> <span class='ocrx_word' id='word_1_135' title='bbox 789 1502 967 1525; x_wconf 78' lang='lat' dir='ltr'>caesaream</span> <span class='ocrx_word' id='word_1_136' title='bbox 993 1493 1132 1526; x_wconf 86' lang='lat' dir='ltr'>maiesta-</span> 
     </span>
     <span class='ocr_line' id='line_1_31' title="bbox 387 1544 1132 1591; baseline 0.005 -16"><span class='ocrx_word' id='word_1_137' title='bbox 387 1547 451 1576; x_wconf 85' lang='lat' dir='ltr'>tem</span> <span class='ocrx_word' id='word_1_138' title='bbox 476 1544 712 1578; x_wconf 89' lang='lat' dir='ltr'>serenissimum</span> <span class='ocrx_word' id='word_1_139' title='bbox 733 1550 762 1578; x_wconf 89' lang='lat' dir='ltr'>et</span> <span class='ocrx_word' id='word_1_140' title='bbox 786 1545 1025 1579; x_wconf 88' lang='lat' dir='ltr'>invictissimum</span> <span class='ocrx_word' id='word_1_141' title='bbox 1049 1547 1132 1591; x_wconf 91' lang='lat' dir='ltr'>prin-</span> 
     </span>
     <span class='ocr_line' id='line_1_32' title="bbox 387 1596 1130 1641; baseline 0.005 -12"><span class='ocrx_word' id='word_1_142' title='bbox 387 1596 488 1640; x_wconf 86' lang='lat' dir='ltr'>cipem</span> <span class='ocrx_word' id='word_1_143' title='bbox 533 1597 695 1631; x_wconf 89' lang='lat' dir='ltr'>dominum</span> <span class='ocrx_word' id='word_1_144' title='bbox 739 1599 971 1632; x_wconf 87' lang='lat' dir='ltr'>Ferdinandum</span> <span class='ocrx_word' id='word_1_145' title='bbox 995 1627 1003 1641; x_wconf 97' lang='lat'>,</span> <span class='ocrx_word' id='word_1_146' title='bbox 1038 1600 1130 1633; x_wconf 90' lang='lat' dir='ltr'>huius</span> 
     </span>
     <span class='ocr_line' id='line_1_33' title="bbox 385 1650 1128 1697; baseline 0.007 -15"><span class='ocrx_word' id='word_1_147' title='bbox 385 1650 522 1683; x_wconf 90' lang='lat' dir='ltr'>nominis</span> <span class='ocrx_word' id='word_1_148' title='bbox 552 1652 727 1684; x_wconf 88' lang='lat' dir='ltr'>secundum</span> <span class='ocrx_word' id='word_1_149' title='bbox 743 1679 750 1692; x_wconf 88' lang='lat'>‚</span> <span class='ocrx_word' id='word_1_150' title='bbox 775 1653 989 1686; x_wconf 82' lang='lat' dir='ltr'>Romanorum</span> <span class='ocrx_word' id='word_1_151' title='bbox 1021 1664 1128 1697; x_wconf 77' lang='lat' dir='ltr'>regem</span> 
     </span>
     <span class='ocr_line' id='line_1_34' title="bbox 384 1702 1129 1750; baseline 0.008 -16"><span class='ocrx_word' id='word_1_152' title='bbox 384 1702 417 1735; x_wconf 91' lang='lat' dir='ltr'>in</span> <span class='ocrx_word' id='word_1_153' title='bbox 442 1703 669 1747; x_wconf 79' lang='lat' dir='ltr'>imperatorem</span> <span class='ocrx_word' id='word_1_154' title='bbox 694 1706 838 1747; x_wconf 86' lang='lat' dir='ltr'>electum,</span> <span class='ocrx_word' id='word_1_155' title='bbox 858 1707 1066 1750; x_wconf 86' lang='lat' dir='ltr'>eumdemque</span> <span class='ocrx_word' id='word_1_156' title='bbox 1084 1708 1129 1740; x_wconf 87' lang='lat' dir='ltr'>di-</span> 
     </span>
     <span class='ocr_line' id='line_1_35' title="bbox 384 1756 1129 1801; baseline 0.008 -13"><span class='ocrx_word' id='word_1_157' title='bbox 384 1761 452 1788; x_wconf 84' lang='lat' dir='ltr'>ctae</span> <span class='ocrx_word' id='word_1_158' title='bbox 478 1756 648 1791; x_wconf 88' lang='lat' dir='ltr'>Bohemiae</span> <span class='ocrx_word' id='word_1_159' title='bbox 674 1769 797 1801; x_wconf 78' lang='lat' dir='ltr'>regem,</span> <span class='ocrx_word' id='word_1_160' title='bbox 829 1770 864 1792; x_wconf 90' lang='lat' dir='ltr'>ac</span> <span class='ocrx_word' id='word_1_161' title='bbox 888 1759 1035 1794; x_wconf 88' lang='lat' dir='ltr'>omnibus</span> <span class='ocrx_word' id='word_1_162' title='bbox 1059 1761 1129 1794; x_wconf 89' lang='lat' dir='ltr'>hae-</span> 
     </span>
     <span class='ocr_line' id='line_1_36' title="bbox 383 1811 1126 1858; baseline 0.008 -17"><span class='ocrx_word' id='word_1_163' title='bbox 383 1819 491 1842; x_wconf 89' lang='lat' dir='ltr'>resum</span> <span class='ocrx_word' id='word_1_164' title='bbox 506 1811 658 1844; x_wconf 86' lang='lat' dir='ltr'>ministris</span> <span class='ocrx_word' id='word_1_165' title='bbox 673 1812 743 1845; x_wconf 89' lang='lat' dir='ltr'>inde</span> <span class='ocrx_word' id='word_1_166' title='bbox 757 1812 873 1853; x_wconf 88' lang='lat' dir='ltr'>eiectis,</span> <span class='ocrx_word' id='word_1_167' title='bbox 891 1813 1126 1858; x_wconf 82' lang='lat' dir='ltr'>catholicaeque</span> 
     </span>
     <span class='ocr_line' id='line_1_37' title="bbox 382 1863 1123 1906; baseline 0.008 -11"><span class='ocrx_word' id='word_1_168' title='bbox 382 1863 547 1906; x_wconf 81' lang='lat' dir='ltr'>religionis</span> <span class='ocrx_word' id='word_1_169' title='bbox 573 1865 657 1898; x_wconf 89' lang='lat' dir='ltr'>cultu</span> <span class='ocrx_word' id='word_1_170' title='bbox 689 1871 719 1898; x_wconf 93' lang='lat' dir='ltr'>et</span> <span class='ocrx_word' id='word_1_171' title='bbox 749 1867 897 1900; x_wconf 84' lang='lat' dir='ltr'>exercitio</span> <span class='ocrx_word' id='word_1_172' title='bbox 927 1867 1003 1900; x_wconf 88' lang='lat' dir='ltr'>inibi</span> <span class='ocrx_word' id='word_1_173' title='bbox 1028 1869 1123 1901; x_wconf 89' lang='lat' dir='ltr'>resti-</span> 
     </span>
     <span class='ocr_line' id='line_1_38' title="bbox 381 1918 1123 1965; baseline 0.008 -16"><span class='ocrx_word' id='word_1_174' title='bbox 381 1918 462 1960; x_wconf 86' lang='lat' dir='ltr'>tuto)</span> <span class='ocrx_word' id='word_1_175' title='bbox 477 1928 536 1961; x_wconf 88' lang='lat' dir='ltr'>pro</span> <span class='ocrx_word' id='word_1_176' title='bbox 548 1923 636 1961; x_wconf 87' lang='lat' dir='ltr'>parte</span> <span class='ocrx_word' id='word_1_177' title='bbox 650 1920 933 1953; x_wconf 85' lang='lat' dir='ltr'>ecclesiasticorum</span> <span class='ocrx_word' id='word_1_178' title='bbox 948 1921 1022 1954; x_wconf 87' lang='lat' dir='ltr'>dicti</span> <span class='ocrx_word' id='word_1_179' title='bbox 1035 1922 1123 1965; x_wconf 79' lang='lat' dir='ltr'>regni</span> 
     </span>
     <span class='ocr_line' id='line_1_39' title="bbox 381 1970 1125 2018; baseline 0.009 -16"><span class='ocrx_word' id='word_1_180' title='bbox 381 1970 498 2003; x_wconf 90' lang='lat' dir='ltr'>multae</span> <span class='ocrx_word' id='word_1_181' title='bbox 523 1971 668 2015; x_wconf 85' lang='lat' dir='ltr'>quidem,</span> <span class='ocrx_word' id='word_1_182' title='bbox 693 1977 726 2005; x_wconf 89' lang='lat' dir='ltr'>ut</span> <span class='ocrx_word' id='word_1_183' title='bbox 751 1973 911 2015; x_wconf 87' lang='lat' dir='ltr'>asseritur,</span> <span class='ocrx_word' id='word_1_184' title='bbox 936 1976 1125 2018; x_wconf 87' lang='lat' dir='ltr'>praetentio-</span> 
     </span>
     <span class='ocr_line' id='line_1_40' title="bbox 380 2025 1123 2062; baseline 0.007 -6"><span class='ocrx_word' id='word_1_185' title='bbox 380 2033 436 2056; x_wconf 91' lang='lat' dir='ltr'>nes</span> <span class='ocrx_word' id='word_1_186' title='bbox 461 2028 490 2058; x_wconf 91' lang='lat' dir='ltr'>et</span> <span class='ocrx_word' id='word_1_187' title='bbox 519 2025 752 2058; x_wconf 85' lang='lat' dir='ltr'>controversiae</span> <span class='ocrx_word' id='word_1_188' title='bbox 777 2030 885 2060; x_wconf 86' lang='lat' dir='ltr'>contra</span> <span class='ocrx_word' id='word_1_189' title='bbox 917 2031 946 2060; x_wconf 87' lang='lat' dir='ltr'>et</span> <span class='ocrx_word' id='word_1_190' title='bbox 974 2028 1123 2062; x_wconf 87' lang='lat' dir='ltr'>adversus</span> 
     </span>
     <span class='ocr_line' id='line_1_41' title="bbox 381 2075 1122 2125; baseline 0.008 -16"><span class='ocrx_word' id='word_1_191' title='bbox 381 2075 489 2120; x_wconf 77' lang='lat' dir='ltr'>reges¹</span> <span class='ocrx_word' id='word_1_192' title='bbox 515 2082 544 2110; x_wconf 90' lang='lat' dir='ltr'>et</span> <span class='ocrx_word' id='word_1_193' title='bbox 568 2088 726 2111; x_wconf 86' lang='lat' dir='ltr'>cameram</span> <span class='ocrx_word' id='word_1_194' title='bbox 751 2079 824 2113; x_wconf 86' lang='lat' dir='ltr'>dicti</span> <span class='ocrx_word' id='word_1_195' title='bbox 849 2081 938 2124; x_wconf 80' lang='lat' dir='ltr'>regni</span> <span class='ocrx_word' id='word_1_196' title='bbox 963 2086 993 2114; x_wconf 85' lang='lat' dir='ltr'>et</span> <span class='ocrx_word' id='word_1_197' title='bbox 1017 2092 1122 2125; x_wconf 86' lang='lat' dir='ltr'>quam-</span> 
     </span>
     <span class='ocr_line' id='line_1_42' title="bbox 380 2129 1121 2178; baseline 0.009 -17"><span class='ocrx_word' id='word_1_198' title='bbox 380 2129 487 2173; x_wconf 88' lang='lat' dir='ltr'>plures</span> <span class='ocrx_word' id='word_1_199' title='bbox 508 2130 581 2164; x_wconf 89' lang='lat' dir='ltr'>dicti</span> <span class='ocrx_word' id='word_1_200' title='bbox 607 2132 696 2175; x_wconf 76' lang='lat' dir='ltr'>regni</span> <span class='ocrx_word' id='word_1_201' title='bbox 714 2132 818 2175; x_wconf 86' lang='lat' dir='ltr'>duces,</span> <span class='ocrx_word' id='word_1_202' title='bbox 841 2134 1009 2178; x_wconf 83' lang='lat' dir='ltr'>principes,</span> <span class='ocrx_word' id='word_1_203' title='bbox 1027 2136 1121 2168; x_wconf 89' lang='lat' dir='ltr'>comi-</span> 
     </span>
     <span class='ocr_line' id='line_1_43' title="bbox 381 2183 1120 2230; baseline 0.009 -15"><span class='ocrx_word' id='word_1_204' title='bbox 381 2187 436 2225; x_wconf 90' lang='lat' dir='ltr'>tes,</span> <span class='ocrx_word' id='word_1_205' title='bbox 461 2183 607 2225; x_wconf 85' lang='lat' dir='ltr'>barones,</span> <span class='ocrx_word' id='word_1_206' title='bbox 633 2186 763 2229; x_wconf 84' lang='lat' dir='ltr'>equites,</span> <span class='ocrx_word' id='word_1_207' title='bbox 781 2187 928 2230; x_wconf 85' lang='lat' dir='ltr'>civitates,</span> <span class='ocrx_word' id='word_1_208' title='bbox 948 2189 1120 2222; x_wconf 88' lang='lat' dir='ltr'>communi-</span> 
     </span>
     <span class='ocr_line' id='line_1_44' title="bbox 380 2238 1117 2285; baseline 0.009 -17"><span class='ocrx_word' id='word_1_209' title='bbox 380 2241 467 2279; x_wconf 81' lang='lat' dir='ltr'>tates,</span> <span class='ocrx_word' id='word_1_210' title='bbox 482 2243 511 2270; x_wconf 92' lang='lat' dir='ltr'>et</span> <span class='ocrx_word' id='word_1_211' title='bbox 531 2238 608 2271; x_wconf 83' lang='lat' dir='ltr'>alios</span> <span class='ocrx_word' id='word_1_212' title='bbox 627 2249 843 2285; x_wconf 82' lang='lat' dir='ltr'>quoscumque</span> <span class='ocrx_word' id='word_1_213' title='bbox 863 2241 1004 2275; x_wconf 87' lang='lat' dir='ltr'>subditos</span> <span class='ocrx_word' id='word_1_214' title='bbox 1018 2242 1117 2285; x_wconf 81' lang='lat' dir='ltr'>regni,</span> 
     </span>
     <span class='ocr_line' id='line_1_45' title="bbox 376 2289 1114 2340; baseline 0.009 -17"><span class='ocrx_word' id='word_1_215' title='bbox 376 2289 460 2324; x_wconf 82' lang='lat' dir='ltr'>bona</span> <span class='ocrx_word' id='word_1_216' title='bbox 484 2291 695 2326; x_wconf 86' lang='lat' dir='ltr'>ecclesiastica</span> <span class='ocrx_word' id='word_1_217' title='bbox 720 2293 750 2326; x_wconf 92' lang='lat' dir='ltr'>in</span> <span class='ocrx_word' id='word_1_218' title='bbox 781 2294 864 2328; x_wconf 87' lang='lat' dir='ltr'>dicto</span> <span class='ocrx_word' id='word_1_219' title='bbox 888 2305 986 2339; x_wconf 81' lang='lat' dir='ltr'>regno</span> <span class='ocrx_word' id='word_1_220' title='bbox 1010 2296 1114 2340; x_wconf 89' lang='lat' dir='ltr'>possi--</span> 
     </span>
     <span class='ocr_line' id='line_1_46' title="bbox 377 2344 1116 2395; baseline 0.008 -17"><span class='ocrx_word' id='word_1_221' title='bbox 377 2344 485 2379; x_wconf 90' lang='lat' dir='ltr'>dentes</span> <span class='ocrx_word' id='word_1_222' title='bbox 502 2346 764 2390; x_wconf 86' lang='lat' dir='ltr'>(possessionatos</span> <span class='ocrx_word' id='word_1_223' title='bbox 784 2348 878 2392; x_wconf 78' lang='lat' dir='ltr'>vulgo</span> <span class='ocrx_word' id='word_1_224' title='bbox 895 2351 1116 2395; x_wconf 77' lang='lat' dir='ltr'>nuncupatos),</span> 
     </span>
     <span class='ocr_line' id='line_1_47' title="bbox 376 2398 1113 2444; baseline 0.008 -13"><span class='ocrx_word' id='word_1_225' title='bbox 376 2398 414 2431; x_wconf 86' lang='lat' dir='ltr'>de</span> <span class='ocrx_word' id='word_1_226' title='bbox 438 2404 468 2432; x_wconf 85' lang='lat' dir='ltr'>et</span> <span class='ocrx_word' id='word_1_227' title='bbox 492 2410 588 2444; x_wconf 91' lang='lat' dir='ltr'>super</span> <span class='ocrx_word' id='word_1_228' title='bbox 617 2401 802 2435; x_wconf 87' lang='lat' dir='ltr'>eorumdem</span> <span class='ocrx_word' id='word_1_229' title='bbox 827 2402 986 2437; x_wconf 87' lang='lat' dir='ltr'>bonorum</span> <span class='ocrx_word' id='word_1_230' title='bbox 1011 2404 1113 2438; x_wconf 87' lang='lat' dir='ltr'>eccle—</span> 
     </span>
     <span class='ocr_line' id='line_1_48' title="bbox 375 2452 1114 2499; baseline 0.009 -14"><span class='ocrx_word' id='word_1_231' title='bbox 375 2452 573 2488; x_wconf 87' lang='lat' dir='ltr'>siasticorum</span> <span class='ocrx_word' id='word_1_232' title='bbox 591 2454 629 2488; x_wconf 89' lang='lat' dir='ltr'>ad</span> <span class='ocrx_word' id='word_1_233' title='bbox 655 2456 811 2498; x_wconf 88' lang='lat' dir='ltr'>ecclesias,</span> <span class='ocrx_word' id='word_1_234' title='bbox 831 2458 1032 2499; x_wconf 86' lang='lat' dir='ltr'>monasteria,</span> <span class='ocrx_word' id='word_1_235' title='bbox 1053 2463 1114 2491; x_wconf 84' lang='lat' dir='ltr'>tam</span> 
     </span>
     <span class='ocr_line' id='line_1_49' title="bbox 376 2506 1114 2556; baseline 0.009 -18"><span class='ocrx_word' id='word_1_236' title='bbox 376 2506 516 2540; x_wconf 90' lang='lat' dir='ltr'>virorum</span> <span class='ocrx_word' id='word_1_237' title='bbox 542 2519 637 2552; x_wconf 86' lang='lat' dir='ltr'>quam</span> <span class='ocrx_word' id='word_1_238' title='bbox 662 2509 848 2553; x_wconf 83' lang='lat' dir='ltr'>mulierum,</span> <span class='ocrx_word' id='word_1_239' title='bbox 873 2511 994 2556; x_wconf 88' lang='lat' dir='ltr'>aliaque</span> <span class='ocrx_word' id='word_1_240' title='bbox 1018 2511 1114 2545; x_wconf 89' lang='lat' dir='ltr'>bene-</span> 
     </span>
     <span class='ocr_line' id='line_1_50' title="bbox 375 2558 1113 2611; baseline 0.009 -19"><span class='ocrx_word' id='word_1_241' title='bbox 375 2558 447 2593; x_wconf 83' lang='lat' dir='ltr'>ficia</span> <span class='ocrx_word' id='word_1_242' title='bbox 476 2561 708 2605; x_wconf 86' lang='lat' dir='ltr'>ecclesiastica,</span> <span class='ocrx_word' id='word_1_243' title='bbox 740 2569 802 2597; x_wconf 81' lang='lat' dir='ltr'>tam</span> <span class='ocrx_word' id='word_1_244' title='bbox 835 2565 989 2600; x_wconf 84' lang='lat' dir='ltr'>secularia</span> <span class='ocrx_word' id='word_1_245' title='bbox 1019 2576 1113 2611; x_wconf 88' lang='lat' dir='ltr'>quam</span> 
     </span>
    </p>
   </div>
   <div class='ocr_carea' id='block_1_8' title="bbox 412 2675 961 2717">
    <p class='ocr_par' dir='ltr' id='par_1_9' title="bbox 412 2675 961 2717">
     <span class='ocr_line' id='line_1_51' title="bbox 412 2675 961 2717; baseline 0.013 -14"><span class='ocrx_word' id='word_1_246' title='bbox 412 2676 424 2703; x_wconf 85' lang='lat'><strong>1</strong></span> <span class='ocrx_word' id='word_1_247' title='bbox 442 2675 585 2706; x_wconf 83' lang='lat' dir='ltr'>Videretur</span> <span class='ocrx_word' id='word_1_248' title='bbox 600 2677 743 2714; x_wconf 82' lang='lat' dir='ltr'>legendum</span> <span class='ocrx_word' id='word_1_249' title='bbox 756 2688 848 2716; x_wconf 74' lang='lat' dir='ltr'>reyem</span> <span class='ocrx_word' id='word_1_250' title='bbox 863 2681 901 2716; x_wconf 71' lang='lat' dir='ltr'>(a.</span> <span class='ocrx_word' id='word_1_251' title='bbox 914 2683 961 2717; x_wconf 54' lang='lat'><em>¹12).</em></span> 
     </span>
    </p>
   </div>
   <div class='ocr_carea' id='block_1_9' title="bbox 1132 328 1171 2549">
    <p class='ocr_par' dir='ltr' id='par_1_10' title="bbox 1132 328 1171 2549">
     <span class='ocr_line' id='line_1_52' title="bbox 1132 328 1171 2549; baseline 0 0"><span class='ocrx_word' id='word_1_252' title='bbox 1132 328 1171 2549; x_wconf 95' lang='lat' dir='ltr'> </span> 
     </span>
    </p>
   </div>
   <div class='ocr_carea' id='block_1_10' title="bbox 994 261 1351 288">
    <p class='ocr_par' dir='ltr' id='par_1_11' title="bbox 994 261 1351 288">
     <span class='ocr_line' id='line_1_53' title="bbox 994 261 1351 288; baseline 0.008 -3"><span class='ocrx_word' id='word_1_253' title='bbox 994 261 1173 287; x_wconf 79' lang='lat' dir='ltr'><strong>BULLARIUM</strong></span> <span class='ocrx_word' id='word_1_254' title='bbox 1196 262 1351 288; x_wconf 71' lang='lat' dir='ltr'><strong>ROMANUM</strong></span> 
     </span>
    </p>
   </div>
   <div class='ocr_carea' id='block_1_11' title="bbox 1148 312 1922 2721">
    <p class='ocr_par' dir='ltr' id='par_1_12' title="bbox 1148 312 1922 2721">
     <span class='ocr_line' id='line_1_54' title="bbox 1186 312 1922 358; baseline 0.011 -15"><span class='ocrx_word' id='word_1_255' title='bbox 1186 312 1353 354; x_wconf 85' lang='lat' dir='ltr'>regularia,</span> <span class='ocrx_word' id='word_1_256' title='bbox 1378 312 1586 356; x_wconf 86' lang='lat' dir='ltr'>spectantium</span> <span class='ocrx_word' id='word_1_257' title='bbox 1610 320 1640 348; x_wconf 87' lang='lat' dir='ltr'>et</span> <span class='ocrx_word' id='word_1_258' title='bbox 1663 321 1823 358; x_wconf 83' lang='lat' dir='ltr'>grassante</span> <span class='ocrx_word' id='word_1_259' title='bbox 1846 317 1922 351; x_wconf 83' lang='lat' dir='ltr'>hae-</span> 
     </span>
     <span class='ocr_line' id='line_1_55' title="bbox 1184 365 1921 409; baseline 0.011 -12"><span class='ocrx_word' id='word_1_260' title='bbox 1184 365 1247 397; x_wconf 89' lang='lat' dir='ltr'>resi</span> <span class='ocrx_word' id='word_1_261' title='bbox 1271 365 1303 397; x_wconf 91' lang='lat' dir='ltr'>in</span> <span class='ocrx_word' id='word_1_262' title='bbox 1328 365 1411 400; x_wconf 90' lang='lat' dir='ltr'>dicto</span> <span class='ocrx_word' id='word_1_263' title='bbox 1428 376 1526 409; x_wconf 82' lang='lat' dir='ltr'>regno</span> <span class='ocrx_word' id='word_1_264' title='bbox 1546 366 1755 403; x_wconf 87' lang='lat' dir='ltr'>diversimode</span> <span class='ocrx_word' id='word_1_265' title='bbox 1774 370 1921 405; x_wconf 88' lang='lat' dir='ltr'>alienato-</span> 
     </span>
     <span class='ocr_line' id='line_1_56' title="bbox 1184 420 1919 463; baseline 0.008 -12"><span class='ocrx_word' id='word_1_266' title='bbox 1184 429 1254 451; x_wconf 90' lang='lat' dir='ltr'>rum</span> <span class='ocrx_word' id='word_1_267' title='bbox 1266 420 1516 463; x_wconf 88' lang='lat' dir='ltr'>recuperationc,</span> <span class='ocrx_word' id='word_1_268' title='bbox 1527 431 1563 454; x_wconf 86' lang='lat' dir='ltr'>ac</span> <span class='ocrx_word' id='word_1_269' title='bbox 1573 420 1699 454; x_wconf 86' lang='lat' dir='ltr'>illorum</span> <span class='ocrx_word' id='word_1_270' title='bbox 1712 426 1742 456; x_wconf 87' lang='lat' dir='ltr'>et</span> <span class='ocrx_word' id='word_1_271' title='bbox 1761 423 1919 457; x_wconf 84' lang='lat' dir='ltr'>fructuum</span> 
     </span>
     <span class='ocr_line' id='line_1_57' title="bbox 1182 474 1919 519; baseline 0.007 -14"><span class='ocrx_word' id='word_1_272' title='bbox 1182 478 1405 516; x_wconf 88' lang='lat' dir='ltr'>perceptorum</span> <span class='ocrx_word' id='word_1_273' title='bbox 1430 474 1636 516; x_wconf 88' lang='lat' dir='ltr'>restitutione,</span> <span class='ocrx_word' id='word_1_274' title='bbox 1661 474 1817 519; x_wconf 84' lang='lat' dir='ltr'>rebusque</span> <span class='ocrx_word' id='word_1_275' title='bbox 1840 477 1919 518; x_wconf 84' lang='lat' dir='ltr'>aliis,</span> 
     </span>
     <span class='ocr_line' id='line_1_58' title="bbox 1183 526 1919 563; baseline 0.007 -5"><span class='ocrx_word' id='word_1_276' title='bbox 1183 531 1285 558; x_wconf 87' lang='lat' dir='ltr'>motae</span> <span class='ocrx_word' id='word_1_277' title='bbox 1302 531 1330 559; x_wconf 89' lang='lat' dir='ltr'>et</span> <span class='ocrx_word' id='word_1_278' title='bbox 1348 526 1500 560; x_wconf 88' lang='lat' dir='ltr'>deductae</span> <span class='ocrx_word' id='word_1_279' title='bbox 1523 527 1639 560; x_wconf 85' lang='lat' dir='ltr'>fuerint</span> <span class='ocrx_word' id='word_1_280' title='bbox 1662 532 1692 562; x_wconf 90' lang='lat' dir='ltr'>et</span> <span class='ocrx_word' id='word_1_281' title='bbox 1715 528 1747 561; x_wconf 93' lang='lat' dir='ltr'>in</span> <span class='ocrx_word' id='word_1_282' title='bbox 1770 528 1836 562; x_wconf 92' lang='lat' dir='ltr'>dies</span> <span class='ocrx_word' id='word_1_283' title='bbox 1851 540 1919 563; x_wconf 92' lang='lat' dir='ltr'>mo-</span> 
     </span>
     <span class='ocr_line' id='line_1_59' title="bbox 1181 581 1917 624; baseline 0.005 -12"><span class='ocrx_word' id='word_1_284' title='bbox 1181 585 1311 613; x_wconf 80' lang='lat' dir='ltr'>veantur</span> <span class='ocrx_word' id='word_1_285' title='bbox 1345 584 1374 615; x_wconf 89' lang='lat' dir='ltr'>et</span> <span class='ocrx_word' id='word_1_286' title='bbox 1405 581 1612 622; x_wconf 84' lang='lat' dir='ltr'>deducantur;</span> <span class='ocrx_word' id='word_1_287' title='bbox 1645 581 1697 615; x_wconf 86' lang='lat' dir='ltr'>illa</span> <span class='ocrx_word' id='word_1_288' title='bbox 1726 587 1852 624; x_wconf 87' lang='lat' dir='ltr'>autem,</span> <span class='ocrx_word' id='word_1_289' title='bbox 1877 583 1917 616; x_wconf 92' lang='lat' dir='ltr'>ob</span> 
     </span>
     <span class='ocr_line' id='line_1_60' title="bbox 1180 634 1917 680; baseline 0.005 -14"><span class='ocrx_word' id='word_1_290' title='bbox 1180 634 1331 678; x_wconf 87' lang='lat' dir='ltr'>temporis</span> <span class='ocrx_word' id='word_1_291' title='bbox 1355 635 1570 679; x_wconf 84' lang='lat' dir='ltr'>antiquitatem</span> <span class='ocrx_word' id='word_1_292' title='bbox 1588 640 1617 669; x_wconf 90' lang='lat' dir='ltr'>et</span> <span class='ocrx_word' id='word_1_293' title='bbox 1633 639 1814 680; x_wconf 88' lang='lat' dir='ltr'>praetensas</span> <span class='ocrx_word' id='word_1_294' title='bbox 1830 647 1917 680; x_wconf 87' lang='lat' dir='ltr'>prae-</span> 
     </span>
     <span class='ocr_line' id='line_1_61' title="bbox 1179 687 1915 734; baseline 0.004 -14"><span class='ocrx_word' id='word_1_295' title='bbox 1179 687 1390 732; x_wconf 82' lang='lat' dir='ltr'>scriptioneS,</span> <span class='ocrx_word' id='word_1_296' title='bbox 1414 689 1553 732; x_wconf 86' lang='lat' dir='ltr'>aliasque</span> <span class='ocrx_word' id='word_1_297' title='bbox 1583 690 1803 734; x_wconf 85' lang='lat' dir='ltr'>exceptiones,</span> <span class='ocrx_word' id='word_1_298' title='bbox 1835 701 1915 734; x_wconf 90' lang='lat' dir='ltr'>quae</span> 
     </span>
     <span class='ocr_line' id='line_1_62' title="bbox 1178 742 1911 788; baseline 0.004 -15"><span class='ocrx_word' id='word_1_299' title='bbox 1178 752 1236 785; x_wconf 90' lang='lat' dir='ltr'>pro</span> <span class='ocrx_word' id='word_1_300' title='bbox 1261 742 1445 775; x_wconf 88' lang='lat' dir='ltr'>eorumdem</span> <span class='ocrx_word' id='word_1_301' title='bbox 1468 743 1693 786; x_wconf 88' lang='lat' dir='ltr'>possidentium</span> <span class='ocrx_word' id='word_1_302' title='bbox 1716 747 1804 788; x_wconf 90' lang='lat' dir='ltr'>parte</span> <span class='ocrx_word' id='word_1_303' title='bbox 1828 744 1911 777; x_wconf 90' lang='lat' dir='ltr'>obii-</span> 
     </span>
     <span class='ocr_line' id='line_1_63' title="bbox 1177 795 1914 842; baseline 0.007 -15"><span class='ocrx_word' id='word_1_304' title='bbox 1177 795 1311 836; x_wconf 90' lang='lat' dir='ltr'>ciuntur,</span> <span class='ocrx_word' id='word_1_305' title='bbox 1334 796 1476 829; x_wconf 86' lang='lat' dir='ltr'>difficiles</span> <span class='ocrx_word' id='word_1_306' title='bbox 1491 797 1530 829; x_wconf 91' lang='lat' dir='ltr'>ad</span> <span class='ocrx_word' id='word_1_307' title='bbox 1547 796 1577 830; x_wconf 92' lang='lat' dir='ltr'>in</span> <span class='ocrx_word' id='word_1_308' title='bbox 1593 797 1710 831; x_wconf 89' lang='lat' dir='ltr'>iudicio</span> <span class='ocrx_word' id='word_1_309' title='bbox 1723 808 1914 842; x_wconf 90' lang='lat' dir='ltr'>prosequen-</span> 
     </span>
     <span class='ocr_line' id='line_1_64' title="bbox 1176 851 1914 894; baseline 0.001 -11"><span class='ocrx_word' id='word_1_310' title='bbox 1176 851 1249 883; x_wconf 88' lang='lat' dir='ltr'>dum</span> <span class='ocrx_word' id='word_1_311' title='bbox 1267 851 1461 894; x_wconf 78' lang='lat' dir='ltr'>detegantur,</span> <span class='ocrx_word' id='word_1_312' title='bbox 1481 852 1557 885; x_wconf 88' lang='lat' dir='ltr'>itaut</span> <span class='ocrx_word' id='word_1_313' title='bbox 1572 861 1646 893; x_wconf 92' lang='lat' dir='ltr'>non,</span> <span class='ocrx_word' id='word_1_314' title='bbox 1674 852 1741 885; x_wconf 89' lang='lat' dir='ltr'>sine</span> <span class='ocrx_word' id='word_1_315' title='bbox 1760 852 1914 885; x_wconf 91' lang='lat' dir='ltr'>diuturnis</span> 
     </span>
     <span class='ocr_line' id='line_1_65' title="bbox 1175 904 1914 949; baseline 0 -12"><span class='ocrx_word' id='word_1_316' title='bbox 1175 904 1505 948; x_wconf 85' lang='lat' dir='ltr'>inextricabilibusque</span> <span class='ocrx_word' id='word_1_317' title='bbox 1530 910 1561 938; x_wconf 89' lang='lat' dir='ltr'>et</span> <span class='ocrx_word' id='word_1_318' title='bbox 1584 904 1791 949; x_wconf 89' lang='lat' dir='ltr'>dispendiosis</span> <span class='ocrx_word' id='word_1_319' title='bbox 1807 904 1914 937; x_wconf 86' lang='lat' dir='ltr'>litibus</span> 
     </span>
     <span class='ocr_line' id='line_1_66' title="bbox 1174 958 1913 1002; baseline 0 -11"><span class='ocrx_word' id='word_1_320' title='bbox 1174 969 1209 991; x_wconf 91' lang='lat' dir='ltr'>ac</span> <span class='ocrx_word' id='word_1_321' title='bbox 1223 968 1337 1002; x_wconf 82' lang='lat' dir='ltr'>magno</span> <span class='ocrx_word' id='word_1_322' title='bbox 1351 959 1523 992; x_wconf 80' lang='lat' dir='ltr'>catholicae</span> <span class='ocrx_word' id='word_1_323' title='bbox 1540 958 1702 1002; x_wconf 79' lang='lat' dir='ltr'>religionis</span> <span class='ocrx_word' id='word_1_324' title='bbox 1716 958 1747 991; x_wconf 90' lang='lat' dir='ltr'>in</span> <span class='ocrx_word' id='word_1_325' title='bbox 1763 969 1801 992; x_wconf 89' lang='lat' dir='ltr'>eo</span> <span class='ocrx_word' id='word_1_326' title='bbox 1813 968 1913 1002; x_wconf 80' lang='lat' dir='ltr'>regno</span> 
     </span>
     <span class='ocr_line' id='line_1_67' title="bbox 1174 1012 1911 1054; baseline 0 -9"><span class='ocrx_word' id='word_1_327' title='bbox 1174 1012 1384 1046; x_wconf 87' lang='lat' dir='ltr'>restituendae</span> <span class='ocrx_word' id='word_1_328' title='bbox 1422 1012 1665 1046; x_wconf 76' lang='lat' dir='ltr'>stabiliendaeve</span> <span class='ocrx_word' id='word_1_329' title='bbox 1700 1012 1911 1054; x_wconf 89' lang='lat' dir='ltr'>detrimento,</span> 
     </span>
     <span class='ocr_line' id='line_1_68' title="bbox 1173 1065 1913 1111; baseline 0.001 -13"><span class='ocrx_word' id='word_1_330' title='bbox 1173 1066 1334 1099; x_wconf 86' lang='lat' dir='ltr'>terminari</span> <span class='ocrx_word' id='word_1_331' title='bbox 1351 1077 1443 1110; x_wconf 87' lang='lat' dir='ltr'>posse</span> <span class='ocrx_word' id='word_1_332' title='bbox 1460 1066 1639 1100; x_wconf 87' lang='lat' dir='ltr'>videantur:</span> <span class='ocrx_word' id='word_1_333' title='bbox 1659 1065 1801 1111; x_wconf 85' lang='lat' dir='ltr'>proinde,</span> <span class='ocrx_word' id='word_1_334' title='bbox 1819 1076 1913 1109; x_wconf 79' lang='lat' dir='ltr'>nego-</span> 
     </span>
     <span class='ocr_line' id='line_1_69' title="bbox 1173 1120 1910 1154; baseline 0 -2"><span class='ocrx_word' id='word_1_335' title='bbox 1173 1121 1215 1153; x_wconf 92' lang='lat' dir='ltr'>tio</span> <span class='ocrx_word' id='word_1_336' title='bbox 1246 1120 1284 1152; x_wconf 87' lang='lat' dir='ltr'>ad</span> <span class='ocrx_word' id='word_1_337' title='bbox 1309 1120 1544 1153; x_wconf 84' lang='lat' dir='ltr'>Sanctissimum</span> <span class='ocrx_word' id='word_1_338' title='bbox 1574 1120 1743 1154; x_wconf 88' lang='lat' dir='ltr'>Dominum</span> <span class='ocrx_word' id='word_1_339' title='bbox 1766 1124 1910 1154; x_wconf 86' lang='lat' dir='ltr'>nostrum</span> 
     </span>
     <span class='ocr_line' id='line_1_70' title="bbox 1172 1172 1909 1217; baseline 0.001 -12"><span class='ocrx_word' id='word_1_340' title='bbox 1172 1172 1334 1206; x_wconf 86' lang='lat' dir='ltr'>Urbanum</span> <span class='ocrx_word' id='word_1_341' title='bbox 1358 1173 1462 1206; x_wconf 77' lang='lat' dir='ltr'>divina</span> <span class='ocrx_word' id='word_1_342' title='bbox 1486 1174 1683 1217; x_wconf 77' lang='lat' dir='ltr'>providentia</span> <span class='ocrx_word' id='word_1_343' title='bbox 1706 1174 1821 1217; x_wconf 87' lang='lat' dir='ltr'>Papam</span> <span class='ocrx_word' id='word_1_344' title='bbox 1844 1173 1909 1206; x_wconf 83' lang='lat' dir='ltr'>vul</span> 
     </span>
     <span class='ocr_line' id='line_1_71' title="bbox 1170 1225 1910 1270; baseline 0.003 -12"><span class='ocrx_word' id='word_1_345' title='bbox 1170 1225 1283 1267; x_wconf 85' lang='lat' dir='ltr'>delato,</span> <span class='ocrx_word' id='word_1_346' title='bbox 1307 1226 1456 1270; x_wconf 87' lang='lat' dir='ltr'>iussuque</span> <span class='ocrx_word' id='word_1_347' title='bbox 1473 1227 1649 1260; x_wconf 87' lang='lat' dir='ltr'>Sanctitatis</span> <span class='ocrx_word' id='word_1_348' title='bbox 1669 1227 1749 1260; x_wconf 87' lang='lat' dir='ltr'>Suae</span> <span class='ocrx_word' id='word_1_349' title='bbox 1772 1227 1910 1270; x_wconf 88' lang='lat' dir='ltr'>desuper</span> 
     </span>
     <span class='ocr_line' id='line_1_72' title="bbox 1169 1280 1908 1325; baseline 0 -13"><span class='ocrx_word' id='word_1_350' title='bbox 1169 1280 1400 1313; x_wconf 88' lang='lat' dir='ltr'>communicato</span> <span class='ocrx_word' id='word_1_351' title='bbox 1415 1281 1556 1321; x_wconf 88' lang='lat' dir='ltr'>consilio,</span> <span class='ocrx_word' id='word_1_352' title='bbox 1569 1281 1683 1325; x_wconf 90' lang='lat' dir='ltr'>primo,</span> <span class='ocrx_word' id='word_1_353' title='bbox 1699 1280 1908 1314; x_wconf 84' lang='lat' dir='ltr'>mediantibus</span> 
     </span>
     <span class='ocr_line' id='line_1_73' title="bbox 1169 1325 1907 1367; baseline 0 -1"><span class='ocrx_word' id='word_1_354' title='bbox 1169 1333 1382 1367; x_wconf 89' lang='lat' dir='ltr'>illustrissimo</span> <span class='ocrx_word' id='word_1_355' title='bbox 1417 1339 1448 1367; x_wconf 90' lang='lat' dir='ltr'>et</span> <span class='ocrx_word' id='word_1_356' title='bbox 1481 1325 1744 1367; x_wconf 77' lang='lat' dir='ltr'>reverendissimo</span> <span class='ocrx_word' id='word_1_357' title='bbox 1779 1333 1907 1366; x_wconf 87' lang='lat' dir='ltr'>domino</span> 
     </span>
     <span class='ocr_line' id='line_1_74' title="bbox 1168 1387 1905 1432; baseline -0.001 -12"><span class='ocrx_word' id='word_1_358' title='bbox 1168 1387 1300 1420; x_wconf 88' lang='lat' dir='ltr'>Ernesto</span> <span class='ocrx_word' id='word_1_359' title='bbox 1320 1387 1507 1432; x_wconf 65' lang='lat' dir='ltr'>presbytero</span> <span class='ocrx_word' id='word_1_360' title='bbox 1525 1387 1681 1421; x_wconf 88' lang='lat' dir='ltr'>cardinale</span> <span class='ocrx_word' id='word_1_361' title='bbox 1702 1387 1740 1420; x_wconf 89' lang='lat' dir='ltr'>ab</span> <span class='ocrx_word' id='word_1_362' title='bbox 1764 1387 1905 1420; x_wconf 87' lang='lat' dir='ltr'>Harrach</span> 
     </span>
     <span class='ocr_line' id='line_1_75' title="bbox 1167 1440 1904 1485; baseline 0 -12"><span class='ocrx_word' id='word_1_363' title='bbox 1167 1440 1406 1485; x_wconf 85' lang='lat' dir='ltr'>archiepiscopo</span> <span class='ocrx_word' id='word_1_364' title='bbox 1443 1441 1593 1484; x_wconf 84' lang='lat' dir='ltr'>Pragensi</span> <span class='ocrx_word' id='word_1_365' title='bbox 1629 1444 1659 1475; x_wconf 89' lang='lat' dir='ltr'>et</span> <span class='ocrx_word' id='word_1_366' title='bbox 1693 1440 1904 1474; x_wconf 88' lang='lat' dir='ltr'>illustrissimo</span> 
     </span>
     <span class='ocr_line' id='line_1_76' title="bbox 1167 1494 1904 1539; baseline 0 -12"><span class='ocrx_word' id='word_1_367' title='bbox 1167 1494 1295 1528; x_wconf 91' lang='lat' dir='ltr'>domino</span> <span class='ocrx_word' id='word_1_368' title='bbox 1312 1494 1424 1529; x_wconf 90' lang='lat' dir='ltr'>Carolo</span> <span class='ocrx_word' id='word_1_369' title='bbox 1441 1495 1560 1529; x_wconf 79' lang='lat' dir='ltr'>Caraffa</span> <span class='ocrx_word' id='word_1_370' title='bbox 1583 1495 1732 1539; x_wconf 87' lang='lat' dir='ltr'>episcopo</span> <span class='ocrx_word' id='word_1_371' title='bbox 1745 1494 1904 1528; x_wconf 90' lang='lat' dir='ltr'>Aversano</span> 
     </span>
     <span class='ocr_line' id='line_1_77' title="bbox 1166 1547 1904 1592; baseline 0 -11"><span class='ocrx_word' id='word_1_372' title='bbox 1166 1554 1239 1582; x_wconf 89' lang='lat' dir='ltr'>tunc</span> <span class='ocrx_word' id='word_1_373' title='bbox 1262 1548 1345 1592; x_wconf 88' lang='lat' dir='ltr'>apud</span> <span class='ocrx_word' id='word_1_374' title='bbox 1365 1559 1486 1582; x_wconf 85' lang='lat' dir='ltr'>sacram</span> <span class='ocrx_word' id='word_1_375' title='bbox 1509 1559 1686 1582; x_wconf 81' lang='lat' dir='ltr'>caesaream</span> <span class='ocrx_word' id='word_1_376' title='bbox 1711 1547 1904 1582; x_wconf 87' lang='lat' dir='ltr'>maiestatem</span> 
     </span>
     <span class='ocr_line' id='line_1_78' title="bbox 1165 1601 1905 1646; baseline -0.001 -11"><span class='ocrx_word' id='word_1_377' title='bbox 1165 1603 1337 1646; x_wconf 85' lang='lat' dir='ltr'>praefatam</span> <span class='ocrx_word' id='word_1_378' title='bbox 1362 1603 1442 1636; x_wconf 87' lang='lat' dir='ltr'>Suae</span> <span class='ocrx_word' id='word_1_379' title='bbox 1462 1602 1639 1636; x_wconf 86' lang='lat' dir='ltr'>Sanctitatis</span> <span class='ocrx_word' id='word_1_380' title='bbox 1658 1606 1688 1635; x_wconf 89' lang='lat' dir='ltr'>et</span> <span class='ocrx_word' id='word_1_381' title='bbox 1713 1606 1836 1635; x_wconf 86' lang='lat' dir='ltr'>sanctae</span> <span class='ocrx_word' id='word_1_382' title='bbox 1854 1601 1905 1634; x_wconf 87' lang='lat' dir='ltr'>Se·</span> 
     </span>
     <span class='ocr_line' id='line_1_79' title="bbox 1164 1655 1902 1700; baseline -0.001 -12"><span class='ocrx_word' id='word_1_383' title='bbox 1164 1655 1211 1688; x_wconf 89' lang='lat' dir='ltr'>dis</span> <span class='ocrx_word' id='word_1_384' title='bbox 1236 1656 1433 1700; x_wconf 80' lang='lat' dir='ltr'>Apostolicae</span> <span class='ocrx_word' id='word_1_385' title='bbox 1453 1656 1578 1696; x_wconf 86' lang='lat' dir='ltr'>nuncio,</span> <span class='ocrx_word' id='word_1_386' title='bbox 1596 1666 1667 1689; x_wconf 88' lang='lat' dir='ltr'>cum</span> <span class='ocrx_word' id='word_1_387' title='bbox 1688 1655 1796 1688; x_wconf 79' lang='lat' dir='ltr'>eadem</span> <span class='ocrx_word' id='word_1_388' title='bbox 1814 1656 1902 1688; x_wconf 73' lang='lat' dir='ltr'>sacra</span> 
     </span>
     <span class='ocr_line' id='line_1_80' title="bbox 1164 1708 1901 1752; baseline 0 -11"><span class='ocrx_word' id='word_1_389' title='bbox 1164 1711 1309 1742; x_wconf 79' lang='lat' dir='ltr'>caesarea</span> <span class='ocrx_word' id='word_1_390' title='bbox 1324 1710 1483 1743; x_wconf 88' lang='lat' dir='ltr'>maiestate</span> <span class='ocrx_word' id='word_1_391' title='bbox 1500 1709 1697 1742; x_wconf 86' lang='lat' dir='ltr'>Ferdinando</span> <span class='ocrx_word' id='word_1_392' title='bbox 1711 1708 1901 1752; x_wconf 86' lang='lat' dir='ltr'>imperatore</span> 
     </span>
     <span class='ocr_line' id='line_1_81' title="bbox 1163 1762 1901 1809; baseline 0 -15"><span class='ocrx_word' id='word_1_393' title='bbox 1163 1768 1192 1795; x_wconf 90' lang='lat' dir='ltr'>et</span> <span class='ocrx_word' id='word_1_394' title='bbox 1215 1773 1290 1806; x_wconf 78' lang='lat' dir='ltr'>rege</span> <span class='ocrx_word' id='word_1_395' title='bbox 1314 1763 1475 1807; x_wconf 87' lang='lat' dir='ltr'>praedicto</span> <span class='ocrx_word' id='word_1_396' title='bbox 1506 1763 1536 1795; x_wconf 92' lang='lat' dir='ltr'>in</span> <span class='ocrx_word' id='word_1_397' title='bbox 1567 1762 1713 1809; x_wconf 80' lang='lat' dir='ltr'>ecclesias</span> <span class='ocrx_word' id='word_1_398' title='bbox 1742 1762 1901 1795; x_wconf 89' lang='lat' dir='ltr'>ecclesias-</span> 
     </span>
     <span class='ocr_line' id='line_1_82' title="bbox 1161 1815 1900 1861; baseline 0.001 -13"><span class='ocrx_word' id='word_1_399' title='bbox 1161 1816 1300 1860; x_wconf 87' lang='lat' dir='ltr'>ticasque</span> <span class='ocrx_word' id='word_1_400' title='bbox 1332 1827 1483 1861; x_wconf 83' lang='lat' dir='ltr'>personas</span> <span class='ocrx_word' id='word_1_401' title='bbox 1506 1816 1791 1850; x_wconf 78' lang='lat' dir='ltr'>beneficentissimo</span> <span class='ocrx_word' id='word_1_402' title='bbox 1815 1821 1845 1849; x_wconf 91' lang='lat' dir='ltr'>et</span> <span class='ocrx_word' id='word_1_403' title='bbox 1868 1815 1900 1849; x_wconf 88' lang='lat' dir='ltr'>in</span> 
     </span>
     <span class='ocr_line' id='line_1_83' title="bbox 1160 1869 1900 1914; baseline 0 -12"><span class='ocrx_word' id='word_1_404' title='bbox 1160 1869 1342 1903; x_wconf 87' lang='lat' dir='ltr'>haeresibus</span> <span class='ocrx_word' id='word_1_405' title='bbox 1367 1870 1558 1914; x_wconf 85' lang='lat' dir='ltr'>extirpandis</span> <span class='ocrx_word' id='word_1_406' title='bbox 1583 1870 1799 1913; x_wconf 78' lang='lat' dir='ltr'>catholicaque</span> <span class='ocrx_word' id='word_1_407' title='bbox 1830 1869 1900 1903; x_wconf 93' lang='lat' dir='ltr'>reli-</span> 
     </span>
     <span class='ocr_line' id='line_1_84' title="bbox 1159 1923 1894 1966; baseline 0 -11"><span class='ocrx_word' id='word_1_408' title='bbox 1159 1923 1251 1965; x_wconf 78' lang='lat' dir='ltr'>gione</span> <span class='ocrx_word' id='word_1_409' title='bbox 1277 1923 1308 1955; x_wconf 91' lang='lat' dir='ltr'>in</span> <span class='ocrx_word' id='word_1_410' title='bbox 1332 1923 1415 1957; x_wconf 88' lang='lat' dir='ltr'>dicto</span> <span class='ocrx_word' id='word_1_411' title='bbox 1445 1934 1544 1966; x_wconf 75' lang='lat' dir='ltr'>regno</span> <span class='ocrx_word' id='word_1_412' title='bbox 1573 1923 1767 1956; x_wconf 77' lang='lat' dir='ltr'>restituenda</span> <span class='ocrx_word' id='word_1_413' title='bbox 1796 1923 1894 1955; x_wconf 88' lang='lat' dir='ltr'>stabi-</span> 
     </span>
     <span class='ocr_line' id='line_1_85' title="bbox 1158 1976 1894 2021; baseline 0.001 -13"><span class='ocrx_word' id='word_1_414' title='bbox 1158 1976 1324 2021; x_wconf 77' lang='lat' dir='ltr'>liendaque</span> <span class='ocrx_word' id='word_1_415' title='bbox 1349 1977 1587 2019; x_wconf 86' lang='lat' dir='ltr'>studiosissimo,</span> <span class='ocrx_word' id='word_1_416' title='bbox 1613 1982 1643 2010; x_wconf 92' lang='lat' dir='ltr'>et</span> <span class='ocrx_word' id='word_1_417' title='bbox 1666 1977 1777 2010; x_wconf 89' lang='lat' dir='ltr'>deinde</span> <span class='ocrx_word' id='word_1_418' title='bbox 1802 1976 1894 2009; x_wconf 83' lang='lat' dir='ltr'>etiam</span> 
     </span>
     <span class='ocr_line' id='line_1_86' title="bbox 1157 2030 1895 2074; baseline 0.001 -12"><span class='ocrx_word' id='word_1_419' title='bbox 1157 2030 1188 2062; x_wconf 91' lang='lat' dir='ltr'>in</span> <span class='ocrx_word' id='word_1_420' title='bbox 1213 2033 1301 2064; x_wconf 75' lang='lat' dir='ltr'>sacra</span> <span class='ocrx_word' id='word_1_421' title='bbox 1333 2031 1577 2074; x_wconf 79' lang='lat' dir='ltr'>congregatione</span> <span class='ocrx_word' id='word_1_422' title='bbox 1608 2030 1895 2064; x_wconf 81' lang='lat' dir='ltr'>illustrissirnorum</span> 
     </span>
     <span class='ocr_line' id='line_1_87' title="bbox 1156 2084 1892 2119; baseline 0 -2"><span class='ocrx_word' id='word_1_423' title='bbox 1156 2089 1185 2117; x_wconf 88' lang='lat' dir='ltr'>et</span> <span class='ocrx_word' id='word_1_424' title='bbox 1198 2085 1533 2119; x_wconf 82' lang='lat' dir='ltr'>reverendissimorum</span> <span class='ocrx_word' id='word_1_425' title='bbox 1546 2084 1749 2118; x_wconf 89' lang='lat' dir='ltr'>dominorum</span> <span class='ocrx_word' id='word_1_426' title='bbox 1767 2085 1795 2118; x_wconf 82' lang='lat' dir='ltr'>S.</span> <span class='ocrx_word' id='word_1_427' title='bbox 1812 2085 1845 2117; x_wconf 79' lang='lat' dir='ltr'>R.</span> <span class='ocrx_word' id='word_1_428' title='bbox 1860 2084 1892 2117; x_wconf 88' lang='lat' dir='ltr'>E.</span> 
     </span>
     <span class='ocr_line' id='line_1_88' title="bbox 1155 2137 1892 2182; baseline -0.001 -11"><span class='ocrx_word' id='word_1_429' title='bbox 1155 2138 1360 2171; x_wconf 85' lang='lat' dir='ltr'>cardinalium</span> <span class='ocrx_word' id='word_1_430' title='bbox 1385 2149 1480 2182; x_wconf 90' lang='lat' dir='ltr'>super</span> <span class='ocrx_word' id='word_1_431' title='bbox 1508 2138 1582 2171; x_wconf 87' lang='lat' dir='ltr'>Fide</span> <span class='ocrx_word' id='word_1_432' title='bbox 1606 2137 1813 2182; x_wconf 78' lang='lat' dir='ltr'>Propaganda</span> <span class='ocrx_word' id='word_1_433' title='bbox 1838 2137 1892 2171; x_wconf 91' lang='lat' dir='ltr'>de-</span> 
     </span>
     <span class='ocr_line' id='line_1_89' title="bbox 1153 2192 1892 2236; baseline 0.001 -12"><span class='ocrx_word' id='word_1_434' title='bbox 1153 2196 1345 2235; x_wconf 87' lang='lat' dir='ltr'>putatorum,</span> <span class='ocrx_word' id='word_1_435' title='bbox 1366 2192 1502 2233; x_wconf 89' lang='lat' dir='ltr'>tandem,</span> <span class='ocrx_word' id='word_1_436' title='bbox 1518 2196 1589 2236; x_wconf 90' lang='lat' dir='ltr'>post</span> <span class='ocrx_word' id='word_1_437' title='bbox 1611 2192 1719 2235; x_wconf 87' lang='lat' dir='ltr'>plures</span> <span class='ocrx_word' id='word_1_438' title='bbox 1743 2196 1892 2225; x_wconf 86' lang='lat' dir='ltr'>tractatus</span> 
     </span>
     <span class='ocr_line' id='line_1_90' title="bbox 1153 2244 1890 2289; baseline -0.001 -11"><span class='ocrx_word' id='word_1_439' title='bbox 1153 2250 1183 2278; x_wconf 92' lang='lat' dir='ltr'>et</span> <span class='ocrx_word' id='word_1_440' title='bbox 1198 2250 1335 2278; x_wconf 86' lang='lat' dir='ltr'>maturas</span> <span class='ocrx_word' id='word_1_441' title='bbox 1353 2245 1596 2279; x_wconf 87' lang='lat' dir='ltr'>consultationes</span> <span class='ocrx_word' id='word_1_442' title='bbox 1612 2245 1747 2289; x_wconf 89' lang='lat' dir='ltr'>desuper</span> <span class='ocrx_word' id='word_1_443' title='bbox 1760 2244 1890 2287; x_wconf 86' lang='lat' dir='ltr'>habitas,</span> 
     </span>
     <span class='ocr_line' id='line_1_91' title="bbox 1152 2298 1892 2332; baseline 0 -1"><span class='ocrx_word' id='word_1_444' title='bbox 1152 2298 1183 2331; x_wconf 92' lang='lat' dir='ltr'>in</span> <span class='ocrx_word' id='word_1_445' title='bbox 1202 2309 1270 2332; x_wconf 90' lang='lat' dir='ltr'>eam</span> <span class='ocrx_word' id='word_1_446' title='bbox 1296 2299 1555 2332; x_wconf 90' lang='lat' dir='ltr'>deliberationem</span> <span class='ocrx_word' id='word_1_447' title='bbox 1576 2299 1736 2332; x_wconf 89' lang='lat' dir='ltr'>communi</span> <span class='ocrx_word' id='word_1_448' title='bbox 1753 2303 1825 2332; x_wconf 88' lang='lat' dir='ltr'>voto</span> <span class='ocrx_word' id='word_1_449' title='bbox 1842 2298 1892 2331; x_wconf 92' lang='lat' dir='ltr'>de-</span> 
     </span>
     <span class='ocr_line' id='line_1_92' title="bbox 1152 2351 1890 2396; baseline 0 -12"><span class='ocrx_word' id='word_1_450' title='bbox 1152 2356 1277 2384; x_wconf 87' lang='lat' dir='ltr'>ventum</span> <span class='ocrx_word' id='word_1_451' title='bbox 1302 2351 1369 2393; x_wconf 83' lang='lat' dir='ltr'>fuit,</span> <span class='ocrx_word' id='word_1_452' title='bbox 1394 2356 1438 2393; x_wconf 87' lang='lat' dir='ltr'>ut,</span> <span class='ocrx_word' id='word_1_453' title='bbox 1463 2352 1501 2385; x_wconf 88' lang='lat' dir='ltr'>ad</span> <span class='ocrx_word' id='word_1_454' title='bbox 1525 2353 1650 2396; x_wconf 79' lang='lat' dir='ltr'>longas,</span> <span class='ocrx_word' id='word_1_455' title='bbox 1675 2351 1890 2396; x_wconf 89' lang='lat' dir='ltr'>dispendiosas</span> 
     </span>
     <span class='ocr_line' id='line_1_93' title="bbox 1151 2405 1890 2450; baseline 0 -12"><span class='ocrx_word' id='word_1_456' title='bbox 1151 2409 1181 2438; x_wconf 91' lang='lat' dir='ltr'>et</span> <span class='ocrx_word' id='word_1_457' title='bbox 1204 2405 1436 2439; x_wconf 85' lang='lat' dir='ltr'>inextricabiles</span> <span class='ocrx_word' id='word_1_458' title='bbox 1459 2406 1538 2449; x_wconf 90' lang='lat' dir='ltr'>lites,</span> <span class='ocrx_word' id='word_1_459' title='bbox 1554 2417 1632 2450; x_wconf 89' lang='lat' dir='ltr'>quae</span> <span class='ocrx_word' id='word_1_460' title='bbox 1653 2405 1790 2450; x_wconf 87' lang='lat' dir='ltr'>desuper</span> <span class='ocrx_word' id='word_1_461' title='bbox 1813 2405 1890 2438; x_wconf 89' lang='lat' dir='ltr'>veri-</span> 
     </span>
     <span class='ocr_line' id='line_1_94' title="bbox 1150 2458 1887 2505; baseline 0 -14"><span class='ocrx_word' id='word_1_462' title='bbox 1150 2458 1295 2492; x_wconf 85' lang='lat' dir='ltr'>similiter</span> <span class='ocrx_word' id='word_1_463' title='bbox 1327 2460 1442 2493; x_wconf 79' lang='lat' dir='ltr'>exoriri</span> <span class='ocrx_word' id='word_1_464' title='bbox 1471 2464 1618 2504; x_wconf 88' lang='lat' dir='ltr'>possent,</span> <span class='ocrx_word' id='word_1_465' title='bbox 1643 2459 1887 2505; x_wconf 86' lang='lat' dir='ltr'>praecidendas,</span> 
     </span>
     <span class='ocr_line' id='line_1_95' title="bbox 1149 2512 1887 2557; baseline 0.001 -12"><span class='ocrx_word' id='word_1_466' title='bbox 1149 2512 1303 2557; x_wconf 88' lang='lat' dir='ltr'>simulque</span> <span class='ocrx_word' id='word_1_467' title='bbox 1329 2514 1543 2555; x_wconf 90' lang='lat' dir='ltr'>ecclesiarum,</span> <span class='ocrx_word' id='word_1_468' title='bbox 1563 2514 1826 2549; x_wconf 84' lang='lat' dir='ltr'>monasteriorum</span> <span class='ocrx_word' id='word_1_469' title='bbox 1852 2523 1887 2546; x_wconf 85' lang='lat' dir='ltr'>ac</span> 
     </span>
     <span class='ocr_line' id='line_1_96' title="bbox 1148 2566 1886 2610; baseline 0 -11"><span class='ocrx_word' id='word_1_470' title='bbox 1148 2566 1375 2601; x_wconf 83' lang='lat' dir='ltr'>beneficiorum</span> <span class='ocrx_word' id='word_1_471' title='bbox 1400 2568 1685 2602; x_wconf 88' lang='lat' dir='ltr'>ecclesiasticorum</span> <span class='ocrx_word' id='word_1_472' title='bbox 1705 2567 1779 2600; x_wconf 89' lang='lat' dir='ltr'>dicti</span> <span class='ocrx_word' id='word_1_473' title='bbox 1795 2566 1886 2610; x_wconf 80' lang='lat' dir='ltr'>regni</span> 
     </span>
     <span class='ocr_line' id='line_1_97' title="bbox 1148 2619 1885 2665; baseline 0.004 -14"><span class='ocrx_word' id='word_1_474' title='bbox 1148 2619 1360 2664; x_wconf 85' lang='lat' dir='ltr'>indemnitati,</span> <span class='ocrx_word' id='word_1_475' title='bbox 1387 2631 1422 2655; x_wconf 89' lang='lat' dir='ltr'>ac</span> <span class='ocrx_word' id='word_1_476' title='bbox 1442 2621 1573 2665; x_wconf 84' lang='lat' dir='ltr'>praefati</span> <span class='ocrx_word' id='word_1_477' title='bbox 1597 2620 1814 2665; x_wconf 88' lang='lat' dir='ltr'>imperatoris,</span> <span class='ocrx_word' id='word_1_478' title='bbox 1840 2620 1885 2654; x_wconf 90' lang='lat' dir='ltr'>uti</span> 
     </span>
     <span class='ocr_line' id='line_1_98' title="bbox 1148 2673 1884 2721; baseline 0.005 -15"><span class='ocrx_word' id='word_1_479' title='bbox 1148 2673 1232 2717; x_wconf 68' lang='lat' dir='ltr'>regis</span> <span class='ocrx_word' id='word_1_480' title='bbox 1257 2674 1329 2708; x_wconf 87' lang='lat' dir='ltr'>dicti</span> <span class='ocrx_word' id='word_1_481' title='bbox 1355 2675 1454 2720; x_wconf 80' lang='lat' dir='ltr'>regni,</span> <span class='ocrx_word' id='word_1_482' title='bbox 1479 2675 1604 2718; x_wconf 86' lang='lat' dir='ltr'>ducum,</span> <span class='ocrx_word' id='word_1_483' title='bbox 1619 2675 1818 2721; x_wconf 82' lang='lat' dir='ltr'>principum,</span> <span class='ocrx_word' id='word_1_484' title='bbox 1837 2685 1884 2710; x_wconf 86' lang='lat' dir='ltr'>co-</span> 
     </span>
    </p>
   </div>
   <div class='ocr_carea' id='block_1_12' title="bbox 1934 268 2123 299">
    <p class='ocr_par' dir='ltr' id='par_1_13' title="bbox 1934 268 2123 299">
     <span class='ocr_line' id='line_1_99' title="bbox 1934 268 2123 299; baseline 0.016 -3"><span class='ocrx_word' id='word_1_485' title='bbox 1934 268 1984 297; x_wconf 81' lang='lat' dir='ltr'>An.</span> <span class='ocrx_word' id='word_1_486' title='bbox 2005 269 2034 298; x_wconf 92' lang='lat' dir='ltr'>C.</span> <span class='ocrx_word' id='word_1_487' title='bbox 2053 269 2123 299; x_wconf 81' lang='lat'><strong>1633</strong></span> 
     </span>
    </p>
   </div>
   <div class='ocr_carea' id='block_1_13' title="bbox 1931 598 2118 755">
    <p class='ocr_par' dir='ltr' id='par_1_14' title="bbox 1931 598 2118 755">
     <span class='ocr_line' id='line_1_100' title="bbox 1960 598 2118 620; baseline 0.013 -2"><span class='ocrx_word' id='word_1_488' title='bbox 1960 598 2002 619; x_wconf 83' lang='lat' dir='ltr'>Sed</span> <span class='ocrx_word' id='word_1_489' title='bbox 2017 604 2063 619; x_wconf 88' lang='lat' dir='ltr'>cum</span> <span class='ocrx_word' id='word_1_490' title='bbox 2079 599 2118 620; x_wconf 79' lang='lat' dir='ltr'>dis-</span> 
     </span>
     <span class='ocr_line' id='line_1_101' title="bbox 1933 624 2116 647; baseline 0.016 -3"><span class='ocrx_word' id='word_1_491' title='bbox 1933 624 1986 645; x_wconf 80' lang='lat' dir='ltr'>ficite</span> <span class='ocrx_word' id='word_1_492' title='bbox 2012 628 2067 646; x_wconf 77' lang='lat' dir='ltr'>esset</span> <span class='ocrx_word' id='word_1_493' title='bbox 2090 632 2116 647; x_wconf 77' lang='lat' dir='ltr'>ea</span> 
     </span>
     <span class='ocr_line' id='line_1_102' title="bbox 1932 650 2118 673; baseline 0.016 -3"><span class='ocrx_word' id='word_1_494' title='bbox 1932 650 1952 671; x_wconf 86' lang='lat' dir='ltr'>in</span> <span class='ocrx_word' id='word_1_495' title='bbox 1969 651 2045 672; x_wconf 83' lang='lat' dir='ltr'>iudicio</span> <span class='ocrx_word' id='word_1_496' title='bbox 2061 653 2118 673; x_wconf 83' lang='lat' dir='ltr'>evin-</span> 
     </span>
     <span class='ocr_line' id='line_1_103' title="bbox 1931 678 2116 704; baseline 0.011 -7"><span class='ocrx_word' id='word_1_497' title='bbox 1931 683 1979 698; x_wconf 78' lang='lat' dir='ltr'>cere</span> <span class='ocrx_word' id='word_1_498' title='bbox 1995 678 2021 698; x_wconf 87' lang='lat' dir='ltr'>ob</span> <span class='ocrx_word' id='word_1_499' title='bbox 2035 681 2116 704; x_wconf 84' lang='lat' dir='ltr'>tempo-</span> 
     </span>
     <span class='ocr_line' id='line_1_104' title="bbox 1931 704 2115 727; baseline 0.022 -4"><span class='ocrx_word' id='word_1_500' title='bbox 1931 704 1959 724; x_wconf 82' lang='lat' dir='ltr'>ris</span> <span class='ocrx_word' id='word_1_501' title='bbox 1990 704 2115 727; x_wconf 80' lang='lat' dir='ltr'>diuturnita-</span> 
     </span>
     <span class='ocr_line' id='line_1_105' title="bbox 1931 732 1984 755; baseline 0.019 -5"><span class='ocrx_word' id='word_1_502' title='bbox 1931 732 1984 755; x_wconf 79' lang='lat' dir='ltr'>tem;</span> 
     </span>
    </p>
   </div>
   <div class='ocr_carea' id='block_1_14' title="bbox 1907 2065 2093 2174">
    <p class='ocr_par' dir='ltr' id='par_1_15' title="bbox 1907 2065 2093 2174">
     <span class='ocr_line' id='line_1_106' title="bbox 1960 2065 2093 2089; baseline 0.023 -3"><span class='ocrx_word' id='word_1_503' title='bbox 1960 2065 1990 2087; x_wconf 82' lang='lat' dir='ltr'>De</span> <span class='ocrx_word' id='word_1_504' title='bbox 2006 2067 2093 2089; x_wconf 73' lang='lat' dir='ltr'>consilio</span> 
     </span>
     <span class='ocr_line' id='line_1_107' title="bbox 1910 2093 2092 2120; baseline 0.022 -9"><span class='ocrx_word' id='word_1_505' title='bbox 1910 2097 1984 2113; x_wconf 80' lang='lat' dir='ltr'>sacrae</span> <span class='ocrx_word' id='word_1_506' title='bbox 2002 2093 2092 2120; x_wconf 82' lang='lat' dir='ltr'>Congre-</span> 
     </span>
     <span class='ocr_line' id='line_1_108' title="bbox 1909 2119 2092 2144; baseline 0.022 -6"><span class='ocrx_word' id='word_1_507' title='bbox 1909 2119 1998 2144; x_wconf 81' lang='lat' dir='ltr'>gationis</span> <span class='ocrx_word' id='word_1_508' title='bbox 2007 2120 2032 2141; x_wconf 81' lang='lat' dir='ltr'>de</span> <span class='ocrx_word' id='word_1_509' title='bbox 2042 2121 2092 2142; x_wconf 84' lang='lat' dir='ltr'>Pro-</span> 
     </span>
     <span class='ocr_line' id='line_1_109' title="bbox 1907 2146 2084 2174; baseline 0.011 -8"><span class='ocrx_word' id='word_1_510' title='bbox 1907 2146 2005 2172; x_wconf 75' lang='lat' dir='ltr'>pagancia</span> <span class='ocrx_word' id='word_1_511' title='bbox 2020 2146 2084 2174; x_wconf 76' lang='lat' dir='ltr'>Fide,</span> 
     </span>
    </p>
   </div>
  </div>
 </body>
</html>
