2226 3235
82 239 132 266 An.
148 238 178 267 G.
197 239 265 267 1630

125 1898 266 1923 Praescriptia

83 1931 121 1951 pro
136 1924 267 1950 regularibus

84 1954 104 1971 et
129 1952 177 1971 aliis
203 1956 266 1977 impe-

84 1979 131 1998 din<

126 2537 184 2558 Duae
199 2536 269 2558 restri-

86 2568 166 2588 ctiones
185 2564 270 2591 praedi-

86 2598 167 2615 ctarum
183 2594 267 2615 t'acutta·

88 2624 138 2642 tum.

889 241 1030 266 nnssnuus

281 287 443 320 bdomadis
468 288 560 321 etiam
579 288 688 322 devote
712 288 913 329 visitaverint,
929 290 1020 323 licen-

282 341 355 373 tiam
387 340 516 385 insuper
549 341 766 384 concedimus,
789 347 818 375 ct
844 342 1019 376 facultatem

281 392 402 434 damus,
428 397 461 427 ut
485 394 606 437 possint
629 394 686 428 sibi
712 395 750 427 ad
775 395 859 429 bunc
875 395 1020 428 effectum

282 446 399 489 eligere
431 457 663 491 quemeumque
695 448 913 493 presbyterum
947 459 1021 482 con-

282 500 463 541 fessarium,
487 506 546 533 tam
569 502 741 535 secularem
767 512 860 545 quam
885 501 1022 535 cuiusvis

281 553 404 586 Ordinis
420 555 607 597 regularem,
623 565 658 587 cx
673 555 855 599 approbatis
872 565 889 587 a
907 555 1020 588 dilecto

282 606 346 639 tilio
363 612 470 640 nostro
488 607 518 640 in
539 608 621 640 alma
637 608 718 641 Urbe
737 610 843 641 nostra
862 608 1021 652 praedicta

282 659 400 693 vicario
425 660 455 692 in
480 660 697 704 spiritualibus
722 662 872 704 generali,
893 662 946 705 qui
968 672 1021 695 eos

281 713 320 745 ab
334 713 480 746 omnibus
495 715 885 755 excommunicationibus,
896 725 1022 758 suspen-

281 766 421 799 sionibus
450 772 479 799 ct
508 767 575 800 aliis
609 768 827 801 ecclesiasticis
861 768 1021 802 sententiis

282 824 310 852 et
335 820 486 858 censuris,
511 831 526 853 a
549 821 616 853 iurc
636 822 682 854 vel
697 822 735 854 ab
754 822 892 861 homine,
912 821 1021 864 quavis

282 875 375 906 rausa
401 873 469 907 latis
495 884 548 907 seu
575 875 709 915 inflictis,
727 884 848 908 necnon
868 874 906 907 ab
925 875 1022 908 omni-

282 927 338 960 bus
363 928 498 971 peccatis
522 928 707 961 criminibus
731 933 760 961 et
777 928 907 970 delictis,
927 939 1021 971 quan-

284 982 395 1014 tumvis
410 981 558 1024 gravibus
572 987 602 1015 et
619 982 811 1022 enormibus,
828 982 921 1015 etiam
940 982 1022 1016 loco-

283 1046 352 1068 rum
370 1036 543 1069 Ordinariis
563 1036 627 1069 sive
643 1036 734 1069 nobis
751 1041 781 1069 et
794 1036 864 1069 Sedi
882 1037 1018 1080 Aposto-

283 1089 368 1130 lieae,
383 1089 475 1122 etiam
497 1089 527 1121 in
548 1090 658 1123 litteris
681 1090 730 1123 die
752 1090 872 1124 Coenae
897 1091 1020 1124 Domini

281 1143 342 1185 legi
356 1143 453 1176 solitis
467 1143 629 1184 contentis,
644 1148 673 1178 et
685 1144 760 1177 alias
773 1144 844 1188 per*
858 1155 1022 1188 quascum-

281 1207 341 1239 que
365 1201 488 1229 nostras
512 1202 564 1229 aut
590 1198 803 1231 Romanorum
818 1198 1020 1232 'Pontificum

283 1249 560 1292 praedecessorum
572 1256 753 1285 nostrorum
772 1252 1019 1292 constitutiones,

281 1314 413 1346 quarum
439 1309 564 1338 tenores
584 1305 802 1348 praesentibus
826 1306 935 1339 haberi
960 1317 1017 1339 xo-

282 1356 384 1389 lumns
424 1369 482 1401 pro
515 1359 687 1401 expressis,
723 1359 1020 1403 quomodocumque

282 1411 470 1453 reservatis,
496 1411 527 1443 in
552 1412 619 1444 soro
644 1412 869 1452 conscientiae,
903 1417 933 1444 et
962 1412 1020 1445 bac

284 1463 347 1496 rice
363 1469 492 1505 tantum,
503 1475 563 1498 non
576 1471 680 1498 tamen
693 1476 709 1498 a
726 1466 856 1499 crimine
872 1466 1019 1506 haeresis,

282 1517 442 1555 absolvere
470 1524 500 1551 et
532 1519 664 1552 liberare
690 1520 808 1559 valeat;
834 1525 864 1552 et
893 1520 1020 1563 insuper

283 1576 351 1603 vota
376 1582 592 1615 quaecumque
618 1572 792 1615 (religionis
818 1577 847 1606 et
871 1573 1020 1606 castitatis

282 1625 435 1668 exceptis)
471 1625 501 1657 in
532 1625 591 1657 alia
616 1625 666 1669 pia
691 1631 721 1658 et
744 1625 892 1659 salutaria
922 1637 1020 1670 opera

282 1683 486 1720 commutare,
505 1678 642 1713 iniuncta
661 1683 763 1713 tamen
788 1681 832 1713 eis
856 1685 886 1712 et
910 1691 1019 1713 eorum

282 1731 409 1764 cuilibet
440 1732 471 1764 in
499 1732 686 1775 supradictis
718 1733 866 1767 omnibus
898 1734 1021 1766 casibus

283 1785 472 1828 poenitentia
490 1786 627 1827 salutari,
647 1787 777 1831 aliisque
794 1787 933 1821 eiusdem
952 1799 1022 1822 con-

284 1839 402 1871 fessarii
427 1839 558 1872 arbitrio
578 1839 786 1883 iniungendis.

326 1892 383 1935 {3-
402 1893 609 1935 Regularibus
629 1899 731 1927 autem
745 1895 887 1938 personis
908 1896 1021 1928 utrius-

282 1956 341 1989 que
354 1956 446 1978 sexus
460 1946 490 1978 in
504 1947 647 1979 claustris
657 1952 808 1991 perpetuo
822 1948 1019 1991 degentibus,

282 2010 402 2033 necnon
433 2000 502 2033 aliis
533 2000 802 2044 quibuscumque,
835 2007 897 2034 tam
934 2002 1020 2036 laicis

281 2064 375 2097 quam
400 2054 627 2096 ecclesiasticis,
653 2055 847 2088 secularibus
872 2061 902 2088 et
927 2066 1020 2099 regu-

282 2107 409 2147 laribus,
432 2107 462 2139 in
482 2118 609 2140 carcere
633 2108 837 2141 existentibus
854 2109 900 2141 vel
915 2108 1020 2152 aliqua

282 2160 425 2204 corporis
450 2161 631 2194 infirmitate
656 2172 709 2194 seu
734 2162 795 2195 alio
820 2173 1020 2206 quocumque

284 2214 507 2257 impedimento
524 2214 666 2257 detentis,
683 2215 737 2259 qui
757 2226 853 2260 supra
874 2226 1020 2259 expressa

283 2268 330 2300 vel
354 2279 464 2301 eorum
489 2268 592 2313 aliqua
624 2272 780 2312 praestare
805 2269 1019 2313 nequiverint,

284 2324 314 2354 ut
340 2322 558 2364 consessarius,
579 2333 672 2366 quem
692 2328 725 2355 ut
745 2333 841 2366 supra
858 2323 1020 2365 elegerint,

283 2374 441 2418 praedicta
462 2375 566 2408 omnia
582 2380 611 2408 et
628 2376 751 2419 singula
764 2376 812 2409 vel
833 2386 944 2409 eorum
964 2376 1020 2409 ali-

283 2439 345 2472 qua
382 2428 411 2461 in
447 2429 506 2461 alia
536 2429 658 2473 pietatis
693 2440 789 2473 opera
825 2435 1020 2464 commutare

284 2482 392 2525 possit,
410 2482 529 2525 pariter
543 2483 743 2516 concedimus
761 2488 791 2515 et
811 2483 1019 2527 indulgemus.

329 2536 344 2579 g
368 2535 396 2567 4.
423 2535 490 2568 Non
515 2535 704 2569 intendimus
728 2541 831 2569 autem
852 2548 910 2580 per
930 2547 1022 2581 prae-

285 2593 385 2621 sentes
405 2599 501 2632 snper
520 2588 625 2632 aliqua
650 2589 880 2632 irregularitate
897 2590 1022 2634 publica

322 2653 331 2677 1
347 2650 394 2677 Ed.
407 2650 485 2677 Mam,
497 2650 523 2678 b.
535 2653 560 2678 ee
571 2651 717 2685 aliasper,
730 2650 748 2678 f.
762 2653 848 2685 erper
859 2652 1020 2688 aliasffls).

1056 242 1110 265 viil
1136 242 1183 266 rr.

1056 290 1102 322 xel
1117 291 1248 330 occulta,
1269 291 1352 330 nota,
1369 290 1502 331 defectu,
1522 290 1726 334 incapacitate
1742 302 1795 324 seu

1056 343 1248 376 inhabilitate
1288 344 1510 388 quoquomodo
1547 347 1706 378 contracta
1737 345 1797 378 dis-

1055 406 1187 439 pensare
1214 396 1260 428 vel
1285 396 1420 440 aliquam
1454 398 1629 430 facultatem
1657 397 1795 431 tribuere

1055 447 1254 491 dispensandi
1272 460 1326 481 seu
1339 450 1523 483 liabilitandi
1538 456 1567 483 et
1582 451 1610 483 in
1626 451 1795 495 pristinum

1055 506 1169 534 statum
1182 502 1376 545 restituendi,
1392 503 1484 537 etiam
1502 504 1533 536 in
1551 506 1618 537 soro
1636 505 1797 538 conscicn-

1056 554 1130 595 tiae;
1151 565 1253 600 neque
1278 556 1370 589 etiam
1401 557 1525 590 easdem
1551 564 1732 601 praesentes
1760 559 1796 591 iis

1055 607 1107 651 qui
1125 618 1142 640 a
1166 608 1256 641 nobis
1274 614 1303 642 et
1323 610 1504 653 Apostolica
1526 611 1604 643 Sede
1624 612 1668 644 rel
1688 613 1727 644 ab
1746 613 1797 644 ali-

1055 671 1119 704 quo
1139 662 1280 704 praelato
1305 672 1359 695 seu
1384 663 1486 695 iudice
1511 664 1721 698 ecclesiastico
1750 676 1797 697 ex-

1055 715 1298 756 communicati,
1324 716 1465 759 suspensi
1491 722 1520 749 et
1546 716 1716 757 interdicti,
1742 730 1795 751 seu

1055 768 1130 801 alias
1158 768 1187 801 in
1213 769 1382 802 sententias
1408 775 1437 802 et
1470 780 1617 803 censuras
1651 771 1796 805 incidisse

1055 820 1203 854 declarati
1234 822 1280 854 vel
1306 823 1433 866 publice.
1465 823 1637 857 denuntiati
1663 825 1796 864 suerint,

1055 874 1112 906 nisi
1131 875 1211 907 infra
1236 880 1361 920 tempus
1386 883 1419 909 ut
1444 888 1538 920 supra
1558 878 1733 921 praefixum
1752 889 1796 911 sa-

1056 926 1223 960 tissecerint
1249 933 1302 961 aut
1326 940 1397 962 cum
1423 930 1565 973 partibus
1590 931 1797 965 concordave-

1055 980 1131 1020 rint,
1156 981 1220 1015 ullo
1245 982 1338 1015 modo
1363 983 1530 1028 suffragari
1556 995 1647 1028 posse
1672 991 1725 1019 aut
1748 987 1797 1019 de-

1055 1033 1138 1067 bere.

1099 1087 1113 1129 ξ
1138 1087 1166 1120 5.
1186 1088 1253 1121 Non
1278 1088 1476 1123 obstantibus
1494 1092 1749 1126 contitutionibus
1767 1099 1796 1126 et

1055 1140 1305 1175 ordinationibus
1323 1144 1513 1187 apostolicis,
1527 1145 1795 1190 praesertim'qni«

1054 1194 1114 1227 bus
1135 1195 1263 1229 facultas
1288 1197 1470 1230 absolvendi
1496 1199 1526 1231 in
1544 1200 1637 1233 certis
1658 1205 1730 1233 tunc
1748 1212 1795 1234 ex-

1054 1248 1169 1291 pressis
1194 1249 1317 1282 casibus
1344 1250 1383 1283 ita
1408 1253 1548 1285 Romano
1574 1254 1715 1287 Pontifici
1736 1266 1794 1298 pro

1055 1304 1195 1345 tempore
1220 1303 1362 1337 existenti
1378 1310 1566 1346 reservatur,
1581 1311 1614 1339 ut
1628 1317 1684 1339 nec
1701 1308 1793 1340 etiam

1054 1354 1171 1387 similes
1197 1357 1243 1389 vel
1274 1356 1441 1391 dissimiles
1474 1359 1739 1402 iiululgcntiarmn
1765 1368 1790 1393 et

1054 1409 1233 1443 facultatum
1252 1410 1431 1444 huiusmodi
1446 1413 1673 1455 concessiones,
1684 1415 1741 1447 nisi
1757 1416 1794 1447 de

1054 1461 1113 1494 illis
1138 1473 1285 1506 expressa
1311 1465 1429 1498 mentio
1458 1470 1511 1499 aut
1541 1467 1683 1509 specialis
1707 1468 1795 1500 dero-

1054 1516 1138 1558 gatio
1163 1517 1226 1558 liat,
1255 1518 1400 1561 cuiquam
1425 1519 1593 1562 suffragari
1618 1526 1742 1564 queant,
1760 1532 1794 1554 :tr

1054 1580 1327 1615 quorumcumspie
1359 1573 1532 1613 Ordinum,
1572 1576 1790 1618 congregatio-

1054 1633 1129 1656 num
1147 1624 1211 1657 sivc
1236 1625 1451 1659 institutorum
1478 1627 1682 1669 regularium,
1702 1629 1794 1661 etiam

1055 1676 1241 1718 iuramento,
1267 1679 1506 1712 confirmatione
1530 1681 1723 1724 apostolica⁷
1749 1684 1794 1714 vel

1055 1731 1163 1775 quavis
1185 1732 1332 1765 firmitate
1353 1733 1412 1765 alia
1439 1734 1605 1774 roboratis,
1625 1736 1745 1769 statutis
1766 1742 1792 1768 et

1055 1785 1343 1828 consuetudinilnis,
1362 1787 1534 1830 privilegiis
1547 1798 1683 1831 quoque,
1699 1789 1796 1821 indul-

1055 1839 1094 1871 tis
1109 1843 1138 1872 et
1155 1839 1266 1872 litteris
1280 1841 1469 1884 apostolicis,
1491 1842 1608 1874 eisdem
1633 1843 1796 1876 ordinibus

1056 1897 1085 1925 et
1104 1894 1419 1936 congregationibus,
1441 1899 1533 1938 atque
1554 1895 1701 1929 institutis
1721 1908 1796 1940 qnon

1056 1947 1226 1980 modolibet
1261 1948 1428 1988 concessis,
1452 1949 1635 1992 approbatis
1660 1954 1687 1982 et
1711 1950 1797 1982 inno<

1055 2000 1146 2039 vatis;
1167 2001 1280 2044 quibus
1305 2001 1450 2034 omnibus
1468 2007 1497 2034 et
1514 2002 1655 2044 singulis,
1673 2003 1795 2035 etiamsi

1055 2053 1093 2086 (lc
1111 2054 1180 2096 illis,
1198 2065 1370 2098 eorumque
1388 2055 1459 2089 totis
1485 2056 1656 2096 tenoribus,
1674 2058 1794 2100 specia-

1055 2107 1092 2140 lis
1117 2108 1263 2151 specifica
1287 2114 1317 2141 et
1342 2109 1509 2151 individua,
1526 2120 1589 2142 non
1615 2115 1717 2143 autem
1741 2122 1795 2154 per

1055 2161 1210 2193 clausulas
1219 2162 1381 2204 generales
1394 2162 1474 2194 idem
1487 2163 1702 2206 imponantes,
1714 2174 1797 2196 men-

1056 2214 1098 2247 tio
1131 2225 1185 2248 seu
1217 2216 1343 2259 quaevis
1377 2217 1436 2249 alia
1462 2217 1624 2260 expressio
1653 2218 1794 2250 habenda

1055 2273 1108 2300 aut
1132 2268 1236 2312 aliqua
1252 2269 1312 2301 alia
1325 2270 1476 2312 exquisita
1490 2271 1591 2303 forma
1605 2271 1642 2303 ad
1657 2271 1716 2304 boc
1730 2282 1795 2304 ser--

1056 2321 1153 2354 vanda
1178 2323 1267 2361 soret,
1286 2322 1411 2355 illorum
1437 2328 1560 2357 tenores
1577 2324 1794 2368 praesentibus

1054 2386 1113 2419 pro
1138 2376 1328 2409 sufficienter
1352 2378 1518 2420 expressis,
1538 2388 1573 2410 ac
1594 2378 1725 2410 sormam
1748 2388 1796 2410 eo-

1055 2439 1125 2461 rum
1150 2429 1295 2461 traditam
1320 2440 1378 2473 pro
1403 2432 1525 2463 servata
1551 2431 1711 2471 habentes,
1738 2431 1794 2463 liar

1056 2482 1121 2515 vice
1135 2482 1321 2525 specialiter,
1335 2483 1520 2516 nominatim
1538 2489 1567 2515 et
1585 2494 1743 2527 expresse,
1757 2485 1793 2516 ad

1055 2536 1199 2570 ess'ectun‘i
1218 2537 1442 2579 praesentium,
1456 2536 1656 2580 derogamus,
1671 2539 1795 2571 ceteris

1055 2600 1115 2633 qne
1133 2590 1298 2623 contrariis
1318 2590 1578 2635 quibuscumque.

1100 2644 1209 2677 Datum
1234 2644 1373 2683 Romae,
1398 2644 1479 2687 apud
1505 2646 1533 2677 S.
1559 2645 1686 2678 Mariam
1706 2646 1794 2678 Maio-

1882 1104 1957 1128 Iltwnni
1967 1107 1995 1124 *¹1⁷*

1811 1134 1891 1152 centini
1900 1138 1925 1151 wi
1933 1138 1973 1151 utu.

1707 235 1766 267 14⁴.)
1813 246 1861 271 an.
1874 245 1903 271 c.
1927 246 1994 272 1030
