2248 3229
218 239 271 267 An.
288 238 317 267 c.
333 238 402 266 1633
446 229 510 264 3118

266 301 404 323 Obstantibus

219 329 315 355 derogat.

258 1472 402 1497 Areliiepisco·

217 1505 256 1526 pus
272 1499 402 1519 Chioviensis

218 1527 330 1551 collegium
364 1531 402 1551 pro

218 1552 321 1573 flumenis

217 1579 340 1600 Mosam-itis
352 1578 401 1598 ado-

218 1605 346 1627 lescentibus
361 1605 402 1626 eri-

219 1638 267 1659 gere
282 1632 347 1658 cupit.

263 1896 314 1918 Ideo
329 1901 403 1922 quam·

219 1921 266 1943 dam
283 1924 351 1943 villan·
365 1929 402 1949 pro

218 1948 306 1970 huiusce
320 1950 402 1975 collegii

219 1975 268 1996 dote
301 1977 403 2002 applicari

218 2003 278 2028 peut.

464 289 479 332 ξ
503 288 532 321 6.
558 287 625 320 Non
656 285 852 320 obstantibus
878 283 1092 324 revocatione,
1122 294 1157 316 ae

419 341 552 384 desuper
564 339 712 373 confectis
724 338 837 371 litteris
849 337 965 371 nostris
978 336 1156 381 praedictis,

418 404 453 427 ac
467 393 611 427 omnibus
625 392 695 432 illis,
710 401 789 435 quae
803 391 904 425 dictus
917 390 1058 424 Clemens
1069 400 1158 434 prae-

417 447 562 480 decessor
593 446 624 478 in
660 445 778 478 eisdem
810 444 1014 489 praeinsertis
1044 444 1156 476 litteris

416 500 515 533 voluit
538 509 601 533 non
626 499 766 541 obstare,
792 499 967 543 ceterisque
992 498 1157 533 contrariis

417 553 677 597 quibuscumque.
1052 550 1055 552 ’

461 605 573 639 Datum
584 606 712 647 Romae,
726 605 809 649 apud
822 605 850 639 S.
869 605 1007 647 Petrum,
1033 604 1090 638 sub
1107 614 1157 636 an-

415 659 491 692 nulo
501 659 678 700 Piscatoris,
689 659 738 693 die
747 670 799 694 xlx
814 659 964 692 februarii
977 668 1156 707 Mfflnxxm,

416 713 617 757 pontificatus
642 714 752 755 nostri,
777 724 859 747 anno
884 725 913 748 x.

452 776 511 805 Dat.
528 776 571 805 die
586 777 619 805 19
634 777 764 805 februarii
782 777 859 812 1633,
876 775 970 812 pontif-
987 784 1056 804 anno
1074 784 1098 804 x.

732 893 839 927 CDLV.

417 965 605 1010 Applicatio
628 965 727 998 villae
755 964 957 998 Torokam'ae
985 963 1158 1009 spectantis

460 1018 503 1052 ad
519 1018 817 1052 archimandritam
834 1017 1081 1061 Zydz'cinensem
1099 1016 1158 1050 Or-

461 1072 549 1105 dinis
573 1072 604 1106 S.
630 1071 755 1105 Basilii
774 1071 1000 1105 Rutltenorum
1024 1070 1158 1113 collegyio

458 1135 516 1169 per
545 1125 825 1168 archiepiscopum
844 1124 1064 1158 Clzz'oviensem
1088 1133 1155 1156 me-

462 1178 650 1222 tropolitam
680 1178 817 1211 Russz'ae
848 1176 1000 1219 erigendo
1023 1186 1082 1219 pro
1107 1176 1158 1208 in-

460 1231 624 1264 struendis
648 1230 808 1264 Ruthem's
829 1233 857 1263 el
874 1229 1056 1262 Moscovv'tis
1080 1229 1158 1262 ado-

462 1283 649 1317 lescentibus
660 1282 679 1315 ¹.

620 1355 757 1383 Urbanus
778 1355 856 1388 Papa
876 1354 956 1387 vm,

545 1400 582 1428 ad
601 1403 776 1434 perpetuam
795 1399 839 1427 rei
859 1398 1038 1426 memoriam.

461 1462 476 1506 ξ,
500 1462 529 1495 1.
554 1461 675 1506 Exponi
699 1461 790 1494 nobis
814 1470 915 1504 nuper
940 1460 1011 1493 fecit
1031 1469 1157 1492 venera-

416 1515 487 1549 bilis
511 1515 608 1548 frater
625 1515 776 1559 Iosephus
792 1514 1050 1558 archiepiscopus
1070 1513 1158 1547 Chio-

416 1569 531 1604 viensis
556 1570 649 1603 totius
674 1569 802 1603 Russiae
827 1568 1047 1612 metropolita,
1073 1568 1157 1611 quod

416 1623 483 1667 ipse
496 1623 534 1656 ad
548 1623 602 1656 Dei
615 1623 740 1655 laudem
754 1628 783 1655 ct
795 1622 928 1665 gloriam
942 1632 977 1654 ac
990 1621 1157 1654 inventutis

416 1677 448 1709 in
468 1676 558 1709 bonis
575 1676 693 1710 artibus
714 1681 744 1708 et
763 1675 974 1709 ecclesiastica
992 1674 1156 1717 disciplina

417 1729 658 1763 instructionem
672 1740 770 1762 unum
784 1729 952 1771 collegium
969 1728 999 1760 in
1014 1728 1074 1760 illis
1090 1737 1158 1771 par-

416 1783 499 1816 tibus
527 1794 585 1827 pro
613 1783 765 1816 Ruthenis
794 1787 825 1815 et
855 1781 1032 1815 Moscovitis
1052 1781 1157 1814 adole-

417 1837 575 1870 scentibus
598 1836 789 1869 instruendis
807 1835 929 1878 erigere
950 1834 1090 1867 intendit.

461 1891 477 1934 g
500 1890 529 1923 Ξ).
550 1890 626 1923 Cum
645 1895 760 1930 autem,
777 1889 856 1922 sicut
873 1889 982 1922 eadem
1004 1888 1157 1932 expositio

418 1943 637 1986 subiungebat,
648 1943 828 1987 praedictus
841 1943 1098 1986 archiepiscopus
1106 1941 1158 1973 vil-

417 1997 479 2030 lam
504 1997 659 2030 Torokani
685 1997 722 2029 de
748 1996 868 2029 iuribus
901 2001 929 2029 et
960 1995 1157 2040 pertinentiis

418 2049 682 2083 archimandritae
726 2049 954 2094 Zydicinensis*
975 2048 1156 2082 existentem

419 2104 523 2148 (quae,
547 2109 581 2136 ut
605 2103 731 2143 asserit,
756 2108 827 2136 ante
858 2102 986 2146 triginta
1018 2112 1116 2135 annos
1140 2112 1157 2134 a

417 2156 518 2191 honac
543 2157 715 2191 memoriae
740 2156 887 2200 Hippatio
919 2155 1157 2199 archiepiscopo

418 2211 594 2245 Chioviensi
612 2211 708 2254 ipsius
725 2210 847 2253 Iosephi
864 2209 1091 2253 archiepiscopi
1108 2218 1159 2241 an-

419 2268 576 2298 tecessore
601 2274 659 2308 pro
687 2263 760 2296 dote
788 2263 912 2305 collegii
937 2263 1157 2295 Ruthenorum

420 2318 580 2351 unitorum
606 2317 747 2360 erigendi
772 2316 895 2349 duobus
919 2315 1087 2360 postremis
1106 2325 1157 2347 ar-

420 2371 637 2405 chimandritis
661 2370 778 2414 scripto
803 2369 1069 2403 consentientibus
1094 2368 1159 2401 des-

421 2425 527 2467 tinata,
543 2425 672 2469 eiusque
689 2424 828 2458 redditus
849 2423 974 2456 interim
1000 2426 1158 2456 monaste-

421 2479 486 2513 ri0¹
513 2479 741 2513 monachorum
770 2477 894 2512 Ordinis
927 2476 1023 2511 sancti
1056 2473 1158 2509 Basilii

458 2562 469 2586 1
488 2560 525 2587 Ex
542 2560 648 2594 Regest.
665 2559 692 2586 in
708 2559 809 2586 Secret.
830 2559 912 2599 BreV.

457 2604 473 2630 2
495 2605 617 2632 Pessime
640 2604 705 2633 edit.
728 2604 807 2632 Main.
829 2603 893 2639 tegit
917 2600 1161 2631 monasteriorum

425 2648 462 2684 (a,
478 2648 522 2682 Γ).

996 235 1175 260 BULLARIUM
1198 234 1353 259 ROMANUM

1191 283 1376 316 corumdem
1386 281 1614 324 Ruthenorum‚
1623 283 1754 317 civitatis
1764 281 1927 324 Vilnensis,

1191 336 1222 369 in
1239 347 1312 380 quo,
1329 341 1364 368 ut
1377 336 1470 369 etiam
1491 336 1613 376 asserit,
1629 336 1756 370 iuvenes
1773 340 1835 371 tarn
1853 335 1930 369 insc-

1191 389 1329 422 rioribus
1354 399 1448 433 quam
1473 388 1637 422 altioribus
1661 389 1769 422 studiis
1798 389 1931 422 instrue-

1191 442 1326 483 bantur,
1350 441 1497 486 applicati
1531 442 1674 485 fuerant)
1705 442 1838 484 collegio
1872 452 1930 486 per

1192 496 1294 540 ipsum
1319 495 1486 539 Iosephum
1510 494 1784 538 archiepiscopum
1808 494 1930 537 erigen-

1191 549 1241 590 do,
1266 554 1301 582 nt
1324 548 1511 593 praefertur,
1533 558 1591 592 per
1609 558 1667 581 nos
1691 547 1863 591 apostolica
1880 558 1931 580 au-

1191 603 1334 635 ctoritate
1354 601 1506 646 applicari
1530 611 1732 645 summopere
1755 600 1929 634 desideret:

1237 656 1251 699 ξ
1271 655 1300 689 3.
1326 656 1405 696 Nos,
1435 656 1489 699 qui
1513 655 1639 699 piorum
1663 665 1795 699 operum
1821 654 1927 687 incre-

1192 715 1332 743 mentum
1358 709 1487 743 sinceris
1512 709 1727 743 desideramus
1751 708 1929 749 affectibus,

1192 764 1251 808 piis
1271 763 1368 807 ipsius
1393 762 1517 807 Iosephi
1542 762 1771 807 archiepiscopi
1795 761 1875 796 votis
1899 761 1930 794 in

1192 817 1383 861 praemissis,
1398 822 1550 861 quantum
1575 827 1647 850 cum
1671 815 1804 850 Domino
1823 825 1932 859 possu-

1192 882 1272 912 mus,
1289 881 1437 913 annucrc,
1453 870 1622 914 ipsumque
1639 869 1827 914 specialibus
1851 869 1932 901 savo-

1192 925 1279 958 ribus
1311 930 1340 958 et
1371 924 1480 968 gratiis
1504 924 1655 968 prosequi
1679 923 1841 964 volentes,
1861 927 1891 956 et
1914 932 1931 955 a

1192 979 1352 1023 quibusvis
1362 977 1704 1019 excommunicationis,
1719 975 1932 1021 suspensionis

1192 1037 1222 1065 et
1239 1032 1405 1074 interdicti,
1418 1032 1549 1075 aliisque
1569 1030 1787 1065 ecclesiasticis
1808 1034 1931 1063 senten-

1193 1085 1253 1126 tiis,
1274 1085 1415 1118 censuris
1439 1090 1469 1118 et
1492 1084 1612 1129 poenis,
1629 1095 1646 1117 a
1663 1084 1731 1117 iure
1754 1083 1800 1117 vel
1824 1083 1862 1116 ab
1879 1083 1932 1116 ho-

1193 1138 1286 1180 mine,
1300 1139 1408 1182 quavis
1432 1138 1597 1172 occasione
1620 1139 1668 1171 vel
1693 1139 1786 1171 causa
1809 1137 1889 1178 latis,
1906 1137 1930 1169 si

1193 1191 1307 1234 quibus
1326 1191 1563 1236 quomodolibet
1579 1190 1746 1224 innodatus
1763 1190 1877 1230 existit,
1893 1189 1930 1222 ad

1193 1245 1338 1279 effectum
1371 1245 1585 1288 praesentium
1619 1245 1781 1277 dumtaxat
1815 1253 1927 1277 conse-

1192 1298 1373 1342 quendum,
1406 1299 1518 1331 harum
1555 1298 1636 1332 serie
1669 1298 1866 1330 absolventes
1901 1303 1932 1329 et

1192 1351 1370 1384 absolutum
1396 1352 1462 1385 sore
1487 1356 1648 1385 censentes
1663 1378 1670 1392 ‚
1695 1360 1818 1395 necnon
1841 1350 1930 1383 villae

1192 1405 1373 1438 huiusmodi
1398 1405 1568 1446 fructuum,
1593 1404 1773 1438 reddituum
1797 1408 1827 1437 et
1850 1413 1927 1447 pro-

1192 1464 1341 1491 ventuum
1365 1468 1457 1491 veros
1478 1468 1598 1491 annuos
1617 1458 1740 1491 valores
1764 1456 1932 1501 praesenti-

1192 1511 1249 1544 bus
1268 1522 1327 1555 pro
1345 1511 1500 1556 expressis
1521 1511 1683 1552 habentes,
1701 1510 1932 1554 supplicationi-

1191 1565 1249 1598 bus
1266 1565 1332 1598 eius
1348 1566 1474 1599 nomine
1485 1565 1577 1599 nobis
1590 1575 1686 1609 super
1696 1565 1756 1598 hoc
1770 1563 1930 1597 humiliter

1190 1619 1344 1662 porrectis
1362 1619 1509 1661 inclinati,
1523 1619 1627 1651 villam
1638 1618 1840 1662 praedictam,
1857 1628 1929 1651 cum

1191 1672 1338 1705 omnibus
1355 1672 1486 1713 iuribus,
1505 1671 1655 1705 membris
1680 1677 1710 1704 et
1732 1670 1929 1715 pertinentiis

1191 1726 1270 1766 suis,
1295 1725 1428 1768 collegio
1453 1736 1509 1769 per
1538 1725 1656 1758 dictum
1681 1725 1847 1768 Iosephum
1873 1734 1926 1756 ar-

1191 1779 1442 1823 ehiepiscopum,
1460 1783 1493 1811 ut
1518 1779 1705 1822 praefertur,
1726 1777 1887 1820 eidgendo,
1905 1776 1930 1809 si

1191 1837 1221 1865 et
1244 1838 1410 1876 postquam
1428 1832 1577 1865 canonice
1595 1837 1733 1864 erectum
1752 1830 1855 1871 suerit,
1871 1841 1930 1874 pro

1192 1886 1274 1919 illius
1298 1886 1369 1919 dote
1395 1890 1424 1918 ct
1449 1885 1701 1926 manutentione,
1726 1884 1856 1928 eiusque
1880 1894 1930 1917 re-

1191 1940 1287 1973 ctoris
1311 1944 1341 1972 et
1365 1939 1575 1982 collegialium
1600 1949 1658 1982 pro
1685 1944 1825 1981 tempore
1849 1937 1930 1970 exis-

1193 1993 1322 2026 tentium
1338 1995 1479 2036 congrua
1496 1992 1719 2025 sustentatione
1733 1992 1788 2034 (ita
1801 1990 1885 2035 quod
1898 1990 1930 2024 li-

1192 2052 1259 2081 ceat
1276 2047 1390 2080 rectori
1405 2045 1448 2080 et¹
1463 2045 1678 2088 collegialibus
1694 2044 1770 2089 ipsis
1784 2054 1930 2088 corpora-

1192 2100 1264 2140 lem,
1279 2100 1406 2141 realem,
1421 2099 1572 2133 actualem
1586 2098 1816 2142 possessionem
1829 2097 1929 2130 dictae

1192 2154 1283 2187 villae
1298 2181 1305 2194 ‚
1329 2153 1459 2196 eiusque
1484 2151 1623 2194 iul-ium,
1649 2151 1866 2185 membrorum
1900 2155 1931 2184 et

1191 2206 1451 2251 pertinentiarum
1473 2215 1745 2248 quorumcumque
1760 2203 1931 2248 apprehen-

1192 2259 1266 2292 dere
1291 2262 1320 2292 et
1343 2258 1573 2302 apprehensam
1598 2264 1751 2302 perpetuo
1776 2257 1930 2297 retinere,

1192 2312 1313 2345 fructus
1337 2321 1483 2355 quoque,
1510 2310 1650 2344 redditus
1684 2315 1714 2344 et
1737 2314 1930 2354 proventus,

1192 2365 1260 2398 iura
1276 2392 1283 2406 ,
1308 2365 1511 2398 obventiones
1540 2370 1570 2397 et
1599 2365 1811 2398 emolumenta
1836 2373 1930 2407 quae-

1193 2428 1327 2462 cumque
1341 2418 1517 2462 percipere,
1533 2418 1670 2461 exigere,
1688 2418 1802 2458 levare,
1814 2417 1931 2457 locare,

1193 2472 1362 2506 arrendare
1378 2499 1385 2513 ,
1409 2482 1444 2505 ac
1475 2472 1507 2504 in
1531 2471 1660 2505 omnes'
1685 2471 1783 2515 ipsius
1807 2469 1931 2512 collegii

1194 2536 1268 2559 usus
1292 2531 1322 2559 ct
1345 2525 1544 2559 necessitates
1569 2529 1770 2566 convertere,
1796 2523 1931 2556 cuiusvis

1233 2600 1241 2625 l
1261 2598 1401 2625 Coniunct.
1419 2600 1445 2625 et
1459 2605 1508 2624 nos
1523 2595 1648 2624 addimus
1665 2601 1700 2626 (R.
1717 2595 1766 2629 T.).

1229 2643 1244 2669 2
1259 2642 1358 2670 Forsan
1374 2642 1463 2678 potius
1478 2640 1665 2678 legendumne
1681 2647 1778 2667 omnes
1793 2639 1822 2666 in
1832 2639 1869 2675 (R.
1882 2639 1931 2675 T.)-

1943 232 1994 260 An.
2010 231 2039 260 C.
2058 231 2126 260 1633

1987 665 2044 689 Quod
2061 665 2129 686 Urba-

1944 697 1983 713 nus
1998 692 2102 713 concedit.
