<?xml version="1.0" encoding="UTF-8"?>
<!DOCTYPE html PUBLIC "-//W3C//DTD XHTML 1.0 Transitional//EN"
    "http://www.w3.org/TR/xhtml1/DTD/xhtml1-transitional.dtd">
<html xmlns="http://www.w3.org/1999/xhtml" xml:lang="en" lang="en">
 <head>
  <title>
</title>
<meta http-equiv="Content-Type" content="text/html;charset=utf-8" />
  <meta name='ocr-system' content='tesseract 3.04.00' />
  <meta name='ocr-capabilities' content='ocr_page ocr_carea ocr_par ocr_line ocrx_word'/>
</head>
<body>
  <div class='ocr_page' id='page_1' title='image "./bullarumdiplomat14cath_0360.png"; bbox 0 0 2248 3229; ppageno 0'>
   <div class='ocr_carea' id='block_1_1' title="bbox 222 195 400 224">
    <p class='ocr_par' dir='ltr' id='par_1_1' title="bbox 222 195 400 224">
     <span class='ocr_line' id='line_1_1' title="bbox 222 195 400 224; baseline 0.006 -1"><span class='ocrx_word' id='word_1_1' title='bbox 222 195 270 224; x_wconf 81' lang='lat' dir='ltr'>Au.</span> <span class='ocrx_word' id='word_1_2' title='bbox 282 195 309 224; x_wconf 94' lang='lat' dir='ltr'>C.</span> <span class='ocrx_word' id='word_1_3' title='bbox 333 195 400 224; x_wconf 75' lang='lat'>1632</span> 
     </span>
    </p>
   </div>
   <div class='ocr_carea' id='block_1_2' title="bbox 218 1276 403 1435">
    <p class='ocr_par' dir='ltr' id='par_1_2' title="bbox 218 1276 403 1435">
     <span class='ocr_line' id='line_1_2' title="bbox 245 1276 403 1299; baseline -0.006 -5"><span class='ocrx_word' id='word_1_4' title='bbox 245 1276 311 1299; x_wconf 84' lang='lat' dir='ltr'>Quam</span> <span class='ocrx_word' id='word_1_5' title='bbox 326 1278 403 1299; x_wconf 80' lang='lat' dir='ltr'>appi-o·</span> 
     </span>
     <span class='ocr_line' id='line_1_3' title="bbox 218 1301 402 1322; baseline -0.016 0"><span class='ocrx_word' id='word_1_6' title='bbox 218 1302 256 1322; x_wconf 83' lang='lat' dir='ltr'>bat</span> <span class='ocrx_word' id='word_1_7' title='bbox 267 1304 288 1321; x_wconf 80' lang='lat' dir='ltr'>et</span> <span class='ocrx_word' id='word_1_8' title='bbox 303 1301 402 1321; x_wconf 83' lang='lat' dir='ltr'>observa·</span> 
     </span>
     <span class='ocr_line' id='line_1_4' title="bbox 219 1329 403 1349; baseline -0.016 0"><span class='ocrx_word' id='word_1_9' title='bbox 219 1329 236 1349; x_wconf 81' lang='lat' dir='ltr'>ri</span> <span class='ocrx_word' id='word_1_10' title='bbox 248 1329 331 1348; x_wconf 83' lang='lat' dir='ltr'>omnino</span> <span class='ocrx_word' id='word_1_11' title='bbox 344 1333 403 1347; x_wconf 79' lang='lat' dir='ltr'>man-</span> 
     </span>
     <span class='ocr_line' id='line_1_5' title="bbox 219 1353 402 1380; baseline -0.005 -6"><span class='ocrx_word' id='word_1_12' title='bbox 219 1354 287 1380; x_wconf 79' lang='lat' dir='ltr'>dat,et</span> <span class='ocrx_word' id='word_1_13' title='bbox 298 1353 402 1375; x_wconf 70' lang='lat' dir='ltr'>contrafa-</span> 
     </span>
     <span class='ocr_line' id='line_1_6' title="bbox 218 1381 402 1406; baseline 0 -5"><span class='ocrx_word' id='word_1_14' title='bbox 218 1381 323 1402; x_wconf 82' lang='lat' dir='ltr'>cientibus</span> <span class='ocrx_word' id='word_1_15' title='bbox 353 1386 402 1406; x_wconf 84' lang='lat' dir='ltr'>poe-</span> 
     </span>
     <span class='ocr_line' id='line_1_7' title="bbox 219 1408 366 1435; baseline -0.014 -5"><span class='ocrx_word' id='word_1_16' title='bbox 219 1414 257 1430; x_wconf 81' lang='lat' dir='ltr'>nas</span> <span class='ocrx_word' id='word_1_17' title='bbox 271 1408 366 1435; x_wconf 78' lang='lat' dir='ltr'>imponit.</span> 
     </span>
    </p>
   </div>
   <div class='ocr_carea' id='block_1_3' title="bbox 418 244 1159 395">
    <p class='ocr_par' dir='ltr' id='par_1_3' title="bbox 418 244 1159 395">
     <span class='ocr_line' id='line_1_8' title="bbox 418 244 1158 288; baseline -0.001 -9"><span class='ocrx_word' id='word_1_18' title='bbox 418 245 576 279; x_wconf 80' lang='lat' dir='ltr'>deserendi</span> <span class='ocrx_word' id='word_1_19' title='bbox 609 255 679 278; x_wconf 88' lang='lat' dir='ltr'>eum</span> <span class='ocrx_word' id='word_1_20' title='bbox 713 244 864 278; x_wconf 75' lang='lat' dir='ltr'>mozzetta</span> <span class='ocrx_word' id='word_1_21' title='bbox 899 244 931 277; x_wconf 90' lang='lat' dir='ltr'>in</span> <span class='ocrx_word' id='word_1_22' title='bbox 966 255 1158 288; x_wconf 78' lang='lat' dir='ltr'>pergameno</span> 
     </span>
     <span class='ocr_line' id='line_1_9' title="bbox 418 296 1158 342; baseline 0 -11"><span class='ocrx_word' id='word_1_23' title='bbox 418 298 596 342; x_wconf 78' lang='lat' dir='ltr'>designatos</span> <span class='ocrx_word' id='word_1_24' title='bbox 613 297 724 331; x_wconf 88' lang='lat' dir='ltr'>confici</span> <span class='ocrx_word' id='word_1_25' title='bbox 741 296 968 339; x_wconf 81' lang='lat' dir='ltr'>mandavimus,</span> <span class='ocrx_word' id='word_1_26' title='bbox 986 301 1158 342; x_wconf 85' lang='lat' dir='ltr'>nostroque</span> 
     </span>
     <span class='ocr_line' id='line_1_10' title="bbox 418 350 1159 395; baseline 0.001 -11"><span class='ocrx_word' id='word_1_27' title='bbox 418 352 521 395; x_wconf 80' lang='lat' dir='ltr'>sigillo</span> <span class='ocrx_word' id='word_1_28' title='bbox 536 357 563 384; x_wconf 86' lang='lat' dir='ltr'>ct</span> <span class='ocrx_word' id='word_1_29' title='bbox 578 350 809 394; x_wconf 77' lang='lat' dir='ltr'>subscriptione</span> <span class='ocrx_word' id='word_1_30' title='bbox 822 350 1017 384; x_wconf 81' lang='lat' dir='ltr'>firmavimus</span> <span class='ocrx_word' id='word_1_31' title='bbox 1034 356 1064 385; x_wconf 89' lang='lat' dir='ltr'>et</span> <span class='ocrx_word' id='word_1_32' title='bbox 1077 362 1159 385; x_wconf 90' lang='lat' dir='ltr'>com-</span> 
     </span>
    </p>
   </div>
   <div class='ocr_carea' id='block_1_4' title="bbox 418 404 1176 447">
    <p class='ocr_par' dir='ltr' id='par_1_4' title="bbox 418 404 1176 447">
     <span class='ocr_line' id='line_1_11' title="bbox 418 404 1176 447; baseline 0.001 -10"><span class='ocrx_word' id='word_1_33' title='bbox 418 404 624 438; x_wconf 79' lang='lat' dir='ltr'>munivimus:</span> <span class='ocrx_word' id='word_1_34' title='bbox 650 413 786 447; x_wconf 89' lang='lat' dir='ltr'>quorum</span> <span class='ocrx_word' id='word_1_35' title='bbox 817 414 915 437; x_wconf 89' lang='lat' dir='ltr'>unum</span> <span class='ocrx_word' id='word_1_36' title='bbox 948 404 1071 438; x_wconf 86' lang='lat' dir='ltr'>notario</span> <span class='ocrx_word' id='word_1_37' title='bbox 1095 407 1176 438; x_wconf 82' lang='lat' dir='ltr'>una·</span> 
     </span>
    </p>
   </div>
   <div class='ocr_carea' id='block_1_5' title="bbox 418 457 1159 555">
    <p class='ocr_par' dir='ltr' id='par_1_5' title="bbox 418 457 1159 555">
     <span class='ocr_line' id='line_1_12' title="bbox 418 457 1159 492; baseline 0.003 -2"><span class='ocrx_word' id='word_1_38' title='bbox 418 468 488 490; x_wconf 85' lang='lat' dir='ltr'>eum</span> <span class='ocrx_word' id='word_1_39' title='bbox 513 457 572 490; x_wconf 86' lang='lat' dir='ltr'>hac</span> <span class='ocrx_word' id='word_1_40' title='bbox 595 458 705 490; x_wconf 80' lang='lat' dir='ltr'>nostra</span> <span class='ocrx_word' id='word_1_41' title='bbox 721 457 875 490; x_wconf 76' lang='lat' dir='ltr'>sententia</span> <span class='ocrx_word' id='word_1_42' title='bbox 892 458 924 490; x_wconf 89' lang='lat' dir='ltr'>in</span> <span class='ocrx_word' id='word_1_43' title='bbox 941 458 1018 491; x_wconf 85' lang='lat' dir='ltr'>actis</span> <span class='ocrx_word' id='word_1_44' title='bbox 1035 469 1159 492; x_wconf 91' lang='lat' dir='ltr'>conser-</span> 
     </span>
     <span class='ocr_line' id='line_1_13' title="bbox 419 510 1159 555; baseline 0.003 -12"><span class='ocrx_word' id='word_1_45' title='bbox 419 510 564 552; x_wconf 83' lang='lat' dir='ltr'>vandum,</span> <span class='ocrx_word' id='word_1_46' title='bbox 582 510 721 555; x_wconf 89' lang='lat' dir='ltr'>reliquos</span> <span class='ocrx_word' id='word_1_47' title='bbox 738 511 826 553; x_wconf 89' lang='lat' dir='ltr'>duos,</span> <span class='ocrx_word' id='word_1_48' title='bbox 844 521 942 545; x_wconf 90' lang='lat' dir='ltr'>unum</span> <span class='ocrx_word' id='word_1_49' title='bbox 963 511 1081 545; x_wconf 89' lang='lat' dir='ltr'>scilicet</span> <span class='ocrx_word' id='word_1_50' title='bbox 1097 512 1159 546; x_wconf 90' lang='lat' dir='ltr'>cui-</span> 
     </span>
    </p>
   </div>
   <div class='ocr_carea' id='block_1_6' title="bbox 417 564 1175 609">
    <p class='ocr_par' dir='ltr' id='par_1_6' title="bbox 417 564 1175 609">
     <span class='ocr_line' id='line_1_14' title="bbox 417 564 1175 609; baseline 0 -13"><span class='ocrx_word' id='word_1_51' title='bbox 417 574 477 607; x_wconf 85' lang='lat' dir='ltr'>que</span> <span class='ocrx_word' id='word_1_52' title='bbox 502 564 595 608; x_wconf 88' lang='lat' dir='ltr'>parti,</span> <span class='ocrx_word' id='word_1_53' title='bbox 615 564 679 597; x_wconf 90' lang='lat' dir='ltr'>sive</span> <span class='ocrx_word' id='word_1_54' title='bbox 695 564 847 608; x_wconf 87' lang='lat' dir='ltr'>cuiusque</span> <span class='ocrx_word' id='word_1_55' title='bbox 864 565 1004 608; x_wconf 91' lang='lat' dir='ltr'>ipsarum</span> <span class='ocrx_word' id='word_1_56' title='bbox 1018 565 1157 609; x_wconf 87' lang='lat' dir='ltr'>partium</span> <span class='ocrx_word' id='word_1_57' title='bbox 1174 592 1175 596; x_wconf 73' lang='grc'>,</span> 
     </span>
    </p>
   </div>
   <div class='ocr_carea' id='block_1_7' title="bbox 417 618 1159 661">
    <p class='ocr_par' dir='ltr' id='par_1_7' title="bbox 417 618 1159 661">
     <span class='ocr_line' id='line_1_15' title="bbox 417 618 1159 661; baseline 0.003 -11"><span class='ocrx_word' id='word_1_58' title='bbox 417 618 627 661; x_wconf 75' lang='lat' dir='ltr'>procuratori,</span> <span class='ocrx_word' id='word_1_59' title='bbox 641 627 748 650; x_wconf 89' lang='lat' dir='ltr'>coram</span> <span class='ocrx_word' id='word_1_60' title='bbox 764 618 887 651; x_wconf 88' lang='lat' dir='ltr'>notario</span> <span class='ocrx_word' id='word_1_61' title='bbox 902 623 932 651; x_wconf 92' lang='lat' dir='ltr'>et</span> <span class='ocrx_word' id='word_1_62' title='bbox 944 618 1075 651; x_wconf 88' lang='lat' dir='ltr'>testibus</span> <span class='ocrx_word' id='word_1_63' title='bbox 1090 629 1159 652; x_wconf 92' lang='lat' dir='ltr'>con-</span> 
     </span>
    </p>
   </div>
   <div class='ocr_carea' id='block_1_8' title="bbox 417 724 1159 823">
    <p class='ocr_par' dir='ltr' id='par_1_8' title="bbox 417 724 1159 823">
     <span class='ocr_line' id='line_1_16' title="bbox 417 724 1159 770; baseline 0.003 -13"><span class='ocrx_word' id='word_1_64' title='bbox 417 724 577 768; x_wconf 88' lang='lat' dir='ltr'>caputium</span> <span class='ocrx_word' id='word_1_65' title='bbox 602 725 737 767; x_wconf 82' lang='lat' dir='ltr'>augendi</span> <span class='ocrx_word' id='word_1_66' title='bbox 762 730 792 758; x_wconf 87' lang='lat' dir='ltr'>et</span> <span class='ocrx_word' id='word_1_67' title='bbox 816 725 977 759; x_wconf 88' lang='lat' dir='ltr'>minuendi</span> <span class='ocrx_word' id='word_1_68' title='bbox 1008 736 1067 770; x_wconf 91' lang='lat' dir='ltr'>pro</span> <span class='ocrx_word' id='word_1_69' title='bbox 1093 736 1159 759; x_wconf 85' lang='lat' dir='ltr'>ma-</span> 
     </span>
     <span class='ocr_line' id='line_1_17' title="bbox 418 778 1159 823; baseline 0.003 -11"><span class='ocrx_word' id='word_1_70' title='bbox 418 778 541 812; x_wconf 91' lang='lat' dir='ltr'>ioritate</span> <span class='ocrx_word' id='word_1_71' title='bbox 565 783 595 811; x_wconf 90' lang='lat' dir='ltr'>et</span> <span class='ocrx_word' id='word_1_72' title='bbox 619 778 798 812; x_wconf 86' lang='lat' dir='ltr'>minoritate</span> <span class='ocrx_word' id='word_1_73' title='bbox 816 779 960 823; x_wconf 88' lang='lat' dir='ltr'>corporis</span> <span class='ocrx_word' id='word_1_74' title='bbox 974 785 1004 812; x_wconf 92' lang='lat' dir='ltr'>et</span> <span class='ocrx_word' id='word_1_75' title='bbox 1021 785 1159 814; x_wconf 88' lang='lat' dir='ltr'>staturae</span> 
     </span>
    </p>
   </div>
   <div class='ocr_carea' id='block_1_9' title="bbox 417 832 1176 984">
    <p class='ocr_par' dir='ltr' id='par_1_9' title="bbox 417 832 1176 984">
     <span class='ocr_line' id='line_1_18' title="bbox 418 832 1176 876; baseline 0.001 -12"><span class='ocrx_word' id='word_1_76' title='bbox 418 832 558 876; x_wconf 86' lang='lat' dir='ltr'>ipsorum</span> <span class='ocrx_word' id='word_1_77' title='bbox 575 832 707 865; x_wconf 76' lang='lat' dir='ltr'>fratrum</span> <span class='ocrx_word' id='word_1_78' title='bbox 728 833 805 865; x_wconf 89' lang='lat' dir='ltr'>illud</span> <span class='ocrx_word' id='word_1_79' title='bbox 822 833 945 866; x_wconf 82' lang='lat' dir='ltr'>deferre</span> <span class='ocrx_word' id='word_1_80' title='bbox 966 833 1158 875; x_wconf 72' lang='lat' dir='ltr'>debentium,</span> <span class='ocrx_word' id='word_1_81' title='bbox 1175 857 1176 865; x_wconf 39' lang='lat'>1</span> 
     </span>
     <span class='ocr_line' id='line_1_19' title="bbox 418 886 1176 933; baseline 0.003 -14"><span class='ocrx_word' id='word_1_82' title='bbox 418 886 591 920; x_wconf 88' lang='lat' dir='ltr'>dummodo</span> <span class='ocrx_word' id='word_1_83' title='bbox 608 886 709 920; x_wconf 81' lang='lat' dir='ltr'>forma</span> <span class='ocrx_word' id='word_1_84' title='bbox 733 892 763 920; x_wconf 91' lang='lat' dir='ltr'>et</span> <span class='ocrx_word' id='word_1_85' title='bbox 787 887 954 931; x_wconf 83' lang='lat' dir='ltr'>proportio</span> <span class='ocrx_word' id='word_1_86' title='bbox 979 888 1176 933; x_wconf 47' lang='lat' dir='ltr'>supradicta,</span> 
     </span>
     <span class='ocr_line' id='line_1_20' title="bbox 417 940 1176 984; baseline 0 -11"><span class='ocrx_word' id='word_1_87' title='bbox 417 940 595 974; x_wconf 82' lang='lat' dir='ltr'>nullatenus</span> <span class='ocrx_word' id='word_1_88' title='bbox 620 940 814 982; x_wconf 76' lang='lat' dir='ltr'>immutetur,</span> <span class='ocrx_word' id='word_1_89' title='bbox 832 951 889 974; x_wconf 87' lang='lat' dir='ltr'>nee</span> <span class='ocrx_word' id='word_1_90' title='bbox 914 942 1074 984; x_wconf 85' lang='lat' dir='ltr'>alteretur,</span> <span class='ocrx_word' id='word_1_91' title='bbox 1100 946 1176 976; x_wconf 64' lang='lat' dir='ltr'>etc:</span> 
     </span>
    </p>
   </div>
   <div class='ocr_carea' id='block_1_10' title="bbox 417 992 1159 1090">
    <p class='ocr_par' dir='ltr' id='par_1_10' title="bbox 417 992 1159 1090">
     <span class='ocr_line' id='line_1_21' title="bbox 417 992 1159 1039; baseline 0.004 -14"><span class='ocrx_word' id='word_1_92' title='bbox 417 992 500 1032; x_wconf 89' lang='lat' dir='ltr'>Quae</span> <span class='ocrx_word' id='word_1_93' title='bbox 524 993 650 1037; x_wconf 89' lang='lat' dir='ltr'>quidem</span> <span class='ocrx_word' id='word_1_94' title='bbox 676 994 828 1027; x_wconf 87' lang='lat' dir='ltr'>sententia</span> <span class='ocrx_word' id='word_1_95' title='bbox 859 995 902 1028; x_wconf 90' lang='lat' dir='ltr'>sic</span> <span class='ocrx_word' id='word_1_96' title='bbox 934 999 1063 1039; x_wconf 85' lang='lat' dir='ltr'>apparet</span> <span class='ocrx_word' id='word_1_97' title='bbox 1087 996 1159 1028; x_wconf 90' lang='lat' dir='ltr'>sub-</span> 
     </span>
     <span class='ocr_line' id='line_1_22' title="bbox 418 1045 723 1090; baseline 0 -11"><span class='ocrx_word' id='word_1_98' title='bbox 418 1045 545 1090; x_wconf 80' lang='lat' dir='ltr'>scripta,</span> <span class='ocrx_word' id='word_1_99' title='bbox 563 1046 723 1080; x_wconf 88' lang='lat' dir='ltr'>videlicet:</span> 
     </span>
    </p>
   </div>
   <div class='ocr_carea' id='block_1_11' title="bbox 527 1127 1158 1170">
    <p class='ocr_par' dir='ltr' id='par_1_11' title="bbox 527 1127 1158 1170">
     <span class='ocr_line' id='line_1_23' title="bbox 527 1127 1158 1170; baseline 0.002 -9"><span class='ocrx_word' id='word_1_100' title='bbox 527 1128 594 1170; x_wconf 80' lang='lat' dir='ltr'>Ego</span> <span class='ocrx_word' id='word_1_101' title='bbox 618 1127 719 1161; x_wconf 83' lang='lat' dir='ltr'>Gumo</span> <span class='ocrx_word' id='word_1_102' title='bbox 746 1127 912 1161; x_wconf 87' lang='lat' dir='ltr'>cardinalis</span> <span class='ocrx_word' id='word_1_103' title='bbox 936 1128 1158 1170; x_wconf 63' lang='lat' dir='ltr'>Beni-lvctvs,</span> 
     </span>
    </p>
   </div>
   <div class='ocr_carea' id='block_1_12' title="bbox 551 1180 1177 1233">
    <p class='ocr_par' dir='ltr' id='par_1_12' title="bbox 551 1180 1177 1233">
     <span class='ocr_line' id='line_1_24' title="bbox 551 1180 1177 1233; baseline 0.003 -20"><span class='ocrx_word' id='word_1_104' title='bbox 551 1180 642 1213; x_wconf 89' lang='lat' dir='ltr'>iudex</span> <span class='ocrx_word' id='word_1_105' title='bbox 667 1181 905 1214; x_wconf 88' lang='lat' dir='ltr'>commissarius</span> <span class='ocrx_word' id='word_1_106' title='bbox 930 1182 1131 1226; x_wconf 88' lang='lat' dir='ltr'>apostolicus.</span> <span class='ocrx_word' id='word_1_107' title='bbox 1175 1225 1177 1233; x_wconf 29' lang='lat' dir='ltr'><em>A</em></span> 
     </span>
    </p>
   </div>
   <div class='ocr_carea' id='block_1_13' title="bbox 417 1261 1161 1575">
    <p class='ocr_par' dir='ltr' id='par_1_13' title="bbox 417 1261 1161 1575">
     <span class='ocr_line' id='line_1_25' title="bbox 462 1261 1161 1306; baseline 0 -11"><span class='ocrx_word' id='word_1_108' title='bbox 462 1262 477 1305; x_wconf 65' lang='grc' dir='ltr'><strong>ἓ</strong></span> <span class='ocrx_word' id='word_1_109' title='bbox 500 1261 531 1295; x_wconf 83' lang='grc'>3.</span> <span class='ocrx_word' id='word_1_110' title='bbox 555 1261 631 1295; x_wconf 89' lang='lat' dir='ltr'>Cum</span> <span class='ocrx_word' id='word_1_111' title='bbox 649 1267 764 1302; x_wconf 89' lang='lat' dir='ltr'>autem,</span> <span class='ocrx_word' id='word_1_112' title='bbox 782 1261 863 1294; x_wconf 90' lang='lat' dir='ltr'>sicut</span> <span class='ocrx_word' id='word_1_113' title='bbox 887 1261 1076 1306; x_wconf 89' lang='lat' dir='ltr'>accepimus,</span> <span class='ocrx_word' id='word_1_114' title='bbox 1094 1273 1161 1295; x_wconf 89' lang='lat' dir='ltr'>sen-</span> 
     </span>
     <span class='ocr_line' id='line_1_26' title="bbox 418 1314 1161 1359; baseline 0.001 -12"><span class='ocrx_word' id='word_1_115' title='bbox 418 1315 514 1348; x_wconf 88' lang='lat' dir='ltr'>tentia</span> <span class='ocrx_word' id='word_1_116' title='bbox 539 1314 719 1348; x_wconf 90' lang='lat' dir='ltr'>huiusmodi</span> <span class='ocrx_word' id='word_1_117' title='bbox 740 1315 864 1348; x_wconf 82' lang='lat' dir='ltr'>debitae</span> <span class='ocrx_word' id='word_1_118' title='bbox 885 1316 1086 1359; x_wconf 80' lang='lat' dir='ltr'>exequutioni</span> <span class='ocrx_word' id='word_1_119' title='bbox 1111 1316 1161 1349; x_wconf 90' lang='lat' dir='ltr'>de-</span> 
     </span>
     <span class='ocr_line' id='line_1_27' title="bbox 419 1369 1161 1412; baseline 0.003 -11"><span class='ocrx_word' id='word_1_120' title='bbox 419 1369 564 1402; x_wconf 87' lang='lat' dir='ltr'>mandata</span> <span class='ocrx_word' id='word_1_121' title='bbox 587 1379 761 1412; x_wconf 84' lang='lat' dir='ltr'>numquam</span> <span class='ocrx_word' id='word_1_122' title='bbox 778 1369 884 1410; x_wconf 84' lang='lat' dir='ltr'>suerit,</span> <span class='ocrx_word' id='word_1_123' title='bbox 901 1380 958 1402; x_wconf 91' lang='lat' dir='ltr'>nec</span> <span class='ocrx_word' id='word_1_124' title='bbox 982 1370 1095 1403; x_wconf 86' lang='lat' dir='ltr'>fratres</span> <span class='ocrx_word' id='word_1_125' title='bbox 1115 1381 1161 1403; x_wconf 92' lang='lat' dir='ltr'>re-</span> 
     </span>
     <span class='ocr_line' id='line_1_28' title="bbox 419 1423 1160 1467; baseline 0 -11"><span class='ocrx_word' id='word_1_126' title='bbox 419 1423 540 1457; x_wconf 83' lang='lat' dir='ltr'>collecti</span> <span class='ocrx_word' id='word_1_127' title='bbox 555 1423 708 1467; x_wconf 81' lang='lat' dir='ltr'>praedicti</span> <span class='ocrx_word' id='word_1_128' title='bbox 725 1423 769 1455; x_wconf 88' lang='lat' dir='ltr'>illi</span> <span class='ocrx_word' id='word_1_129' title='bbox 787 1433 899 1466; x_wconf 84' lang='lat' dir='ltr'>parere</span> <span class='ocrx_word' id='word_1_130' title='bbox 912 1424 1078 1464; x_wconf 85' lang='lat' dir='ltr'>voluerint,</span> <span class='ocrx_word' id='word_1_131' title='bbox 1092 1434 1160 1465; x_wconf 82' lang='lat' dir='ltr'>nos,</span> 
     </span>
     <span class='ocr_line' id='line_1_29' title="bbox 417 1477 1161 1522; baseline 0 -12"><span class='ocrx_word' id='word_1_132' title='bbox 417 1488 475 1522; x_wconf 91' lang='lat' dir='ltr'>pro</span> <span class='ocrx_word' id='word_1_133' title='bbox 491 1477 590 1511; x_wconf 82' lang='lat' dir='ltr'>nostri</span> <span class='ocrx_word' id='word_1_134' title='bbox 608 1477 774 1521; x_wconf 88' lang='lat' dir='ltr'>pastoralis</span> <span class='ocrx_word' id='word_1_135' title='bbox 788 1477 883 1510; x_wconf 86' lang='lat' dir='ltr'>officii</span> <span class='ocrx_word' id='word_1_136' title='bbox 897 1477 1012 1518; x_wconf 88' lang='lat' dir='ltr'>debito,</span> <span class='ocrx_word' id='word_1_137' title='bbox 1026 1478 1057 1510; x_wconf 91' lang='lat' dir='ltr'>in</span> <span class='ocrx_word' id='word_1_138' title='bbox 1074 1488 1161 1522; x_wconf 90' lang='lat' dir='ltr'>prae-</span> 
     </span>
     <span class='ocr_line' id='line_1_30' title="bbox 417 1526 1159 1575; baseline 0.001 -12"><span class='ocrx_word' id='word_1_139' title='bbox 417 1531 530 1571; x_wconf 79' lang='lat' dir='ltr'>missis,</span> <span class='ocrx_word' id='word_1_140' title='bbox 554 1534 706 1575; x_wconf 89' lang='lat' dir='ltr'>quantum</span> <span class='ocrx_word' id='word_1_141' title='bbox 731 1526 802 1564; x_wconf 86' lang='lat' dir='ltr'>cum</span> <span class='ocrx_word' id='word_1_142' title='bbox 826 1531 959 1564; x_wconf 91' lang='lat' dir='ltr'>Domino</span> <span class='ocrx_word' id='word_1_143' title='bbox 982 1542 1159 1575; x_wconf 91' lang='lat' dir='ltr'>possumus,</span> 
     </span>
    </p>
   </div>
   <div class='ocr_carea' id='block_1_14' title="bbox 418 1584 1177 1630">
    <p class='ocr_par' dir='ltr' id='par_1_14' title="bbox 418 1584 1177 1630">
     <span class='ocr_line' id='line_1_31' title="bbox 418 1584 1177 1630; baseline -0.001 -11"><span class='ocrx_word' id='word_1_144' title='bbox 418 1590 596 1630; x_wconf 86' lang='lat' dir='ltr'>opportune</span> <span class='ocrx_word' id='word_1_145' title='bbox 620 1584 799 1629; x_wconf 87' lang='lat' dir='ltr'>providere,</span> <span class='ocrx_word' id='word_1_146' title='bbox 816 1595 852 1618; x_wconf 90' lang='lat' dir='ltr'>ac</span> <span class='ocrx_word' id='word_1_147' title='bbox 869 1585 1054 1618; x_wconf 82' lang='lat' dir='ltr'>sententiam</span> <span class='ocrx_word' id='word_1_148' title='bbox 1073 1596 1160 1629; x_wconf 84' lang='lat' dir='ltr'>prae-</span> <span class='ocrx_word' id='word_1_149' title='bbox 1176 1601 1177 1606; x_wconf 66' lang='lat'><em>=</em></span> 
     </span>
    </p>
   </div>
   <div class='ocr_carea' id='block_1_15' title="bbox 417 1638 1160 1887">
    <p class='ocr_par' dir='ltr' id='par_1_15' title="bbox 417 1638 1160 1887">
     <span class='ocr_line' id='line_1_32' title="bbox 417 1638 1159 1683; baseline 0 -11"><span class='ocrx_word' id='word_1_150' title='bbox 417 1639 567 1672; x_wconf 87' lang='lat' dir='ltr'>insertam</span> <span class='ocrx_word' id='word_1_151' title='bbox 591 1638 772 1671; x_wconf 88' lang='lat' dir='ltr'>huiusmodi</span> <span class='ocrx_word' id='word_1_152' title='bbox 804 1638 927 1672; x_wconf 83' lang='lat' dir='ltr'>debitae</span> <span class='ocrx_word' id='word_1_153' title='bbox 958 1639 1159 1683; x_wconf 85' lang='lat' dir='ltr'>exequutioni</span> 
     </span>
     <span class='ocr_line' id='line_1_33' title="bbox 418 1691 1159 1736; baseline 0 -11"><span class='ocrx_word' id='word_1_154' title='bbox 418 1694 465 1735; x_wconf 87' lang='lat' dir='ltr'>(ut</span> <span class='ocrx_word' id='word_1_155' title='bbox 487 1703 545 1736; x_wconf 91' lang='lat' dir='ltr'>par</span> <span class='ocrx_word' id='word_1_156' title='bbox 569 1693 628 1735; x_wconf 86' lang='lat' dir='ltr'>est)</span> <span class='ocrx_word' id='word_1_157' title='bbox 653 1691 835 1725; x_wconf 86' lang='lat' dir='ltr'>demandari</span> <span class='ocrx_word' id='word_1_158' title='bbox 860 1692 1008 1734; x_wconf 90' lang='lat' dir='ltr'>volentes,</span> <span class='ocrx_word' id='word_1_159' title='bbox 1034 1696 1159 1736; x_wconf 85' lang='lat' dir='ltr'>aposto-</span> 
     </span>
     <span class='ocr_line' id='line_1_34' title="bbox 417 1745 1159 1789; baseline 0 -11"><span class='ocrx_word' id='word_1_160' title='bbox 417 1746 476 1779; x_wconf 74' lang='lat' dir='ltr'>liea</span> <span class='ocrx_word' id='word_1_161' title='bbox 501 1745 695 1786; x_wconf 87' lang='lat' dir='ltr'>auctoritate,</span> <span class='ocrx_word' id='word_1_162' title='bbox 720 1750 828 1778; x_wconf 87' lang='lat' dir='ltr'>tenore</span> <span class='ocrx_word' id='word_1_163' title='bbox 853 1745 1075 1789; x_wconf 87' lang='lat' dir='ltr'>praesentium,</span> <span class='ocrx_word' id='word_1_164' title='bbox 1094 1756 1159 1778; x_wconf 91' lang='lat' dir='ltr'>om-</span> 
     </span>
     <span class='ocr_line' id='line_1_35' title="bbox 417 1798 1160 1843; baseline 0 -11"><span class='ocrx_word' id='word_1_165' title='bbox 417 1800 508 1832; x_wconf 88' lang='lat' dir='ltr'>nibus</span> <span class='ocrx_word' id='word_1_166' title='bbox 518 1804 548 1832; x_wconf 86' lang='lat' dir='ltr'>et</span> <span class='ocrx_word' id='word_1_167' title='bbox 564 1799 695 1841; x_wconf 78' lang='lat' dir='ltr'>singulis</span> <span class='ocrx_word' id='word_1_168' title='bbox 706 1798 856 1831; x_wconf 85' lang='lat' dir='ltr'>fratribus</span> <span class='ocrx_word' id='word_1_169' title='bbox 874 1799 1058 1832; x_wconf 85' lang='lat' dir='ltr'>Recollectis</span> <span class='ocrx_word' id='word_1_170' title='bbox 1072 1810 1160 1843; x_wconf 88' lang='lat' dir='ltr'>prae-</span> 
     </span>
     <span class='ocr_line' id='line_1_36' title="bbox 417 1852 1158 1887; baseline -0.001 -1"><span class='ocrx_word' id='word_1_171' title='bbox 417 1853 508 1887; x_wconf 87' lang='lat' dir='ltr'>dietis</span> <span class='ocrx_word' id='word_1_172' title='bbox 537 1852 596 1886; x_wconf 89' lang='lat' dir='ltr'>sub</span> <span class='ocrx_word' id='word_1_173' title='bbox 625 1852 959 1886; x_wconf 80' lang='lat' dir='ltr'>excommunicationis</span> <span class='ocrx_word' id='word_1_174' title='bbox 984 1853 1064 1885; x_wconf 90' lang='lat' dir='ltr'>latae</span> <span class='ocrx_word' id='word_1_175' title='bbox 1089 1863 1158 1885; x_wconf 92' lang='lat' dir='ltr'>scn-</span> 
     </span>
    </p>
   </div>
   <div class='ocr_carea' id='block_1_16' title="bbox 417 1960 1160 2640">
    <p class='ocr_par' dir='ltr' id='par_1_16' title="bbox 417 1960 1160 2640">
     <span class='ocr_line' id='line_1_37' title="bbox 417 1960 1156 2006; baseline -0.004 -11"><span class='ocrx_word' id='word_1_176' title='bbox 417 1967 447 1995; x_wconf 88' lang='lat' dir='ltr'>et</span> <span class='ocrx_word' id='word_1_177' title='bbox 460 1961 613 2006; x_wconf 77' lang='lat' dir='ltr'>passivae,</span> <span class='ocrx_word' id='word_1_178' title='bbox 626 1971 661 1993; x_wconf 89' lang='lat' dir='ltr'>ac</span> <span class='ocrx_word' id='word_1_179' title='bbox 673 1960 766 1993; x_wconf 89' lang='lat' dir='ltr'>etiam</span> <span class='ocrx_word' id='word_1_180' title='bbox 781 1960 1014 2001; x_wconf 70' lang='lat' dir='ltr'>carc-erationis,</span> <span class='ocrx_word' id='word_1_181' title='bbox 1029 1960 1156 1993; x_wconf 89' lang='lat' dir='ltr'>illorum</span> 
     </span>
     <span class='ocr_line' id='line_1_38' title="bbox 418 2014 1159 2060; baseline -0.001 -12"><span class='ocrx_word' id='word_1_182' title='bbox 418 2026 492 2049; x_wconf 85' lang='lat' dir='ltr'>vero</span> <span class='ocrx_word' id='word_1_183' title='bbox 517 2014 735 2060; x_wconf 88' lang='lat' dir='ltr'>superioribus</span> <span class='ocrx_word' id='word_1_184' title='bbox 750 2014 807 2047; x_wconf 87' lang='lat' dir='ltr'>sub</span> <span class='ocrx_word' id='word_1_185' title='bbox 832 2014 1018 2057; x_wconf 86' lang='lat' dir='ltr'>privationis</span> <span class='ocrx_word' id='word_1_186' title='bbox 1043 2014 1159 2047; x_wconf 84' lang='lat' dir='ltr'>officio-</span> 
     </span>
     <span class='ocr_line' id='line_1_39' title="bbox 418 2068 1157 2114; baseline -0.003 -11"><span class='ocrx_word' id='word_1_187' title='bbox 418 2081 488 2103; x_wconf 87' lang='lat' dir='ltr'>rum</span> <span class='ocrx_word' id='word_1_188' title='bbox 506 2080 563 2114; x_wconf 91' lang='lat' dir='ltr'>per</span> <span class='ocrx_word' id='word_1_189' title='bbox 588 2080 641 2103; x_wconf 88' lang='lat' dir='ltr'>eos</span> <span class='ocrx_word' id='word_1_190' title='bbox 658 2069 869 2110; x_wconf 89' lang='lat' dir='ltr'>obtentorum,</span> <span class='ocrx_word' id='word_1_191' title='bbox 888 2068 1157 2112; x_wconf 85' lang='lat' dir='ltr'>inhabilitatisque</span> 
     </span>
     <span class='ocr_line' id='line_1_40' title="bbox 417 2121 1159 2166; baseline -0.001 -10"><span class='ocrx_word' id='word_1_192' title='bbox 417 2124 455 2156; x_wconf 85' lang='lat' dir='ltr'>ad</span> <span class='ocrx_word' id='word_1_193' title='bbox 472 2124 524 2156; x_wconf 87' lang='lat' dir='ltr'>illa</span> <span class='ocrx_word' id='word_1_194' title='bbox 544 2128 574 2156; x_wconf 88' lang='lat' dir='ltr'>et</span> <span class='ocrx_word' id='word_1_195' title='bbox 589 2122 649 2155; x_wconf 88' lang='lat' dir='ltr'>alia</span> <span class='ocrx_word' id='word_1_196' title='bbox 666 2122 871 2166; x_wconf 80' lang='lat' dir='ltr'>imposterum</span> <span class='ocrx_word' id='word_1_197' title='bbox 890 2121 1069 2163; x_wconf 85' lang='lat' dir='ltr'>obtinenda,</span> <span class='ocrx_word' id='word_1_198' title='bbox 1087 2132 1159 2166; x_wconf 89' lang='lat' dir='ltr'>poe-</span> 
     </span>
     <span class='ocr_line' id='line_1_41' title="bbox 417 2175 1160 2220; baseline -0.003 -10"><span class='ocrx_word' id='word_1_199' title='bbox 417 2177 475 2217; x_wconf 89' lang='lat' dir='ltr'>nis,</span> <span class='ocrx_word' id='word_1_200' title='bbox 487 2176 627 2210; x_wconf 90' lang='lat' dir='ltr'>districte</span> <span class='ocrx_word' id='word_1_201' title='bbox 641 2175 866 2220; x_wconf 82' lang='lat' dir='ltr'>praecipiendo</span> <span class='ocrx_word' id='word_1_202' title='bbox 880 2175 1075 2216; x_wconf 82' lang='lat' dir='ltr'>mandamus,</span> <span class='ocrx_word' id='word_1_203' title='bbox 1088 2186 1160 2219; x_wconf 88' lang='lat' dir='ltr'>qua-</span> 
     </span>
     <span class='ocr_line' id='line_1_42' title="bbox 418 2229 1158 2273; baseline -0.004 -9"><span class='ocrx_word' id='word_1_204' title='bbox 418 2236 508 2265; x_wconf 87' lang='lat' dir='ltr'>tenus</span> <span class='ocrx_word' id='word_1_205' title='bbox 533 2231 646 2263; x_wconf 86' lang='lat' dir='ltr'>sratres</span> <span class='ocrx_word' id='word_1_206' title='bbox 671 2229 811 2263; x_wconf 81' lang='lat' dir='ltr'>videlicet</span> <span class='ocrx_word' id='word_1_207' title='bbox 843 2229 973 2273; x_wconf 78' lang='lat' dir='ltr'>praelati</span> <span class='ocrx_word' id='word_1_208' title='bbox 999 2229 1158 2273; x_wconf 85' lang='lat' dir='ltr'>caputium</span> 
     </span>
     <span class='ocr_line' id='line_1_43' title="bbox 418 2283 1158 2328; baseline -0.001 -12"><span class='ocrx_word' id='word_1_209' title='bbox 418 2285 641 2325; x_wconf 84' lang='lat' dir='ltr'>acuminatum,</span> <span class='ocrx_word' id='word_1_210' title='bbox 658 2283 741 2328; x_wconf 89' lang='lat' dir='ltr'>quod</span> <span class='ocrx_word' id='word_1_211' title='bbox 760 2293 842 2316; x_wconf 89' lang='lat' dir='ltr'>nunc</span> <span class='ocrx_word' id='word_1_212' title='bbox 859 2283 1013 2324; x_wconf 85' lang='lat' dir='ltr'>deserunt,</span> <span class='ocrx_word' id='word_1_213' title='bbox 1031 2283 1158 2316; x_wconf 89' lang='lat' dir='ltr'>omnino</span> 
     </span>
     <span class='ocr_line' id='line_1_44' title="bbox 419 2336 1158 2383; baseline -0.005 -11"><span class='ocrx_word' id='word_1_214' title='bbox 419 2340 595 2383; x_wconf 84' lang='lat' dir='ltr'>deponant,</span> <span class='ocrx_word' id='word_1_215' title='bbox 620 2338 789 2381; x_wconf 86' lang='lat' dir='ltr'>omniaque</span> <span class='ocrx_word' id='word_1_216' title='bbox 814 2342 843 2370; x_wconf 90' lang='lat' dir='ltr'>et</span> <span class='ocrx_word' id='word_1_217' title='bbox 866 2337 998 2380; x_wconf 76' lang='lat' dir='ltr'>singula,</span> <span class='ocrx_word' id='word_1_218' title='bbox 1024 2347 1102 2381; x_wconf 84' lang='lat' dir='ltr'>quae</span> <span class='ocrx_word' id='word_1_219' title='bbox 1127 2336 1158 2369; x_wconf 92' lang='lat' dir='ltr'>in</span> 
     </span>
     <span class='ocr_line' id='line_1_45' title="bbox 419 2390 1158 2435; baseline -0.003 -10"><span class='ocrx_word' id='word_1_220' title='bbox 419 2393 529 2426; x_wconf 90' lang='lat' dir='ltr'>litteris</span> <span class='ocrx_word' id='word_1_221' title='bbox 561 2391 676 2425; x_wconf 87' lang='lat' dir='ltr'>nostris</span> <span class='ocrx_word' id='word_1_222' title='bbox 709 2396 739 2423; x_wconf 90' lang='lat' dir='ltr'>et</span> <span class='ocrx_word' id='word_1_223' title='bbox 771 2391 923 2424; x_wconf 78' lang='lat' dir='ltr'>sententia</span> <span class='ocrx_word' id='word_1_224' title='bbox 954 2390 1158 2435; x_wconf 82' lang='lat' dir='ltr'>praeinsertis</span> 
     </span>
     <span class='ocr_line' id='line_1_46' title="bbox 419 2444 1159 2489; baseline -0.004 -10"><span class='ocrx_word' id='word_1_225' title='bbox 419 2445 598 2479; x_wconf 86' lang='lat' dir='ltr'>huiusmodi</span> <span class='ocrx_word' id='word_1_226' title='bbox 624 2444 819 2485; x_wconf 84' lang='lat' dir='ltr'>ordinantur,</span> <span class='ocrx_word' id='word_1_227' title='bbox 836 2449 983 2489; x_wconf 87' lang='lat' dir='ltr'>prompte</span> <span class='ocrx_word' id='word_1_228' title='bbox 1008 2454 1159 2488; x_wconf 83' lang='lat' dir='ltr'>exequan—</span> 
     </span>
     <span class='ocr_line' id='line_1_47' title="bbox 419 2499 1158 2544; baseline -0.003 -11"><span class='ocrx_word' id='word_1_229' title='bbox 419 2506 470 2533; x_wconf 89' lang='lat' dir='ltr'>tur</span> <span class='ocrx_word' id='word_1_230' title='bbox 494 2506 524 2533; x_wconf 90' lang='lat' dir='ltr'>et</span> <span class='ocrx_word' id='word_1_231' title='bbox 547 2499 748 2544; x_wconf 83' lang='lat' dir='ltr'>adimpleant,</span> <span class='ocrx_word' id='word_1_232' title='bbox 766 2499 944 2543; x_wconf 85' lang='lat' dir='ltr'>superiores</span> <span class='ocrx_word' id='word_1_233' title='bbox 969 2509 1043 2532; x_wconf 84' lang='lat' dir='ltr'>vero</span> <span class='ocrx_word' id='word_1_234' title='bbox 1067 2508 1158 2543; x_wconf 87' lang='lat' dir='ltr'>prae—</span> 
     </span>
     <span class='ocr_line' id='line_1_48' title="bbox 420 2553 1158 2597; baseline -0.003 -11"><span class='ocrx_word' id='word_1_235' title='bbox 420 2553 472 2586; x_wconf 83' lang='lat' dir='ltr'>sati</span> <span class='ocrx_word' id='word_1_236' title='bbox 490 2554 661 2597; x_wconf 88' lang='lat' dir='ltr'>praemissa</span> <span class='ocrx_word' id='word_1_237' title='bbox 686 2553 790 2587; x_wconf 90' lang='lat' dir='ltr'>omnia</span> <span class='ocrx_word' id='word_1_238' title='bbox 815 2553 975 2586; x_wconf 86' lang='lat' dir='ltr'>observari</span> <span class='ocrx_word' id='word_1_239' title='bbox 1000 2557 1109 2586; x_wconf 89' lang='lat' dir='ltr'>curent</span> <span class='ocrx_word' id='word_1_240' title='bbox 1129 2557 1158 2585; x_wconf 87' lang='lat' dir='ltr'>et</span> 
     </span>
     <span class='ocr_line' id='line_1_49' title="bbox 420 2606 1158 2640; baseline -0.001 -1"><span class='ocrx_word' id='word_1_241' title='bbox 420 2606 533 2640; x_wconf 78' lang='lat' dir='ltr'>faciant</span> <span class='ocrx_word' id='word_1_242' title='bbox 557 2607 682 2640; x_wconf 84' lang='lat' dir='ltr'>realiter</span> <span class='ocrx_word' id='word_1_243' title='bbox 700 2612 817 2640; x_wconf 85' lang='lat' dir='ltr'>etcum</span> <span class='ocrx_word' id='word_1_244' title='bbox 839 2606 959 2640; x_wconf 78' lang='lat' dir='ltr'>effectu.</span> <span class='ocrx_word' id='word_1_245' title='bbox 986 2606 1158 2639; x_wconf 87' lang='lat' dir='ltr'>Decernen-</span> 
     </span>
    </p>
   </div>
   <div class='ocr_carea' id='block_1_17' title="bbox 1002 196 1357 222">
    <p class='ocr_par' dir='ltr' id='par_1_17' title="bbox 1002 196 1357 222">
     <span class='ocr_line' id='line_1_50' title="bbox 1002 196 1357 222; baseline 0.006 -2"><span class='ocrx_word' id='word_1_246' title='bbox 1002 196 1178 221; x_wconf 75' lang='lat' dir='ltr'>BULLARIUM</span> <span class='ocrx_word' id='word_1_247' title='bbox 1203 197 1357 222; x_wconf 72' lang='lat' dir='ltr'><strong>ROMANUM</strong></span> 
     </span>
    </p>
   </div>
   <div class='ocr_carea' id='block_1_18' title="bbox 1175 246 1178 2539">
    <p class='ocr_par' dir='ltr' id='par_1_18' title="bbox 1175 246 1178 2539">
     <span class='ocr_line' id='line_1_51' title="bbox 1175 246 1178 2539; baseline 0 0"><span class='ocrx_word' id='word_1_248' title='bbox 1175 246 1178 2539; x_wconf 95' lang='lat' dir='ltr'> </span> 
     </span>
    </p>
   </div>
   <div class='ocr_carea' id='block_1_19' title="bbox 1191 197 2129 612">
    <p class='ocr_par' dir='ltr' id='par_1_19' title="bbox 1191 197 2129 612">
     <span class='ocr_line' id='line_1_52' title="bbox 1945 197 2126 228; baseline 0.017 -3"><span class='ocrx_word' id='word_1_249' title='bbox 1945 197 1996 227; x_wconf 83' lang='lat' dir='ltr'>An.</span> <span class='ocrx_word' id='word_1_250' title='bbox 2008 198 2036 227; x_wconf 89' lang='lat' dir='ltr'>C.</span> <span class='ocrx_word' id='word_1_251' title='bbox 2059 198 2126 228; x_wconf 73' lang='lat'><strong>1632</strong></span> 
     </span>
     <span class='ocr_line' id='line_1_53' title="bbox 1191 245 1929 292; baseline 0.003 -14"><span class='ocrx_word' id='word_1_252' title='bbox 1191 249 1236 279; x_wconf 86' lang='lat' dir='ltr'>tes</span> <span class='ocrx_word' id='word_1_253' title='bbox 1256 245 1460 279; x_wconf 85' lang='lat' dir='ltr'>nihilominus</span> <span class='ocrx_word' id='word_1_254' title='bbox 1484 245 1609 280; x_wconf 85' lang='lat' dir='ltr'>irritum</span> <span class='ocrx_word' id='word_1_255' title='bbox 1634 252 1664 280; x_wconf 88' lang='lat' dir='ltr'>et</span> <span class='ocrx_word' id='word_1_256' title='bbox 1687 248 1789 291; x_wconf 86' lang='lat' dir='ltr'>inane,</span> <span class='ocrx_word' id='word_1_257' title='bbox 1807 247 1832 284; x_wconf 90' lang='lat' dir='ltr'>si</span> <span class='ocrx_word' id='word_1_258' title='bbox 1854 246 1929 292; x_wconf 85' lang='lat' dir='ltr'>quid</span> 
     </span>
     <span class='ocr_line' id='line_1_54' title="bbox 1192 299 1931 345; baseline 0.005 -14"><span class='ocrx_word' id='word_1_259' title='bbox 1192 309 1281 332; x_wconf 88' lang='lat' dir='ltr'>secus</span> <span class='ocrx_word' id='word_1_260' title='bbox 1305 309 1400 343; x_wconf 90' lang='lat' dir='ltr'>super</span> <span class='ocrx_word' id='word_1_261' title='bbox 1416 299 1466 332; x_wconf 90' lang='lat' dir='ltr'>his</span> <span class='ocrx_word' id='word_1_262' title='bbox 1483 310 1500 332; x_wconf 89' lang='lat' dir='ltr'>a</span> <span class='ocrx_word' id='word_1_263' title='bbox 1517 310 1684 345; x_wconf 87' lang='lat' dir='ltr'>quoquam,</span> <span class='ocrx_word' id='word_1_264' title='bbox 1702 301 1811 345; x_wconf 84' lang='lat' dir='ltr'>quavis</span> <span class='ocrx_word' id='word_1_265' title='bbox 1827 305 1931 336; x_wconf 80' lang='lat' dir='ltr'>aucto-</span> 
     </span>
     <span class='ocr_line' id='line_1_55' title="bbox 1191 352 1927 398; baseline 0.005 -14"><span class='ocrx_word' id='word_1_266' title='bbox 1191 352 1292 393; x_wconf 90' lang='lat' dir='ltr'>ritate,</span> <span class='ocrx_word' id='word_1_267' title='bbox 1316 352 1450 385; x_wconf 87' lang='lat' dir='ltr'>scienter</span> <span class='ocrx_word' id='word_1_268' title='bbox 1474 353 1522 386; x_wconf 88' lang='lat' dir='ltr'>vel</span> <span class='ocrx_word' id='word_1_269' title='bbox 1547 353 1738 396; x_wconf 82' lang='lat' dir='ltr'>ignoranter,</span> <span class='ocrx_word' id='word_1_270' title='bbox 1763 354 1927 398; x_wconf 79' lang='lat' dir='ltr'>contigerit</span> 
     </span>
     <span class='ocr_line' id='line_1_56' title="bbox 1191 406 2030 443; baseline 0 -5"><span class='ocrx_word' id='word_1_271' title='bbox 1191 406 1346 439; x_wconf 87' lang='lat' dir='ltr'>attentari.</span> <span class='ocrx_word' id='word_1_272' title='bbox 2025 438 2030 443; x_wconf 83' lang='grc'>,</span> 
     </span>
     <span class='ocr_line' id='line_1_57' title="bbox 1236 458 2129 504; baseline 0.003 -13"><span class='ocrx_word' id='word_1_273' title='bbox 1236 459 1293 503; x_wconf 59' lang='lat' dir='ltr'>gli.</span> <span class='ocrx_word' id='word_1_274' title='bbox 1307 459 1376 492; x_wconf 87' lang='lat' dir='ltr'>Non</span> <span class='ocrx_word' id='word_1_275' title='bbox 1390 458 1586 492; x_wconf 88' lang='lat' dir='ltr'>obstantibus</span> <span class='ocrx_word' id='word_1_276' title='bbox 1603 459 1750 493; x_wconf 90' lang='lat' dir='ltr'>omnibus</span> <span class='ocrx_word' id='word_1_277' title='bbox 1766 459 1836 501; x_wconf 89' lang='lat' dir='ltr'>illis,</span> <span class='ocrx_word' id='word_1_278' title='bbox 1850 471 1930 504; x_wconf 85' lang='lat' dir='ltr'>quae</span> <span class='ocrx_word' id='word_1_279' title='bbox 1971 472 2081 494; x_wconf 71' lang='lat' dir='ltr'>Contraria</span> <span class='ocrx_word' id='word_1_280' title='bbox 2096 478 2129 494; x_wconf 70' lang='lat' dir='ltr'>re·</span> 
     </span>
     <span class='ocr_line' id='line_1_58' title="bbox 1192 501 2022 558; baseline 0.002 -13"><span class='ocrx_word' id='word_1_281' title='bbox 1192 513 1223 545; x_wconf 91' lang='lat' dir='ltr'>in</span> <span class='ocrx_word' id='word_1_282' title='bbox 1245 512 1449 556; x_wconf 87' lang='lat' dir='ltr'>praeinsertis</span> <span class='ocrx_word' id='word_1_283' title='bbox 1465 513 1575 547; x_wconf 90' lang='lat' dir='ltr'>litteris</span> <span class='ocrx_word' id='word_1_284' title='bbox 1591 513 1759 558; x_wconf 87' lang='lat' dir='ltr'>praedictis</span> <span class='ocrx_word' id='word_1_285' title='bbox 1775 513 1931 547; x_wconf 90' lang='lat' dir='ltr'>voluimus</span> <span class='ocrx_word' id='word_1_286' title='bbox 1945 501 2022 520; x_wconf 37' lang='lat' dir='ltr'>mm&amp;</span> 
     </span>
     <span class='ocr_line' id='line_1_59' title="bbox 1192 566 1932 612; baseline 0.001 -13"><span class='ocrx_word' id='word_1_287' title='bbox 1192 576 1254 599; x_wconf 92' lang='lat' dir='ltr'>non</span> <span class='ocrx_word' id='word_1_288' title='bbox 1279 566 1414 607; x_wconf 85' lang='lat' dir='ltr'>obstare,</span> <span class='ocrx_word' id='word_1_289' title='bbox 1432 567 1607 612; x_wconf 87' lang='lat' dir='ltr'>ceterisque</span> <span class='ocrx_word' id='word_1_290' title='bbox 1623 567 1789 601; x_wconf 84' lang='lat' dir='ltr'>contrariis</span> <span class='ocrx_word' id='word_1_291' title='bbox 1806 567 1932 611; x_wconf 84' lang='lat' dir='ltr'>quibus-</span> 
     </span>
    </p>
   </div>
   <div class='ocr_carea' id='block_1_20' title="bbox 418 631 1337 715">
    <p class='ocr_par' dir='ltr' id='par_1_20' title="bbox 418 631 1337 715">
     <span class='ocr_line' id='line_1_60' title="bbox 1175 631 1337 664; baseline -0.006 -10"><span class='ocrx_word' id='word_1_292' title='bbox 1175 650 1176 653; x_wconf 61' lang='lat'>,</span> <span class='ocrx_word' id='word_1_293' title='bbox 1193 631 1337 664; x_wconf 89' lang='lat' dir='ltr'>cumque.</span> 
     </span>
     <span class='ocr_line' id='line_1_61' title="bbox 418 671 1176 715; baseline 0.001 -11"><span class='ocrx_word' id='word_1_294' title='bbox 418 671 626 715; x_wconf 77' lang='lat' dir='ltr'>signavimus:</span> <span class='ocrx_word' id='word_1_295' title='bbox 648 672 732 705; x_wconf 75' lang='lat' dir='ltr'>salva</span> <span class='ocrx_word' id='word_1_296' title='bbox 752 677 854 705; x_wconf 89' lang='lat' dir='ltr'>tamen</span> <span class='ocrx_word' id='word_1_297' title='bbox 875 672 1020 705; x_wconf 83' lang='lat' dir='ltr'>facultate</span> <span class='ocrx_word' id='word_1_298' title='bbox 1040 672 1176 715; x_wconf 82' lang='lat' dir='ltr'>dictum¹</span> 
     </span>
    </p>
   </div>
   <div class='ocr_carea' id='block_1_21' title="bbox 1192 673 1931 824">
    <p class='ocr_par' dir='ltr' id='par_1_21' title="bbox 1192 673 1931 824">
     <span class='ocr_line' id='line_1_62' title="bbox 1236 673 1930 718; baseline 0.004 -12"><span class='ocrx_word' id='word_1_299' title='bbox 1236 674 1347 706; x_wconf 90' lang='lat' dir='ltr'>Datum</span> <span class='ocrx_word' id='word_1_300' title='bbox 1360 673 1488 714; x_wconf 84' lang='lat' dir='ltr'>Romae,</span> <span class='ocrx_word' id='word_1_301' title='bbox 1498 674 1582 718; x_wconf 89' lang='lat' dir='ltr'>apud</span> <span class='ocrx_word' id='word_1_302' title='bbox 1595 674 1624 708; x_wconf 83' lang='lat' dir='ltr'>S.</span> <span class='ocrx_word' id='word_1_303' title='bbox 1634 674 1762 708; x_wconf 85' lang='lat' dir='ltr'>Mariam</span> <span class='ocrx_word' id='word_1_304' title='bbox 1770 675 1930 715; x_wconf 76' lang='lat' dir='ltr'>Maiorem,</span> 
     </span>
     <span class='ocr_line' id='line_1_63' title="bbox 1192 727 1931 770; baseline 0.004 -11"><span class='ocrx_word' id='word_1_305' title='bbox 1192 727 1249 759; x_wconf 82' lang='lat' dir='ltr'>sub</span> <span class='ocrx_word' id='word_1_306' title='bbox 1275 727 1390 760; x_wconf 91' lang='lat' dir='ltr'>annulo</span> <span class='ocrx_word' id='word_1_307' title='bbox 1423 727 1609 770; x_wconf 87' lang='lat' dir='ltr'>Piscatoris,</span> <span class='ocrx_word' id='word_1_308' title='bbox 1641 727 1691 761; x_wconf 88' lang='lat' dir='ltr'>die</span> <span class='ocrx_word' id='word_1_309' title='bbox 1720 728 1832 762; x_wconf 76' lang='lat' dir='ltr'>ultima</span> <span class='ocrx_word' id='word_1_310' title='bbox 1866 729 1931 762; x_wconf 92' lang='lat' dir='ltr'>iulii</span> 
     </span>
     <span class='ocr_line' id='line_1_64' title="bbox 1192 780 1865 824; baseline 0.001 -11"><span class='ocrx_word' id='word_1_311' title='bbox 1192 790 1355 821; x_wconf 77' lang='lat' dir='ltr'>unexxxn,</span> <span class='ocrx_word' id='word_1_312' title='bbox 1379 780 1579 824; x_wconf 85' lang='lat' dir='ltr'>pontificatus</span> <span class='ocrx_word' id='word_1_313' title='bbox 1602 781 1702 814; x_wconf 88' lang='lat' dir='ltr'>nostri</span> <span class='ocrx_word' id='word_1_314' title='bbox 1726 791 1808 816; x_wconf 84' lang='lat' dir='ltr'>anno</span> <span class='ocrx_word' id='word_1_315' title='bbox 1825 792 1865 817; x_wconf 82' lang='lat' dir='ltr'>rx.</span> 
     </span>
    </p>
   </div>
   <div class='ocr_carea' id='block_1_22' title="bbox 1228 844 1812 880">
    <p class='ocr_par' dir='ltr' id='par_1_22' title="bbox 1228 844 1812 880">
     <span class='ocr_line' id='line_1_65' title="bbox 1228 844 1812 880; baseline 0 -8"><span class='ocrx_word' id='word_1_316' title='bbox 1228 845 1288 872; x_wconf 87' lang='lat' dir='ltr'>Dat.</span> <span class='ocrx_word' id='word_1_317' title='bbox 1305 844 1348 872; x_wconf 89' lang='lat' dir='ltr'>die</span> <span class='ocrx_word' id='word_1_318' title='bbox 1363 845 1393 873; x_wconf 79' lang='lat'>31</span> <span class='ocrx_word' id='word_1_319' title='bbox 1411 845 1469 872; x_wconf 87' lang='lat' dir='ltr'>iulii</span> <span class='ocrx_word' id='word_1_320' title='bbox 1483 845 1563 879; x_wconf 74' lang='lat'>1632,</span> <span class='ocrx_word' id='word_1_321' title='bbox 1579 845 1677 880; x_wconf 82' lang='lat' dir='ltr'>pontif.</span> <span class='ocrx_word' id='word_1_322' title='bbox 1694 853 1763 874; x_wconf 85' lang='lat' dir='ltr'>anno</span> <span class='ocrx_word' id='word_1_323' title='bbox 1777 852 1812 873; x_wconf 85' lang='lat' dir='ltr'>tx.</span> 
     </span>
    </p>
   </div>
   <div class='ocr_carea' id='block_1_23' title="bbox 1462 912 1659 916">
    <p class='ocr_par' dir='ltr' id='par_1_23' title="bbox 1462 912 1659 916">
     <span class='ocr_line' id='line_1_66' title="bbox 1462 912 1659 916; baseline 0 0"><span class='ocrx_word' id='word_1_324' title='bbox 1462 912 1659 916; x_wconf 95' lang='lat' dir='ltr'> </span> 
     </span>
    </p>
   </div>
   <div class='ocr_carea' id='block_1_24' title="bbox 1486 961 1634 995">
    <p class='ocr_par' dir='ltr' id='par_1_24' title="bbox 1486 961 1634 995">
     <span class='ocr_line' id='line_1_67' title="bbox 1486 961 1634 995; baseline -0.007 0"><span class='ocrx_word' id='word_1_325' title='bbox 1486 961 1634 995; x_wconf 90' lang='lat' dir='ltr'>CDXLIII.</span> 
     </span>
    </p>
   </div>
   <div class='ocr_carea' id='block_1_25' title="bbox 1192 1032 1931 1185">
    <p class='ocr_par' dir='ltr' id='par_1_25' title="bbox 1192 1032 1931 1185">
     <span class='ocr_line' id='line_1_68' title="bbox 1192 1032 1931 1068; baseline 0.004 -3"><span class='ocrx_word' id='word_1_326' title='bbox 1192 1032 1359 1066; x_wconf 79' lang='lat' dir='ltr'>Decimam</span> <span class='ocrx_word' id='word_1_327' title='bbox 1383 1037 1605 1067; x_wconf 70' lang='lat' dir='ltr'>sexcentorum</span> <span class='ocrx_word' id='word_1_328' title='bbox 1628 1033 1776 1067; x_wconf 72' lang='lat' dir='ltr'>millium</span> <span class='ocrx_word' id='word_1_329' title='bbox 1800 1033 1931 1068; x_wconf 79' lang='lat' dir='ltr'>ducato-</span> 
     </span>
     <span class='ocr_line' id='line_1_69' title="bbox 1235 1087 1929 1130; baseline 0.004 -12"><span class='ocrx_word' id='word_1_330' title='bbox 1235 1097 1310 1119; x_wconf 80' lang='lat' dir='ltr'>rum</span> <span class='ocrx_word' id='word_1_331' title='bbox 1324 1114 1332 1128; x_wconf 89' lang='lat'><em>‚</em></span> <span class='ocrx_word' id='word_1_332' title='bbox 1357 1098 1458 1130; x_wconf 76' lang='lat' dir='ltr'>quam</span> <span class='ocrx_word' id='word_1_333' title='bbox 1481 1087 1552 1130; x_wconf 69' lang='lat' dir='ltr'>reyi</span> <span class='ocrx_word' id='word_1_334' title='bbox 1576 1087 1734 1121; x_wconf 80' lang='lat' dir='ltr'>catholico</span> <span class='ocrx_word' id='word_1_335' title='bbox 1758 1088 1929 1129; x_wconf 81' lang='lat' dir='ltr'>concessit,</span> 
     </span>
     <span class='ocr_line' id='line_1_70' title="bbox 1234 1140 1863 1185; baseline 0.008 -14"><span class='ocrx_word' id='word_1_336' title='bbox 1234 1150 1292 1183; x_wconf 77' lang='lat' dir='ltr'>per</span> <span class='ocrx_word' id='word_1_337' title='bbox 1316 1140 1421 1183; x_wconf 70' lang='lat' dir='ltr'>ipsum</span> <span class='ocrx_word' id='word_1_338' title='bbox 1445 1140 1567 1173; x_wconf 80' lang='lat' dir='ltr'>clerum</span> <span class='ocrx_word' id='word_1_339' title='bbox 1591 1141 1680 1185; x_wconf 71' lang='lat' dir='ltr'>ext&#39;yi</span> <span class='ocrx_word' id='word_1_340' title='bbox 1702 1140 1863 1176; x_wconf 65' lang='lat' dir='ltr'>mandat&#39;v</span> 
     </span>
    </p>
   </div>
   <div class='ocr_carea' id='block_1_26' title="bbox 1335 1211 1791 1285">
    <p class='ocr_par' dir='ltr' id='par_1_26' title="bbox 1335 1211 1791 1285">
     <span class='ocr_line' id='line_1_71' title="bbox 1405 1211 1728 1246; baseline 0.003 -8"><span class='ocrx_word' id='word_1_341' title='bbox 1405 1211 1541 1239; x_wconf 74' lang='lat' dir='ltr'>urbanus</span> <span class='ocrx_word' id='word_1_342' title='bbox 1557 1213 1636 1246; x_wconf 84' lang='lat' dir='ltr'>Papa</span> <span class='ocrx_word' id='word_1_343' title='bbox 1650 1212 1728 1244; x_wconf 87' lang='lat' dir='ltr'>VIII,</span> 
     </span>
     <span class='ocr_line' id='line_1_72' title="bbox 1335 1256 1791 1285; baseline 0.002 -3"><span class='ocrx_word' id='word_1_344' title='bbox 1335 1257 1370 1282; x_wconf 85' lang='lat' dir='ltr'>ad</span> <span class='ocrx_word' id='word_1_345' title='bbox 1397 1256 1529 1284; x_wconf 83' lang='lat' dir='ltr'>futuram</span> <span class='ocrx_word' id='word_1_346' title='bbox 1548 1258 1593 1284; x_wconf 85' lang='lat' dir='ltr'>rei</span> <span class='ocrx_word' id='word_1_347' title='bbox 1613 1257 1791 1285; x_wconf 78' lang='lat' dir='ltr'>memoriam.</span> 
     </span>
    </p>
   </div>
   <div class='ocr_carea' id='block_1_27' title="bbox 1192 1316 2132 1844">
    <p class='ocr_par' dir='ltr' id='par_1_27' title="bbox 1193 1316 1934 1629">
     <span class='ocr_line' id='line_1_73' title="bbox 1237 1316 1931 1352; baseline 0.004 -3"><span class='ocrx_word' id='word_1_348' title='bbox 1237 1316 1331 1350; x_wconf 86' lang='lat' dir='ltr'>Decet</span> <span class='ocrx_word' id='word_1_349' title='bbox 1354 1317 1529 1350; x_wconf 86' lang='lat' dir='ltr'>Romanum</span> <span class='ocrx_word' id='word_1_350' title='bbox 1554 1318 1737 1352; x_wconf 84' lang='lat' dir='ltr'>Pontificem</span> <span class='ocrx_word' id='word_1_351' title='bbox 1766 1318 1805 1352; x_wconf 91' lang='lat' dir='ltr'>ad</span> <span class='ocrx_word' id='word_1_352' title='bbox 1830 1329 1865 1352; x_wconf 91' lang='lat' dir='ltr'>ea</span> <span class='ocrx_word' id='word_1_353' title='bbox 1889 1319 1931 1352; x_wconf 90' lang='lat' dir='ltr'>li-</span> 
     </span>
     <span class='ocr_line' id='line_1_74' title="bbox 1193 1370 1934 1416; baseline 0.005 -14"><span class='ocrx_word' id='word_1_354' title='bbox 1193 1370 1305 1403; x_wconf 88' lang='lat' dir='ltr'>benter</span> <span class='ocrx_word' id='word_1_355' title='bbox 1329 1370 1500 1413; x_wconf 87' lang='lat' dir='ltr'>intendere,</span> <span class='ocrx_word' id='word_1_356' title='bbox 1517 1382 1575 1415; x_wconf 84' lang='lat' dir='ltr'>per</span> <span class='ocrx_word' id='word_1_357' title='bbox 1598 1382 1678 1416; x_wconf 90' lang='lat' dir='ltr'>quae</span> <span class='ocrx_word' id='word_1_358' title='bbox 1703 1372 1822 1415; x_wconf 86' lang='lat' dir='ltr'>gratiae</span> <span class='ocrx_word' id='word_1_359' title='bbox 1840 1372 1879 1405; x_wconf 85' lang='lat' dir='ltr'>ab</span> <span class='ocrx_word' id='word_1_360' title='bbox 1896 1383 1934 1407; x_wconf 90' lang='lat' dir='ltr'>eo</span> 
     </span>
     <span class='ocr_line' id='line_1_75' title="bbox 1193 1426 1934 1468; baseline 0.003 -11"><span class='ocrx_word' id='word_1_361' title='bbox 1193 1435 1251 1468; x_wconf 89' lang='lat' dir='ltr'>pro</span> <span class='ocrx_word' id='word_1_362' title='bbox 1276 1429 1419 1468; x_wconf 88' lang='lat' dir='ltr'>tempore</span> <span class='ocrx_word' id='word_1_363' title='bbox 1443 1429 1603 1459; x_wconf 89' lang='lat' dir='ltr'>emanatae</span> <span class='ocrx_word' id='word_1_364' title='bbox 1619 1435 1683 1459; x_wconf 89' lang='lat' dir='ltr'>non</span> <span class='ocrx_word' id='word_1_365' title='bbox 1707 1426 1809 1459; x_wconf 91' lang='lat' dir='ltr'>solum</span> <span class='ocrx_word' id='word_1_366' title='bbox 1830 1437 1934 1467; x_wconf 90' lang='lat' dir='ltr'>suum,</span> 
     </span>
     <span class='ocr_line' id='line_1_76' title="bbox 1193 1478 1933 1522; baseline 0.004 -12"><span class='ocrx_word' id='word_1_367' title='bbox 1193 1483 1227 1510; x_wconf 90' lang='lat' dir='ltr'>ut</span> <span class='ocrx_word' id='word_1_368' title='bbox 1239 1482 1359 1522; x_wconf 87' lang='lat' dir='ltr'>parest,</span> <span class='ocrx_word' id='word_1_369' title='bbox 1368 1478 1539 1512; x_wconf 90' lang='lat' dir='ltr'>sortiantur</span> <span class='ocrx_word' id='word_1_370' title='bbox 1552 1478 1709 1520; x_wconf 81' lang='lat' dir='ltr'>effectum,</span> <span class='ocrx_word' id='word_1_371' title='bbox 1719 1490 1828 1513; x_wconf 86' lang='lat' dir='ltr'>verum</span> <span class='ocrx_word' id='word_1_372' title='bbox 1840 1480 1933 1513; x_wconf 91' lang='lat' dir='ltr'>etiarn</span> 
     </span>
     <span class='ocr_line' id='line_1_77' title="bbox 1193 1531 1932 1578; baseline 0.004 -15"><span class='ocrx_word' id='word_1_373' title='bbox 1193 1537 1227 1564; x_wconf 90' lang='lat' dir='ltr'>ut</span> <span class='ocrx_word' id='word_1_374' title='bbox 1247 1531 1277 1564; x_wconf 87' lang='lat' dir='ltr'>id</span> <span class='ocrx_word' id='word_1_375' title='bbox 1295 1531 1348 1566; x_wconf 84' lang='lat' dir='ltr'>siat</span> <span class='ocrx_word' id='word_1_376' title='bbox 1366 1542 1437 1565; x_wconf 89' lang='lat' dir='ltr'>cum</span> <span class='ocrx_word' id='word_1_377' title='bbox 1455 1532 1571 1566; x_wconf 88' lang='lat' dir='ltr'>minori</span> <span class='ocrx_word' id='word_1_378' title='bbox 1588 1532 1762 1577; x_wconf 86' lang='lat' dir='ltr'>dispendio,</span> <span class='ocrx_word' id='word_1_379' title='bbox 1780 1538 1932 1578; x_wconf 88' lang='lat' dir='ltr'>quantum</span> 
     </span>
     <span class='ocr_line' id='line_1_78' title="bbox 1193 1584 1617 1629; baseline 0.002 -12"><span class='ocrx_word' id='word_1_380' title='bbox 1193 1584 1261 1618; x_wconf 83' lang='lat' dir='ltr'>fieri</span> <span class='ocrx_word' id='word_1_381' title='bbox 1278 1585 1386 1629; x_wconf 92' lang='lat' dir='ltr'>possit,</span> <span class='ocrx_word' id='word_1_382' title='bbox 1403 1585 1617 1629; x_wconf 87' lang='lat' dir='ltr'>provideatur.</span> 
     </span>
    </p>

    <p class='ocr_par' dir='ltr' id='par_1_28' title="bbox 1192 1638 2132 1844">
     <span class='ocr_line' id='line_1_79' title="bbox 1237 1638 2132 1683; baseline 0.006 -13"><span class='ocrx_word' id='word_1_383' title='bbox 1237 1639 1252 1682; x_wconf 63' lang='lat' dir='ltr'>g</span> <span class='ocrx_word' id='word_1_384' title='bbox 1277 1638 1306 1671; x_wconf 71' lang='grc'>’1.</span> <span class='ocrx_word' id='word_1_385' title='bbox 1331 1638 1414 1671; x_wconf 78' lang='lat' dir='ltr'>Alias</span> <span class='ocrx_word' id='word_1_386' title='bbox 1438 1639 1594 1683; x_wconf 87' lang='lat' dir='ltr'>siquidem</span> <span class='ocrx_word' id='word_1_387' title='bbox 1612 1638 1685 1673; x_wconf 69' lang='lat' dir='ltr'>n0s²</span> <span class='ocrx_word' id='word_1_388' title='bbox 1701 1639 1734 1673; x_wconf 90' lang='lat' dir='ltr'>in</span> <span class='ocrx_word' id='word_1_389' title='bbox 1757 1640 1933 1674; x_wconf 90' lang='lat' dir='ltr'>subventio·</span> <span class='ocrx_word' id='word_1_390' title='bbox 1990 1675 1993 1679; x_wconf 75' lang='grc'><em>,</em></span> <span class='ocrx_word' id='word_1_391' title='bbox 2027 1650 2132 1670; x_wconf 66' lang='lat' dir='ltr'>accenset</span> 
     </span>
     <span class='ocr_line' id='line_1_80' title="bbox 1192 1675 2132 1728; baseline 0.004 -4"><span class='ocrx_word' id='word_1_392' title='bbox 1192 1702 1263 1724; x_wconf 72' lang='lat' dir='ltr'>nom</span> <span class='ocrx_word' id='word_1_393' title='bbox 1282 1691 1459 1725; x_wconf 70' lang='lat' dir='ltr'>charissimi</span> <span class='ocrx_word' id='word_1_394' title='bbox 1476 1692 1507 1724; x_wconf 75' lang='lat' dir='ltr'>in</span> <span class='ocrx_word' id='word_1_395' title='bbox 1524 1692 1646 1726; x_wconf 72' lang='lat' dir='ltr'>christo</span> <span class='ocrx_word' id='word_1_396' title='bbox 1667 1693 1723 1726; x_wconf 86' lang='lat' dir='ltr'>filii</span> <span class='ocrx_word' id='word_1_397' title='bbox 1747 1694 1847 1727; x_wconf 74' lang='lat' dir='ltr'>nostri</span> <span class='ocrx_word' id='word_1_398' title='bbox 1864 1694 1933 1727; x_wconf 75' lang='lat' dir='ltr'>Phi·</span> <span class='ocrx_word' id='word_1_399' title='bbox 1947 1675 2132 1728; x_wconf 55' lang='grc' dir='ltr'>ῗέἕέἳὲιῗέεὲἓῑῖἓ</span> 
     </span>
     <span class='ocr_line' id='line_1_81' title="bbox 1193 1729 2131 1789; baseline 0.005 -12"><span class='ocrx_word' id='word_1_400' title='bbox 1193 1745 1268 1789; x_wconf 88' lang='lat' dir='ltr'>lippi</span> <span class='ocrx_word' id='word_1_401' title='bbox 1280 1744 1596 1789; x_wconf 74' lang='lat' dir='ltr'>llispaniarum&#39;regis</span> <span class='ocrx_word' id='word_1_402' title='bbox 1607 1746 1752 1780; x_wconf 86' lang='lat' dir='ltr'>catholici</span> <span class='ocrx_word' id='word_1_403' title='bbox 1762 1747 1932 1782; x_wconf 84' lang='lat' dir='ltr'>indiximus</span> <span class='ocrx_word' id='word_1_404' title='bbox 1947 1730 2003 1777; x_wconf 46' lang='lat' dir='ltr'>cdlffli</span> <span class='ocrx_word' id='word_1_405' title='bbox 2011 1729 2131 1756; x_wconf 51' lang='lat' dir='ltr'><strong>‘mmm&#39;</strong></span> 
     </span>
     <span class='ocr_line' id='line_1_82' title="bbox 1193 1799 1933 1844; baseline 0.004 -13"><span class='ocrx_word' id='word_1_406' title='bbox 1193 1804 1222 1832; x_wconf 92' lang='lat' dir='ltr'>et</span> <span class='ocrx_word' id='word_1_407' title='bbox 1234 1799 1443 1843; x_wconf 88' lang='lat' dir='ltr'>imposuimus</span> <span class='ocrx_word' id='word_1_408' title='bbox 1456 1810 1551 1832; x_wconf 88' lang='lat' dir='ltr'>unam</span> <span class='ocrx_word' id='word_1_409' title='bbox 1568 1800 1664 1833; x_wconf 88' lang='lat' dir='ltr'>semel</span> <span class='ocrx_word' id='word_1_410' title='bbox 1681 1804 1711 1832; x_wconf 93' lang='lat' dir='ltr'>et</span> <span class='ocrx_word' id='word_1_411' title='bbox 1728 1800 1759 1832; x_wconf 90' lang='lat' dir='ltr'>in</span> <span class='ocrx_word' id='word_1_412' title='bbox 1774 1801 1933 1844; x_wconf 85' lang='lat' dir='ltr'>praesenti</span> 
     </span>
    </p>
   </div>
   <div class='ocr_carea' id='block_1_28' title="bbox 1974 1329 2096 1352">
    <p class='ocr_par' dir='ltr' id='par_1_29' title="bbox 1974 1329 2096 1352">
     <span class='ocr_line' id='line_1_83' title="bbox 1974 1329 2096 1352; baseline 0.008 -1"><span class='ocrx_word' id='word_1_413' title='bbox 1974 1329 2096 1352; x_wconf 79' lang='lat' dir='ltr'>Exordium.</span> 
     </span>
    </p>
   </div>
   <div class='ocr_carea' id='block_1_29' title="bbox 418 1852 1933 2047">
    <p class='ocr_par' dir='ltr' id='par_1_30' title="bbox 418 1852 1933 2047">
     <span class='ocr_line' id='line_1_84' title="bbox 1175 1852 1933 1907; baseline 0.007 -23"><span class='ocrx_word' id='word_1_414' title='bbox 1175 1895 1176 1907; x_wconf 15' lang='grc' dir='ltr'>ἵ</span> <span class='ocrx_word' id='word_1_415' title='bbox 1193 1863 1273 1885; x_wconf 89' lang='lat' dir='ltr'>anuo</span> <span class='ocrx_word' id='word_1_416' title='bbox 1298 1853 1537 1896; x_wconf 84' lang='lat' dir='ltr'>persolvendam</span> <span class='ocrx_word' id='word_1_417' title='bbox 1562 1852 1728 1894; x_wconf 88' lang='lat' dir='ltr'>decimam,</span> <span class='ocrx_word' id='word_1_418' title='bbox 1746 1864 1826 1898; x_wconf 87' lang='lat' dir='ltr'>quae</span> <span class='ocrx_word' id='word_1_419' title='bbox 1842 1854 1873 1887; x_wconf 92' lang='lat' dir='ltr'>in</span> <span class='ocrx_word' id='word_1_420' title='bbox 1890 1859 1933 1889; x_wconf 91' lang='lat' dir='ltr'>to-</span> 
     </span>
     <span class='ocr_line' id='line_1_85' title="bbox 418 1906 1176 1949; baseline -0.003 -8"><span class='ocrx_word' id='word_1_421' title='bbox 418 1907 530 1941; x_wconf 89' lang='lat' dir='ltr'>tentiae</span> <span class='ocrx_word' id='word_1_422' title='bbox 569 1907 658 1947; x_wconf 74' lang='lat' dir='ltr'>cena,</span> <span class='ocrx_word' id='word_1_423' title='bbox 677 1916 712 1939; x_wconf 87' lang='lat' dir='ltr'>ae</span> <span class='ocrx_word' id='word_1_424' title='bbox 728 1906 912 1949; x_wconf 84' lang='lat' dir='ltr'>privationis</span> <span class='ocrx_word' id='word_1_425' title='bbox 939 1907 1023 1939; x_wconf 89' lang='lat' dir='ltr'>vocis</span> <span class='ocrx_word' id='word_1_426' title='bbox 1040 1907 1158 1939; x_wconf 81' lang='lat' dir='ltr'>activae</span> <span class='ocrx_word' id='word_1_427' title='bbox 1175 1911 1176 1944; x_wconf 59' lang='grc' dir='ltr'><strong>ἒ</strong></span> 
     </span>
     <span class='ocr_line' id='line_1_86' title="bbox 546 1918 1933 2003; baseline 0.003 -13"><span class='ocrx_word' id='word_1_428' title='bbox 546 1918 566 1951; x_wconf 77' lang='lat' dir='ltr'>p</span> <span class='ocrx_word' id='word_1_429' title='bbox 1175 1980 1176 1983; x_wconf 60' lang='lat'><em>=</em></span> <span class='ocrx_word' id='word_1_430' title='bbox 1192 1959 1378 1993; x_wconf 86' lang='lat' dir='ltr'>ducatorum</span> <span class='ocrx_word' id='word_1_431' title='bbox 1394 1964 1538 1992; x_wconf 88' lang='lat' dir='ltr'>monetae</span> <span class='ocrx_word' id='word_1_432' title='bbox 1548 1960 1732 2003; x_wconf 86' lang='lat' dir='ltr'>IIispanicae</span> <span class='ocrx_word' id='word_1_433' title='bbox 1742 1960 1933 2002; x_wconf 86' lang='lat' dir='ltr'>ascenderet,</span> 
     </span>
     <span class='ocr_line' id='line_1_87' title="bbox 1175 2012 1933 2047; baseline 0.004 -3"><span class='ocrx_word' id='word_1_434' title='bbox 1175 2012 1277 2046; x_wconf 57' lang='lat' dir='ltr'>‘iuxta</span> <span class='ocrx_word' id='word_1_435' title='bbox 1300 2016 1399 2046; x_wconf 89' lang='lat' dir='ltr'>ratam</span> <span class='ocrx_word' id='word_1_436' title='bbox 1429 2023 1447 2045; x_wconf 91' lang='lat' dir='ltr'>a</span> <span class='ocrx_word' id='word_1_437' title='bbox 1477 2013 1649 2045; x_wconf 89' lang='lat' dir='ltr'>venerabili</span> <span class='ocrx_word' id='word_1_438' title='bbox 1680 2013 1779 2046; x_wconf 80' lang='lat' dir='ltr'>fratre</span> <span class='ocrx_word' id='word_1_439' title='bbox 1802 2014 1933 2047; x_wconf 87' lang='lat' dir='ltr'>Caesare</span> 
     </span>
    </p>
   </div>
   <div class='ocr_carea' id='block_1_30' title="bbox 1193 1906 1934 1941">
    <p class='ocr_par' dir='ltr' id='par_1_31' title="bbox 1193 1906 1934 1941">
     <span class='ocr_line' id='line_1_88' title="bbox 1193 1906 1934 1941; baseline 0.001 -1"><span class='ocrx_word' id='word_1_440' title='bbox 1193 1910 1257 1940; x_wconf 91' lang='lat' dir='ltr'>tum</span> <span class='ocrx_word' id='word_1_441' title='bbox 1291 1906 1329 1938; x_wconf 90' lang='lat' dir='ltr'>ad</span> <span class='ocrx_word' id='word_1_442' title='bbox 1361 1916 1516 1938; x_wconf 88' lang='lat' dir='ltr'>summam</span> <span class='ocrx_word' id='word_1_443' title='bbox 1549 1911 1769 1940; x_wconf 78' lang='lat' dir='ltr'>sexcentorum</span> <span class='ocrx_word' id='word_1_444' title='bbox 1798 1907 1934 1941; x_wconf 88' lang='lat' dir='ltr'>millium</span> 
     </span>
    </p>
   </div>
   <div class='ocr_carea' id='block_1_31' title="bbox 1192 2065 1933 2110">
    <p class='ocr_par' dir='ltr' id='par_1_32' title="bbox 1192 2065 1933 2110">
     <span class='ocr_line' id='line_1_89' title="bbox 1192 2065 1933 2110; baseline 0.004 -13"><span class='ocrx_word' id='word_1_445' title='bbox 1192 2065 1372 2109; x_wconf 84' lang='lat' dir='ltr'>patriarcha</span> <span class='ocrx_word' id='word_1_446' title='bbox 1396 2065 1592 2098; x_wconf 82' lang='lat' dir='ltr'>Antiocheno</span> <span class='ocrx_word' id='word_1_447' title='bbox 1616 2070 1725 2099; x_wconf 88' lang='lat' dir='ltr'>nostro</span> <span class='ocrx_word' id='word_1_448' title='bbox 1749 2071 1779 2098; x_wconf 91' lang='lat' dir='ltr'>et</span> <span class='ocrx_word' id='word_1_449' title='bbox 1803 2067 1933 2110; x_wconf 85' lang='lat' dir='ltr'>Aposto-</span> 
     </span>
    </p>
   </div>
   <div class='ocr_carea' id='block_1_32' title="bbox 1175 2118 1934 2163">
    <p class='ocr_par' dir='ltr' id='par_1_33' title="bbox 1175 2118 1934 2163">
     <span class='ocr_line' id='line_1_90' title="bbox 1175 2118 1934 2163; baseline 0.001 -11"><span class='ocrx_word' id='word_1_450' title='bbox 1175 2126 1177 2137; x_wconf 68' lang='lat'><em>*</em></span> <span class='ocrx_word' id='word_1_451' title='bbox 1193 2120 1321 2152; x_wconf 87' lang='lat' dir='ltr'>stolicae</span> <span class='ocrx_word' id='word_1_452' title='bbox 1339 2118 1426 2152; x_wconf 83' lang='lat' dir='ltr'>Sedis</span> <span class='ocrx_word' id='word_1_453' title='bbox 1444 2119 1475 2151; x_wconf 89' lang='lat' dir='ltr'>in</span> <span class='ocrx_word' id='word_1_454' title='bbox 1491 2118 1598 2161; x_wconf 80' lang='lat' dir='ltr'>regnis</span> <span class='ocrx_word' id='word_1_455' title='bbox 1615 2119 1837 2163; x_wconf 87' lang='lat' dir='ltr'>Hispaniarum</span> <span class='ocrx_word' id='word_1_456' title='bbox 1858 2130 1934 2154; x_wconf 91' lang='lat' dir='ltr'>nun-</span> 
     </span>
    </p>
   </div>
   <div class='ocr_carea' id='block_1_33' title="bbox 1192 2172 1934 2537">
    <p class='ocr_par' dir='ltr' id='par_1_34' title="bbox 1192 2172 1934 2537">
     <span class='ocr_line' id='line_1_91' title="bbox 1193 2172 1932 2215; baseline 0.001 -9"><span class='ocrx_word' id='word_1_457' title='bbox 1193 2173 1241 2206; x_wconf 87' lang='lat' dir='ltr'>cio</span> <span class='ocrx_word' id='word_1_458' title='bbox 1266 2172 1439 2214; x_wconf 85' lang='lat' dir='ltr'>taxandam,</span> <span class='ocrx_word' id='word_1_459' title='bbox 1465 2172 1607 2205; x_wconf 87' lang='lat' dir='ltr'>omnium</span> <span class='ocrx_word' id='word_1_460' title='bbox 1632 2173 1803 2215; x_wconf 83' lang='lat' dir='ltr'>fructuum,</span> <span class='ocrx_word' id='word_1_461' title='bbox 1827 2173 1932 2207; x_wconf 89' lang='lat' dir='ltr'>reddi-</span> 
     </span>
     <span class='ocr_line' id='line_1_92' title="bbox 1195 2226 1932 2269; baseline 0.003 -11"><span class='ocrx_word' id='word_1_462' title='bbox 1195 2232 1292 2266; x_wconf 87' lang='lat' dir='ltr'>tuum,</span> <span class='ocrx_word' id='word_1_463' title='bbox 1309 2230 1531 2269; x_wconf 84' lang='lat' dir='ltr'>proventuum,</span> <span class='ocrx_word' id='word_1_464' title='bbox 1552 2226 1786 2268; x_wconf 90' lang='lat' dir='ltr'>obventionum,</span> <span class='ocrx_word' id='word_1_465' title='bbox 1804 2227 1932 2268; x_wconf 90' lang='lat' dir='ltr'>iurium,</span> 
     </span>
     <span class='ocr_line' id='line_1_93' title="bbox 1193 2280 1933 2326; baseline 0.003 -14"><span class='ocrx_word' id='word_1_466' title='bbox 1193 2280 1488 2321; x_wconf 89' lang='lat' dir='ltr'>emolumentorum,</span> <span class='ocrx_word' id='word_1_467' title='bbox 1508 2289 1542 2312; x_wconf 90' lang='lat' dir='ltr'>ac</span> <span class='ocrx_word' id='word_1_468' title='bbox 1560 2280 1816 2314; x_wconf 86' lang='lat' dir='ltr'>distributionum</span> <span class='ocrx_word' id='word_1_469' title='bbox 1835 2281 1933 2326; x_wconf 85' lang='lat' dir='ltr'>quoti-</span> 
     </span>
     <span class='ocr_line' id='line_1_94' title="bbox 1193 2332 1931 2378; baseline 0.001 -13"><span class='ocrx_word' id='word_1_470' title='bbox 1193 2333 1367 2374; x_wconf 84' lang='lat' dir='ltr'>dianarum,</span> <span class='ocrx_word' id='word_1_471' title='bbox 1386 2332 1527 2366; x_wconf 89' lang='lat' dir='ltr'>omnium</span> <span class='ocrx_word' id='word_1_472' title='bbox 1545 2333 1751 2366; x_wconf 85' lang='lat' dir='ltr'>ecelesiarum</span> <span class='ocrx_word' id='word_1_473' title='bbox 1775 2334 1931 2378; x_wconf 89' lang='lat' dir='ltr'>archiepi-</span> 
     </span>
     <span class='ocr_line' id='line_1_95' title="bbox 1193 2388 1931 2432; baseline 0 -11"><span class='ocrx_word' id='word_1_474' title='bbox 1193 2388 1381 2432; x_wconf 86' lang='lat' dir='ltr'>scopalium,</span> <span class='ocrx_word' id='word_1_475' title='bbox 1408 2388 1633 2432; x_wconf 87' lang='lat' dir='ltr'>episcopalium</span> <span class='ocrx_word' id='word_1_476' title='bbox 1643 2415 1651 2430; x_wconf 88' lang='lat'>,</span> <span class='ocrx_word' id='word_1_477' title='bbox 1676 2389 1912 2432; x_wconf 78' lang='lat' dir='ltr'>collegiatarum</span> <span class='ocrx_word' id='word_1_478' title='bbox 1923 2416 1931 2429; x_wconf 88' lang='lat'>,</span> 
     </span>
     <span class='ocr_line' id='line_1_96' title="bbox 1192 2441 1934 2486; baseline 0 -12"><span class='ocrx_word' id='word_1_479' title='bbox 1192 2442 1442 2486; x_wconf 84' lang='lat' dir='ltr'>parochialium,</span> <span class='ocrx_word' id='word_1_480' title='bbox 1467 2452 1590 2475; x_wconf 89' lang='lat' dir='ltr'>necnon</span> <span class='ocrx_word' id='word_1_481' title='bbox 1615 2441 1877 2476; x_wconf 86' lang='lat' dir='ltr'>monasteriorum</span> <span class='ocrx_word' id='word_1_482' title='bbox 1903 2446 1934 2475; x_wconf 90' lang='lat' dir='ltr'>et</span> 
     </span>
     <span class='ocr_line' id='line_1_97' title="bbox 1193 2495 1928 2537; baseline -0.001 -8"><span class='ocrx_word' id='word_1_483' title='bbox 1193 2501 1422 2537; x_wconf 88' lang='lat' dir='ltr'>conventuum,</span> <span class='ocrx_word' id='word_1_484' title='bbox 1446 2506 1481 2530; x_wconf 83' lang='lat' dir='ltr'>ac</span> <span class='ocrx_word' id='word_1_485' title='bbox 1506 2496 1599 2530; x_wconf 88' lang='lat' dir='ltr'>ctiam</span> <span class='ocrx_word' id='word_1_486' title='bbox 1625 2506 1804 2530; x_wconf 86' lang='lat' dir='ltr'>mensarum</span> <span class='ocrx_word' id='word_1_487' title='bbox 1829 2495 1928 2529; x_wconf 86' lang='lat' dir='ltr'>abba·</span> 
     </span>
    </p>
   </div>
   <div class='ocr_carea' id='block_1_34' title="bbox 1227 2567 1677 2648">
    <p class='ocr_par' dir='ltr' id='par_1_35' title="bbox 1227 2567 1677 2648">
     <span class='ocr_line' id='line_1_98' title="bbox 1231 2567 1677 2603; baseline -0.002 -8"><span class='ocrx_word' id='word_1_488' title='bbox 1231 2570 1240 2595; x_wconf 87' lang='lat' dir='ltr'>i</span> <span class='ocrx_word' id='word_1_489' title='bbox 1258 2567 1295 2595; x_wconf 82' lang='lat' dir='ltr'>Ex</span> <span class='ocrx_word' id='word_1_490' title='bbox 1311 2568 1418 2603; x_wconf 85' lang='lat' dir='ltr'>Regest.</span> <span class='ocrx_word' id='word_1_491' title='bbox 1436 2568 1462 2594; x_wconf 90' lang='lat' dir='ltr'>in</span> <span class='ocrx_word' id='word_1_492' title='bbox 1479 2569 1583 2596; x_wconf 81' lang='lat' dir='ltr'>Secret.</span> <span class='ocrx_word' id='word_1_493' title='bbox 1600 2567 1677 2595; x_wconf 82' lang='lat' dir='ltr'>Brev.</span> 
     </span>
     <span class='ocr_line' id='line_1_99' title="bbox 1227 2612 1662 2648; baseline -0.005 -8"><span class='ocrx_word' id='word_1_494' title='bbox 1227 2613 1242 2640; x_wconf 75' lang='lat'>2</span> <span class='ocrx_word' id='word_1_495' title='bbox 1259 2612 1324 2640; x_wconf 80' lang='lat' dir='ltr'>vide</span> <span class='ocrx_word' id='word_1_496' title='bbox 1339 2622 1399 2648; x_wconf 88' lang='lat' dir='ltr'>sup.</span> <span class='ocrx_word' id='word_1_497' title='bbox 1414 2621 1476 2648; x_wconf 77' lang='lat' dir='ltr'>pag.</span> <span class='ocrx_word' id='word_1_498' title='bbox 1493 2613 1547 2640; x_wconf 80' lang='lat'>272</span> <span class='ocrx_word' id='word_1_499' title='bbox 1559 2613 1598 2648; x_wconf 83' lang='lat' dir='ltr'>(n.</span> <span class='ocrx_word' id='word_1_500' title='bbox 1614 2612 1662 2647; x_wconf 78' lang='lat' dir='ltr'>T.).</span> 
     </span>
    </p>
   </div>
  </div>
 </body>
</html>
