2248 3229
174 228 222 254 An.
240 228 269 255 r..
293 228 359 255 tear,
406 219 469 252 516

221 1560 328 1580 Urbaniae
344 1561 364 1578 et

180 1588 201 1608 S.
212 1587 284 1612 Augen
296 1592 314 1605 in
325 1585 364 1605 Va·

181 1615 206 1633 du
222 1613 324 1634 ecclesias
343 1618 364 1632 u·

179 1642 216 1661 nit.

208 1773 269 1793 AEites
286 1772 365 1798 episco-

182 1806 193 1825 p
202 1806 208 1818 ἰ
225 1801 330 1824 assignat2

216 2198 371 2218 Ltd1·3t²¹2eilm,

372 277 499 309 nonicas
531 281 593 308 tam
630 275 759 306 diurnas
789 283 882 317 quam
919 274 1128 314 nocturnas,'

372 339 493 362 necnon
505 327 753 367 conventualem,
768 326 905 369 aliasque
920 326 1040 365 missas,
1051 336 1112 358 ser·
1128 333 1129 350 l

372 385 440 415 vata
466 380 676 414 ecclesiastica
703 379 876 422 disciplina,
898 378 1057 413 celebrare
1083 382 1112 410 et

373 435 537 468 decantare
552 444 605 466 seu
624 433 766 472 recitare,
784 431 934 476 aliisque¹
953 431 1112 471 interesse,

373 499 408 521 ac
436 489 510 520 alias
537 487 715 530 praedictae
748 485 899 518 ecclesiae
926 484 1111 518 L'rbaniensi

374 540 570 573 laudabiliter
583 540 613 572 in
632 538 744 571 dix-iuis
769 537 937 580 deservire,
948 543 1113 581 ceteraque

373 604 469 627 onera
494 598 523 626 et
540 592 643 626 officia
663 592 707 624 eis
727 602 785 635 pro
803 597 945 635 tempore
962 591 1114 635 praescri-

372 646 483 688 benda,
508 656 543 678 ac
569 645 700 688 singulis
726 644 1017 677 confraternitatum
1047 655 1114 688 cap-

373 698 528 743 pellanis²
552 704 583 732 et
605 698 842 742 parochialibus
874 708 909 730 ac
940 697 1005 730 sine
1038 699 1114 739 cura

373 753 401 785 S.
429 752 583 785 Barbarae
607 751 767 793 ecclesiis,
798 761 923 784 mensae
950 750 1113 794 capitulari

374 805 560 838 Urbaniensi
585 805 690 845 unitis,
704 804 915 837 incumbentia
929 804 1045 845 subire,
1065 814 1115 836 cu-

375 869 505 902 ramque
522 859 710 899 animarum,
729 863 792 891 tam
809 858 908 902 ipsius
925 857 1113 891 cathedralis

375 912 523 945 ecclesiae
547 911 764 953 UrbaniensiS‚
791 922 884 954 quam
910 911 948 943 ab
973 911 1041 943 aliis
1064 921 1116 954 pa-

375 965 566 999 rochialibus
591 965 731 998 ecclesiis
755 964 850 997 unitis
870 964 1042 1008 praedictis
1066 965 1116 997 ab·

375 1019 509 1051 dicatam
540 1023 569 1051 et
600 1018 638 1050 ad
671 1018 785 1051 dictam
818 1017 983 1050 ecclesiam
1016 1017 1114 1051 Urba-

375 1072 515 1104 niensem
547 1071 752 1111 translatam,
785 1081 841 1114 per
873 1081 926 1111 se,
952 1070 999 1103 vel
1031 1080 1117 1103 man-

377 1125 531 1158 sionarios
555 1124 754 1168 praedictos,
779 1124 900 1168 aliaque
922 1123 1115 1167 parochialia

377 1188 473 1211 onera
493 1183 523 1210 et
543 1178 644 1210 officia
668 1188 725 1221 per
745 1182 871 1210 turnum
897 1177 1025 1209 alternis
1043 1177 1117 1209 heb-

377 1231 528 1271 domadis,
539 1231 587 1264 vel
600 1236 695 1274 prout
709 1231 820 1264 melius
833 1230 1000 1271 videbitur,
1014 1230 1117 1263 debite

377 1289 574 1328 supportare,
584 1294 618 1317 ac
628 1284 828 1327 parochianis
838 1284 912 1327 ipsis
921 1289 1118 1317 sacramenta

376 1338 587 1371 ecclesiastica
610 1338 790 1371 ministrare
821 1343 1005 1377 teneantur,
1031 1343 1118 1371 motu

377 1392 507 1435 proprio
533 1397 562 1424 et
586 1402 621 1424 ex
648 1393 734 1424 certa
759 1391 887 1424 scientia
903 1393 1022 1432 nostra,
1036 1397 1065 1424 et
1082 1391 1119 1424 de

378 1444 567 1488 apostolicae
592 1445 754 1488 potestatis
774 1444 980 1488 plenitudine,
998 1454 1116 1488 perpe-

380 1503 432 1531 tuo
457 1498 608 1540 erigimus
633 1504 662 1531 et
686 1498 887 1532 instituimus.

424 1551 438 1593 §
452 1550 480 1584 5.
503 1551 670 1595 ipsamque
686 1551 911 1584 Urbaniensem
925 1551 970 1584 sic
982 1554 1118 1584 erectam

379 1609 409 1636 et
433 1603 607 1637 institutam
633 1615 667 1637 ac
692 1605 722 1638 S.
747 1605 857 1647 Angeli
875 1605 906 1636 in
924 1603 1008 1637 Vado
1026 1604 1121 1637 eccle-
1138 1625 1139 1633 i

381 1657 441 1690 sias
457 1657 637 1690 huiusmodi
652 1657 777 1690 insimul
795 1668 893 1701 aeque
906 1657 1122 1702 principaliter

380 1720 516 1743 unimus.

426 1764 440 1807 g
465 1762 493 1796 6.
519 1764 647 1797 Necnon
666 1764 826 1807 praedicto
847 1765 995 1808 episcopo
1015 1774 1073 1807 pro
1091 1764 1123 1796 il-

382 1817 441 1850 lius
457 1817 627 1850 residentia
643 1817 736 1850 aedes
753 1818 912 1861 suppressi
929 1817 1122 1858 monasterii,

383 1869 456 1902 dum
482 1869 513 1901 in
538 1869 604 1912 ipsa
624 1870 820 1909 Urbaniensi,
838 1881 883 1909 ac,
901 1881 972 1903 cum
991 1870 1021 1902 in
1034 1881 1123 1913 prae·
1140 1894 1141 1898 ,

383 1922 465 1955 dicta
483 1922 511 1956 S.
530 1922 640 1965 Angeli
665 1922 696 1954 in
722 1923 816 1963 tado,
833 1923 1019 1963 civitatibus,
1044 1933 1125 1955 rese-

384 1975 475 2016 derit,
486 1976 756 2009 aedesrectorales
767 1977 915 2010 ecclesiae
927 1977 954 2010 S.
967 1977 1125 2009 Michaelis

384 2030 582 2072 Archangeli,
593 2030 624 2062 in
634 2030 847 2063 cathedralem
864 2036 897 2063 ut
914 2030 1126 2074 praemittitur

387 2083 464 2125 erigi
490 2093 670 2124 concessae,
694 2095 752 2127 pro
776 2085 935 2128 perpetuis
961 2085 1043 2117 itlius
1067 2096 1126 2116 usu

387 2142 415 2168 et
433 2136 640 2177 habitatione,
654 2148 689 2170 ac
702 2138 835 2171 ulterius
848 2138 906 2181 ipsi
921 2139 1068 2182 episcopo
1086 2138 1128 2181 ip-

387 2190 536 2222 sammct³
550 2189 775 2223 Urbaniensem
790 2196 819 2223 et
833 2191 860 2224 S.
876 2191 984 2234 Angeli
1001 2191 1031 2223 in
1043 2191 1127 2223 Vado

388 2243 527 2275 civitates
552 2254 609 2286 pro
634 2244 700 2277 eius
725 2244 911 2286 civitatibus,
938 2250 967 2277 et
991 2255 1049 2288 pro
1070 2244 1128 2277 Ur-

388 2296 530 2328 baniensi
555 2296 690 2330 dioecesi
702 2302 802 2330 terras
815 2303 906 2330 antea
921 2296 1128 2331 iurisdictioni

391 2408 415 2430 ,vt
431 2405 577 2432 canonicis
596 2405 759 2439 capitulum
779 2405 870 2433 dictae
890 2405 1022 2432 ecclesiae
1046 2404 1130 2432 Urbi-

392 2449 499 2475 .)iz'ensz's
514 2449 686 2477 constituere
700 2451 737 2483 (a.
754 2450 801 2483 Τ.).

432 2495 438 2519 t
458 2493 497 2520 Ita
512 2493 592 2520 etiam
606 2493 745 2529 Ughellius
765 2495 791 2521 in
813 2494 863 2521 lioc
883 2496 956 2525 loco,
978 2496 1024 2522 sed
1045 2497 1071 2522 in
1092 2496 1131 2522 at-

395 2542 451 2565 tero
471 2538 618 2573 diplomate
637 2540 726 2574 aptius
746 2540 810 2574 legit
830 2541 946 2575 illisque
961 2544 999 2574 (n.
1016 2541 1064 2574 T.).

429 2583 445 2608 ⁰2
456 2583 550 2617 Aptius
562 2583 669 2618 Ughell.
681 2584 707 2610 iu
719 2583 746 2610 h.
759 2584 776 2610 l.
790 2584 841 2619 leg.
854 2585 1043 2620 cappellan'z'is
1055 2585 1134 2619 (Rs).

430 2626 447 2652 3
462 2626 590 2661 Legerem
603 2628 740 2663 ipsasmet
754 2629 793 2663 (a.
806 2630 853 2663 τ.).

957 225 1135 249 BULLARIUM
1159 223 1312 248 ROMANUM

1145 272 1266 304 abbatis
1277 270 1437 314 suppressi
1450 271 1631 304 monasterii
1644 271 1807 313 subiectas,
1819 282 1880 313 non

1145 331 1249 358 tamen
1268 324 1459 368 praedictam
1472 324 1500 357 S.
1516 324 1625 366 Angeli
1639 324 1670 356 in
1685 325 1778 365 Vado,
1792 336 1881 369 quae,

1144 380 1207 410 una
1222 389 1293 410 cum
1308 388 1364 411 suo
1380 377 1538 411 territorio
1553 382 1582 410 et
1595 377 1746 418 districtu,
1761 389 1797 411 eo
1814 379 1882 422 ipso

1146 431 1183 464 ab
1209 431 1293 464 omni
1318 435 1347 465 et
1372 442 1568 475 quacumque
1586 430 1646 463 alia
1660 431 1883 472 iurisdictione,

1129 491 1367 529 :praeterquam
1393 485 1491 529 ipsius
1516 484 1655 528 episcopi
1681 484 1709 517 S.
1728 485 1836 527 Angeli
1853 485 1884 517 in

1147 538 1241 579 Vado,
1266 538 1377 578 libera,
1397 538 1547 570 immunis
1572 543 1601 570 et
1626 543 1771 580 exempta
1794 537 1833 569 sit
1856 542 1885 569 et

1147 602 1213 624 esse
1235 595 1409 631 censeatur,
1435 597 1464 624 et
1489 602 1548 635 pro
1572 591 1600 624 S.
1623 590 1733 633 Aug-eti
1754 590 1785 622 in
1803 590 1885 623 Vado

1148 645 1283 678 dioecesi
1307 650 1481 687 remaneat,
1507 644 1753 688 earumdemque
1779 644 1885 677 civita-

1149 704 1213 732 tum
1232 699 1484 739 communitates,
1498 702 1527 731 et
1542 703 1698 731 terrarum
1717 697 1888 741 praedicta-

1149 763 1218 785 rum
1236 752 1457 785 universitates
1473 755 1503 784 et
1517 751 1671 791 homines,
1695 751 1887 784 habitatores

1149 811 1178 838 et
1195 805 1313 838 incolas
1329 815 1387 848 pro
1408 806 1471 838 suis
1492 805 1618 848 populis
1635 808 1663 838 et
1681 803 1889 844 dioecesanis,

1150 859 1398 902 earumdemque
1424 858 1555 891 clericos
1578 868 1638 901 pro
1663 857 1726 890 suis
1750 857 1887 896 clericis,

1150 922 1185 945 ac
1205 912 1409 945 ecclesiarum
1431 911 1664 956 praedictarum
1683 911 1727 943 sic
1745 911 1775 942 in
1789 911 1890 943 cathe-

1150 964 1253 998 drales
1267 970 1443 998 erectarum
1457 965 1606 997 vassallos
1616 974 1676 1008 pro
1690 963 1891 1004 vassallis,di-

1150 1020 1199 1051 cta
1218 1019 1402 1053 auctoritate
1419 1018 1620 1051 concedimus
1638 1023 1668 1050 et
1685 1018 1888 1060 assignamus.

1195 1072 1209 1115 ξ
1235 1071 1263 1104 7.
1288 1071 1325 1104 Et
1349 1072 1479 1115 insuper
1501 1071 1601 1104 eidem
1623 1081 1749 1104 mensae
1774 1066 1891 1114 episco-

1150 1124 1212 1168 pali
1237 1124 1422 1157 Urbaniensi
1448 1125 1553 1158 omnia
1578 1130 1607 1157 et
1632 1123 1768 1167 singula¹
1790 1124 1821 1156 in
1846 1124 1892 1156 in-

1151 1178 1333 1211 strumentis
1354 1178 1570 1211 fundationum
1592 1177 1844 1222 praebendarum
1863 1181 1892 1210 et

1152 1232 1392 1265 canonicatuum
1417 1232 1597 1266 huiusmodi
1619 1232 1795 1276 respective
1818 1242 1892 1265 con-

1152 1290 1235 1317 tenta
1260 1295 1319 1328 pro
1344 1285 1438 1326 illius,
1463 1296 1500 1318 ac
1523 1285 1776 1329 praepositurae,
1801 1295 1894 1318 cano-

1152 1338 1311 1371 nicatuum
1354 1344 1382 1370 et
1418 1338 1672 1382 praebendarum
1712 1337 1895 1371 huiusmodi

1153 1391 1235 1432 dote,
1252 1395 1280 1425 et
1300 1395 1360 1425 tam
1379 1402 1394 1424 a
1411 1391 1571 1425 nonnullis
1588 1391 1895 1425 confraternitatibus

1154 1445 1315 1478 laicalibus
1342 1445 1497 1479 dictarum
1522 1445 1684 1478 civitatum
1706 1455 1760 1478 seu
1779 1455 1813 1478 ex
1832 1445 1897 1488 pio-

1154 1509 1223 1531 rum
1250 1498 1509 1542 dispositionibus
1528 1504 1581 1532 aut
1603 1499 1680 1532 alias
1696 1498 1897 1542 quomodoli-

1156 1552 1207 1586 bet
1230 1553 1407 1596 respective
1432 1557 1492 1586 tam
1519 1553 1676 1596 assignata
1701 1562 1796 1596 quam
1820 1551 1897 1585 assi-

1155 1605 1288 1648 gnanda,
1306 1611 1335 1639 et
1364 1617 1424 1650 pro
1453 1606 1575 1649 collegii
1600 1606 1739 1650 quinque
1761 1605 1896 1638 mansio-

1155 1659 1317 1692 nariorum
1345 1659 1376 1691 in
1407 1658 1518 1692 eadem
1547 1658 1732 1692 Urbaniensi
1766 1658 1898 1691 eeclesia

1156 1717 1334 1745 erectorum
1367 1711 1548 1746 huiusmodi
1581 1712 1674 1752 dote,
1704 1722 1899 1756 onerumque

1157 1765 1217 1797 illis
1235 1765 1485 1798 incumbentium
1499 1766 1749 1809 supportatione,
1762 1765 1899 1798 decimas

1157 1823 1185 1851 et
1203 1818 1362 1862 quarteria
1383 1824 1473 1851 antea
1491 1819 1681 1862 cappellanis
1705 1819 1782 1851 solvi
1799 1819 1899 1858 solita,

1157 1883 1192 1904 ac
1216 1877 1356 1904 trecenta
1375 1876 1461 1905 scuta
1477 1882 1579 1904 annua
1605 1877 1748 1905 monetae
1774 1872 1899 1906 illarum

1158 1925 1305 1968 partium,
1321 1925 1469 1957 solvenda
1491 1935 1547 1968 per
1572 1925 1828 1959 communitatem
1847 1925 1901 1958 Ur-

1159 1978 1269 2010 baniae
1286 1988 1342 2021 per
1360 1988 1457 2011 annos
1475 1978 1584 2021 viginti
1604 1978 1773 2018 dumtaxat,
1792 1983 1821 2011 et
1837 1989 1900 2011 non

1159 2031 1250 2071 ultra,
1259 2036 1284 2063 et
1294 2036 1402 2074 postea
1409 2042 1466 2074 per
1479 2031 1661 2075 episcopum
1676 2031 1901 2064 Urbaniensem

1160 2095 1217 2128 pro
1249 2089 1391 2128 tempore
1424 2085 1606 2117 existentem
1644 2084 1675 2116 in
1712 2091 1902 2129 perpetuum

1161 2138 1346 2182 assignanda
1371 2145 1400 2171 et
1425 2139 1589 2181 solvenda,
1616 2143 1770 2183 perpetuo
1800 2139 1902 2184 appli-

1144 2202 1268 2225 icamus
1292 2196 1323 2226 et
1346 2193 1608 2236 appropriamus:
1635 2193 1675 2226 ita
1704 2193 1787 2236 quod
1812 2193 1904 2226 liceat

1162 2246 1311 2288 episcopo
1322 2249 1382 2279 tam
1394 2246 1554 2289 suppressi
1570 2246 1749 2280 monasterii
1762 2251 1791 2278 et
1804 2245 1832 2278 S.
1847 2247 1905 2278 An-

1163 2298 1223 2341 geli
1241 2298 1272 2330 in
1290 2298 1373 2331 Vado
1392 2298 1571 2331 huiusmodi
1587 2309 1687 2345 fluam
1713 2299 1857 2339 aliorum,
1875 2302 1904 2332 et

1164 2353 1342 2396 praeposito
1354 2353 1454 2386 dictae
1468 2354 1716 2398 praepositurae,
1729 2358 1761 2386 et
1773 2353 1904 2396 singulis

1165 2407 1322 2439 canonicis
1341 2407 1507 2450 Urbaniae,
1525 2418 1560 2440 ac
1579 2407 1709 2451 singulis
1727 2418 1835 2441 eorum
1853 2417 1903 2440 ca-

1164 2459 1363 2493 nonicatibus
1391 2466 1420 2493 et
1447 2461 1634 2504 praebendis
1662 2461 1904 2505 particulariter,

1165 2513 1209 2545 eis
1234 2519 1264 2546 et
1289 2525 1398 2547 eorum
1429 2514 1558 2547 cuilibet
1587 2515 1617 2547 in
1648 2514 1752 2558 specie
1783 2520 1814 2547 et
1841 2519 1905 2546 tam

1166 2567 1227 2599 illis
1243 2578 1338 2610 quam
1363 2567 1499 2611 capitulo
1526 2567 1708 2614 Urbaniensi
1734 2567 1906 2612 respective

1204 2630 1214 2656 1
1232 2629 1335 2658 Forsan
1347 2629 1424 2658 deest
1438 2630 1512 2658 bona
1528 2631 1567 2658 vel
1584 2631 1652 2659 iura
1666 2631 1704 2665 (n.
1723 2632 1773 2666 [ᾗ.

1891 223 1938 250 Αη.
1960 223 1988 250 C.
2011 222 2078 250 1636

1937 1083 2030 1104 Mensam
2046 1082 2091 1110 cpi·

1906 1110 2014 1137 scopatem
2041 1116 2090 1130 cou-

1907 1140 1981 1158 stituit,
