2226 3235
87 218 136 247 Αιι.
158 217 188 247 G.
204 217 272 246 1628

123 493 274 514 visitatoribus

88 520 234 541 incultum-nt
225 526 274 541 c·0n

90 549 274 576 tiaquoscnmque

90 573 154 594 eiiam
169 579 190 594 in
205 579 273 594 crimi-

90 600 173 620 nalibus
200 605 274 625 proce·

90 626 153 648 dandi
169 626 253 651 tribuit,

900 219 1044 243 URBANUS
1068 219 1124 243 vm
1147 220 1195 244 PP-

289 266 432 300 minatim
457 266 644 309 delegimus,
669 268 706 299 ea
729 277 791 311 qua
815 267 961 300 convenit
977 277 1032 300 au-

289 320 434 353 ctoritate
447 324 477 352 et
494 319 650 359 facultate,
664 320 863 363 procedatur,
879 326 1031 364 quantum

291 383 362 406 cum
387 372 521 406 Domino
545 383 726 416 possumus,
753 379 931 418 opportune
956 384 1032 417 pro-

290 426 397 460 videre
421 427 577 469 volentes,

333 480 349 524 ἓ
368 480 398 514 9..
419 480 503 514 Motu
520 480 652 524 proprio
675 486 705 513 et
718 491 767 521 >ex
792 484 879 514 certa
902 480 1032 514 scientia
1050 487 1051 490 ’

289 545 325 568 ac
356 536 480 568 matura
510 534 736 568 deliberatione
767 535 902 576 nosti-is,
932 535 1034 578 deque

289 587 479 632 apostolicae
503 588 665 631 potestatis
688 588 892 632 plenitudine,
917 588 1034 621 archie-

289 640 442 685 piscopis,
468 640 638 685 episcopis,
663 642 813 686 praelatis
836 646 867 674 et
890 642 1034 685 personis

290 694 328 728 ad
353 705 468 728 munus
492 694 678 728 visitationis
703 695 883 728 huiusmodi
900 706 958 738 per
977 705 1034 728 nos

290 748 429 789 delectis,
441 754 475 781 ut
484 748 671 792 praefertur,
684 749 767 782 ultra
783 748 859 781 alias
873 748 1035 781 facultates

290 801 352 835 illis
376 812 434 846 per
459 801 599 835 diversas
623 807 758 842 nostras,
775 801 870 834 etiam
891 801 922 833 in
939 801 1033 834 simili

292 855 394 890 forma
409 855 518 888 Brevis
532 855 691 898 expeditas
701 855 818 889 litteras
828 854 847 896 ¹,
860 865 938 898 quas
948 865 1035 898 prae·
1052 870 1053 877 ι

291 909 432 943 sentibus
456 919 515 953 pro
544 908 701 952 expressis
734 908 843 942 haberi
868 909 1034 949 volumus,

291 963 474 1005 attributaS,
499 967 608 996 tenore
632 962 864 1006 praesentium,
889 962 1036 995 omnibus

291 1016 412 1050 scilicet
435 1015 604 1060 praedictis
629 1015 667 1048 ad
687 1015 897 1048 visitationem
914 1021 1036 1059 aposto-

292 1069 383 1103 licam
395 1068 589 1113 praedictam
602 1068 767 1112 deputatis,
778 1074 809 1102 et
822 1079 881 1113 pro
891 1074 1035 1113 tempore

291 1122 489 1168 deputandis,
513 1127 544 1155 et
563 1122 692 1155 cuilibet
709 1133 819 1155 eorum
836 1123 868 1155 in
888 1123 1034 1164 solidum,

291 1187 328 1210 ac
351 1181 415 1210 tam
439 1176 632 1210 coniunctim
650 1187 744 1220 quam
764 1176 898 1217 divisim,
920 1177 951 1209 in
971 1187 1036 1210 om-

291 1230 385 1263 nibus
400 1234 432 1264 et
447 1229 579 1273 singulis
596 1229 698 1263 causis
723 1229 866 1262 eamdem
885 1230 1035 1263 visitatio-

1738 212 1779 246 «15

1067 278 1122 301 seu
1150 269 1292 302 locorum
1317 268 1443 312 piorum
1467 268 1703 312 praedictorum
1727 279 1808 313 quo-

1069 322 1357 356 modotibetaffiiae
1367 333 1420 356 seu
1434 324 1525 355 allixa
1543 323 1587 355 eis
1600 324 1809 366 personaliter

1050 375 1227 407 tintiniatae
1253 386 1307 408 scu
1333 376 1475 408 intimata
1500 376 1639 416 fuissent,
1660 377 1752 409 ctiam
1772 377 1809 410 ad

1068 428 1213 460 effectum
1239 438 1445 461 censurarum
1476 434 1506 462 et
1542 430 1756 472 suspensionis
1781 436 1811 463 et

1068 480 1226 513 interdicti
1262 491 1468 524 personarum
1505 482 1809 525 ecclesiasticarum,

1070 534 1352 575 monasteriorum,
1379 535 1582 579 hospitalium
1614 541 1643 568 et
1668 536 1810 569 locorum

1051 621 1053 631 Δ
1069 588 1195 631 piorum
1212 588 1446 632 praedictorum
1466 594 1495 622 et
1513 590 1647 622 aliorum
1662 601 1812 633 quorum—

1069 653 1205 685 cumque
1230 642 1468 685 quomodolibet
1499 644 1751 686 qualificatorum
1783 650 1810 678 et

1069 696 1208 739 qualibet
1239 695 1400 729 individua
1430 697 1588 730 mentione
1623 697 1812 740 dignorum,

1070 748 1112 780 ita
1125 753 1158 783 ut
1172 749 1257 782 nulla
1268 750 1409 789 ecclesia,
1422 750 1544 782 nullum
1563 750 1729 794 hospitale,
1742 753 1810 784 nnl-

1070 802 1118 835 lus
1132 803 1221 836 locus
1234 802 1315 846 pius,
1328 803 1477 847 nullaque
1502 814 1637 847 persona
1649 811 1813 838 censeatur

1070 856 1108 889 ab
1139 857 1322 890 huiusmodi
1352 857 1575 891 commissione
1607 863 1637 891 ct
1669 859 1812 892 facultate

1070 914 1209 954 excepta,
1235 910 1290 943 sed
1315 920 1425 943 omnes
1450 916 1480 943 et
1504 911 1609 944 omnia
1629 922 1663 945 ac
1690 912 1813 955 singula

1070 964 1391 1007 comprehendantur,
1413 965 1550 1008 exceptis
1568 965 1729 998 dumtaxat
1749 967 1813 999 col-

1071 1018 1161 1060 legiis
1186 1017 1375 1051 habentibus
1400 1018 1429 1051 S.
1445 1018 1479 1050 R.
1501 1018 1533 1050 E.
1549 1018 1723 1052 cardinales
1739 1031 1813 1064 pro·

1054 1150 1055 1154 ,
1071 1131 1213 1158 tenorem
1231 1125 1348 1158 decreti
1366 1125 1442 1157 alias
1462 1125 1493 1157 in
1509 1126 1686 1169 praesentia
1706 1132 1813 1161 nostra

1054 1178 1055 1181 ’
1072 1179 1161 1212 facti
1155 1189 1185 1211 ιιι
1194 1179 1439 1221 congregatione
1448 1178 1486 1211 de
1497 1179 1536 1211 Pr
1539 1190 1619 1223 opag
1613 1180 1703 1212 anda
1715 1181 1813 1224 Fide)

1053 1243 1196 1268 :necnon
1227 1243 1443 1291 quascumque
1467 1233 1542 1266 alias
1566 1234 1813 1270 ecclesiasticas

1071 1077 1215 1111 tectores3
1228 1082 1365 1115 quorum
1383 1071 1518 1105 visitatio
1538 1072 1607 1104 sieri
1624 1072 1717 1106 debet
1731 1073 1813 1106 iuxta
1830 1066 1860 1106 ξε

291 1294 363 1318 nem
380 1284 621 1328 quomodolibet
634 1284 907 1325 concernentibus
921 1290 983 1317 tam
997 1296 1036 1318 ci
1053 1297 1106 1325 ac
1131 1286 1330 1330 pecuniarias
1363 1292 1393 1319 et
1425 1287 1501 1319 alias
1525 1288 1715 1331 temporales
1739 1299 1813 1332 poe-

293 1337 406 1371 vilibus
429 1348 524 1381 quam
548 1338 764 1371 climinalibus
789 1343 820 1370 et
844 1338 958 1378 mixtis,
984 1348 1035 1371 ea·
1052 1330 1135 1380 inas,
1153 1340 1246 1373 ctiam
1264 1341 1381 1383 absque
1402 1351 1438 1373 co
1461 1340 1545 1384 quod
1570 1352 1681 1374 causae
1706 1342 1814 1384 cogni-

293 1401 429 1435 rumque
467 1391 736 1435 dependentibus,
776 1391 1401 1434 emeigentib11S‚¹ti0nemiudicialiter
1426 1399 1604 1436 assumant
1630 1395 1714 1428 initio
1699 1397 1813 1439 Dendi,

294 1444 424 1478 annexis
439 1448 469 1479 et
485 1445 645 1485 connexis,
663 1445 756 1478 etiarn
770 1445 938 1489 specialem
952 1451 982 1478 et
995 1446 1038 1478 in-
1053 1448 1054 1470 l
1071 1448 1263 1491 imponendi,
1281 1447 1481 1488 decernendi,
1499 1449 1681 1491 publicandi
1706 1454 1736 1482 et
1760 1450 1813 1484 de-

295 1498 454 1532 dividuam
473 1498 664 1532 mentionem
681 1498 925 1542 requirentibus,
943 1499 1035 1531 etiam
1052 1531 1054 1536 ,
1070 1501 1153 1534 bitae
1179 1501 1379 1544 exequutioni
1405 1501 1613 1534 demandandi
1624 1514 1630 1542 3
1661 1513 1696 1535 ac
1720 1504 1813 1537 etiam

1826 222 1873 248 An.
1895 222 1922 248 C.
1941 222 2007 249 1628

1868 445 1890 465 Er.
1907 451 2008 465 renuit-as

1825 472 1977 495 contuitu-iniit.

1855 1033 1952 1058 Exceptis
1969 1034 2012 1054 col-

1829 1060 1832 1078 i
1865 1066 1960 1086 *qufflfl
1977 1061 2013 1080 ha<

1837 1089 1878 1106 ›vnt
1893 1087 2014 1107 cardinales

1829 1116 1961 1138 protector-0³
1972 1130 1976 1138 ,

1891 1300 1914 1320 E·
1934 1306 2013 1325 poenas

1830 1328 1956 1352 viritior-*iles
1984 1333 2013 1347 tn·

1829 1354 1849 1373 lli
1846 1353 1923 1379 aiendi.

295 1562 353 1596 per
377 1551 556 1585 affixionem
581 1552 620 1584 ad
637 1552 740 1585 valvas
756 1552 898 1596 ipsorum
916 1562 1038 1585 monas·
1052 1584 1055 1599 ι
1070 1555 1287 1598 praesentibus
1296 1564 1359 1588 non
1368 1555 1656 1599 publicatis‚nequc
1666 1556 1813 1600 cuiquam
1865 1569 1868 1571 ’

295 1605 460 1645 teriorum‚
477 1605 695 1646 ecclesiarum,
717 1606 919 1650 hospitalium
936 1611 967 1639 et
989 1606 1054 1639 lo-
1052 1609 1241 1650 intimatis,
1267 1619 1325 1641 nec
1350 1609 1497 1641 exhibitis
1528 1610 1574 1642 tel
1599 1621 1633 1643 05
1621 1611 1754 1651 tensis
1782 1618 1813 1644 ui

295 1668 404 1693 corum
428 1658 577 1703 piorum,
610 1662 641 1692 et
670 1659 745 1691 alias
777 1659 1035 1702 quomodolibet,
1052 1637 1257 1722 'l‘piaeseituh
1276 1663 1314 1696 ad
1331 1663 1435 1696 onmia
1450 1669 1479 1696 et
1492 1663 1614 1706 singula
1632 1665 1813 1708 praemissa,

294 1716 391 1757 prout
414 1711 459 1745 eis
483 1711 628 1745 sufficere
648 1711 814 1753 videbitur,
843 1701 1054 1756 procedendii
1070 1727 1106 1749 ac
1126 1717 1202 1757 alia
1228 1727 1308 1760 quae
1328 1716 1386 1749 sibi
1407 1716 1597 1750 xidebuntui
1614 1727 1705 1750 neces
1710 1719 1812 1759 saria

295 1765 351 1808 (ita
367 1765 452 1810 quod
474 1775 641 1810 processus
665 1765 847 1798 huiusmodi
872 1776 982 1799 omnes
1007 1762 1054 1800 eti
1070 1771 1118 1803 vel
1143 1770 1382 1828 quomodolibet
1405 1776 1595 1813 opportuna,
1610 1782 1648 1814 pi
1651 1772 1811 1814 ocedendi

295 1829 512 1863 quoscumque
536 1822 599 1852 tam
624 1818 719 1852 laicos
740 1828 834 1862 quam
852 1819 984 1852 cleliCOS
1008 1823 1037 1853 et
1052 1797 1054 1829 i
1071 1824 1164 1857 etiam
1182 1824 1238 1857 sub
1252 1835 1331 1868 prix
1323 1829 1436 1857 ationis
1461 1834 1497 1857 eo
1516 1824 1583 1867 ipso
1604 1824 1813 1859 incunendae

295 1872 483 1915 sacerdotes,
509 1882 545 1906 ac
568 1872 646 1906 alios
669 1873 764 1906 etiam
782 1873 944 1916 ΓΘΟΠῙᾶΓΘΞ
961 1884 1037 1917 quo·
1052 1860 1346 1937 §quorumcumque
1372 1877 1600 1910 beneficiorum
1626 1879 1812 1912 ecclesiasti-

295 1936 505 1970 iumcumqne
524 1925 687 1968 Ordinum,
709 1926 801 1960 ctiam
823 1926 1055 1969 Cistercensis
1052 1941 1180 1969 coium
1205 1942 1241 1964 ac
1265 1931 1442 1982 officiQim
1459 1941 1516 1974 pei
1530 1941 1583 1964 eos
1601 1932 1812 1973 obtentoiQum

295 1991 332 2014 ac
350 1980 544 2021 militiarum,
565 1980 659 2013 etiam
683 1980 846 2024 hospitalis
865 1980 895 2013 S
912 1976 1054 2015 Ioannis
1069 1995 1191 2018 necnon
1208 1984 1458 2029 prixilegioftim,
1484 1984 1689 2026 indultorum,
1715 1986 1813 2021 bono-

295 2034 592 2079 Hierosolymitani,
627 2039 657 2067 et
690 2035 767 2067 alias
798 2035 1053 2078 quomodolibet
1052 2049 1141 2071 rum
1167 2044 1197 2071 et
1220 2038 1337 2071 iurium
1357 2049 1632 2082 quorumcumque
1665 2050 1723 2083 pei
1755 2050 1812 2074 nos

296 2093 466 2133 exemptos,
480 2099 516 2122 ac
530 2088 607 2122 alios
616 2099 842 2132 quoscumque,
861 2088 1036 2122 cuiuscum-
1052 2072 1053 2124 i
1070 2092 1117 2125 vel
1134 2093 1291 2125 Romanos
1303 2091 1468 2135 pontifices
1482 2092 1741 2135 praedecessores
1755 2104 1811 2127 no-

296 2153 357 2187 que
381 2142 555 2186 qualitatis,
580 2142 749 2185 dignitatis,
775 2147 883 2185 status,
908 2143 1034 2186 gradus,
1052 2143 1053 2169 l
1069 2150 1162 2185 stros,
1188 2150 1217 2177 et
1241 2144 1353 2177 Sedcm
1371 2145 1583 2188 Apostolicam
1604 2145 1722 2178 eisdem
1749 2157 1812 2180 mo-

295 2195 416 2229 ordinis
439 2201 470 2229 et
493 2195 741 2239 praeeminentiae
764 2195 891 2236 fuerint,
913 2188 1053 2229 etiamsi³

296 2248 424 2293 speciali
448 2253 532 2291 nota,
545 2254 576 2282 et
587 2249 626 2282 de
636 2249 822 2283 necessitate
838 2250 1035 2293 exprimendi
1052 2250 1053 2259 ¹

296 2302 408 2343 forent,
434 2302 546 2336 afficiat
558 2308 588 2335 et
600 2308 700 2336 arctet
723 2303 755 2336 in
775 2303 922 2336 omnibus
935 2309 966 2337 et
978 2314 1035 2348 per
1052 2295 1053 2317 ³

297 2356 421 2397 omnia,
445 2356 576 2400 perinde
593 2367 628 2389 ac
646 2357 671 2389 si
689 2357 868 2398 citationes,
893 2358 1034 2401 aliaeque
1051 2361 1052 2385 ἓ

296 2408 511 2454 provisiones,
539 2409 752 2443 ordinationes
783 2421 839 2443 seu
869 2410 995 2444 decreta
1018 2414 1052 2444 a*

297 2462 514 2496 visitatoribus
537 2463 718 2498 huiusmodi
740 2475 798 2508 pro
827 2468 968 2508 tempore
994 2465 1053 2498 sa-'

298 2521 382 2557 ctae,
406 2526 462 2549 seu
485 2515 581 2557 facta,
607 2522 640 2549 ut
663 2518 858 2561 praefertur,
883 2518 914 2551 in
938 2519 1053 2551 valvis*

296 2570 572 2612 monasteriorum,
595 2571 811 2613 ecclesiarum,
830 2572 1053 2636 hospitalium
1052 2564 1053 2599 ἶ

333 2634 345 2660 ¹
364 2632 435 2666 Quas
448 2633 510 2661 vide
523 2633 568 2662 cit.
584 2633 611 2661 in
626 2637 689 2663 nota
702 2633 737 2662 ad
750 2634 888 2663 rubricam
903 2640 939 2669 (ιι.
956 2637 1005 2671 τ.).

1070 2199 1225 2240 nasteriis,
1240 2199 1390 2240 ecclesiis,
1412 2209 1467 2231 seu
1485 2198 1561 2231 locis
1579 2199 1638 2242 piis
1656 2205 1685 2232 et
1703 2210 1812 2243 perso-

1052 2252 1116 2290 ]nis
1145 2252 1384 2296 quomodolibet
1410 2262 1656 2291 concessorum·,
1688 2263 1811 2286 necnon

1070 2306 1163 2339 ctiam
1181 2306 1306 2346 citandi,
1324 2310 1353 2340 et
1366 2306 1499 2349 quoties,
1517 2306 1642 2349 qnando
1657 2307 1810 2350 ctquibus

1069 2371 1148 2404 opus
1172 2360 1286 2402 fuerit,
1313 2359 1492 2399 inhibendi,
1519 2365 1549 2392 et
1573 2365 1682 2393 contra
1706 2360 1811 2394 inobe-

1069 2414 1189 2447 dientes
1214 2419 1244 2446 et
1267 2413 1402 2446 rebelles
1427 2413 1583 2456 quoslibet
1608 2423 1757 2446 censuras
1782 2420 1811 2447 et,

1052 2507 1053 2510 Ἴ
1070 2477 1196 2511 poenas,
1212 2467 1305 2500 etiam
1319 2467 1438 2499 iteratis
1453 2466 1584 2507 vicibus,
1602 2467 1809 2509 aggravandi3

1052 2521 1272 2558 jinteidictum
1297 2520 1543 2554 ceclesiasticum
1571 2520 1753 2564 imponendi
1781 2528 1811 2555 et

1070 2574 1241 2613 ielaxandi,
1262 2574 1477 2617 auxiliumque
1502 2574 1624 2607 brachii
1649 2574 1808 2617 secularis,

1051 2616 1095 2672 isi
1120 2623 1199 2672 opus
1223 2628 1328 2669 suerit,
1352 2627 1533 2672 invocandi,
1555 2632 1722 2672 ceteraque
1746 2639 1810 2662 om-
