2248 3229
223 205 403 234 An.c.1639
449 196 513 231 730

256 429 349 459 Defugat
357 434 407 450 con-

223 460 300 478 trariis.

259 2138 338 2160 xtonva
352 2138 414 2160 huius

231 2165 396 2188 Consolationis.

421 256 445 289 si
463 265 553 288 secus
578 264 674 299 super
697 255 746 287 his
763 265 780 286 a
798 263 968 297 quoquam,
988 253 1097 297 quavis
1113 264 1164 286 au-

422 309 577 349 ctoritate,
601 308 736 341 scienter
759 308 805 340 vel
840 307 1039 350 ignoranter,
1065 306 1163 340 conti-

422 362 502 406 gerit
518 361 672 401 attentari,
690 360 899 393 decernimus.

467 414 530 458 §3
560 415 628 447 Non
660 412 855 446 obstantibus
889 412 1164 446 constitutionibus

422 474 451 502 et
471 467 721 501 ordinationibus
743 466 933 510 apostolicis,
953 466 1091 510 dictique
1111 466 1164 500 Or-

422 521 512 560 dinis,
526 520 619 553 etiam
633 519 819 560 iuramento,
833 520 1072 553 confirmatione
1089 530 1164 564 apo-

423 574 544 616 stolica,
562 574 609 607 vel
624 573 684 606 alia
703 574 811 617 quavis
828 573 977 606 firmitate
996 573 1164 615 roboratis,

423 627 546 661 statutis
560 631 590 660 et
603 626 893 667 consuctudinibus,
906 627 1079 671 privilegiis
1092 637 1165 671 quo-

423 690 493 725 que,
511 679 638 713 indultis
658 684 688 712 et
715 679 827 713 litteris
846 679 1037 724 apostolicis,
1063 680 1163 713 eidem

424 733 541 775 omini,
560 733 706 777 illiusque
719 733 939 777 superioribus
956 739 985 766 et
1005 733 1165 774 fratribus,

423 797 458 820 ac
471 786 648 820 secretariis
663 787 854 828 huiusmodi,
867 792 897 819 et
909 786 1072 830 quibusvis
1087 787 1165 827 aliis,

422 840 454 874 in
478 840 672 873 contrarium
697 841 946 884 praemissorum
971 840 1076 873 forsan
1097 851 1167 874 con-

423 893 540 933 cessis,
565 893 759 926 contirmatis
792 898 822 926 et
853 893 1028 933 innovatis;
1053 894 1165 938 quibus

422 947 569 980 omnibus
594 953 624 980 et
647 947 789 990 singulis,
807 947 935 980 illorum
962 947 1104 980 omnium
1123 954 1166 980 te-

422 1011 516 1035 nores
532 1001 748 1045 praesentibus
765 1012 824 1045 pro
841 1002 933 1045 plene
958 1006 989 1034 et
1014 1002 1167 1035 sufficien-

422 1060 470 1087 ter
494 1054 653 1098 expressis
677 1054 837 1095 babentes,
866 1055 927 1088 illis
952 1055 1028 1087 alias
1055 1055 1084 1087 in
1110 1066 1166 1088 suo

423 1108 540 1141 robore
576 1108 792 1152 permansuris
806 1135 813 1149 ,
847 1107 885 1140 ad
917 1108 1164 1152 praemissorum

423 1160 580 1201 effectum,
605 1161 783 1205 specialiter
808 1166 837 1194 et
861 1172 1009 1206 expresse
1033 1162 1165 1205 deroga-

422 1225 510 1254 mus;
524 1215 699 1258 ceterisque
713 1215 880 1247 contrariis
901 1215 1165 1259 quibuscumque.

466 1267 576 1301 Datum
598 1268 726 1307 Romae,
752 1268 834 1311 apud
858 1269 887 1301 S.
910 1268 1039 1301 Mariam
1065 1269 1163 1302 Maio-

423 1331 502 1361 rem,
523 1321 581 1354 sub
606 1321 721 1354 annulo
747 1321 924 1359 piscatoris,
948 1321 998 1354 die
1019 1331 1061 1355 ΧΠ
1090 1322 1166 1355 iunii

423 1384 594 1415 mcxxxix,
611 1374 813 1419 pontificatus
832 1375 932 1408 nostri
953 1385 1035 1409 anno
1058 1385 1122 1409 xvi.

460 1436 518 1465 Dat.
537 1437 580 1466 die
599 1438 629 1465 te
645 1437 710 1465 iunii
728 1437 805 1471 1639,
822 1438 916 1474 pontif.
930 1446 999 1466 anno
1015 1444 1070 1466 xvi.

711 1579 886 1615 DCXLVIII.

427 1663 605 1707 Confirmat
628 1663 742 1696 omnia
761 1667 788 1695 el
805 1661 940 1706 simula
954 1662 1134 1706 privileqz'a
1150 1674 1169 1696 a

472 1717 632 1752 Clemente
658 1717 752 1759 Papa
777 1716 861 1750 VIII
881 1717 1069 1759 provinciae
1092 1727 1168 1749 san-

471 1772 514 1804 cti
531 1770 664 1804 loannis
681 1771 850 1813 Baptistae
872 1769 1006 1804 Ordinis
1023 1770 1167 1813 fratrum

470 1823 638 1858 Minorum
663 1823 937 1856 Discalcecrlornm
958 1827 1166 1866 nuncupato-

471 1887 546 1909 rum
571 1876 734 1920 reqularis
757 1875 983 1910 Obserrcmticce
1007 1875 1039 1909 S.
1067 1875 1171 1909 Fran·

473 1929 549 1963 cz'sci
572 1930 610 1963 in
632 1929 800 1973 Hispania
824 1938 971 1962 concessa
983 1927 1002 1961 ¹.

633 2010 770 2038 Urbanus
791 2009 870 2045 Papa
889 2010 967 2043 VIII,

551 2054 587 2082 ad
606 2059 782 2090 perpetuam
802 2056 846 2082 rei
868 2054 1048 2082 memoriam.

475 2126 550 2161 Cum
577 2136 622 2166 ea,
648 2136 727 2170 quae
752 2131 885 2170 propter
906 2126 1001 2159 iustas
1027 2131 1057 2160 et
1080 2125 1172 2160 ralio-

428 2180 550 2214 nabiles
581 2190 689 2213 causas
721 2179 888 2223 aliquando
918 2179 1053 2213 stabilita
1079 2184 1170 2221 sunt,

429 2234 495 2277 ipsa
521 2243 627 2267 rerum
649 2236 678 2266 et
704 2238 881 2276 temporum
907 2233 1101 2277 experientia
1121 2234 1171 2267 do-

430 2291 499 2320 ceat
518 2285 648 2331 provide
666 2292 812 2330 oportere
837 2286 994 2320 moderari
1013 2293 1043 2320 et
1060 2288 1171 2321 immu-

430 2340 504 2381 tari3
526 2341 743 2385 superioribus
761 2351 836 2374 vero
850 2342 937 2374 annis
952 2352 1007 2386 per
1021 2341 1170 2386 quasdam

430 2400 553 2429 nostras
566 2395 597 2428 in
615 2395 709 2428 simili
730 2395 830 2428 forma
845 2394 951 2429 Brevis
969 2395 1097 2437 litteras,
1113 2406 1171 2440 pro

470 2487 477 2511 1
506 2485 545 2513 De
569 2485 724 2512 huiusmodi
748 2485 877 2512 fratribus
902 2485 1073 2512 Discalceatis
1093 2486 1170 2522 lege,

432 2537 500 2565 qnae
520 2530 609 2556 notavi
630 2529 661 2556 ail
683 2529 793 2556 Constit.
811 2535 903 2556 eccm
923 2530 974 2563 (nl.
991 2530 1065 2563 331),
1086 2530 1172 2565 Regis

430 2573 554 2608 pacifici,
573 2581 633 2609 sup.
652 2581 713 2609 pag.
733 2573 797 2607 1273
815 2578 841 2601 et
856 2573 889 2601 ad
905 2574 995 2601 Coast.
1012 2580 1103 2602 Dxxvu
1119 2575 1168 2610 (al.

433 2616 505 2651 494),
523 2616 593 2645 Cum
609 2617 692 2651 sicut,
710 2621 737 2645 ut
754 2626 812 2655 sup.
830 2626 891 2654 pag.
913 2618 974 2646 498.

992 205 1172 230 BULLARIUM
1198 205 1352 231 ROMANUM

1198 253 1282 286 bono
1307 254 1462 297 regimine
1483 256 1664 299 provinciae
1682 257 1711 290 S.
1731 257 1856 292 Ioannis
1879 258 1935 292 Ba·

1198 307 1313 351 ptistae
1337 309 1471 341 tratrum
1496 309 1650 342 Minorum
1670 310 1934 346 Discalceatorum

1197 366 1452 404 nuncupatorum
1471 389 1478 402 ‚
1515 363 1670 405 regularis
1716 363 1936 399 Observantiae

1198 414 1294 448 sancti
1311 415 1467 448 Francisci
1482 415 1513 447 in
1526 416 1683 459 Hispania,
1694 417 1846 459 quaedam
1857 419 1937 452 clau-

1198 468 1283 501 sulae
1297 469 1505 512 quarnmdam
1520 469 1652 502 aliarum
1670 470 1701 503 in
1714 471 1820 503 eadem
1836 472 1936 505 forma

1199 522 1305 555 Brevis
1330 522 1360 554 in
1385 522 1524 556 savorem
1549 523 1688 556 eiusdem
1713 525 1893 568 provinciae
1919 535 1937 559 a

1199 575 1297 608 felicis
1329 576 1557 610 recordationis
1585 577 1741 611 Clemente
1766 578 1849 622 Papa
1872 579 1936 614 VIII

1198 629 1440 673 praedecessore
1471 635 1580 664 nostro
1604 637 1837 672 enianatarum,
1862 632 1938 667 inci-

1199 682 1352 726 pientium
1384 684 1434 717 Ex
1466 684 1613 718 iniuncto
1644 686 1736 718 nobis
1770 687 1939 730 apostolici

1199 736 1346 768 mumris
1372 736 1500 778 debito,
1530 737 1587 770 sub
1612 737 1718 770 datum
1739 738 1788 772 die
1812 749 1863 774 XIX
1886 750 1939 774 no-

1201 789 1338 822 vembris
1362 799 1490 832 MDXClx,
1516 790 1691 824 declaratae
1709 797 1739 824 et
1758 792 1835 825 aliae
1859 793 1940 826 limi-

1201 847 1279 875 tatae
1297 842 1426 882 l'uerint3
1441 854 1477 876 ex
1495 844 1635 888 praefata
1653 855 1726 878 vero
1744 845 1938 888 limitatione,

1201 907 1254 929 seu
1275 896 1508 938 moderatione,
1525 898 1675 931 nonnulla
1699 899 1806 942 gravia
1830 900 1938 933 incon-

1202 950 1366 990 venientia,
1385 961 1464 994 quae
1488 951 1576 984 novis
1601 952 1707 984 litibus
1731 957 1761 985 et
1785 952 1941 996 inquietu-

1201 1004 1326 1037 dinibus
1351 1004 1475 1037 ianuam
1501 1011 1704 1049 aperuerunt,
1722 1006 1752 1038 in
1772 1005 1838 1039 dies
1862 1006 1939 1039 oriri

1201 1057 1381 1090 videantur:
1396 1058 1485 1090 nobis
1500 1064 1670 1102 propterea
1687 1059 1790 1091 dilecti
1808 1059 1863 1091 filii
1888 1059 1941 1093 Mi-

1201 1111 1289 1144 cliael
1314 1111 1424 1144 Teruel
1450 1112 1593 1149 minister
1617 1112 1818 1155 provincialis
1839 1117 1868 1147 et
1891 1112 1940 1146 de·

1202 1164 1343 1197 finitores
1357 1164 1458 1197 dictae
1472 1165 1651 1208 provinciae
1668 1166 1801 1198 fratrum
1819 1176 1941 1199 eorum-

1201 1216 1272 1248 dem
1296 1227 1352 1260 per
1385 1217 1532 1250 dilectum
1565 1219 1656 1252 etiam
1688 1219 1787 1251 filium
1813 1219 1941 1252 Franci-

1202 1280 1288 1303 scum
1315 1271 1434 1313 Seguer
1464 1271 1539 1304 dicti
1571 1271 1695 1305 Ordinis
1718 1273 1940 1316 professorem,

1202 1335 1310 1357 eorum
1326 1330 1576 1368 procuratorem,
1596 1325 1759 1358 humiliter
1773 1326 1942 1370 supplicari

1201 1377 1354 1417 seccrunt‚
1382 1382 1416 1412 ut
1441 1379 1546 1411 omnia
1571 1384 1601 1411 et
1624 1379 1747 1421 singula
1772 1380 1887 1422 gratias
1913 1384 1943 1412 et

1202 1432 1366 1476 privilegia
1387 1432 1416 1464 in
1441 1432 1610 1476 praedictis
1628 1432 1794 1466 Clementis
1816 1432 1944 1476 praede-

1203 1486 1336 1518 cessoris
1354 1485 1465 1518 litteris
1482 1485 1583 1519 cidem
1602 1485 1630 1519 S.
1648 1485 1771 1519 Ioannis
1789 1485 1943 1530 Baptistae

1203 1538 1384 1582 provinciae
1408 1539 1484 1571 alias
1509 1549 1656 1572 concessa
1681 1539 1888 1579 confirmare,
1913 1544 1943 1572 et

1203 1596 1379 1636 opportune
1405 1592 1473 1633 sibi,
1491 1598 1524 1625 ut
1548 1592 1637 1633 infra,
1662 1593 1829 1637 providere
1849 1598 1879 1625 et
1895 1592 1943 1625 in-

1203 1645 1334 1688 dulgere
1358 1645 1396 1678 de
1423 1645 1615 1689 benignitate
1639 1645 1812 1690 apostolica
1837 1645 1943 1689 digna-

1204 1709 1320 1732 remur.

1248 1752 1262 1794 ξ
1287 1751 1316 1784 l.
1341 1751 1403 1785 Nos
1428 1751 1532 1794 igitur,
1560 1751 1612 1795 qui
1637 1761 1843 1795 personarum
1868 1761 1944 1796 qua-

1206 1805 1363 1844 rumlibet,
1382 1805 1567 1849 praesertim
1588 1805 1645 1837 sub
1671 1805 1758 1837 suavi
1783 1805 1944 1848 religionIs

1206 1860 1278 1901 iugo
1296 1859 1454 1892 Altissimo
1472 1858 1700 1898 famulantium,
1718 1858 1815 1901 quieti
1835 1864 1865 1891 et
1885 1864 1944 1891 sta-

1206 1913 1258 1950 tui,
1280 1917 1430 1955 quantum
1457 1922 1527 1944 cum
1549 1911 1681 1944 Domino
1706 1922 1884 1955 possumus,
1911 1911 1945 1944 li-

1205 1965 1315 1998 benter
1340 1964 1551 2003 consulimus,
1576 1974 1700 1997 omnem
1727 1975 1823 2008 super
1848 1975 1941 2008 prae-

1208 2017 1309 2051 missis
1334 2017 1619 2051 inconvenientium
1644 2017 1826 2050 huiusmodi
1852 2022 1945 2051 mate-

1206 2071 1283 2104 riam
1312 2076 1342 2104 et
1370 2071 1566 2104 occasionem
1585 2081 1601 2103 e
1619 2071 1722 2104 medio
1747 2071 1944 2112 submovere,

1207 2126 1354 2169 ipsosque
1380 2131 1569 2169 exponentes
1583 2125 1769 2169 specialibus
1787 2125 1946 2159 favoribus

1206 2184 1235 2212 et.
1252 2179 1360 2222 gratiis
1377 2179 1527 2223 prosequi
1544 2179 1693 2219 volente&
1710 2183 1740 2213 et
1757 2189 1867 2212 eorum
1886 2179 1946 2213 sin-

1206 2233 1331 2276 gulares
1356 2243 1507 2277 personas
1531 2243 1548 2265 a
1573 2233 1733 2276 quibusvis
1758 2243 1943 2266 excommu-

1207 2287 1383 2329 nicationis,
1402 2287 1614 2331 suspensionis
1635 2292 1664 2319 et
1681 2286 1846 2327 interdicti,
1868 2286 1947 2320 aliis·

1207 2351 1267 2384 que
1293 2340 1511 2374 ecclesiasticis
1541 2339 1725 2379 sententiis,
1749 2339 1889 2373 censuris
1917 2344 1947 2372 et

1208 2394 1324 2438 poenis,
1343 2404 1359 2426 a
1385 2394 1452 2426 iure
1477 2393 1524 2426 vel
1549 2393 1587 2426 ab
1612 2393 1750 2432 homine,
1768 2393 1876 2437 quavis
1899 2403 1947 2426 oc-

1207 2448 1330 2481 casione
1349 2447 1396 2480 vel
1422 2449 1517 2481 causa
1534 2447 1614 2488 latis,
1638 2447 1662 2479 si
1685 2447 1798 2490 quibus
1815 2456 1947 2489 quomo-

1206 2501 1327 2534 dolibet
1351 2500 1516 2534 innodatae
1548 2501 1704 2542 existunt,
1730 2499 1767 2532 ad
1801 2499 1945 2532 effectum

1206 2555 1418 2599 praesentium
1434 2554 1593 2588 dumtaxat
1610 2552 1874 2598 consequendum,
1891 2552 1945 2586 ha-

1206 2619 1276 2642 rum
1302 2608 1382 2643 serie
1415 2608 1610 2642 absolventes
1642 2611 1673 2642 et
1696 2607 1854 2641 absolutas
1879 2606 1945 2640 fore

1946 211 2000 238 An.
2018 212 2047 239 C.
2065 210 2132 239 1639

1994 1761 2140 1784 cnnnrmaiio.

1959 1791 2018 1818 prout
2038 1789 2059 1809 iu
2076 1789 2143 1810 rubri·
