2226 3235
118 238 165 265 Ani
188 239 217 266 C.
235 237 303 266 1630

0 405 3 438 t

926 236 1068 260 tinnANtts
1093 235 1110 258 V
1117 235 1150 258 111
1174 236 1220 258 1⁸1³.

319 297 390 320 rum
415 287 564 319 similium
583 297 642 330 pro
667 286 734 319 eius
759 285 985 318 sustentatione
1006 284 1063 316 siu-

320 340 401 383 gulis
425 339 592 373 dominicis
617 345 646 372 et
671 339 757 372 sestis
782 339 893 371 diebus
919 338 956 371 dc
977 348 1064 381 prae-

320 398 412 436 cepto
427 393 553 425 missam
572 392 603 424 in
621 392 753 424 ecclesia
771 402 826 424 seu
844 391 984 434 cappella
1003 390 1062 423 toci

319 446 358 480 de
383 446 509 478 Villaret
529 446 690 478 celebrare
716 450 869 481 teneatur,
892 445 932 477 ita
950 448 1062 483 tamen,

319 506 353 533 ut
376 499 522 543 baptismi
555 505 607 532 aut
638 499 830 531 matrimonii
868 502 1062 531 sacramenta

319 553 539 586 administrare
574 558 605 585 et
640 549 782 585 mortuos
826 552 959 595 sepelire
1001 561 1058 583 ne-

319 611 412 650 queat
456 606 573 649 absque
616 616 766 649 expresso
800 596 952 638 consensu
988 605 1062 637 dieti

321 658 458 702 prioris,
486 658 523 690 ad
549 668 642 701 quem
668 659 745 691 haec
771 658 974 701 spectabunt,
999 668 1062 701 quo

321 722 394 745 vero
426 712 464 744 ad
488 712 701 756 parochialem
727 712 889 746 ecelesiam
912 712 949 744 de.
966 712 1062 744 Fene-

321 765 463 805 strelles,
488 766 686 809 praepositus
719 766 792 798 dicti
817 764 998 798 monasterii
1024 764 1062 795 de

321 818 416 859 Oulz,
437 824 489 851 aut
514 819 580 851 eius
606 819 751 858 vicarius,
777 818 954 851 nominabit
978 817 1062 849 illius

322 872 506 916 parochum,
517 882 571 905 seu
587 877 752 913 rectorem,
767 872 818 915 qui
837 871 877 903 ibi
892 871 1062 911 celebrare,

321 930 518 958 sacramenta
542 925 762 957 administrare
777 951 784 964 ,
809 924 932 967 aliaque
956 924 1062 957 munia

321 978 516 1022 parochialia
535 978 617 1011 intra
634 978 700 1011 eius
724 977 839 1010 limites
856 988 1002 1011 exercere
1022 982 1063 1010 te-

321 1032 464 1072 nebitur,
489 1032 578 1076 prior
612 1041 686 1064 vero
719 1031 877 1075 prioratus
910 1031 1059 1064 1111111011-

324 1085 428 1127 toulle,
454 1096 513 1129 pro
538 1085 604 1118 eius
618 1089 648 1118 et
664 1084 755 1117 unius
781 1085 888 1117 vicarii
914 1090 1064 1118 sustenta-

323 1138 415 1181 tione,
433 1149 587 1171 summam
617 1148 752 1171 annuam
780 1143 991 1171 trecentarum
1026 1139 1062 1171 li-

322 1191 452 1224 brarum
477 1191 627 1224 similium
652 1191 813 1234 assignare
838 1191 978 1232 debebit,
1003 1192 1062 1225 nisi

323 1245 468 1279 maluerit
497 1245 524 1278 ei
549 1245 707 1286 decimas,
737 1251 837 1278 terras
867 1250 896 1277 et
920 1245 1002 1278 bona
1026 1246 1063 1278 ad

322 1297 435 1331 dictam
460 1298 673 1342 parochialem
703 1298 869 1331 eeclesiam
893 1299 1065 1341 spectantia

322 1352 439 1384 seual]
465 1353 500 1384 ea
525 1352 731 1395 dependentia
756 1351 948 1395 relinquere:
975 1363 1065 1395 prae-

323 1411 420 1446 terea,
437 1405 522 1449 quod
546 1406 648 1438 dictus
664 1406 864 1450 praepositus
882 1406 1065 1438 monasterii

324 1459 476 1503 praedicti
501 1459 538 1492 de
562 1458 647 1502 Oulz,
674 1464 726 1492 aut
751 1459 818 1492 eius
843 1459 987 1501 vicarius,
1010 1471 1066 1493 no-

324 1512 456 1546 minabit
480 1513 656 1557 parochum
682 1513 713 1545 in
738 1513 840 1555 burgo
861 1513 899 1545 de
919 1514 1063 1555 Usseaux,

324 1566 376 1609 qui
401 1566 631 1610 possessionem
665 1566 778 1599 domus
813 1567 1023 1609 paroehialis,
1048 1578 1065 1600 a

323 1619 459 1663 quodam
481 1619 625 1652 ministro
641 1619 873 1652 haereticorum
898 1620 973 1653 alias
997 1632 1066 1664 pos-

323 1683 437 1713 sessae,
455 1677 485 1705 et
504 1672 567 1704 iam
592 1672 630 1705 ab
654 1672 699 1705 eis
725 1672 895 1713 restitutae,
913 1673 1066 1716 ingredie-

324 1730 384 1765 tur,
410 1730 439 1758 et
464 1725 564 1758 dictae
589 1725 701 1759 (lomus
727 1726 918 1767 cubiculum,
936 1727 975 1759 ad
1007 1728 1066 1761 sor-

324 1789 407 1811 mam
433 1778 563 1811 oratorii
588 1789 643 1811 seu
667 1780 837 1823 cappellae,
856 1779 985 1812 servatis
1004 1791 1066 1813 ser-

323 1831 441 1871 vandis,
454 1831 542 1875 prius
553 1831 725 1872 redactum,
740 1833 918 1865 consecrari
933 1833 1064 1875 curabit,

323 1884 362 1916 ad
394 1884 438 1916 ibi
463 1890 696 1917 sacrosanctum
729 1885 843 1917 missae
875 1887 1064 1919 sacrificium

324 1938 558 1980 celebrandum,
577 1944 607 1971 et
627 1939 775 1972 ecelesiae
800 1946 995 1973 sacramenta
1012 1941 1065 1973 ad-

323 1992 551 2033 ministranda,
580 1992 702 2036 aliaque
739 1993 840 2026 ossicia
871 1994 1066 2037 parochialia

324 2046 514 2090 peragenda,
534 2046 633 2079 donee
658 2046 789 2079 ecclesia
814 2047 852 2079 sit
876 2052 1065 2088 constructa,

324 2110 360 2132 ac
384 2099 515 2141 singulis
539 2099 706 2132 dominicis
731 2105 761 2131 ct
785 2100 877 2136 festis,
894 2100 1004 2133 diebus
1029 2101 1066 2133 de

324 2158 492 2197 praecepto
517 2163 611 2186 unam
647 2154 774 2186 missam
800 2154 831 2186 in
856 2155 987 2187 eeclesia
1013 2165 1067 2187 seu

325 2207 467 2251 cappella
491 2207 529 2240 (le
554 2207 737 2241 Pourrieres
763 2219 820 2252 per
836 2209 1066 2252 presbyterum,

325 2271 419 2304 quem
439 2260 477 2293 ad
494 2261 578 2294 hunc
603 2261 749 2295 effectum
775 2263 999 2303 manutenebit,
1018 2274 1067 2296 ce-

324 2314 441 2348 lebrari
466 2315 570 2348 facere
594 2315 762 2356 tenebitur,
783 2316 827 2349 illi
848 2327 922 2349 vero
944 2327 1067 2349 summa

324 2379 427 2401 annua
451 2373 663 2402 trecentarum
689 2369 842 2402 librarum
874 2370 1024 2402 similium
1050 2381 1067 2403 a

324 2422 408 2455 dicto
429 2422 538 2466 priore
551 2422 589 2455 de
602 2422 768 2456 Mentoulle
781 2424 988 2467 persolvetur,
1006 2424 1065 2457 nisi

325 2476 391 2519 ipse
408 2476 497 2519 prior
514 2476 661 2509 maluerit
681 2476 781 2509 eidem
799 2477 938 2521 parocho
956 2488 1066 2511 omnes

325 2529 462 2562 decimas
486 2534 516 2562 et
540 2529 617 2561 alios
640 2529 790 2572 redditus,
816 2535 845 2563 et
870 2531 938 2563 iura
962 2531 1000 2563 ad
1025 2531 1068 2564 di-

325 2586 406 2616 ctam
432 2582 596 2615 eeclesiam
629 2583 843 2626 parochialem
875 2584 1065 2628 spectantia,

324 2640 358 2669 ut
380 2635 567 2680 praefertur,
593 2636 783 2681 relinquere:
809 2637 951 2681 Insuper,
980 2637 1065 2683 quod

1098 283 1295 327 praepositus
1312 282 1500 326 praedictus,
1525 286 1573 313 aut
1601 281 1668 313 eius
1691 281 1834 322 vicarius,

1097 337 1269 370 nominabit
1285 337 1378 368 alium
1394 336 1565 379 paroc-hum
1580 334 1609 366 in
1625 335 1692 367 loro
1707 335 1744 368 ‹le
1759 336 1833 376 Rua,

1097 392 1149 434 qui
1169 402 1276 423 curam
1295 391 1406 422 habeat
1427 391 1493 422 vius
1515 389 1683 433 parochiae
1697 393 1724 422 et
1744 400 1835 432 pago-

1097 456 1167 477 rum
1188 445 1268 476 iutra
1286 444 1352 476 eius
1371 444 1485 475 limites
1499 443 1709 482 existentium,
1724 442 1835 485 cuique

1097 498 1135 530 de
1160 498 1229 529 loeo
1255 497 1432 536 commodo,
1454 501 1480 528 et
1502 507 1563 529 uuo
1589 497 1705 529 vicario
1731 496 1768 528 ad
1793 496 1835 528 ibi

1098 554 1330 583 sacrosanctum
1346 550 1457 581 missae
1471 550 1658 582 sacritirium
1681 550 1837 583 celebran-

1097 604 1182 642 dum,
1199 608 1229 635 et
1251 603 1357 635 munia
1376 608 1403 634 et
1425 603 1525 635 (illicia
1546 603 1737 646 parochialia
1752 614 1837 647 pera-

1097 657 1336 700 genda‚donec
1361 657 1492 689 eeclesia
1518 662 1695 691 constructa
1723 658 1837 697 suerit,

1097 711 1323 755 providebitur,
1345 716 1374 744 et
1394 716 1555 754 praeterea
1581 711 1607 743 ei
1632 711 1732 744 dictus
1751 711 1838 755 prior

1097 770 1250 797 trecentas
1275 764 1371 796 libras
1396 764 1514 796 similes
1547 775 1604 807 pro
1636 764 1702 796 eius
1732 775 1839 796 mauu-

1098 818 1235 850 tentionc
1260 817 1343 861 (nisi,
1373 823 1406 850 ut
1430 819 1618 861 praefertur,
1646 818 1790 850 maluerit
1811 818 1837 850 ci

1098 872 1237 904 eiusdem
1258 872 1448 915 paroehialis
1467 872 1615 912 decimas,
1632 872 1714 905 bona
1727 877 1757 904 et
1771 872 1838 904 iura

1097 926 1299 969 relimpiere),
1310 931 1348 966 et,
1359 926 1461 969 quoad
1473 926 1622 958 vicarium
1633 926 1838 969 praedictum,

1098 990 1156 1023 pro
1181 990 1218 1012 eo
1243 979 1335 1011 etiam
1362 989 1516 1010 suuuuam
1543 989 1677 1011 annuam
1712 984 1838 1011 centum

1097 1038 1127 1065 et
1144 1033 1371 1076 quinquaginta
1384 1033 1536 1065 librarum
1554 1033 1703 1065 similium
1718 1033 1839 1065 solvere

1098 1086 1268 1127 tenebitur,
1292 1086 1406 1129 quibus
1431 1085 1641 1117 mediantil‘ius
1666 1086 1730 1129 ipse
1763 1086 1840 1117 vica-

1098 1139 1164 1171 rius
1189 1139 1347 1182 obligatus
1376 1139 1434 1171 erit
1464 1139 1495 1171 in
1524 1139 1656 1172 ccclesia
1685 1139 1777 1181 burgi
1802 1138 1839 1171 de

1098 1194 1264 1225 Traverses
1288 1203 1381 1225 unam
1400 1192 1526 1224 missam
1548 1192 1679 1235 singulis
1704 1192 1840 1225 domini-

1099 1246 1142 1279 cis
1161 1252 1187 1278 et
1207 1246 1292 1278 festis
1317 1246 1427 1278 diebus
1445 1246 1482 1278 de
1501 1251 1669 1289 praecepto
1686 1246 1839 1278 celebrari

1100 1301 1212 1340 t'aeere,
1230 1299 1269 1331 ita
1288 1305 1402 1339 tamen,
1421 1304 1451 1331 ut
1482 1305 1675 1332 sacramenta
1692 1300 1839 1343 baptismi

1099 1358 1127 1385 et
1153 1353 1343 1385 matrimonii
1369 1352 1587 1386 administrare
1620 1358 1673 1384 aut
1697 1358 1840 1386 mortuos

1100 1406 1231 1449 sepelire
1257 1416 1319 1438 non
1337 1405 1434 1449 possit,
1451 1406 1570 1448 absque
1589 1416 1737 1449 expresso
1766 1406 1838 1439 dicti

1099 1459 1229 1501 parochi
1254 1469 1422 1491 consensu:
1444 1464 1473 1490 et
1498 1459 1583 1499 alias,
1597 1464 1691 1502 prout
1715 1459 1745 1491 in
1763 1460 1839 1493 scri-

1099 1512 1199 1555 pturis
1224 1512 1360 1556 desuper
1393 1512 1542 1544 consectis
1573 1513 1695 1556 plenius
1726 1513 1841 1546 dicitur

1100 1565 1263 1599 contineri.

1144 1619 1159 1662 ἓ
1184 1619 1212 1651 2.
1239 1619 1340 1658 Quare
1363 1629 1431 1660 nos,
1460 1619 1709 1663 praemissorum
1735 1620 1842 1653 validi<

1101 1673 1154 1705 tati
1179 1678 1209 1705 et
1233 1673 1396 1714 firmitati,
1421 1679 1573 1717 quantum
1606 1685 1677 1707 cum
1712 1675 1843 1708 Domino

1101 1737 1284 1770 possumus,
1312 1728 1475 1760 consulere
1501 1729 1661 1767 volentes,
1686 1729 1843 1772 supplica-

1102 1780 1240 1812 tionibus
1265 1780 1338 1813 (licti
1365 1781 1513 1813 Ludoviei
1535 1781 1619 1824 regis
1636 1781 1763 1814 nomine
1792 1792 1845 1815 no-

1100 1835 1148 1866 bis
1173 1845 1272 1878 super
1296 1835 1356 1868 hoe
1381 1835 1543 1868 humiliter
1567 1836 1721 1878 porrectis
1755 1836 1844 1869 incli-

1100 1887 1173 1927 nati,
1191 1888 1364 1931 praemissa
1389 1888 1494 1921 omnia
1519 1894 1549 1921 et
1574 1889 1695 1931 singula
1721 1900 1778 1932 per
1795 1890 1842 1922 di-

1101 1945 1184 1973 ctum
1202 1941 1373 1973 llenricum
1393 1941 1587 1985 episcopum,
1608 1946 1641 1975 ut
1657 1943 1843 1985 praefertur,

1101 1999 1178 2034 acta,
1203 2000 1290 2037 gesta
1315 2000 1342 2026 et
1369 1994 1608 2035 ordi11ata,cum
1634 1995 1705 2028 iude
1729 2006 1843 2039 sequu-

1102 2047 1150 2086 tis,
1172 2047 1238 2080 sine
1262 2052 1367 2079 tamen
1392 2048 1588 2091 liu’aeiudieio
1613 2059 1842 2091 quorumcum-

1102 2111 1162 2144 que
1182 2101 1299 2133 iurium
1324 2101 1413 2133 alteri
1429 2101 1476 2133 vel
1500 2101 1568 2133 aliis
1589 2102 1842 2145 competentium,

1101 2160 1130 2187 et
1144 2155 1310 2198 presertim
1326 2161 1471 2198 respectu
1484 2155 1719 2195 iurisdictionis,
1735 2162 1842 2189 tenore

1102 2209 1313 2251 praesentium
1332 2209 1547 2252 approbamus
1564 2214 1593 2241 et
1608 2210 1842 2250 confirmamus,

1102 2262 1223 2305 illisque
1249 2262 1439 2305 apostolicae
1464 2262 1620 2295 firmitatis
1646 2262 1743 2295 robur
1765 2263 1842 2295 adii-

1102 2317 1222 2358 cimus,
1248 2327 1283 2348 ac
1317 2327 1427 2349 omnes
1453 2322 1482 2349 et,
1507 2317 1646 2359 singulos
1680 2322 1740 2349 tam
1766 2317 1842 2350 iuris

1101 2381 1194 2414 quam
1220 2370 1292 2403 sacti
1317 2371 1454 2404 desectus
1484 2371 1575 2403 etiam
1602 2371 1840 2412 substantiales,

1102 2425 1127 2457 si
1151 2425 1205 2468 qui
1230 2425 1365 2468 desuper
1396 2425 1635 2468 quomodolibet
1666 2425 1841 2457 intervene-

1101 2478 1173 2518 rint,
1199 2479 1391 2521 supsdemus.

1145 2530 1202 2574 §3
1218 2532 1425 2564 Decernentes
1438 2531 1499 2571 illa,
1516 2541 1573 2564 nee
1588 2541 1649 2563 non
1664 2536 1842 2574 praesentes

1101 2584 1231 2624 litteras,
1256 2584 1366 2625 valida,
1388 2584 1478 2616 firma
1497 2589 1526 2616 ct
1546 2584 1684 2616 efficacia
1709 2584 1843 2617 existere

1101 2643 1131 2671 et
1154 2638 1231 2681 sore,
1246 2648 1381 2682 suosque
1406 2637 1564 2682 plenarios
1589 2643 1618 2671 et
1642 2638 1782 2681 integros
1802 2638 1844 2671 es-

1746 222 1804 257 135
1851 233 1898 258 Α11,

1920 232 1947 259 c.
1966 232 2033 269 1650

1904 1630 1978 1648 Omma
1995 1629 2042 1648 rata

1858 1655 1923 1675 habet
1939 1655 2041 1675 Urbanus.

1885 2537 2004 2558 clausulae.
