2226 3235
137 235 188 264 An.
204 235 234 262 C.
252 234 319 262 1530

146 402 265 428 Presbyteri
272 401 321 421 Con·

138 428 323 453 ,ti-egatioiiisNea-

138 456 245 481 politanae
286 460 322 475 re—

139 482 206 502 ferunt
242 481 321 502 abusus
390 493 406 498 .-
556 493 561 498 .
622 493 627 498 .
778 492 783 497 .
978 491 985 501 v

138 497 408 555 fxtmuiapncpa-torn
433 494 639 537 Neapolitani,
665 492 749 536 quod
778 503 808 525 ιιι
840 502 937 535 regno
961 492 1078 534 neapo-

149 542 159 554 e
181 540 280 559 ⁴ungrega
293 540 321 554 io-

140 568 187 581 num
203 563 293 582 exortos.

174 1496 268 1516 Pontifex
279 1496 331 1515 alias

148 1523 327 1547 Cnngregaticnes

149 1555 199 1575 erigi
211 1549 250 1569 nisi
267 1549 286 1568 in
303 1549 332 1568 ιιι-

148 1575 331 1601 ‚ignioribuseius

149 1602 196 1622 dem
211 1602 268 1626 regni
280 1602 333 1620 riti-

149 1628 227 1648 minu«
252 1631 313 1648 uetitiv

208 2400 288 2423 Quibus
307 2400 338 2420 sie.

156 2428 231 2447 erectis
265 2427 338 2446 decem

155 2453 225 2474 adsint
240 2453 339 2474 sacerdo-

943 229 1085 253 {munaus
1110 228 1165 252 VIII
1190 228 1237 251 1³1⁸.

539 280 676 308 Urbanus
697 279 775 314 Papa
794 279 871 311 vm,

455 324 492 352 ad
512 326 687 358 perpetuam
706 323 750 352 rei
770 322 950 351 memoriam.

380 387 394 429 ξ
419 386 448 419 «1.
474 386 594 430 Exponi
622 386 712 420 nobis
736 395 838 430 nuper
863 386 1004 418 fecerunt
1023 383 1072 416 di-

337 440 407 474 lecti
432 440 487 473 tilii
510 439 687 484 presbyteri
716 437 975 482 Congregationis
999 437 1075 470 Ora-

338 546 433 580 litano
457 547 625 580 nonnullae
642 550 795 590 personae
816 545 883 578 loca
911 548 941 578 et
964 543 1076 577 (lomus

337 600 597 643 Congregationis
632 600 764 633 instituti
800 597 935 632 Oratorii
962 597 1073 630 liuius-

339 654 423 687 modi
448 654 480 686 in
503 653 661 696 aliquibus
685 653 862 687 civitatibus
886 657 915 685 ct
941 650 1033 684 terris
1049 661 1078 682 e-

340 706 460 739 iusdem
486 706 618 739 instituti
643 712 673 739 et
698 706 828 739 minime
849 704 1027 749 capacibus,
1048 709 1078 736 et

340 761 391 794 ubi
416 771 589 794 concursus
614 771 672 805 pro
698 759 906 804 praedicando
932 757 1007 791 inibi
1025 757 1077 790 Dei

340 814 436 848 verbo
460 815 590 858 aliisque
618 814 692 848 dicti
714 813 845 847 instituti
865 811 1079 856 spiritualibus

340 868 496 902 exercitiis
520 868 667 902 decenter
699 866 847 900 faciendis
878 875 940 899 non
971 864 1078 906 adest,

341 921 474 965 aperire,
499 921 575 965 quin
599 921 691 954 etiam
707 947 714 961 ‚
747 930 809 963 quo
841 929 874 952 se
905 923 1079 951 sustentare

343 976 472 1016 valeant,
493 975 524 1008 in
544 975 660 1008 eisdem
675 974 751 1008 locis
767 972 892 1017 publice
907 972 937 1005 in
955 971 1080 1012 scholis,

341 1029 516 1062 constitutis
541 1028 634 1061 etiam
665 1027 758 1061 certis
787 1026 924 1065 salariis,
957 1026 1081 1065 docere,

343 1082 520 1126 rictumque
540 1081 608 1122 sibi,
628 1091 663 1114 ac
681 1081 706 1114 si
723 1079 967 1113 mendicantium
992 1078 1080 1112 Ordi-

343 1146 417 1169 num
442 1136 637 1180 professores
658 1140 770 1175 essent,
794 1144 947 1178 quaerere
973 1143 1083 1177 eoepe—

344 1195 436 1231 runt‚
459 1199 521 1222 non
547 1189 612 1222 sine
638 1199 753 1232 magno
787 1188 925 1221 eiusdem
952 1187 1083 1220 instituti

343 1243 546 1288 praeiudicio,
559 1242 709 1286 gravique
723 1242 858 1275 laesione
870 1253 875 1273 2
887 1252 984 1285 quare
1002 1251 1086 1284 pres-

344 1296 443 1341 byteri
458 1296 609 1340 praedicti
629 1296 720 1329 nobis
738 1295 900 1328 humiliter
914 1294 1084 1338 supplicari

343 1350 494 1390 fecerunt,
511 1355 545 1383 ut
561 1350 697 1393 desuper
718 1354 893 1392 opportune
919 1347 1085 1391 providere

345 1403 383 1436 de
406 1403 598 1446 benignitate
623 1402 794 1446 apostolica
819 1402 1032 1444 dignaremur.

390 1458 404 1500 ξ
429 1457 458 1490 Ξ.
484 1457 546 1489 Nos
570 1456 676 1499 igitur,
690 1455 874 1489 coruindein
892 1455 1087 1499 presbytero-

348 1521 417 1543 rum
443 1510 637 1544 indemnitati
655 1511 686 1543 in
703 1509 885 1554 praemissis
910 1513 1087 1552 opportune

348 1563 526 1606 providere,
552 1563 684 1607 illosque
709 1562 898 1606 specialibus
917 1561 1087 1599 lareribus,

349 1622 378 1649 et
402 1616 511 1660 gratiis
527 1616 676 1661 prosequi
695 1616 843 1655 volentes,
857 1620 887 1648 et
901 1625 1010 1648 eorum
1030 1614 1089 1647 sin-

348 1671 473 1713 gulares
497 1680 648 1714 personas
672 1680 689 1701 a
713 1669 875 1713 quibusvis
904 1679 1088 1702 excommu-

348 1724 524 1767 nicationis,
545 1723 759 1768 suspensionis
777 1727 806 1755 et
822 1722 989 1764 interdicti,
1010 1721 1090 1754 aliis-

348 1788 408 1821 que
433 1777 652 1811 ecclesiasticis
683 1777 864 1817 sententiis,
895 1776 1035 1809 censuris
1060 1781 1089 1808 et

350 1831 469 1875 poenis,
486 1842 503 1864 a
521 1831 588 1864 iure
613 1831 661 1864 vel
686 1831 724 1863 ab
749 1830 889 1870 bomine,
906 1829 1015 1873 quavis
1041 1840 1089 1862 oc-

350 1885 476 1918 casione
501 1885 546 1917 vel
571 1885 665 1917 causa
685 1884 765 1923 latis,
783 1884 807 1916 si
828 1883 942 1927 quibus
962 1893 1090 1926 quomo-

351 1938 468 1972 dolibet
499 1938 664 1972 innodatae
697 1938 855 1978 existunt,
880 1937 917 1970 ad
942 1937 1088 1970 effectum

352 1992 565 2036 praesentium
582 1992 741 2025 dumtaxat
758 1990 1025 2034 consequembuu,
1039 1990 1091 2022 lia-

352 2056 421 2078 rum
452 2046 532 2079 serie
564 2046 762 2079 absolventes
786 2050 814 2077 et
840 2045 1000 2078 absolutas
1026 2044 1090 2076 fore

352 2103 522 2139 censentes,
548 2099 727 2132 huiusmodi
747 2097 1031 2142 stq‘iplicationilms
1050 2098 1092 2129 in-

352 2152 468 2193 clinati,
492 2153 576 2196 quod
600 2153 638 2186 de
663 2158 768 2186 cetero
790 2152 950 2195 perpetuis
979 2151 1091 2183 suturis

353 2206 547 2249 temporibus
583 2207 651 2239 loca
675 2212 705 2239 et
729 2206 841 2239 domus
872 2205 929 2237 sub
964 2204 1091 2237 nomine

353 2269 408 2292 seu
425 2259 514 2293 titulo
530 2260 788 2303 Congregationis
805 2258 940 2293 Oratorii
957 2258 988 2290 in
1009 2258 1091 2291 dicto

355 2322 469 2355 regno,
494 2312 553 2345 nisi
574 2313 605 2345 in
628 2313 710 2345 illius
735 2311 961 2355 insignioribus
986 2311 1092 2344 cirita-

354 2366 447 2407 tibus,
472 2376 526 2399 seu
546 2376 625 2409 quae
644 2365 829 2410 metropolis
845 2365 1026 2409 provinciae
1043 2365 1091 2405 sit,

355 2424 468 2452 ettunc
484 2419 592 2451 decem
610 2419 685 2451 inibi
703 2419 890 2459 sacerdotes,
912 2419 997 2451 iuxta
1015 2429 1091 2462 qua-

355 2473 455 2505 litates
479 2483 497 2505 a
520 2472 793 2506 constitutionibus
821 2472 921 2506 (lictae
949 2472 1089 2515 Congre-

356 2527 489 2569 gationis
501 2526 674 2570 apostolica
690 2527 874 2559 auctoritate
898 2526 1092 2559 confirmatis

1753 215 1814 248 1147

1110 275 1246 315 seliolis,
1272 272 1448 307 constitutis
1473 271 1566 305 ctiam
1592 271 1685 304 certis
1716 271 1847 311 salariis,

1110 329 1156 361 vel
1179 328 1245 361 sine
1277 327 1352 371 ipsis
1380 326 1513 359 doceant
1549 335 1603 358 seu
1636 324 1849 368 eleemosynas

1110 387 1258 425 quaerant
1274 409 1281 423 ,
1305 386 1358 414 aut
1381 380 1494 413 docere
1528 379 1575 412 vel
1600 389 1771 422 quaerere,
1798 389 1850 411 co-

1110 438 1238 479 gantur)
1264 440 1456 475 sustcntarc,
1482 434 1603 478 aliaque
1628 433 1771 473 servitia,
1796 443 1850 466 seu

1111 489 1267 531 exercitia,
1282 500 1339 533 per
1352 488 1551 532 presbyteros
1567 487 1698 520 instituti
1716 486 1851 520 Oratorii

1110 542 1292 575 huiusmodi
1327 542 1395 575 sieri
1429 542 1539 584 solita,
1571 542 1672 574 facere
1707 540 1851 579 valeant,

1110 607 1246 639 quorum
1260 595 1386 639 quidem
1400 596 1541 629 omnium
1560 594 1785 638 requisitorum
1804 604 1852 626 re-

1111 650 1244 683 risscatio
1261 660 1367 683 eoram
1382 654 1490 682 nostro
1504 654 1530 682 et
1548 649 1743 692 Apostolicac
1763 647 1852 681 Sedis

1112 704 1143 736 in
1167 714 1266 747 regno
1286 703 1447 747 praedicto
1467 714 1524 746 pro
1543 707 1684 745 tempore
1701 702 1851 734 existente

1111 757 1221 790 nuntio
1246 757 1363 790 eisdem
1382 756 1574 801 presbyteris
1592 766 1717 799 semper
1734 754 1771 787 ad
1786 765 1851 787 om-

1112 811 1163 843 nia
1188 811 1289 844 citatis
1313 816 1344 843 et
1368 810 1480 843 auditis
1506 809 1574 842 tieri
1595 809 1715 851 debeat,
1737 808 1853 852 aperiri

1112 865 1291 898 nullatenus
1305 864 1421 908 possint
1452 874 1508 896 ncc
1526 863 1670 903 debeant,
1684 862 1854 906 apostolica

1113 918 1307 959 auctoritate,
1327 923 1433 950 tenore
1462 917 1684 960 praesentimn,
1711 915 1768 948 sub
1797 926 1851 947 ex-

1115 971 1408 1005 communicationis
1433 970 1560 1003 maioris
1584 970 1663 1002 latae
1686 968 1856 1001 sententiae

1116 1027 1216 1069 poena
1237 1024 1455 1058 interdicimus
1475 1029 1505 1057 et
1525 1023 1738 1066 probibemus.

1161 1079 1176 1122 g
1209 1078 1238 1112 53.
1274 1079 1483 1111 Decernentes
1520 1082 1702 1121 praesentes
1739 1076 1857 1108 litteras
1900 1089 2018 1109 erman„

1117 1143 1242 1176 semper
1267 1138 1295 1165 et
1320 1137 1474 1176 perpetuo
1501 1131 1627 1171 validas,
1644 1130 1752 1162 firmas
1771 1134 1800 1161 et
1820 1129 1858 1161 et'-

1119 1186 1230 1219 ticaces
1253 1186 1386 1218 existere
1404 1192 1429 1218 et
1455 1186 1529 1223 fore,
1548 1194 1682 1228 suosque
1701 1183 1859 1227 plenarios

1119 1245 1148 1273 et,
1174 1241 1313 1283 integros
1350 1240 1478 1272 ellectus
1508 1238 1614 1272 sortiri
1646 1244 1675 1271 et
1707 1237 1859 1274 obtinere,

1120 1304 1175 1326 nec
1202 1294 1262 1326 illis
1279 1294 1384 1337 aliquo
1402 1293 1495 1326 modo
1516 1293 1702 1335 ‹lmegaturn
1720 1295 1772 1324 aut
1791 1301 1862 1324 con-

1121 1353 1168 1380 tra
1193 1358 1244 1380 eas
1268 1347 1454 1390 dispositum
1483 1346 1521 1380 sit
1538 1350 1590 1379 aut
1610 1350 1784 1385 censeatur,
1801 1344 1860 1376 nisi

1122 1401 1151 1433 in
1177 1401 1433 1443 derogationibus
1459 1405 1511 1432 aut
1536 1399 1767 1443 dispensatione
1803 1398 1861 1429 liu-

1122 1454 1256 1487 iusmodi
1281 1454 1456 1498 presluteri
1484 1453 1633 1497 praedicti
1664 1452 1751 1496 prius
1777 1451 1860 1484 citati

1121 1514 1151 1541 et
1175 1508 1270 1541 auditi
1290 1508 1420 1547 suerint,
1440 1508 1545 1550 sieque
1571 1518 1627 1550 per
1646 1516 1862 1550 quoscumque

1122 1561 1239 1594 iudices
1254 1561 1432 1594 ordinarios
1449 1565 1478 1593 et
1494 1560 1664 1603 delegatos,
1684 1559 1777 1592 etiam
1795 1568 1863 1590 cau-

1122 1626 1227 1648 sarum
1253 1616 1358 1659 palatii
1387 1615 1549 1659 apostolici
1568 1614 1727 1647 auditores
1745 1624 1779 1646 ac
1797 1622 1863 1645 san<

1122 1674 1188 1702 ctae
1214 1670 1371 1703 Romanae
1396 1669 1553 1702 Ecclesiae
1571 1667 1755 1708 cardinales,
1783 1665 1861 1699 iudi-

1123 1723 1186 1755 cari
1204 1728 1233 1755 et
1246 1722 1369 1755 definiri
1387 1722 1513 1762 debere,
1528 1732 1562 1754 ac
1579 1721 1703 1754 irritum
1718 1726 1748 1753 et
1762 1720 1862 1758 inane,

1123 1777 1148 1810 si
1174 1787 1263 1811 secus
1288 1787 1383 1821 super
1407 1777 1455 1809 liis
1476 1787 1492 1808 a
1510 1786 1668 1820 quoquam
1689 1774 1798 1818 quavis
1814 1784 1863 1806 au<

1124 1831 1267 1864 ctoritate
1283 1831 1417 1864 scienter
1433 1830 1478 1862 rel
1498 1830 1679 1872 ignoranter
1698 1827 1864 1870 eontigerit

1124 1884 1278 1917 attentari.

1169 1938 1183 1981 ἓ
1214 1938 1223 1953 Ι

1124 1994 1154 2024 et
1169 1990 1421 2024 ordinationibus
1437 1989 1627 2034 apostolicis,
1641 2000 1675 2021 ac
1690 1987 1864 2031 quibusvis,

1125 2044 1219 2076 etiam
1233 2043 1420 2085 iuramento,
1433 2042 1671 2076 confirmatione
1681 2040 1865 2085 apostoliea,

1127 2098 1173 2130 rel
1197 2097 1305 2141 quavis
1317 2097 1464 2129 firmitate
1482 2097 1541 2129 alia
1561 2095 1726 2137 roboratis,
1745 2095 1866 2128 statutis

1126 2156 1155 2183 et
1180 2151 1480 2191 consuetudinibus,
1512 2150 1685 2194 privilegiis
1719 2159 1865 2192 quoque,

1127 2204 1253 2237 indultis
1286 2210 1315 2237 et
1346 2205 1457 2237 litteris
1489 2203 1679 2247 apostolicis,
1705 2202 1866 2246 quibusvis

1126 2258 1278 2301 personis,
1293 2257 1350 2290 sub
1375 2258 1627 2301 quibuscumque
1651 2256 1812 2289 tenoribus
1837 2261 1863 2286 et

1126 2312 1245 2352 formis,
1269 2322 1305 2344 ac
1329 2322 1401 2344 eum
1427 2311 1589 2354 (piibusvis
1620 2310 1713 2343 etiam
1738 2309 1866 2351 deroga-

1128 2365 1278 2398 toriarum
1304 2365 1530 2408 derogatoriis‚
1555 2365 1686 2407 aliisque
1718 2362 1867 2396 efficacio—

1127 2418 1224 2459 ribus,
1250 2418 1474 2451 efficacissimis
1498 2422 1527 2451 et
1552 2417 1682 2450 insolitis
1708 2416 1866 2453 clausulis,

1126 2483 1162 2505 ac
1187 2472 1382 2506 irritantibus
1403 2477 1433 2504 et
1457 2472 1523 2504 aliis
1537 2471 1681 2510 decretis,
1700 2471 1730 2502 in
1752 2479 1866 2513 genere

1128 2527 1174 2559 rel
1192 2526 1222 2558 in
1240 2526 1353 2569 specie,
1367 2531 1420 2558 aut
1435 2526 1509 2558 alias
1527 2525 1558 2557 in
1572 2524 1766 2558 contrarium
1782 2533 1867 2567 prae-

356 2580 529 2624 requisitas,
544 2579 668 2620 fuerint,
682 2580 735 2623 qui
756 2589 788 2613 se
806 2579 938 2624 (absque
956 2590 992 2613 eo
1007 2579 1091 2623 quod
1129 2579 1296 2612 missorum
1313 2578 1551 2622 quomodolibet
1568 2578 1735 2618 concessis,
1756 2577 1867 2610 contir*

357 2635 387 2667 in
411 2633 528 2666 eisdem
562 2634 638 2665 loeis
667 2633 791 2676 publice
816 2633 863 2665 vel
890 2633 1036 2677 privatim
1063 2634 1093 2667 iu
1129 2634 1218 2668 matis
1242 2639 1270 2666 et
1296 2633 1468 2668 innovatis:
1494 2633 1607 2676 quibus
1636 2631 1803 2669 omnibus,
1828 2644 1863 2663 e-

1863 224 1910 251 Αιι.
1931 224 1959 252 C.
1978 224 2046 252 1630

1208 1949 1236 1969 ιι.
1273 1938 1339 1970 Non
1369 1936 1564 1971 obstantibus
1589 1933 1864 1969 constitutionibus
1881 1944 2061 1964 ‹amram-atum.
