2248 3229
226 231 276 260 An.
294 232 408 261 c.1e34
452 224 516 258 428

247 1467 366 1491 Clausutae.

424 281 623 322 celebrandi,
652 291 707 314 scu
731 280 903 324 respective
936 281 1097 314 celebrare
1124 282 1165 314 sa-

424 335 545 375 ciendi,
575 333 735 378 quibusvis
768 333 911 377 personis
938 333 1163 378 cuiuscumque

423 387 590 431 dignitatis,
612 392 718 428 status,
744 387 869 430 gradus,
891 387 1009 421 ordinis
1034 393 1064 421 et
1087 398 1162 422 con-

422 440 547 473 ditionis
572 440 783 484 existentibus,
806 441 914 485 quavis
939 452 976 474 ex
998 443 1091 475 causa
1115 442 1161 475 vel

421 493 562 537 quaesito
587 494 692 527 colore
717 499 770 527 aut
794 499 958 538 praetextu
978 495 1160 537 concedere,

419 556 477 579 nec
501 547 677 581 litterarum
702 548 948 592 apostolicarum
973 559 1067 593 super
1091 559 1162 583 con-

420 601 562 634 cessione
585 601 685 635 dictae
710 602 866 636 cruciatae
887 604 1110 645 confectarum,
1128 608 1161 636 ut

419 656 604 698 praefertur,
626 657 796 689 summaria
816 657 863 690 vel
884 658 1028 702 exempla
1049 658 1161 691 litteris

419 710 630 743 concessionis
644 711 824 755 praedictae
841 712 997 746 cruciatae
1012 722 1075 745 non
1092 723 1162 746 con-

419 763 532 797 formia
557 764 740 809 imprimere
766 775 820 798 seu
845 766 1018 809 publicare,
1037 770 1089 800 aut
1106 767 1161 799 im-

418 816 514 860 primi
539 828 594 851 seu
628 819 783 862 publicari
813 819 915 853 facere
947 820 1081 853 audeant
1105 830 1159 853 seu

418 870 646 912 praesumant¹,
664 872 830 916 nisi·prius
855 872 964 906 eadem
989 874 1159 906 summaria

418 923 467 956 vel
492 925 635 969 exempla
651 936 668 958 a
684 930 713 958 te
731 936 783 959 seu
810 926 848 959 de
866 930 918 961 tuo
936 927 1082 961 mandato
1102 938 1159 971 per

417 987 569 1021 personas
589 979 626 1011 ad
646 979 707 1013 1100
727 979 854 1013 idoneas
878 991 896 1013 a
916 985 945 1014 te
967 981 1159 1025 deputandas

418 1032 528 1075 revisa,
546 1038 576 1066 et
593 1033 618 1066 si
633 1044 712 1077 opus
729 1034 832 1075 suerit,
852 1040 994 1074 correcta
1011 1041 1040 1068 et
1057 1046 1160 1068 emen-

418 1085 517 1129 data‘2,
532 1092 561 1120 ct
575 1098 646 1121 curn
660 1087 777 1121 eisdem
792 1088 903 1122 litteris
919 1089 1085 1132 diligenter
1100 1090 1159 1123 col-

417 1139 479 1172 lata
502 1139 627 1181 suerint,
644 1151 701 1174 nec
718 1141 884 1185 quisquam
903 1147 1012 1175 contra
1036 1153 1159 1175 earum-

417 1191 489 1225 dem
506 1193 754 1228 declarationum
772 1195 916 1236 sormam,
932 1195 1156 1228 continentiam

417 1250 447 1278 et
463 1251 588 1280 tenores
607 1248 757 1282 innovare
782 1259 836 1282 seu
860 1252 1011 1283 attentare
1031 1249 1158 1289 audeat,

417 1299 466 1332 vel
490 1302 699 1344 praesumat?

462 1353 477 1396 ξ
501 1353 530 1386 4.
556 1354 764 1388 Decernentes
784 1360 964 1399 praesentes
981 1356 1112 1399 litteras,
1130 1361 1160 1388 et

417 1406 450 1439 in
463 1406 506 1440 eis
527 1414 671 1442 contenta
696 1420 923 1454 quaecumque,
940 1411 1050 1455 quovis
1072 1420 1161 1454 prae-

417 1464 512 1504 textu,
538 1466 630 1497 causa
655 1464 701 1496 vel
727 1464 867 1507 quaesito
893 1465 1009 1507 colore,
1031 1464 1068 1498 de
1092 1464 1160 1497 sub-

417 1516 571 1559 reptionis
604 1517 651 1549 vel
687 1517 881 1561 obreptionis
918 1529 973 1551 seu
1008 1518 1160 1551 nullitatis

417 1568 503 1609 vitio,
517 1575 574 1602 aut
590 1569 772 1604 intentionis
796 1576 922 1604 nostrae
939 1571 987 1604 vel
1008 1571 1069 1604 alio
1086 1582 1160 1615 quo-

418 1632 552 1667 cumque
569 1623 689 1657 desectu
714 1624 827 1666 notari,
845 1625 1035 1668 impugnari,
1053 1625 1159 1658 redar-

417 1676 480 1718 gui,
495 1676 633 1720 infringi,
652 1678 699 1710 vel
723 1678 897 1721 retractari,
915 1678 947 1711 in
964 1679 1011 1712 ius
1024 1679 1071 1712 vel
1088 1689 1159 1711 con-

417 1730 603 1763 troversiam
621 1731 736 1772 vocari,
755 1737 808 1764 aut
824 1731 974 1765 adversus
992 1742 1043 1765 eas
1063 1732 1160 1776 quod-

417 1792 551 1827 cumque
569 1783 655 1825 iuris⁷
673 1785 802 1827 gratiae,
820 1785 867 1818 vel
889 1785 959 1818 facti
980 1785 1157 1819 remedium

417 1835 563 1869 intentari
581 1847 635 1870 seu
656 1838 828 1881 impetrari,
846 1843 899 1871 aut
923 1839 966 1872 5ἰο
990 1838 1158 1883 impetrato

417 1890 465 1922 vel
491 1900 639 1924 concesso
672 1891 851 1936 quempiam
885 1892 938 1925 illo
969 1893 1014 1925 uti
1047 1903 1102 1926 seu
1126 1903 1157 1926 se

417 1943 525 1977 iuvare
544 1944 575 1977 in
596 1944 711 1978 iudicio
728 1946 775 1978 vel
794 1950 881 1978 extra
897 1946 1002 1979 nullo4
1019 1956 1156 1990 unquam

417 2001 559 2041 tempore
578 2008 684 2042 posse,
703 1999 756 2032 sed
782 1999 849 2032 illas
875 2009 910 2032 30
931 1999 1036 2032 01111113
1054 2005 1083 2032 et
1100 2000 1157 2033 sin-

417 2051 489 2093 gula
514 2052 545 2084 in
570 2052 614 2084 eis
638 2057 783 2085 contenta
800 2063 923 2097 semper
948 2057 977 2087 et
1001 2057 1156 2098 perpetuo

416 2104 527 2145 valida,
547 2105 638 2138 firma
656 2111 685 2138 et
705 2106 843 2139 efficacia
868 2107 1000 2140 existere
1026 2112 1056 2140 et
1080 2107 1155 2150 sore,

417 2167 552 2201 suosque
568 2160 727 2203 plenarios
744 2166 774 2193 et
791 2161 930 2203 integros
948 2160 1076 2194 effectus
1093 2171 1157 2194 sor-

415 2211 468 2243 tiri
486 2217 515 2244 et
532 2212 683 2253 obtinere,
700 2218 792 2257 atquc
809 2225 826 2246 a
842 2214 1003 2257 praedicto
1021 2214 1156 2248 Antonio

416 2265 571 2299 moderno
595 2272 625 2299 et
650 2277 707 2311 pro
740 2272 882 2311 tempore
908 2268 1057 2301 existente
1082 2278 1155 2311 gra-

416 2319 530 2353 tiarum
548 2321 703 2356 cruciatae
722 2322 901 2356 huiusmodi
927 2323 1155 2366 commissario,

416 2384 451 2407 ac
479 2375 548 2409 aliis
578 2376 617 2408 ad
648 2387 727 2420 quos
757 2382 871 2420 spectat
902 2381 932 2411 et
960 2377 990 2410 in
1015 2377 1155 2410 futurum

415 2429 654 2472 quomodolibet
670 2431 840 2475 spectabit,
859 2431 1079 2464 inviolabiliter
1104 2430 1155 2464 ob-

452 2520 463 2546 1
477 2519 571 2554 Aptius
581 2520 700 2556 legerem
710 2519 1153 2556 audeatsech7·ae51mzat<n.r.).

450 2564 466 2590 2
482 2563 552 2592 Edit.
568 2565 646 2592 Main.
664 2565 727 2600 legit
742 2566 900 2594 ωηαπιίαία
917 2565 955 2601 (n.
973 2565 1023 2600 T.).

450 2606 467 2634 3
481 2608 551 2635 Edit.
568 2608 645 2637 Mam.
663 2609 728 2645 legit
741 2613 931 2645 praesumant
946 2610 987 2645 (R.
1002 2610 1050 2645 T.).

450 2651 467 2680 4
481 2652 548 2682 Male
562 2653 626 2683 edit.
641 2653 721 2684 Main,
737 2655 803 2691 legit
817 2654 877 2684 ullo
891 2655 930 2690 (a.
941 2655 991 2689 T.),

995 233 1174 258 BULLARIUM
1198 233 1353 259 ROMANUM

1199 282 1334 322 servari;
1360 282 1467 326 sicque
1495 292 1552 326 per
1576 293 1791 329 quoscumque
1814 284 1933 318 iudices

1198 335 1374 369 ordinarios
1399 340 1428 368 et
1452 335 1625 379 delegatos,
1650 337 1744 370 etiam
1767 348 1932 372 causarum

1196 388 1302 432 palatii
1333 388 1496 432 apostolici
1529 388 1706 430 auditores,
1734 400 1770 424 ac
1793 391 1933 424 eiusdem

1197 441 1225 474 S.
1243 442 1276 475 R.
1299 442 1331 475 E.
1356 442 1539 484 cardinales,
1557 443 1650 477 etiam
1671 442 1709 476 de
1733 443 1830 477 latere
1851 444 1934 488 lega-

1198 498 1244 528 tos
1262 500 1292 528 et
1314 496 1456 537 nuncios,
1474 496 1582 541 quavis
1599 496 1783 530 auctoritate
1807 496 1934 540 fungen-

1196 553 1251 590 tes,
1270 549 1301 582 in
1321 550 1429 594 quavis
1455 551 1548 583 causa
1571 555 1601 583 et
1624 550 1790 591 instantia,
1815 550 1934 585 sublata

1196 603 1240 636 eis
1265 608 1295 636 et
1319 614 1429 637 eorum
1455 603 1581 638 cuilibet
1604 604 1711 648 quavis
1735 603 1826 637 aliter
1850 604 1932 637 iudi-

1196 656 1285 690 candi
1312 662 1341 690 et
1366 657 1591 702 interpretandi
1609 658 1753 691 facultate
1777 662 1806 691 et
1827 662 1933 691 aucto-

1195 711 1295 753 ritate,
1322 711 1438 756 ubique
1463 711 1594 745 iudicari
1612 722 1648 745 30
1665 711 1788 745 definiri
1806 711 1932 753 debere,

1194 775 1229 797 ac
1244 765 1367 798 irritum
1390 769 1419 799 et
1436 765 1537 806 inane,
1554 765 1578 798 si
1604 776 1694 799 secus
1718 776 1812 810 super
1843 766 1892 799 his
1916 776 1934 798 a

1194 828 1371 862 quoquam,
1392 819 1499 862 quavis
1519 819 1714 860 auctoritate,
1735 820 1869 853 scienter
1884 820 1932 852 vel

1194 871 1387 914 ignoranter,
1413 872 1581 915 contigerit
1603 873 1757 906 attentari.

1238 926 1253 968 g
1277 925 1305 958 5.
1337 926 1404 959 Non
1430 926 1626 960 obstantibus
1657 926 1933 960 constitutionibus

1194 984 1223 1011 et
1239 979 1489 1013 ordinationibus
1506 980 1697 1024 apostolicis,
1718 991 1754 1014 30
1771 980 1933 1024 quibusvis

1193 1032 1314 1067 statutis
1328 1038 1358 1066 et
1375 1034 1664 1075 consuetudinibus,
1678 1034 1770 1067 etiarn
1780 1034 1935 1068 iuramen-

1193 1091 1234 1127 to,
1260 1086 1498 1121 confirmatione
1530 1087 1722 1131 apostolica,
1747 1088 1795 1121 vel
1825 1088 1934 1131 quavis

1193 1140 1340 1174 firmitate
1355 1142 1415 1174 alia
1430 1141 1595 1182 roboratis,
1608 1142 1782 1185 privilegiis
1798 1152 1933 1186 quoque,

1194 1194 1320 1227 indultis
1345 1198 1374 1229 et
1398 1195 1508 1228 litteris
1533 1195 1713 1239 apostolicis
1730 1195 1831 1228 eidem
1852 1206 1934 1229 coni-

1194 1248 1348 1288 missario,
1372 1258 1408 1282 30
1433 1248 1594 1292 quibusvis
1613 1249 1682 1282 aliis
1705 1249 1860 1293 personis,
1876 1249 1934 1282 sub

1193 1301 1443 1345 quibuscumque
1456 1302 1618 1335 tenoribus
1631 1306 1661 1334 et
1675 1302 1794 1342 formis,
1809 1312 1844 1335 30
1861 1312 1933 1335 curn

1193 1354 1355 1398 quibusvis
1368 1355 1461 1388 etiam
1479 1356 1752 1398 derogatoriarum
1770 1355 1935 1398 derogato-

1193 1408 1259 1449 riis,
1272 1409 1402 1453 aliisque
1420 1409 1649 1442 efficacioribus
1665 1414 1695 1442 et
1709 1409 1841 1442 insolitis
1854 1409 1934 1442 clau-

1193 1462 1279 1503 sulis,
1304 1462 1572 1506 irritantibusque,
1590 1463 1721 1506 aliisque
1738 1462 1882 1503 decretis,
1902 1462 1933 1495 in

1193 1526 1309 1559 genere
1334 1516 1381 1549 vel
1406 1516 1439 1549 in
1459 1517 1570 1560 specie,
1596 1527 1632 1550 ac
1656 1517 1741 1557 alias,
1759 1516 1790 1549 in
1814 1521 1934 1550 contra-

1194 1570 1275 1603 rium
1293 1570 1539 1614 praemissorum
1558 1570 1793 1615 quomodolibet
1810 1581 1934 1604 conces-

1193 1623 1245 1664 sis,
1270 1623 1477 1664 confirmatis,
1502 1623 1683 1668 approbatis
1707 1628 1737 1656 et
1760 1623 1932 1663 innovatis,

1193 1677 1306 1720 quibus
1327 1677 1473 1710 omnibus
1494 1682 1524 1709 ct
1549 1676 1689 1720 singulis,
1714 1677 1771 1710 etsi
1796 1687 1855 1721 pro
1875 1677 1934 1710 suf-

1192 1731 1309 1764 ficienti
1330 1742 1440 1764 eorum
1458 1731 1662 1774 derogatione
1678 1731 1717 1764 de
1733 1730 1793 1764 illis
1810 1741 1935 1764 eorum-

1193 1796 1252 1829 que
1278 1786 1351 1819 totis
1375 1785 1493 1818 tenoris
1518 1785 1678 1829 specialis,
1705 1784 1859 1829 specifica,
1886 1795 1933 1818 ex-

1191 1849 1299 1882 pressa
1313 1844 1343 1872 ct
1354 1839 1523 1879 individua,
1533 1849 1569 1872 ac
1580 1839 1618 1872 de
1629 1838 1726 1872 verbo
1739 1838 1777 1871 ad
1790 1837 1932 1880 verbum,

1192 1902 1253 1925 non
1271 1897 1373 1927 autem
1401 1903 1458 1936 per
1486 1893 1642 1925 clausulas
1669 1892 1832 1935 generales
1849 1890 1933 1925 idem

1192 1946 1409 1990 importantcs,
1430 1946 1546 1980 mentio
1571 1951 1625 1979 aut
1649 1946 1775 1989 quaevis
1799 1946 1859 1978 alia
1883 1956 1955 1979 exr

1191 1999 1311 2042 pressio
1328 1998 1471 2033 habenda
1496 2004 1549 2032 aut
1572 1999 1675 2042 aliqua
1695 1999 1754 2031 alia
1778 1998 1933 2042 exquisita

1190 2052 1293 2085 forma
1323 2053 1361 2085 ad
1391 2053 1450 2086 1100
1484 2052 1636 2086 servanda
1666 2052 1747 2085 soret
1766 2079 1774 2092 ,
1803 2052 1932 2085 illorum

1191 2106 1333 2139 omnium
1358 2111 1387 2138 et
1408 2106 1604 2149 singulorum
1634 2110 1776 2146 tenores,
1797 2115 1832 2138 30
1852 2104 1876 2137 si
1894 2104 1932 2137 de

1190 2159 1286 2193 verbo
1311 2160 1349 2192 ad
1374 2160 1504 2193 verbum
1534 2159 1759 2200 insererentur,
1783 2168 1932 2202 praesen-

1190 2213 1272 2246 tibus
1296 2223 1354 2257 pro
1379 2213 1470 2257 plene
1501 2218 1531 2246 et
1561 2213 1750 2246 sufficienter
1775 2211 1931 2256 expressis

1190 2272 1220 2300 et
1248 2266 1374 2300 insertis
1405 2267 1571 2307 babentes,
1597 2266 1655 2299 bac
1680 2266 1745 2299 vice
1771 2265 1932 2299 dumtaxat

1190 2320 1367 2365 specialiter
1391 2325 1421 2353 et
1446 2330 1592 2364 expresse
1616 2320 1822 2363 derogamus3
1849 2323 1931 2352 cete-

1189 2374 1296 2419 risque
1321 2375 1487 2408 contrariis
1512 2374 1772 2419 quibuscumque.

1232 2428 1344 2462 Datum
1370 2430 1496 2472 Romae,
1523 2429 1604 2473 apud
1628 2429 1656 2462 S.
1685 2429 1813 2462 Mariam
1836 2426 1930 2462 Maio-

1188 2493 1266 2525 rem,
1285 2484 1342 2516 sub
1371 2484 1486 2517 annulo
1514 2483 1692 2525 piscatoris,
1726 2483 1775 2516 die
1806 2492 1827 2516 x
1852 2482 1929 2515 iunii

1189 2545 1359 2580 mcxxxiv,
1384 2537 1584 2581 pontificatus
1609 2537 1708 2571 nostri
1733 2546 1813 2570 anno
1839 2545 1881 2569 xl.

1224 2599 1285 2627 Dat.
1302 2599 1344 2627 die
1359 2600 1394 2628 10
1406 2600 1472 2628 iunii
1490 2600 1567 2636 1634,
1588 2600 1683 2636 pontif.
1699 2607 1769 2628 anno
1784 2605 1821 2627 Xt.

1944 235 1999 263 An.
2015 235 2045 264 G.
2063 234 2130 265 1634

1999 938 2131 960 obstantium

1948 965 2066 991 derogatio.
