2248 3229
99 251 150 280 An.
165 252 196 280 C.
215 251 284 280 1639

128 2082 153 2104 Ei
166 2086 202 2106 ita.
212 2085 233 2103 et
243 2087 285 2104 non

99 2110 162 2131 alitor
194 2110 284 2132 iudicari

100 2137 204 2160 decrevit.

141 2459 286 2486 quuutores

101 2486 192 2513 deputat
201 2488 222 2507 et
237 2491 286 2506 con-

110 2512 273 2534 intumuimus

101 2544 183 2566 poenas
191 2539 286 2566 imponit.

913 251 1056 277 ramnus
1080 251 1136 276 vm
1162 252 1210 276 PP.

297 304 363 333 tum
397 309 468 332 cum
502 299 634 333 Domino
666 309 843 344 possumus,
875 299 1042 344 providero

300 354 447 393 volentes,
466 358 553 387 motu
571 353 713 398 proprio,
727 364 762 386 ac
781 364 815 387 ex
835 355 919 388 certa
942 353 1041 387 seien-

300 407 341 440 tia
366 409 553 451 maturaque
579 406 805 440 deliberatione
830 407 1042 449 nostris-,ue-

299 471 359 504 que
377 460 568 504 apostolicae
583 461 745 504 potestatis
758 460 963 504 plenitudine,
981 471 1043 494 om-

299 514 350 547 nia
375 520 404 547 et
428 524 646 558 quaecumque
672 514 836 558 privilegia
866 514 1043 559 personalia

299 567 597 611 quomodocumque
619 573 809 611 nuncupata,
823 567 984 611 quibusvis
1001 567 1043 600 di-

300 621 340 655 cti
365 620 491 654 Ordinis
515 620 675 661 fratribus,
697 621 925 664 cuiuscumque
942 620 1043 663 digni-

301 674 393 714 tatis,
418 674 576 718 qualitatis
617 679 644 707 et
679 674 870 708 conditionis
912 674 1044 708 existant

300 727 575 765 (charissimorum
588 728 617 760 in
627 728 750 761 Christo
769 727 906 761 tiliorum
925 732 1044 762 nostro-

301 791 371 815 rum
395 781 480 824 regis
506 781 721 814 Romanorum
755 781 785 813 in
819 781 1041 825 imperatorem

301 835 391 869 electi
416 845 452 869 ac
477 835 611 869 aliorum
637 846 748 879 regum
775 835 1044 880 praedicatoribus

300 894 330 921 et
355 888 555 924 confessariis
579 889 739 922 dumtaxat
771 889 934 933 exceptis),
959 899 1039 932 quo-

301 952 436 987 cumque
462 942 562 983 titulo,
587 948 762 987 praetextu,
781 944 874 975 causa
899 948 927 975 et
953 953 1043 976 oeca-

301 995 398 1037 sione,
413 999 442 1030 ct
467 995 505 1028 ad
525 995 662 1029 cuiusvis
679 995 857 1028 instantiam
879 1001 908 1028 et
925 995 1041 1040 suppli-

301 1049 465 1091 cationem,
489 1054 551 1082 tam
576 1060 592 1082 a
617 1049 707 1082 nobis
733 1054 761 1081 et
783 1049 932 1082 Romanis
957 1049 1040 1082 Pon-

303 1102 437 1136 tificibus
461 1101 759 1146 praedecessoribus
789 1102 921 1143 nostris,
950 1113 1043 1146 quam

301 1157 395 1190 etiam
416 1167 433 1190 a
449 1157 565 1190 dilecto
578 1157 644 1190 silio
660 1162 769 1190 nostro
788 1156 956 1190 Franciseo
973 1167 1042 1190 san-

301 1211 342 1244 cti
366 1211 527 1244 Laurentii
558 1211 588 1244 in
618 1210 752 1243 Damaso
777 1210 910 1244 diacono
936 1211 1040 1243 cardi-

300 1264 362 1297 nali
387 1263 560 1297 Barberino
588 1270 779 1308 nuncupato,
804 1269 912 1298 nostro
933 1274 1043 1298 secun-

300 1318 375 1351 dum
401 1328 529 1351 earnem
554 1328 591 1351 ex
616 1318 712 1351 fratre
743 1328 896 1361 germano
921 1324 1043 1362 nepote,

300 1371 374 1405 dieti
399 1371 525 1405 Ordinis
550 1371 633 1416 apud
659 1381 716 1404 nos
733 1376 762 1404 et
783 1370 895 1404 Sedcm
913 1373 1044 1415 Aposto-

301 1425 393 1458 licam
408 1430 599 1469 protectore,
614 1425 745 1468 aliisque
762 1424 902 1458 eiusdem
921 1424 1045 1458 Ordinis

300 1478 546 1522 protectoribus,
572 1489 607 1511 ac
631 1478 824 1522 quibuslibet
847 1477 971 1511 Ordinis
989 1478 1045 1511 liu-

301 1531 436 1565 iusmodi
473 1532 693 1576 superioribus
728 1531 881 1565 hactenus
915 1542 1044 1576 quoquo

301 1585 396 1619 niodo
421 1590 533 1619 contra
553 1591 583 1618 et
602 1591 727 1629 praeter
741 1585 900 1628 regularia
920 1585 1045 1619 Ordinis

300 1638 452 1683 praedicti
478 1638 619 1672 instituta
640 1644 669 1672 et
687 1638 874 1682 apostolicas
894 1639 1046 1672 constitu-

301 1693 402 1727 tiones
418 1702 577 1735 concessa,
595 1693 707 1726 harum
726 1692 807 1726 serie
824 1698 977 1736 perpetuo
996 1704 1044 1725 re-

302 1757 462 1788 vocamus,
486 1747 695 1788 annullamus,
721 1757 890 1789 cassamus,
916 1747 1045 1790 abroga-

301 1812 372 1834 mus
389 1806 419 1834 et
438 1801 621 1842 abolemus;
648 1801 762 1845 illaque
786 1806 940 1845 perpetuo
960 1811 1045 1835 revo-

302 1860 380 1895 cata,
404 1854 574 1896 annullata,
600 1860 729 1895 cassata,
750 1855 901 1898 abrogata
922 1860 951 1887 et
969 1855 1043 1889 abo-

303 1909 365 1951 lita,
383 1908 583 1952 iuribusquc‘
609 1915 639 1942 et
664 1908 776 1942 effectu
798 1919 895 1942 vacua
921 1919 987 1942 esse
1013 1914 1043 1942 et

303 1964 379 2004 l'ore,
404 1962 586 2006 neminique
612 1962 766 1995 ullatenus
792 1962 970 2006 suffragari,
996 1973 1045 1996 ne-

301 2027 362 2062 que
386 2017 424 2050 de
449 2021 555 2050 cetero
572 2027 588 2049 a
605 2026 764 2060 quoquam
791 2016 919 2049 concedi
940 2027 1044 2060 posse,

345 2069 423 2115 §.3
449 2071 561 2114 Sicque
591 2080 647 2114 per
679 2080 894 2114 quoscumque
926 2070 1044 2104 iudices

300 2125 479 2160 ordinarios
503 2130 533 2157 et
557 2124 731 2168 delegatos,
759 2124 852 2157 etiam
878 2134 1043 2158 causarum

300 2178 405 2223 palatii
423 2177 586 2223 apostolici
600 2178 769 2218 auditores,
782 2177 898 2222 ubique
914 2177 1044 2211 iudicari

300 2238 331 2267 et
354 2232 479 2266 definiri
504 2232 641 2272 debere,
671 2231 859 2276 irritumque
884 2237 914 2265 et
944 2232 1043 2275 inane,

300 2287 326 2320 si
352 2297 443 2321 secus
464 2296 560 2331 super
578 2286 625 2318 liis
650 2297 666 2318 a
685 2295 856 2331 quoquam,
869 2286 978 2330 quavis
995 2297 1045 2319 au·

301 2341 454 2382 ctoritate,
480 2341 615 2374 scienter
630 2340 675 2373 vel
694 2341 885 2383 ignoranter,
907 2341 1045 2384 contige-

300 2395 343 2430 rit
366 2394 522 2436 attentari,
547 2393 755 2427 decernimus,

346 2450 361 2494 g
390 2449 419 2482 4.
453 2448 631 2482 Mandantes
663 2452 830 2492 propterea
865 2447 893 2480 in
933 2448 1044 2481 virtute

302 2509 426 2538 sanctae
451 2502 657 2544 obedientiae,
675 2512 710 2536 ac
731 2501 788 2534 sub
801 2502 905 2546 poena
922 2512 1045 2536 excom-

301 2556 534 2597 municationis,
551 2555 800 2600 privationisque
825 2565 955 2589 suorum
981 2556 1045 2589 offi-

302 2611 437 2651 ciorum,
447 2610 594 2654 vocisque
607 2609 725 2643 activae
739 2612 767 2643 et
782 2609 922 2653 passivae
935 2609 1044 2654 poenis

338 2676 349 2702 l
372 2674 472 2703 Forsan
494 2673 638 2709 legendum
658 2673 824 2708 viribusque
845 2674 944 2708 (nur).

386 2729 465 2758 Bull.
485 2728 569 2758 Rom.
588 2743 620 2749 -
640 2728 697 2757 Vol.
720 2727 795 2756 XIV.
954 2728 987 2755 at

1724 239 1787 273 745

1075 310 1113 334 eo
1125 299 1193 344 ipso
1210 298 1418 341 incurrendis,
1435 298 1557 332 dilectis
1581 296 1654 331 filiis
1671 296 1816 331 ministro

1075 364 1110 387 ae
1137 353 1254 386 vicario
1278 363 1332 386 seu
1357 351 1575 386 commissario
1600 351 1816 395 generalibus,

1076 413 1106 440 et
1131 406 1282 440 ministris
1306 406 1561 450 provincialibus,
1587 404 1718 448 aliisque
1743 404 1816 437 dieti

1076 460 1200 494 Ordinis
1225 459 1452 504 superioribus,
1486 463 1530 500 ut,
1555 457 1815 503 quamprimum¹

1077 518 1258 558 praesentes
1275 518 1400 546 nostrae
1418 512 1541 545 litterae
1557 511 1594 545 ad
1612 522 1722 544 eorum
1741 510 1816 545 noti·

1078 568 1150 600 tiam
1165 567 1377 611 pervenerint,
1390 576 1500 599 omnes
1513 570 1543 599 et
1556 565 1697 609 singulos
1714 570 1819 609 patres

1076 626 1106 654 et
1131 621 1244 654 fratres
1268 619 1393 654 Ordinis
1413 619 1604 660 huiusmodi,
1626 619 1741 652 similia
1759 619 1819 663 pri-

1077 673 1190 717 vilegia
1214 673 1376 713 habentes,
1394 673 1454 706 illis
1479 683 1516 706 eo
1541 673 1608 717 ipso
1635 672 1773 716 privatos
1790 677 1817 705 ct

1077 727 1226 772 spoliatos
1251 737 1318 760 esse
1343 727 1524 769 declarent,
1549 736 1606 759 nec
1630 736 1818 770 quemquam

1079 782 1138 815 illis
1162 782 1206 814 uti
1231 781 1331 815 sinant
1362 781 1407 814 vel
1428 781 1622 825 permittant,
1640 780 1819 813 inobedien-

1079 841 1123 869 tes
1147 834 1382 880 quomodolibet
1416 838 1446 868 et
1475 834 1608 868 rebelles
1633 833 1818 878 opportunis

1079 889 1155 922 iuris
1187 895 1216 922 et
1249 888 1320 922 sacti
1354 887 1512 929 remediis,
1538 887 1623 921 iuxta
1659 887 1817 931 regularia

1078 943 1218 976 eiusdem
1236 941 1361 975 Ordinis
1387 947 1503 975 statuta
1523 941 1696 986 apostolica
1717 946 1820 974 aucto-

1079 997 1168 1029 ritate
1201 996 1409 1037 confirmata,
1440 995 1525 1029 omni
1559 1000 1587 1028 et
1622 997 1819 1039 quacumque

1078 1049 1297 1094 appellatione,
1317 1048 1540 1083 reclamatione
1565 1053 1595 1081 et
1619 1058 1749 1081 recursu
1775 1058 1819 1081 re-

1078 1104 1182 1145 motis,
1204 1102 1443 1147 compescendo.

1121 1159 1137 1203 g
1165 1158 1194 1192 5.
1225 1159 1294 1192 Non
1325 1157 1523 1191 obstantibus
1555 1156 1759 1201 praemissis,
1785 1167 1819 1190 ae

1078 1212 1240 1257 quibusvis
1275 1211 1387 1246 litteris
1423 1210 1604 1255 apostolicis
1632 1220 1727 1254 super
1751 1220 1821 1244 con-

1078 1266 1220 1300 cessione
1255 1276 1311 1299 seu
1347 1264 1586 1299 confirmatione
1611 1264 1821 1298 concessionis

1078 1319 1318 1365 privilegiorum
1342 1318 1524 1352 huiusmodi
1546 1317 1718 1358 emanans,
1743 1317 1821 1350 aliis-

1078 1384 1139 1417 que
1153 1372 1430 1406 constitutionibus
1443 1377 1473 1405 et
1486 1371 1738 1405 ordinationibus
1750 1381 1821 1415 apo-

1078 1426 1218 1467 stolicis,
1247 1436 1369 1459 necnon
1393 1425 1468 1459 dicti
1493 1424 1629 1467 Ordinis,
1655 1424 1747 1458 etiam
1773 1424 1820 1457 iu-

1079 1485 1243 1521 ramento,
1280 1479 1519 1514 confirmatione
1555 1477 1748 1523 apostolica,
1774 1478 1820 1511 vel

1078 1534 1188 1578 quavis
1210 1533 1357 1568 firmitate
1380 1532 1440 1566 alia
1465 1531 1633 1574 roboratis,
1651 1532 1773 1565 statutis
1793 1537 1819 1565 et

1079 1587 1370 1630 consuctudinibus,
1396 1586 1570 1632 privilegiis
1602 1596 1748 1630 quoque,
1773 1585 1819 1618 in-

1079 1641 1172 1675 dultis
1193 1646 1222 1674 ct
1246 1641 1359 1675 litteris
1385 1639 1576 1685 apostolicis,
1603 1640 1662 1673 sub
1688 1639 1819 1683 quibus-

1079 1706 1213 1739 cumque
1235 1694 1396 1729 tenoribus
1421 1699 1451 1728 et
1476 1693 1595 1735 formis,
1612 1704 1647 1728 ac
1665 1703 1736 1726 eum
1755 1693 1821 1738 qui-

1078 1749 1185 1783 busvis
1201 1749 1295 1782 etiam
1309 1747 1582 1792 derogatoriarum
1600 1746 1820 1790 derogatoriis,

1078 1802 1209 1846 aliisque
1234 1801 1464 1845 efficacioribus
1488 1806 1518 1834 et
1543 1799 1677 1834 insolitis
1701 1800 1821 1834 clausu-

1079 1855 1137 1898 lis,
1164 1853 1360 1888 irritantibus
1393 1859 1421 1887 et
1453 1853 1521 1887 aliis
1547 1853 1701 1896 decretis,
1727 1854 1820 1887 etiam

1080 1913 1167 1942 motu
1193 1914 1223 1942 et
1247 1908 1376 1942 scientia
1407 1918 1442 1941 ac
1471 1907 1631 1952 potestatis
1656 1907 1822 1952 plenitudi-

1079 1972 1117 1996 ne
1141 1962 1309 2005 similibus,
1332 1962 1362 1995 in
1382 1972 1498 2006 genere
1528 1962 1574 1995 vel
1600 1961 1631 1994 in
1656 1961 1772 2006 specie,
1790 1962 1822 1994 in

1079 2016 1272 2050 contrarium
1304 2016 1551 2060 praemissorum
1585 2015 1822 2060 quomodolibet

1079 2070 1246 2111 concessis,
1263 2070 1458 2104 contii-matis
1475 2074 1505 2104 ct
1522 2069 1690 2110 innovatis;
1708 2069 1822 2114 quibus

1078 2123 1224 2157 omnibus
1245 2129 1275 2157 et
1294 2122 1440 2166 singulis,
1465 2123 1586 2157 etiamsi
1611 2134 1669 2168 pro
1694 2123 1821 2158 illorum

1078 2176 1243 2210 sufficienti
1268 2176 1473 2220 derogatione
1497 2176 1535 2210 de
1560 2176 1621 2210 illis
1647 2186 1822 2221 corumque

1080 2231 1151 2265 totis
1177 2230 1340 2264 tenoribus
1354 2230 1508 2274 specialis,
1522 2230 1680 2275 specifica,
1698 2242 1822 2275 expres-

1078 2296 1112 2318 sa
1137 2290 1166 2318 et
1190 2283 1349 2318 individua
1373 2294 1409 2317 ac
1429 2283 1468 2318 de
1492 2284 1590 2319 verbo
1614 2284 1653 2318 ad
1678 2284 1821 2327 verbum,

1078 2349 1141 2374 non
1166 2343 1270 2372 autem
1296 2349 1352 2383 per
1377 2338 1532 2373 clausulas
1556 2339 1721 2382 generales
1738 2339 1821 2372 idem

1079 2394 1297 2438 importanteS,
1322 2393 1441 2426 mentio
1459 2402 1514 2426 seu
1538 2393 1666 2437 quaevis
1691 2393 1751 2426 alia
1770 2403 1821 2427 cx-

1079 2446 1201 2492 pressio
1225 2445 1368 2489 habenda
1384 2451 1449 2489 ¹aut
1468 2446 1572 2492 aliqua
1591 2446 1652 2480 alia
1668 2447 1821 2492 exquisita

1078 2502 1178 2536 soi-ma
1191 2501 1230 2535 ad
1250 2501 1310 2535 hoc
1330 2500 1482 2534 servanda
1499 2501 1590 2542 soret,
1607 2501 1735 2535 illorum
1756 2511 1821 2534 om-

1077 2556 1166 2589 nium
1191 2560 1221 2588 et
1244 2554 1442 2598 singulorum
1464 2558 1587 2588 tenores
1603 2554 1821 2599 praesentibus

1078 2620 1136 2655 pro
1153 2610 1246 2654 plene
1270 2612 1300 2642 et
1324 2608 1516 2642 sufficienter
1533 2608 1690 2654 expressis
1706 2608 1820 2643 haben—

1116 2675 1125 2702 1
1145 2673 1248 2703 Forsan
1263 2672 1407 2710 tegendum
1422 2681 1513 2710 quum
1523 2673 1657 2710 primum
1672 2675 1712 2710 (n.
1726 2673 1776 2708 τ.).

1833 250 1924 277 Aine.
1950 250 2014 277 1030

1904 1167 2019 1188 Contrariis

1835 1194 1931 1220 ‹lesu-gat.
