2248 3229
138 198 188 227 An.
208 197 236 226 C.
258 195 325 227 2633

954 189 1096 214 t'nmNL's
1118 189 1176 214 vm
1195 189 1245 214 ΡΡ,

338 246 483 279 derantes
509 241 688 284 affectibus,
713 242 780 285 illa,
806 250 886 286 quae
911 243 1228 298 propterea'causae
1253 235 1473 270 instructione¹
1499 245 1556 279 per
1582 239 1684 269 certos
1712 235 1862 268 commis-

337 298 533 345 proeessisse
549 297 707 338 dicuntur,
725 307 763 330 ne
789 297 820 328 in
837 294 993 330 recidivae
1011 304 1082 327 con-

338 352 486 386 tentionis
510 352 695 396 scrupulum
721 350 894 392 elabantur,
913 349 966 382 sed
989 348 1081 381 firma

337 411 492 451 perpetuo
517 410 547 438 et
571 405 689 438 illibata
715 403 906 444 consistant,
930 403 1079 444 libenter,

339 470 410 493 cum
427 470 444 493 a
463 459 555 493 nobis
570 459 698 503 petitur,
716 457 889 501 apostolico
907 455 1081 489 munimine

338 513 549 554 roboramus,
581 512 730 557 ipsosque
763 511 817 544 Dei
850 511 1010 543 ministros
1042 509 1081 541 ab

339 567 487 601 indebitis
511 566 674 606 molestiis,
699 561 774 599 dum
800 565 830 597 id
855 564 996 608 aequitas
1016 573 1082 596 sua-

339 621 414 655 dere
434 620 567 661 videtur,
588 620 798 652 sublevamus.
820 618 899 652 Sane
916 617 1007 651 nohis
1027 627 1082 649 nu-

337 685 395 720 per
419 685 479 719 pro
503 673 613 718 parte¹
641 673 829 707 dilectorum
849 673 988 706 liliorum
1005 671 1081 704 cleri

338 727 610 771 singulariumque
629 737 838 771 personarum
856 724 1080 759 ecclesiastica-

338 792 410 815 rum
435 781 467 814 in
484 781 601 814 nostris
618 780 742 814 civitate
762 778 970 813 Arenionensi
988 783 1017 810 et
1035 787 1083 810 co-

338 835 452 868 mitatu
479 834 670 878 Venayssino
695 833 876 876 degentium
906 831 1081 876 expositum

338 889 406 930 suit,
431 887 517 931 quod
540 887 616 920 alias
642 887 726 931 [cum
752 886 789 919 lis
806 891 835 919 et
855 895 948 918 causa
966 890 996 917 et
1013 895 1083 917 con-

339 940 514 982 troversia,
540 940 646 984 primo
676 939 758 972 inter
786 939 886 972 bonae
910 938 1083 971 memoriae

338 995 543 1030 Franciscum
568 994 606 1027 de
630 994 809 1028 Clarmonte
833 993 862 1026 S.
889 993 923 1025 R.
950 992 982 1025 E.
1008 1002 1080 1025 car-

339 1049 477 1082 dinalem
495 1052 567 1083 tune
587 1048 619 1080 in
639 1047 763 1081 civitate
781 1052 811 1080 et
830 1046 981 1080 comitatu
998 1056 1085 1090 prac-

339 1102 430 1136 dictis
458 1102 659 1146 Apostolicae
689 1101 777 1135 Sedis
809 1101 949 1144 legatum
975 1100 1013 1133 de
1038 1101 1083 1133 la-

340 1162 417 1196 tere,
431 1161 461 1189 et
484 1155 607 1195 deinde,
632 1165 669 1188 eo
694 1155 757 1187 vita
781 1155 903 1195 functo,
930 1155 1012 1187 inter
1036 1154 1081 1187 si-

340 1210 423 1243 milis
449 1209 621 1242 memoriae
645 1208 859 1242 Alexandrum
892 1208 1084 1241 cardinalem

339 1263 378 1297 de
394 1262 545 1296 Farnesio
564 1267 794 1306 nuncupatum,
812 1262 966 1306 praedicti
983 1262 1083 1294 cardi-

339 1317 419 1352 natis
444 1316 601 1349 Francisci
627 1316 658 1348 in
682 1316 793 1349 eadem
826 1316 983 1359 legatione
1008 1327 1081 1349 suc-

341 1381 509 1411 cessorem,
534 1380 571 1403 ex
596 1372 658 1402 una
673 1396 680 1410 ‚
705 1375 735 1402 et
760 1369 939 1413 praedictos
964 1370 1084 1402 clerum

341 1430 371 1458 ct
395 1434 548 1469 personas
572 1423 799 1456 ecclesiasticas
823 1423 968 1466 partibus
993 1434 1029 1455 ex
1046 1424 1087 1455 al-

342 1480 420 1520 tera,
440 1488 535 1522 super
552 1477 713 1510 exactione
738 1477 913 1521 spoliorum
935 1487 1086 1521 persona-

341 1543 413 1567 rum
439 1532 723 1566 ecclesiasticarum
752 1532 941 1565 secularium
974 1535 1004 1565 et
1035 1541 1085 1564 re-

342 1587 501 1631 gularium
536 1586 718 1619 huiusmodi
754 1591 899 1630 tempore
936 1584 1086 1618 illarum‘z

341 1639 447 1675 obitus
476 1639 708 1673 remanentium
734 1639 828 1683 (quae
858 1639 951 1682 legati
981 1639 1020 1672 ad
1053 1649 1085 1672 se

342 1693 463 1728 ratione
485 1693 653 1736 legationis
669 1703 743 1726 suae
756 1692 767 1709 ³
790 1693 950 1737 pertinere
970 1698 1000 1726 et
1017 1703 1086 1737 spe-

342 1753 449 1789 ctare,
473 1747 577 1781 clerus
601 1757 677 1780 vero
702 1751 733 1780 et
757 1757 913 1791 personae
937 1747 1084 1780 ecclesia-

343 1801 438 1835 sticae
457 1800 608 1845 praedicti
625 1811 658 1834 se
675 1800 714 1834 de
731 1800 792 1833 illis
817 1806 878 1834 tam
896 1801 978 1835 inter
1000 1801 1085 1834 vivos

343 1865 437 1900 quam
462 1854 572 1888 ultima
596 1854 756 1888 voluntate
780 1850 880 1888 libe're
904 1854 1084 1898 disponere,

343 1918 446 1953 neque
470 1908 573 1952 ipsum
599 1918 658 1952 pro
683 1912 825 1951 tempore
841 1908 1024 1941 existentem
1046 1908 1086 1941 le-

343 1967 451 2007 gatum
475 1961 508 1995 in
532 1961 593 1994 illis
618 1972 651 1994 se
675 1961 915 2005 quomodolibet
932 1962 1086 1995 intromit-

344 2021 410 2049 tere
432 2025 526 2060 posse
542 2015 590 2048 vel
605 2014 730 2055 debere,
746 2025 840 2058 seque
859 2014 891 2047 in
904 2015 1085 2048 huiusmodi

343 2069 484 2115 practica
508 2074 538 2102 et
560 2068 744 2112 longissime
769 2068 949 2102 continuata
967 2077 1104 2114 posses-3

1102 2120 1104 2155 ζ
1120 2120 1230 2159 dictae,
1245 2129 1299 2152 seu
1317 2129 1427 2152 eorum
1442 2119 1593 2151 haeredes
1611 2125 1641 2152 et
1655 2130 1863 2161 successores,

345 2123 441 2165 sione,
466 2133 522 2156 seu
545 2122 644 2167 quasi,
670 2133 737 2155 esse
753 2122 959 2165 asserebant),
978 2122 1087 2156 rebus-

344 2187 405 2221 que
437 2176 505 2209 aliis
536 2177 568 2209 in
600 2177 676 2210 actis
707 2186 818 2210 causae
854 2181 884 2209 et
920 2186 1084 2209 causarum

345 2230 527 2264 huiusmodi
550 2230 644 2263 latius
668 2230 820 2270 deductis,
845 2235 874 2262 et
894 2229 1019 2262 illarum
1037 2240 1086 2263 oc-

345 2285 485 2327 casione,
510 2284 542 2317 in
572 2285 712 2318 Romana
738 2284 826 2318 curia
857 2295 966 2318 coram
999 2289 1085 2317 certo

345 2348 510 2372 causarum
537 2338 643 2382 palatii
668 2338 834 2382 apostolici
863 2338 1005 2372 auditore
1031 2349 1085 2371 seu

345 2393 577 2427 locumtenente
593 2398 662 2426 orta
684 2392 804 2434 suisset,
829 2403 865 2426 ae
884 2393 999 2426 diversi
1015 2404 1086 2438 pro-

346 2456 452 2481 cessus
487 2456 584 2491 super
614 2446 663 2479 his
692 2457 751 2491 pro
784 2447 883 2491 ipsius
913 2447 1032 2490 negotii
1057 2453 1086 2481 et

381 2529 393 2556 1
411 2527 498 2555 Voces
511 2534 565 2562 pro
576 2529 663 2562 parte
678 2526 805 2554 addimus
818 2527 858 2562 (n.
875 2527 924 2561 τ.).

380 2573 397 2601 2
411 2574 442 2601 In
457 2573 515 2601 loco
530 2573 627 2609 parall.
644 2573 745 2608 legitur
758 2572 879 2600 illorum
894 2573 932 2607 (a.
948 2574 996 2607 7.).

381 2618 398 2646 3
412 2618 558 2654 Perperam
573 2617 637 2645 edit.
654 2616 733 2644 Main.
750 2617 814 2652 legit
831 2620 897 2644 tuae
912 2620 949 2652 (n.
966 2619 1014 2653 Τ.).

445 2671 524 2700 Bau.
539 2671 623 2700 Rom.
640 2686 671 2691 »υ
691 2671 751 2699 Vol.
771 2670 847 2699 XIV.
993 2671 1027 2698 40

1116 293 1215 326 sarios
1239 291 1277 325 ad
1303 291 1333 323 id
1359 290 1536 334 specialiter
1561 300 1616 333 per
1641 289 1752 322 Sedem
1777 290 1861 332 Apo-

1116 347 1259 380 stolicam
1284 345 1448 389 deputatos
1474 344 1504 376 in
1525 343 1643 376 eisdem
1662 343 1804 387 partibus
1823 343 1862 375 sa-

1115 401 1156 434 cti
1183 404 1212 434 et
1237 399 1275 433 ad
1299 399 1442 432 eamdem
1468 398 1587 431 curiam
1615 397 1806 437 transiliissi,
1831 401 1862 429 et

1116 454 1147 486 in
1172 452 1328 487 eiusmodi
1366 454 1459 485 causa
1490 452 1528 484 ad
1558 451 1725 484 nonnullos
1750 456 1860 491 actus,

1116 508 1194 540 citra
1212 511 1317 539 tamen
1332 505 1415 538 illius
1430 505 1676 541 conclusimiem,
1691 504 1859 537 deventum

1116 559 1236 604 suisset]
1263 559 1388 591 tandem
1414 558 1590 591 Alexander
1615 557 1782 590 cardinalis
1813 558 1857 590 le-

1116 618 1207 656 gatus
1223 623 1259 645 ac
1276 612 1380 644 clerus
1397 611 1558 654 praedicti,
1577 611 1744 643 ulteriores
1759 611 1861 643 litium

1117 667 1285 707 anfractus,
1312 665 1436 698 labores
1457 669 1487 698 et
1512 665 1673 708 dispendia
1696 665 1792 697 vitare
1810 675 1862 697 vo-

1116 721 1226 760 lentes,
1251 719 1289 752 ad
1315 724 1433 751 certam
1459 719 1660 752 concordiam
1687 724 1716 751 et
1742 724 1862 750 transa-

1117 773 1264 815 ctionem,
1291 773 1348 805 sub
1373 778 1478 805 tamen
1503 773 1643 805 eiusdem
1666 772 1753 805 Sedis
1770 772 1862 805 bene-

1117 827 1243 871 placito,
1268 826 1472 868 devenerunt,
1499 837 1555 869 per
1579 837 1672 869 quam
1700 827 1780 859 inter
1800 826 1861 859 alia

1117 880 1218 914 dictus
1244 880 1420 912 Alexander
1445 879 1612 911 cardinalis
1638 879 1682 911 liti
1703 883 1732 912 et
1749 889 1862 912 causae

1118 934 1306 979 praediclae,
1333 939 1394 966 tam
1421 934 1449 965 in
1476 934 1556 967 dieta
1578 934 1666 967 curia
1688 945 1783 977 quam
1802 934 1863 967 sor-

1119 999 1173 1021 san
1194 993 1280 1021 extra
1301 998 1368 1020 cam
1387 993 1415 1019 et
1433 987 1508 1019 alias
1534 988 1771 1030 quomodolibet
1790 998 1863 1031 pen-

1118 1042 1274 1083 dentibus,
1300 1042 1331 1073 in
1356 1052 1558 1085 quoeumijluc
1583 1046 1665 1073 statu
1698 1041 1863 1074 instantiae

1119 1096 1347 1140 reperirentur,
1364 1105 1487 1128 necnon
1507 1095 1567 1127 iuri
1586 1099 1615 1128 et
1635 1095 1771 1128 facultati
1797 1095 1862 1128 exi-

1119 1150 1212 1193 gendi
1237 1150 1319 1182 dicta
1343 1150 1451 1193 spolia,
1479 1155 1539 1181 tam
1559 1149 1667 1191 vigore
1686 1150 1864 1193 privilegio-

1119 1215 1190 1236 rum
1216 1203 1274 1235 sibi
1294 1203 1324 1235 in
1345 1203 1406 1235 vim
1427 1214 1499 1235 suae
1517 1203 1682 1245 legationis
1698 1214 1863 1236 concesso-

1103 1268 1202 1298 rum,
1220 1268 1313 1301 quam
1333 1263 1469 1289 assertae
1488 1257 1542 1289 ac'2
1555 1257 1722 1289 diuturnae
1741 1267 1864 1301 posses-

1120 1312 1226 1352 sionis,
1251 1323 1306 1344 seu
1331 1312 1431 1355 quasi,
1453 1322 1574 1343 necnon
1589 1322 1863 1354 quarumcumque

1119 1366 1294 1399 litterarum
1311 1365 1566 1408 alivostolicarum,
1581 1375 1598 1396 a
1611 1365 1863 1408 ‹piibuscumque

1119 1420 1269 1452 Romanis
1296 1419 1508 1458 Pontificibus,
1534 1419 1582 1451 et³
1605 1429 1622 1450 a
1644 1419 1740 1451 felicis
1761 1430 1864 1452 reeor-

1119 1473 1252 1506 dationis
1278 1474 1373 1506 Paulo
1400 1473 1482 1516 Papa
1504 1472 1541 1504 111
1563 1478 1591 1504 ct
1613 1472 1691 1505 lulio
1712 1473 1804 1505 etiam
1823 1473 1863 1506 111

1118 1527 1417 1571 praedecessoribus
1443 1527 1568 1566 nostris,
1589 1527 1618 1558 in
1640 1526 1778 1559 eiusdem
1797 1527 1863 1559 Ale-

1119 1581 1230 1613 xandri
1255 1580 1424 1613 cardinalis
1444 1584 1473 1613 et
1499 1580 1591 1621 legati
1611 1580 1748 1613 savorem
1768 1585 1797 1614 et
1813 1579 1864 1612 ad-

1119 1645 1229 1668 versus
1258 1634 1345 1678 ipsos
1376 1634 1495 1666 clerum
1528 1639 1558 1665 et
1581 1644 1731 1677 personas
1757 1634 1860 1666 eecle-

1119 1689 1260 1722 siasticas
1275 1687 1375 1732 spolia
1390 1687 1550 1731 praedicta
1565 1698 1626 1720 non
1638 1688 1794 1720 solventes
1808 1698 1864 1721 seu

1119 1742 1312 1775 occultantes
1329 1746 1557 1781 emanatarum,
1574 1747 1603 1773 et
1628 1742 1704 1774 alias
1728 1752 1863 1785 quomo-

1119 1796 1298 1840 documque
1324 1796 1575 1839 competentibus
1600 1801 1627 1828 et
1661 1796 1691 1827 in
1721 1796 1863 1829 sutiu‘um

1119 1849 1337 1894 competituris
1372 1849 1437 1892 (ita
1475 1849 1558 1892 quod
1594 1849 1681 1882 nullo
1713 1860 1863 1893 umquam

1119 1909 1262 1948 tempore
1288 1903 1347 1935 sibi
1372 1908 1425 1936 aut
1450 1903 1514 1935 suis
1544 1903 1573 1935 in
1603 1903 1685 1936 dicta
1707 1904 1863 1947 legatione

1120 1957 1356 1991 successoribus
1386 1958 1434 1989 ius
1471 1957 1501 1989 in
1538 1957 1718 1990 huiusmodi
1755 1958 1863 2001 spoliis

1119 2022 1155 2044 ac
1191 2022 1303 2045 eorum
1337 2011 1522 2044 collectione
1556 2021 1591 2043 ac
1623 2012 1864 2055 recuperatione

1120 2070 1322 2110 competeret,
1348 2076 1406 2099 nec
1431 2066 1532 2097 clerus
1551 2071 1579 2097 et
1598 2074 1751 2109 personae
1772 2077 1865 2110 prae-

1120 2174 1184 2206 ulla
1209 2174 1331 2205 ratione
1356 2173 1393 2205 ad
1419 2173 1546 2205 illorum
1582 2173 1807 2206 exhibitionem
1833 2179 1863 2207 et

1121 2227 1364 2272 praestationem
1391 2227 1460 2270 cogi
1486 2232 1514 2259 et
1543 2227 1689 2271 compelli
1721 2228 1862 2271 possent)

1120 2283 1151 2315 in
1176 2283 1315 2315 savorem
1341 2282 1526 2315 eorumdem
1559 2282 1634 2315 cleri
1659 2287 1688 2314 et
1717 2292 1863 2325 persona-

1120 2348 1189 2370 rum
1216 2336 1500 2371 ecclesiasticarum
1526 2327 1638 2376 ‹fe'ssitg
1664 2336 1766 2368 clerus
1787 2345 1862 2369 vero

1120 2397 1147 2425 et
1166 2391 1394 2425 ecclesiasticae
1411 2400 1565 2434 personae
1586 2389 1763 2433 praedictae
1781 2400 1863 2423 sum·

1121 2455 1203 2478 mam
1237 2444 1323 2477 mille
1358 2450 1520 2477 scutorum
1553 2444 1655 2476 eidem
1683 2443 1860 2478 Alexandro

1156 2528 1166 2553 1
1187 2525 1216 2552 ln
1231 2525 1289 2552 loco
1305 2524 1401 2560 parall.
1419 2525 1516 2559 legitur
1533 2524 1745 2551 introductione
1761 2524 1798 2560 (a.
1811 2525 1861 2559 Tr).

1155 2572 1171 2598 2
1186 2570 1328 2598 Coniunct.
1345 2579 1378 2596 ae
1394 2578 1424 2597 ex
1439 2569 1490 2596 loe.
1509 2568 1602 2605 parall.
1619 2568 1734 2595 delenda
1750 2571 1790 2603 (n.
1801 2569 1851 2604 T.).

1154 2617 1171 2645 3
1185 2615 1214 2643 In
1230 2615 1288 2643 loco
1304 2614 1434 2650 parallelo
1450 2614 1550 2650 legitur
1564 2615 1652 2642 etiam
1668 2613 1705 2649 (R.
1720 2613 1766 2648 T.).

1761 176 1827 209 313
1874 185 1924 213 An.
1941 185 1970 215 C.
1993 184 2062 214 1633
