2248 3229
199 195 248 221 An.
265 194 380 223 &1632
431 187 497 221 294

218 256 381 277 nusoluuonem
441 246 456 288 ξ
479 245 509 278 9,
534 245 622 279 Nunc
644 251 758 285 autem,
780 249 815 277 ut
834 253 957 276 summa
980 249 1138 277 sexcento-

198 286 335 333 ssssiiqffiiluf
347 285 382 335 &Si
397 308 467 330 rum
492 299 625 331 millium
650 298 834 331 ducatorum
855 297 1036 330 huiusmodi
1056 297 1136 330 infra

198 334 302 357 beneficia
328 335 381 356 obti-
421 351 426 357 .
732 350 760 356 ..
931 350 936 355 .
1116 350 1121 355 .

198 364 247 382 nem
304 362 381 387 simpti-
397 351 514 385 dietum
540 362 656 384 annum
681 351 802 383 facilius
826 350 1011 383 conficiatur
1034 361 1136 394 provi-

198 390 382 445 iissstifffflifflssi
398 403 471 436 dere
495 404 644 444 volentes,
665 409 753 437 motu
777 404 917 448 proprio,
937 409 966 436 et
991 414 1027 436 ex
1052 405 1137 437 certa

198 441 381 489 3312¹0x52lssl¹1ll¹ff
398 456 526 489 seientia
549 467 585 490 ae
606 459 729 490 matura
761 456 985 491 deliberatione
1010 456 1136 497 nostris,

398 509 498 553 deque
523 511 711 554 apostolicae
735 510 896 554 potestatis
925 510 1136 554 plenitudine,

398 562 482 605 quod
507 563 771 597 contributionem
797 569 827 596 et
851 563 1039 597 solutionem
1058 563 1138 596 deci-

398 625 466 648 mae
491 615 688 657 huiusmodi,
717 616 810 650 etiam
835 626 945 650 omnes
969 622 999 649 ct
1023 616 1137 659 singuli

397 667 553 712 simplicia
562 669 714 702 beneficia
727 669 938 703 ecclesiastiea
951 670 1137 710 obtinentes,

397 731 533 765 quorum
559 722 653 755 annui
679 723 818 756 redditus
840 733 995 756 summam
1016 722 1138 766 viginti-

397 780 531 818 quatuor
555 775 741 809 ducatorum
767 776 836 809 auri
860 776 898 809 de
923 779 1048 810 camera
1075 787 1137 810 non

398 828 566 871 excedunt,
582 835 757 873 teneantur
782 835 812 863 et
836 830 966 873 obligati
990 829 1068 871 sint,
1094 835 1139 863 te-

398 891 475 914 nore
492 883 714 926 praesentium,
732 883 931 916 decernimus
950 888 980 916 et
1003 883 1139 916 declara-

359 945 362 948 ·
399 945 485 975 mus,
512 935 630 980 tibique
659 937 697 969 ad
723 937 936 970 omnimodam
961 937 1137 970 litterarum

397 994 577 1023 nostrarum
594 1000 688 1034 super
707 990 888 1034 praemissis
913 996 1137 1033 emanatarum,

399 1053 469 1075 eum
494 1043 639 1076 omnibus
671 1049 700 1076 et
725 1043 855 1086 singulis
888 1044 1085 1077 facultatibus
1110 1050 1139 1077 et

399 1095 526 1130 indultis
543 1096 586 1129 ibi
604 1097 768 1140 expressis,
786 1097 1037 1138 exequutionem,
1056 1097 1140 1132 iuxta

400 1154 540 1182 tenorem
567 1149 683 1182 decreti
702 1155 732 1182 et
756 1149 976 1182 declarationis
993 1149 1023 1181 in
1040 1150 1140 1193 publi-

399 1199 458 1233 ris‘
477 1201 588 1234 litteris
613 1212 847 1245 expressorum,
868 1207 898 1234 et
919 1204 1039 1235 servata
1065 1202 1140 1235 alias

398 1255 430 1286 in
447 1255 592 1288 omnibus
610 1260 640 1287 et
657 1266 714 1299 per
731 1255 836 1289 omnia
855 1255 997 1298 priorum
1023 1260 1142 1289 nostra-

400 1318 469 1340 rum
494 1308 670 1341 litterarum
692 1309 804 1349 forma,
820 1308 1021 1352 procedendi,
1038 1315 1141 1342 aueto-

399 1361 490 1394 ritate
514 1362 697 1405 apostolica,
715 1362 896 1395 earumdem
922 1368 1031 1395 tenore
1055 1373 1141 1406 prae-

400 1414 553 1454 sentium,
574 1415 710 1458 plenam,
728 1415 859 1448 liberam
886 1420 916 1448 et
940 1416 1075 1459 amplam
1101 1416 1141 1448 sa-

400 1468 548 1501 cultatem
576 1474 605 1501 et
633 1469 851 1503 auctoritatem
880 1469 1082 1503 concedimus
1111 1475 1142 1503 et

400 1521 609 1566 impartimur.

445 1575 513 1619 53.
550 1577 618 1610 Non
653 1577 848 1611 obstantibus
883 1577 994 1611 litteris
1026 1577 1142 1610 nostris

400 1629 578 1673 praedictis,
591 1630 694 1672 quoad
711 1641 746 1663 ea
762 1641 842 1674 quae
859 1630 1076 1674 praesentibus
1093 1630 1143 1663 ad-

401 1687 577 1723 versantur,
601 1694 637 1717 ae
661 1684 807 1717 omnibus
832 1684 901 1725 illis,
927 1695 1007 1728 quae
1031 1684 1062 1716 in
1086 1684 1142 1717 eis-

402 1736 472 1769 dem
499 1737 609 1770 litteris
633 1738 790 1771 voluimus
811 1748 873 1770 non
899 1737 1035 1778 obstare,
1062 1742 1142 1771 cete-

402 1789 509 1834 risque
534 1791 701 1824 contrariis
725 1791 985 1834 quibuscumque.

446 1844 558 1877 Datum
583 1844 711 1884 Romae,
736 1844 818 1888 apud
843 1844 872 1877 S.
898 1844 1025 1876 Mariam
1048 1844 1143 1877 Maio-

402 1907 480 1937 rem,
498 1897 554 1929 sub
579 1897 694 1930 annulo
718 1896 895 1937 piscatoris,
915 1896 964 1929 die
984 1907 1057 1930 xxlv
1076 1896 1142 1929 iulii

403 1961 484 1984 anno
498 1961 659 1992 itincxxxn,
673 1951 875 1995 pontificatus
888 1951 986 1985 nostri
1003 1961 1084 1984 anno
1099 1960 1141 1984 ix.

439 2013 500 2042 Dat.
516 2014 559 2042 die
574 2014 608 2041 524
623 2013 681 2041 iulii
702 2013 780 2047 1632,
801 2013 895 2049 pontif.
913 2021 983 2041 anno
998 2021 1035 2039 ix.

706 2176 840 2211 CDXLll.

408 2274 614 2317 Confirmatio
646 2273 823 2306 sententiae
857 2271 941 2304 latae
971 2280 1067 2314 super
1096 2279 1145 2303 cct-

449 2328 542 2371 putio
566 2327 704 2360 rotundo
730 2337 766 2359 cic
789 2326 926 2369 Iaryiori
952 2323 1100 2357 mozzettci
1126 2333 1146 2355 α

450 2381 607 2424 fratribus
639 2381 744 2414 sancti
773 2380 944 2414 Francisci
974 2378 1145 2412 strictioris

452 2435 671 2468 observantiae
683 2433 857 2467 recolleetis
874 2433 968 2475 requi
987 2432 1147 2465 Franeiae

452 2487 650 2531 deferendis,
679 2492 707 2521 ct
731 2487 926 2521 nzaudcttttm
959 2485 1147 2520 observandi

446 2561 455 2584 t
480 2558 578 2587 Forsan
591 2560 852 2602 praesentibuspro
865 2558 988 2595 publicis
1003 2556 1146 2595 legendum

410 2604 446 2638 (a.
464 2604 510 2637 m.

978 196 1158 221 BULLARIUM
1177 196 1332 220 ROMANUM

1923 195 1972 223 ltn.
1990 195 2017 223 C.
2039 194 2107 223 1632

1215 244 1336 277 dictam
1370 243 1565 277 sententiam
1599 232 1671 278 curii
1700 244 1909 289 impositione

1203 299 1207 302 ”
1212 307 1392 340 poenarum
1403 296 1421 329 ¹.

1328 369 1332 372 .
1378 387 1513 414 Urbanus
1530 373 1619 419 Papa’
1628 386 1706 419 VIII,

1313 433 1349 458 ad
1368 430 1502 458 futuram
1520 430 1565 458 rei
1585 430 1765 458 memortam.

1216 510 1231 553 g
1255 509 1284 542 t.
1309 510 1392 543 Alias
1416 520 1433 543 a
1456 509 1546 543 nobis
1576 513 1760 544 emanarunt
1788 509 1910 543 litterae
1956 523 2052 553 nasah
2068 523 2108 544 1510

1171 563 1291 597 tenoris
1315 564 1542 607 subsequentis,
1562 564 1721 598 videlicet&
1925 550 2110 607 ξέἶ-’ῑῗῇῗοηξιῗῗῧῖ

1216 618 1360 651 Urbanus
1374 618 1455 662 Papa
1464 618 1540 658 Vlll,
1550 617 1588 650 ad
1601 623 1784 662 perpetuam
1795 617 1840 651 rei
1850 627 1912 650 me·
1925 607 2045 652 &nef-&⁸
2068 603 2109 624 ¹¹³⁰

1173 671 1317 705 moriam.
1335 671 1368 704 In
1382 681 1532 715 supremo
1545 672 1737 715 apostolatus
1750 671 1838 712 solio,
1852 676 1909 704 etc.

1168 725 1366 768 (Omittitur
1389 724 1558 758 residuum
1583 725 1682 758 huius
1703 725 1912 759 Constitutio-

1173 779 1239 819 πίε,
1260 779 1341 822 quia
1361 782 1406 812 est
1425 789 1525 822 supra
1550 777 1605 811 loc.
1631 778 1682 811 cit.
1707 778 1744 812 iu
1768 778 1845 812 noth
1870 777 1913 811 acl

1175 833 1366 876 rubricam)

1218 886 1233 929 ἓ
1257 885 1286 918 ⁸2.
1312 885 1450 919 Stlbissdss
1474 896 1560 927 VCFO,
1581 896 1652 919 cum
1676 885 1789 918 sl'RtPeS
1812 885 2114 930 recol-’Nonaeqiiiescen-

1173 940 1244 974 lecti
1276 940 1406 983 praefati
1438 940 1563 973 insertis
1592 939 1703 972 litteris
1733 938 1913 972 huiusmodi
1928 924 2113 981 {tt?s‚⁵0¹÷''lfsst'rlss¹u¹;

1173 1003 1236 1025 non
1260 994 1507 1037 acquiescerent,
1527 993 1580 1026 sed
1605 993 1644 1026 ad
1668 1003 1725 1026 nos
1749 1002 1913 1026 recursum
1929 977 2114 1034 ii2⁶e⁰i¹²⁰1331131ss

1174 1046 1365 1088 habuissent,
1391 1057 1448 1080 nos
1472 1057 1598 1080 eausam
1623 1052 1653 1079 et
1677 1056 1786 1080 causas
1809 1029 2113 1088 huius-ffiffiaiiissiiffll

1174 1099 1258 1132 modi
1289 1100 1370 1133 inter
1401 1100 1514 1133 fratres
1538 1100 1755 1143 Cappueeinos
1785 1110 1822 1132 ex
1853 1086 2113 1143 unalffln'sssstffil'ssissi

1175 1163 1210 1185 ac
1234 1153 1347 1186 fratres
1371 1154 1554 1186 recollectos
1578 1153 1736 1196 praefatos
1754 1163 1790 1185 ex
1815 1152 1913 1185 altera
1929 1140 1978 1187 lk‘ssl'.
1995 1139 2029 1159 ¹¹¹⁶
2047 1143 2114 1158 '⁰⁹⁰¹'

1176 1206 1328 1249 partibus,
1347 1206 1384 1238 de
1400 1212 1430 1239 et
1450 1217 1546 1250 super
1566 1206 1720 1239 delatione
1740 1216 1796 1239 seu
1813 1206 1913 1239 refor-

1176 1259 1311 1291 matione
1329 1260 1446 1302 caputii
1471 1265 1500 1292 et
1521 1263 1690 1293 mezzettae
1709 1269 1765 1302 per
1790 1269 1843 1292 eos
1867 1258 1916 1291 de·
1964 1299 1973 1304 β

1176 1311 1388 1351 serendorum,
1407 1322 1442 1345 ac
1458 1311 1671 1345 declaratione
1695 1312 1727 1344 in
1750 1311 1809 1344 hac
1829 1315 1915 1355 parte

1176 1370 1205 1397 et
1230 1365 1437 1408 exequutione
1460 1365 1634 1409 respective
1650 1365 1916 1409 praeinsertarum

1175 1418 1350 1451 litterarum
1375 1424 1577 1461 nostrarum,
1603 1419 1764 1462 rebusque
1793 1418 1861 1450 aliis
1885 1418 1915 1450 in

1176 1472 1252 1505 actis
1277 1483 1389 1506 causae
1414 1478 1444 1505 et
1467 1483 1633 1506 causarum
1668 1471 1848 1505 huiusmodi
1875 1471 1917 1504 la-

1176 1525 1236 1558 tius
1261 1525 1413 1565 deductis,
1430 1526 1544 1559 dilecto
1566 1525 1630 1559 tilio
1647 1530 1757 1558 nostro
1782 1524 1917 1558 Guidoni

1176 1579 1256 1611 tituli
1273 1580 1302 1613 S.
1321 1580 1434 1612 Mariae
1451 1579 1489 1612 de
1510 1579 1628 1622 Populo
1646 1578 1832 1622 presbytero
1852 1587 1917 1611 car-

1176 1631 1269 1664 dinali
1294 1632 1455 1665 Bentivolo
1479 1636 1662 1675 nuncupato
1685 1641 1742 1674 per
1766 1631 1842 1663 alias
1865 1641 1918 1664 no<

1176 1689 1256 1717 stras
1268 1684 1298 1716 in
1313 1684 1407 1717 simili
1422 1685 1523 1717 forma
1537 1683 1642 1717 Brevis
1659 1682 1818 1727 expeditas
1836 1693 1918 1716 cont-

1176 1738 1329 1779 misimus,
1355 1748 1461 1771 coram
1486 1747 1548 1781 quo
1573 1737 1611 1769 ad
1635 1737 1804 1769 nonnullos
1831 1741 1918 1769 actus

1177 1791 1268 1834 (citra
1289 1796 1393 1824 tamen
1410 1790 1493 1823 illius
1510 1790 1758 1832 conclusionem)
1775 1789 1916 1831 devento,

1177 1843 1302 1877 tandem
1335 1854 1423 1877 suam
1449 1843 1480 1876 in
1504 1842 1685 1876 huiusmodi
1719 1844 1813 1875 eausa
1848 1842 1916 1875 tulit

1177 1903 1207 1930 et
1230 1897 1442 1941 promulgavit
1461 1896 1653 1930 definitivam
1671 1896 1856 1930 sententiam
1878 1901 1919 1929 te-

1176 1951 1264 1984 noris
1288 1950 1516 1994 subsequentis,
1540 1950 1701 1983 videlicet:

1221 2004 1334 2037 Christi
1358 2003 1485 2038 nomine
1508 2003 1661 2037 invocato.
1686 2003 1746 2036 Pro
1772 2002 1917 2036 tribunali

1178 2057 1341 2098 sedentes,
1377 2062 1406 2090 et
1441 2057 1543 2090 solum
1580 2057 1678 2089 Deum
1713 2066 1788 2100 prae
1819 2056 1918 2089 oeulis

1178 2111 1331 2144 habentes
1345 2137 1353 2151 ,
1377 2121 1433 2154 per
1457 2110 1538 2143 hanc
1561 2114 1701 2143 nostram
1726 2108 1918 2142 definitivam

1178 2164 1372 2204 sententiam,
1388 2173 1482 2207 quam
1506 2163 1544 2196 de
1568 2162 1822 2206 iurisperitorum
1843 2172 1918 2196 cou-

1179 2218 1248 2252 silio
1278 2218 1397 2261 pariter
1430 2221 1459 2251 et
1489 2227 1617 2250 assensu
1647 2217 1679 2249 in
1712 2217 1761 2250 his
1793 2216 1918 2260 scriptis

1178 2272 1308 2305 ferimus
1339 2271 1371 2304 in
1396 2273 1488 2305 eausa
1517 2277 1545 2304 et
1579 2271 1680 2305 causis
1707 2281 1786 2315 quae
1811 2280 1917 2304 coram

1216 2379 1226 2405 1
1245 2378 1355 2405 lsteniet
1374 2378 1474 2406 Pontis.
1495 2378 1547 2405 hoc
1567 2377 1638 2405 idem
1658 2377 1810 2405 sanciverat
1829 2379 1917 2408 antea,

1179 2426 1209 2449 ut
1228 2423 1255 2449 in
1271 2423 1328 2449 eius
1344 2423 1456 2453 Constit.
1475 2429 1540 2456 xxti,
1562 2423 1597 2449 In
1616 2430 1763 2457 supremo.
1781 2426 1844 2449 tom.
1862 2426 1917 2453 xm,

1180 2475 1239 2502 pag.
1256 2467 1301 2493 97.
1318 2466 1367 2494 Sed
1384 2467 1446 2502 quia
1460 2466 1487 2493 in
1507 2475 1590 2502 regno
1611 2466 1739 2493 Frauciae
1759 2465 1829 2492 dieta
1848 2464 1919 2492 Con-

1180 2511 1282 2538 stitutio
1308 2519 1360 2538 non
1385 2511 1556 2545 servabatur,
1580 2510 1640 2538 ideo
1665 2509 1815 2537 sententiae
1835 2517 1920 2544 super

1180 2557 1232 2584 hoc
1256 2557 1449 2592 pronuntiatae
1473 2556 1506 2584 de
1529 2555 1586 2583 eius
1610 2555 1734 2582 mandato
1758 2557 1851 2589 (quam
1876 2553 1920 2581 liic

1181 2601 1265 2630 hahes
1285 2601 1318 2629 de
1338 2601 1420 2630 verbo
1440 2600 1474 2629 ad
1493 2600 1621 2635 verbum)
1634 2599 1745 2628 obedire
1759 2599 1899 2635 praecipit.
