2248 3229
253 221 302 248 An.
319 220 347 249 c.
369 220 437 249 icat
482 212 547 246 420

292 2048 365 2069 Officia
383 2047 438 2069 iufir-

278 2081 340 2096 «irum.

452 269 659 313 hospitalibus
671 279 730 311 pro
741 267 874 300 infirmis
885 267 1089 310 recipiantur,
1102 266 1190 309 prius

453 322 491 355 ad
513 326 618 355 sancta
642 320 695 353 Dei
720 318 880 362 evangelia
902 318 1006 352 iurare
1026 323 1190 351 teneantur

453 375 483 408 in
508 374 652 408 manibus
676 373 825 417 praefecti
850 372 947 417 ipsius
970 372 1135 416 hospitalis
1159 372 1190 404 in

452 428 511 462 hoc
525 427 725 467 monasterio,
736 432 765 459 ct
778 425 976 470 superiorum
988 425 1019 458 in
1032 425 1188 468 domibus,

452 481 534 525 quod
559 486 650 514 erunt
675 481 856 514 obedientes
873 486 903 514 et
916 481 1023 514 fideles
1045 480 1190 524 religioni

452 539 481 569 et
506 535 723 578 superioribus
748 535 822 577 suis⁷
848 539 877 568 et
901 534 986 579 quod
1010 534 1141 568 honeste
1162 539 1191 567 ct

452 588 599 632 religiose
625 589 729 621 vivent
752 588 837 622 iuxta
863 588 963 632 ipsius
986 587 1110 622 Ordinis
1135 592 1191 621 sta-

451 647 517 675 tuta
541 647 571 676 et
595 642 818 684 observantias,
843 647 873 676 et
890 641 974 686 quod
991 641 1073 675 bona
1094 641 1191 686 ipsius

451 694 575 730 Ordinis
609 705 673 729 non
708 695 905 736 alienabunt,
937 694 1112 728 distrahent
1139 700 1191 728 aut

452 747 700 794 perturbabunt¹
720 753 808 782 extra
828 748 1025 792 religionem,
1050 748 1190 792 quinimo

452 802 490 836 ad
514 802 614 836 dictae
638 802 801 846 religionis
824 802 990 836 utilitatem
1004 807 1034 836 et
1054 813 1191 837 commo-

451 855 526 891 dum
550 857 683 890 fideliter
707 856 947 890 conservabunt.

495 910 698 954 Insequentes
711 910 804 944 etiam
822 909 1035 944 ordinationes
1049 910 1191 954 antiquas

452 964 627 1005 statuimus,
653 969 686 997 ut
709 963 787 997 nulli
812 963 1006 1008 recipiantur
1026 962 1143 996 infirmi
1161 962 1190 996 in

452 1016 661 1062 hospitalibus
685 1017 812 1058 nostris,
836 1017 896 1050 nisi
913 1016 987 1051 tacti
1004 1016 1120 1050 fuerint
1137 1027 1191 1050 seu

452 1072 587 1105 mutilati
611 1071 694 1105 dicto
720 1071 832 1105 morbo
857 1071 955 1105 sancti
979 1070 1104 1105 Antonii
1118 1082 1126 1112 3
1151 1076 1190 1112 et,

452 1125 477 1159 si
502 1126 714 1159 attestationes
739 1125 771 1158 in
795 1125 920 1169 seriptis
937 1135 999 1158 non
1024 1125 1159 1159 habeant
1174 1135 1191 1158 a

452 1180 632 1223 chirurgis,
658 1178 772 1223 quihus
803 1183 953 1223 appareat
981 1188 1034 1212 eos
1062 1182 1192 1222 propter

453 1235 597 1268 eumdem
623 1234 770 1267 morbum
795 1233 890 1267 fuisse
914 1233 1095 1275 mutilatos,
1128 1243 1190 1266 non

452 1286 647 1332 recipiantur
671 1297 728 1320 nec
761 1287 859 1331 recipi
893 1286 1042 1327 debeant,
1067 1286 1093 1319 si
1117 1296 1192 1319 vero

452 1339 635 1374 advenerint
658 1340 799 1374 nondum
822 1340 956 1373 mutilati
980 1345 1014 1373 ut
1031 1344 1191 1380 curentur,

453 1404 471 1428 a
495 1394 646 1437 chirurgo
670 1394 834 1439 hospitalis
859 1398 889 1428 et
912 1394 973 1427 alio
998 1397 1127 1428 externo
1153 1394 1193 1426 vi-

453 1448 603 1488 sitentur,
628 1448 681 1492 qui
706 1448 731 1481 si
756 1447 919 1492 praedicto
949 1447 1061 1481 morbo
1094 1452 1192 1481 tactos

453 1501 666 1544 iudicaverit&
684 1502 897 1545 admittantur,
915 1505 945 1536 et
965 1512 1028 1535 non
1049 1501 1147 1536 aliter.

497 1556 617 1590 Infirmi
635 1567 690 1590 seu
706 1557 849 1590 infirmae
866 1557 897 1589 in
918 1555 1125 1600 hospitalibus
1141 1565 1194 1588 no-

454 1610 525 1644 stris
550 1610 669 1654 recepti
685 1620 739 1643 seu
756 1615 899 1654 receptae
917 1619 980 1643 non
997 1609 1193 1653 expellantur

453 1673 491 1697 ex
515 1663 592 1708 ipsis
616 1663 836 1708 hospitalibus,
859 1663 917 1696 nisi
938 1668 1042 1696 essent
1065 1661 1194 1696 incorri-

453 1717 565 1761 gibiles
575 1723 628 1751 aut
641 1717 759 1761 aliquid
772 1728 902 1752 enorme
918 1717 1165 1751 commississent
1173 1716 1192 1758 ³,

454 1780 510 1804 seu
533 1771 608 1804 alias
633 1770 815 1804 scandalum
841 1771 920 1804 inter
945 1775 1066 1805 ceteros
1098 1779 1192 1812 gene-

454 1829 580 1865 rarent,
606 1825 766 1867 volentes,
798 1828 832 1859 ut
865 1835 936 1859 cum
961 1823 1193 1868 delinquerint,

454 1878 724 1911 animadversione
747 1878 850 1911 debita
869 1889 926 1922 per
946 1877 1126 1921 superiores
1143 1876 1195 1910 do-

454 1942 591 1973 morum,
616 1931 647 1964 in
672 1931 787 1976 quibus
813 1936 914 1973 erunt,
941 1930 1072 1964 iuridice
1099 1930 1194 1964 corri-

454 1990 577 2028 gantur.

497 2039 611 2072 Omnes
636 2038 753 2072 infirmi
779 2039 942 2082 utriusque
966 2048 1058 2071 sexus
1081 2037 1194 2071 maiori

454 2092 598 2126 intersint
621 2093 734 2126 missae
751 2093 882 2135 singulis
899 2092 1010 2125 diebus
1027 2091 1194 2125 dominicis

455 2151 484 2179 et
508 2146 593 2179 festis
617 2147 686 2180 loco
712 2146 770 2179 sibi
796 2146 955 2189 assignato
980 2146 1010 2178 in
1042 2145 1193 2186 eeclesia,

455 2199 513 2233 viri
539 2211 610 2234 cum
635 2200 716 2243 togis
742 2200 805 2233 suis
830 2210 866 2233 ex
896 2209 1000 2243 panno
1028 2199 1110 2233 tanei
1143 2209 1192 2233 eo-

454 2253 542 2296 loris,
555 2259 585 2287 et
605 2254 740 2287 feminae
764 2264 836 2287 cum
856 2254 1008 2298 capuccio
1029 2263 1066 2286 ex
1089 2262 1194 2297 panno

454 2307 537 2350 nigri
562 2308 677 2341 coloris
696 2309 778 2341 iuxta
796 2308 929 2341 sormam
955 2307 1115 2351 antiquam
1138 2311 1195 2339 sta-

455 2366 595 2395 tutorum
605 2362 776 2406 hospitalis,
787 2367 913 2405 portent
926 2362 1019 2395 etiam
1031 2362 1195 2404 utriusque

456 2425 547 2448 sexus
572 2415 690 2449 infirmi
708 2426 834 2460 semper
851 2415 882 2448 in
897 2415 959 2449 suis
977 2414 1195 2460 superioribus

489 2506 501 2531 t
521 2506 621 2533 Forsan
633 2506 816 2541 pertrahent,
832 2512 875 2534 aut
892 2506 988 2540 simile,
1013 2513 1061 2541 pro
1077 2508 1195 2540 perlui·-

457 2550 563 2577 babmit
577 2551 615 2583 (R.
628 2551 675 2585 T.).

490 2593 506 2619 2
522 2593 663 2621 Videretur
678 2594 821 2629 legendum
835 2596 1026 2624 iudicaverint
1040 2596 1081 2631 (R.
1095 2595 1132 2628 T).

491 2637 507 2667 3
526 2637 594 2668 Edit.
616 2639 695 2668 Main.
717 2640 781 2676 legit
801 2641 945 2671 commissi
964 2640 1110 2675 essencm.
1127 2638 1175 2675 aa).

1034 218 1213 243 BULLARIUM
1237 217 1391 243 ROMANUM

1224 265 1361 298 vestibus
1382 265 1563 309 potentiam
1590 275 1645 298 seu
1674 265 1799 309 signum
1828 264 1898 299 Tau
1921 264 1959 297 de

1223 328 1327 363 panno
1351 318 1442 352 laneo
1467 317 1603 352 caerulei
1627 317 1750 352 coloris.

1268 372 1328 406 Pro
1348 372 1487 416 qualibet
1503 371 1583 404 hora
1595 371 1745 405 canonica
1759 371 1863 405 dicant
1874 381 1961 416 prae·

1224 425 1277 458 sati
1305 425 1422 458 infirmi
1454 430 1484 458 et
1515 424 1658 458 infirmae
1689 424 1830 469 quinque
1860 425 1961 459 Pater

1223 483 1330 513 noster
1354 483 1383 513 et
1406 479 1490 520 Ave,
1515 482 1589 519 etc.;
1621 478 1731 512 diebus
1759 488 1834 512 vero
1865 478 1962 512 domi—

1224 533 1303 567 nicis
1327 538 1357 566 et
1380 533 1464 566 festis
1489 532 1665 577 duplicetur
1677 532 1796 566 dictum
1813 532 1960 566 officium.

1251 586 1481 621 .Confiteantur
1505 586 1597 621 etiam
1621 591 1750 631 peccata
1782 596 1837 620 sua
1865 586 1962 620 omni-

1225 641 1284 674 bus
1308 640 1421 685 primis
1446 640 1601 674 mensium
1625 639 1812 682 dominicis,
1841 649 1962 674 necnon

1225 700 1255 728 et
1279 695 1523 729 solemnioribus
1540 694 1612 728 anni
1632 693 1858 736 festivitatibus,
1883 693 1963 728 vide-

1224 749 1297 783 licet
1310 749 1483 783 Nativitatis
1495 748 1686 791 Dominicae,
1697 747 1960 790 circumcisionis,

1225 802 1437 847 Epiphaniae,
1462 802 1560 835 sancti
1585 801 1683 846 patris
1699 801 1800 836 nostri
1820 800 1962 842 Antonii,

1225 855 1465 898 Purificationis,
1484 855 1653 897 Paschatis,
1671 854 1964 895 Ascensionis,Pen—

1226 915 1368 952 tecostes,
1393 909 1541 954 Corporis
1564 908 1695 950 Christi,
1721 907 1819 942 sancti
1840 907 1964 941 loannis

1225 964 1391 1008 Baptistae,
1417 968 1597 998 sanctorum
1623 962 1706 996 Petri
1730 967 1760 995 et
1784 961 1888 1003 Pauli,
1910 961 1965 996 As-

1225 1017 1411 1061 sumptionis
1436 1022 1466 1051 et
1489 1016 1664 1051 Nativitatis
1687 1015 1798 1049 Beatae
1828 1015 1963 1056 Mariae,

1225 1071 1370 1106 Omnium
1395 1072 1592 1113 Sanctorum,
1617 1080 1741 1104 necnon
1754 1070 1786 1103 in
1800 1070 1878 1103 sesto
1898 1079 1964 1103 san-

1225 1131 1291 1160 ctae
1310 1125 1493 1160 Catharinae
1511 1125 1641 1168 virginis
1654 1129 1685 1159 et
1700 1124 1856 1169 martyris,
1875 1123 1965 1157 cuius

1224 1180 1300 1214 dens
1324 1184 1449 1214 sanctus
1469 1184 1648 1213 asservatur
1666 1179 1696 1211 in
1713 1178 1796 1212 dicto
1816 1177 1963 1222 hospitali

1225 1233 1347 1274 maiori,
1373 1233 1467 1276 idque
1491 1232 1723 1267 confessoribus
1746 1231 1803 1264 sibi
1825 1230 1966 1273 designa-

1226 1286 1280 1327 tis,
1306 1286 1343 1320 de
1368 1285 1495 1319 eorum¹
1521 1285 1614 1319 etiam
1640 1284 1771 1319 consilio
1794 1283 1965 1317 communi-

1226 1351 1297 1374 care
1322 1344 1470 1384 poterunt
1486 1345 1516 1373 et
1531 1339 1690 1373 debebunt
1706 1337 1873 1383 praedictis
1891 1341 1967 1372 tem-

1226 1394 1366 1438 poribus.
1857 1386 1860 1387 ⁷

1271 1447 1441 1492 Hospitalia
1466 1458 1483 1480 a
1507 1446 1664 1487 domibus,
1689 1445 1743 1480 ubi
1768 1445 1885 1489 degunt
1909 1446 1967 1479 fra-

1228 1506 1299 1543 tres,
1325 1501 1386 1534 sint
1409 1505 1570 1545 separata,
1595 1510 1652 1533 nec
1677 1500 1767 1534 liceat
1791 1499 1883 1534 dictis
1907 1500 1968 1533 fra-

1227 1555 1327 1589 tribus
1359 1554 1526 1599 hospitalia
1551 1553 1720 1587 mulierum
1745 1553 1880 1596 intrare,
1907 1553 1964 1587 sub

1227 1609 1329 1653 poena
1343 1607 1679 1642 excommunicationis
1691 1607 1760 1651 ipso
1774 1606 1854 1640 facto
1869 1607 1969 1640 incur-

1227 1662 1334 1704 renda,
1360 1661 1419 1694 nisi
1433 1661 1470 1694 iis
1483 1665 1614 1703 tantum,
1640 1659 1693 1704 qui
1717 1670 1776 1703 pro
1790 1659 1967 1693 ministran-

1227 1716 1274 1749 dis
1299 1715 1502 1749 sacramentis
1533 1714 1622 1748 dictis
1655 1713 1862 1756 mulieribus,
1895 1724 1967 1747 cum

1227 1773 1398 1813 aegrotant,
1420 1769 1534 1802 suerint
1549 1767 1707 1808 destinati,
1731 1777 1789 1801 nec
1807 1772 1880 1800 tunc
1904 1767 1969 1811 qui-

1227 1824 1299 1857 dem
1323 1824 1412 1857 alitor
1437 1833 1531 1866 quam
1565 1833 1636 1856 cum
1669 1832 1732 1855 uno
1764 1826 1817 1854 aut
1845 1820 1968 1855 duobus

1228 1878 1321 1911 sociis
1341 1888 1359 1910 a
1383 1876 1546 1920 superiore
1570 1875 1741 1918 designatis
1754 1886 1761 1915 3
1794 1885 1852 1908 nec
1874 1873 1968 1908 etiam

1228 1931 1369 1964 virorum
1394 1929 1562 1974 hospitalia
1586 1928 1823 1972 ingrediantur,
1846 1927 1906 1960 nisi
1929 1927 1968 1960 de

1228 1985 1377 2029 expressa
1393 1984 1567 2028 superioris
1583 1983 1719 2023 licentia,
1734 1982 1758 2015 si
1775 1981 1845 2026 quis
1861 1986 1964 2015 autem

1228 2048 1318 2071 secus
1342 2039 1452 2072 secisse
1481 2037 1577 2071 suerit
1607 2036 1789 2078 convictus,
1818 2035 1968 2079 puniatur

1228 2091 1266 2124 ad
1291 2091 1458 2124 arbitrium
1483 2090 1614 2135 praefati
1639 2089 1825 2133 superioris.

1273 2146 1306 2178 In
1330 2145 1470 2189 quolibet
1494 2143 1640 2188 hospitali
1664 2143 1832 2176 mulierum
1858 2142 1969 2176 consti-

1229 2204 1334 2233 tuatur
1358 2209 1419 2232 una
1452 2209 1489 2232 ex
1521 2198 1596 2242 ipsis
1623 2198 1788 2242 hospitalis
1813 2196 1967 2238 infirmis,

1229 2253 1371 2286 moribus
1388 2258 1419 2286 et
1434 2253 1596 2286 honestate
1615 2252 1694 2285 vitae
1713 2251 1767 2284 diu
1784 2250 1968 2296 approbata,

1230 2311 1259 2340 et
1283 2306 1396 2340 virtute
1421 2306 1624 2350 praecellens,
1650 2315 1730 2350 quae
1753 2305 1793 2338 sit
1817 2304 1968 2347 magistra

1230 2365 1260 2393 et
1291 2360 1495 2403 gubernatrix
1530 2364 1728 2401 ceterarum,
1764 2364 1795 2392 et
1825 2357 1969 2402 pervigili

1230 2415 1306 2447 cura
1330 2414 1469 2448 intendat
1489 2414 1527 2447 ad
1551 2424 1660 2447 earum
1677 2413 1821 2456 regimen
1837 2416 1868 2445 et
1887 2410 1967 2444 dire-

1230 2467 1387 2509 ctionem,
1412 2467 1581 2512 praecipue
1606 2466 1841 2500 iuvencularum
1857 2491 1865 2505 ,
1889 2469 1920 2497 et
1943 2464 1967 2497 si

1229 2532 1323 2564 quam
1354 2522 1435 2554 male
1469 2525 1706 2555 conversantem
1738 2518 1872 2561 viderit,
1900 2527 1968 2550 eam

1229 2580 1339 2618 arguat
1369 2580 1399 2608 et
1431 2574 1659 2619 reprehendat,
1691 2573 1784 2617 idque
1815 2570 1969 2615 significet

1263 2638 1275 2665 ‘l
1295 2638 1423 2674 Legerem
1438 2646 1562 2674 qaorum
1578 2639 1618 2673 (R.
1630 2637 1679 2672 r).

1973 216 2022 244 An.
2038 215 2067 244 C.
2088 215 2158 245 ¹634
