<?xml version="1.0" encoding="UTF-8"?>
<!DOCTYPE html PUBLIC "-//W3C//DTD XHTML 1.0 Transitional//EN"
    "http://www.w3.org/TR/xhtml1/DTD/xhtml1-transitional.dtd">
<html xmlns="http://www.w3.org/1999/xhtml" xml:lang="en" lang="en">
 <head>
  <title>
</title>
<meta http-equiv="Content-Type" content="text/html;charset=utf-8" />
  <meta name='ocr-system' content='tesseract 3.04.00' />
  <meta name='ocr-capabilities' content='ocr_page ocr_carea ocr_par ocr_line ocrx_word'/>
</head>
<body>
  <div class='ocr_page' id='page_1' title='image "./bullarumdiplomat14cath_0571.png"; bbox 0 0 2248 3229; ppageno 0'>
   <div class='ocr_carea' id='block_1_1' title="bbox 105 231 1820 441">
    <p class='ocr_par' dir='ltr' id='par_1_1' title="bbox 107 231 1790 267">
     <span class='ocr_line' id='line_1_1' title="bbox 107 231 1790 267; baseline 0.002 -3"><span class='ocrx_word' id='word_1_1' title='bbox 107 238 158 265; x_wconf 74' lang='lat' dir='ltr'>An.</span> <span class='ocrx_word' id='word_1_2' title='bbox 174 238 204 266; x_wconf 82' lang='lat' dir='ltr'>C.</span> <span class='ocrx_word' id='word_1_3' title='bbox 223 238 291 266; x_wconf 80' lang='lat'>1635</span> <span class='ocrx_word' id='word_1_4' title='bbox 916 240 1058 265; x_wconf 66' lang='lat' dir='ltr'>t&#39;ttBANL&#39;S</span> <span class='ocrx_word' id='word_1_5' title='bbox 1086 241 1139 265; x_wconf 81' lang='lat' dir='ltr'>v111</span> <span class='ocrx_word' id='word_1_6' title='bbox 1163 242 1211 266; x_wconf 78' lang='lat' dir='ltr'>rr.</span> <span class='ocrx_word' id='word_1_7' title='bbox 1729 231 1790 267; x_wconf 75' lang='lat'>481</span> 
     </span>
    </p>

    <p class='ocr_par' dir='ltr' id='par_1_2' title="bbox 107 286 1820 335">
     <span class='ocr_line' id='line_1_2' title="bbox 107 286 1820 335; baseline 0.002 -14"><span class='ocrx_word' id='word_1_8' title='bbox 107 300 292 331; x_wconf 57' lang='lat' dir='ltr'>quqaubtagfltur</span> <span class='ocrx_word' id='word_1_9' title='bbox 307 286 480 320; x_wconf 90' lang='lat' dir='ltr'>modolibet</span> <span class='ocrx_word' id='word_1_10' title='bbox 503 287 540 320; x_wconf 90' lang='lat' dir='ltr'>de</span> <span class='ocrx_word' id='word_1_11' title='bbox 564 288 669 331; x_wconf 87' lang='lat' dir='ltr'>aliquo</span> <span class='ocrx_word' id='word_1_12' title='bbox 690 288 839 321; x_wconf 80' lang='lat' dir='ltr'>interesse</span> <span class='ocrx_word' id='word_1_13' title='bbox 858 289 904 322; x_wconf 83' lang='lat' dir='ltr'>vel</span> <span class='ocrx_word' id='word_1_14' title='bbox 926 290 1047 333; x_wconf 84' lang='lat' dir='ltr'>praeiu-</span> <span class='ocrx_word' id='word_1_15' title='bbox 1080 296 1150 322; x_wconf 83' lang='lat' dir='ltr'>vata</span> <span class='ocrx_word' id='word_1_16' title='bbox 1173 301 1237 324; x_wconf 89' lang='lat' dir='ltr'>non</span> <span class='ocrx_word' id='word_1_17' title='bbox 1260 290 1385 332; x_wconf 82' lang='lat' dir='ltr'>suerint,</span> <span class='ocrx_word' id='word_1_18' title='bbox 1410 297 1463 324; x_wconf 89' lang='lat' dir='ltr'>aut</span> <span class='ocrx_word' id='word_1_19' title='bbox 1487 301 1523 325; x_wconf 82' lang='lat' dir='ltr'>ex</span> <span class='ocrx_word' id='word_1_20' title='bbox 1547 291 1658 335; x_wconf 88' lang='lat' dir='ltr'>quovis</span> <span class='ocrx_word' id='word_1_21' title='bbox 1683 291 1744 325; x_wconf 87' lang='lat' dir='ltr'>alio</span> <span class='ocrx_word' id='word_1_22' title='bbox 1773 302 1820 324; x_wconf 84' lang='lat' dir='ltr'>ca-</span> 
     </span>
    </p>

    <p class='ocr_par' dir='ltr' id='par_1_3' title="bbox 105 328 1820 441">
     <span class='ocr_line' id='line_1_3' title="bbox 105 328 1820 386; baseline 0.003 -13"><span class='ocrx_word' id='word_1_23' title='bbox 105 328 291 379; x_wconf 51' lang='lat' dir='ltr'>gffssgjfjfflssj</span> <span class='ocrx_word' id='word_1_24' title='bbox 307 340 388 373; x_wconf 85' lang='lat' dir='ltr'>dicio</span> <span class='ocrx_word' id='word_1_25' title='bbox 416 351 559 373; x_wconf 85' lang='lat' dir='ltr'>camerae</span> <span class='ocrx_word' id='word_1_26' title='bbox 584 348 613 374; x_wconf 91' lang='lat' dir='ltr'>et</span> <span class='ocrx_word' id='word_1_27' title='bbox 637 342 724 375; x_wconf 79' lang='lat' dir='ltr'>Sedis</span> <span class='ocrx_word' id='word_1_28' title='bbox 749 343 955 386; x_wconf 76' lang='lat' dir='ltr'>Apostolicae‚</span> <span class='ocrx_word' id='word_1_29' title='bbox 975 343 1045 383; x_wconf 87' lang='lat' dir='ltr'>nisi,</span> <span class='ocrx_word' id='word_1_30' title='bbox 1081 344 1154 386; x_wconf 86' lang='lat' dir='ltr'>pite,</span> <span class='ocrx_word' id='word_1_31' title='bbox 1172 354 1188 376; x_wconf 92' lang='lat' dir='ltr'>a</span> <span class='ocrx_word' id='word_1_32' title='bbox 1205 344 1284 384; x_wconf 89' lang='lat' dir='ltr'>iure,</span> <span class='ocrx_word' id='word_1_33' title='bbox 1301 344 1349 377; x_wconf 81' lang='lat' dir='ltr'>vel</span> <span class='ocrx_word' id='word_1_34' title='bbox 1367 345 1455 386; x_wconf 87' lang='lat' dir='ltr'>facto,</span> <span class='ocrx_word' id='word_1_35' title='bbox 1474 350 1527 377; x_wconf 90' lang='lat' dir='ltr'>aut</span> <span class='ocrx_word' id='word_1_36' title='bbox 1543 350 1666 384; x_wconf 86' lang='lat' dir='ltr'>statuto,</span> <span class='ocrx_word' id='word_1_37' title='bbox 1684 345 1733 377; x_wconf 85' lang='lat' dir='ltr'>vel</span> <span class='ocrx_word' id='word_1_38' title='bbox 1750 356 1820 378; x_wconf 90' lang='lat' dir='ltr'>con-</span> 
     </span>
     <span class='ocr_line' id='line_1_4' title="bbox 1080 397 1818 441; baseline 0.003 -12"><span class='ocrx_word' id='word_1_39' title='bbox 1080 397 1243 430; x_wconf 84' lang='lat' dir='ltr'>suetudine</span> <span class='ocrx_word' id='word_1_40' title='bbox 1274 398 1379 441; x_wconf 71' lang='lat' dir='ltr'>aliqua</span> <span class='ocrx_word' id='word_1_41' title='bbox 1415 398 1606 439; x_wconf 78' lang='lat' dir='ltr'>resultante,</span> <span class='ocrx_word' id='word_1_42' title='bbox 1639 409 1693 431; x_wconf 87' lang='lat' dir='ltr'>seu</span> <span class='ocrx_word' id='word_1_43' title='bbox 1724 399 1818 431; x_wconf 82' lang='lat' dir='ltr'>etiarn</span> 
     </span>
    </p>
   </div>
   <div class='ocr_carea' id='block_1_2' title="bbox 102 380 1817 548">
    <p class='ocr_par' dir='ltr' id='par_1_4' title="bbox 102 380 1817 548">
     <span class='ocr_line' id='line_1_5' title="bbox 102 380 1046 439; baseline 0.001 -12"><span class='ocrx_word' id='word_1_44' title='bbox 102 380 291 433; x_wconf 58' lang='lat' dir='ltr'>g‡‡„„⁶jg¹¹;;,³,33</span> <span class='ocrx_word' id='word_1_45' title='bbox 306 394 386 426; x_wconf 89' lang='lat' dir='ltr'>ultra</span> <span class='ocrx_word' id='word_1_46' title='bbox 400 396 546 437; x_wconf 79' lang='lat' dir='ltr'>praesuta,</span> <span class='ocrx_word' id='word_1_47' title='bbox 560 395 651 427; x_wconf 83' lang='lat' dir='ltr'>etiam</span> <span class='ocrx_word' id='word_1_48' title='bbox 670 402 846 436; x_wconf 79' lang='lat' dir='ltr'>concurrat,</span> <span class='ocrx_word' id='word_1_49' title='bbox 860 396 943 438; x_wconf 88' lang='lat' dir='ltr'>quod</span> <span class='ocrx_word' id='word_1_50' title='bbox 959 406 1046 439; x_wconf 82' lang='lat' dir='ltr'>prae-</span> 
     </span>
     <span class='ocr_line' id='line_1_6' title="bbox 1079 451 1815 493; baseline 0.004 -11"><span class='ocrx_word' id='word_1_51' title='bbox 1079 456 1242 493; x_wconf 78' lang='lat' dir='ltr'>praetextu</span> <span class='ocrx_word' id='word_1_52' title='bbox 1266 451 1413 491; x_wconf 91' lang='lat' dir='ltr'>enormis,</span> <span class='ocrx_word' id='word_1_53' title='bbox 1431 452 1679 492; x_wconf 86' lang='lat' dir='ltr'>enormissimae,</span> <span class='ocrx_word' id='word_1_54' title='bbox 1708 457 1738 484; x_wconf 89' lang='lat' dir='ltr'>et</span> <span class='ocrx_word' id='word_1_55' title='bbox 1765 458 1815 485; x_wconf 89' lang='lat' dir='ltr'>to-</span> 
     </span>
     <span class='ocr_line' id='line_1_7' title="bbox 1078 502 1817 548; baseline 0.004 -14"><span class='ocrx_word' id='word_1_56' title='bbox 1078 502 1148 534; x_wconf 88' lang='lat' dir='ltr'>talis</span> <span class='ocrx_word' id='word_1_57' title='bbox 1167 502 1323 543; x_wconf 86' lang='lat' dir='ltr'>laesionis,</span> <span class='ocrx_word' id='word_1_58' title='bbox 1341 508 1393 537; x_wconf 85' lang='lat' dir='ltr'>aut</span> <span class='ocrx_word' id='word_1_59' title='bbox 1417 504 1477 536; x_wconf 78' lang='lat' dir='ltr'>alia</span> <span class='ocrx_word' id='word_1_60' title='bbox 1503 515 1701 548; x_wconf 86' lang='lat' dir='ltr'>quacumque</span> <span class='ocrx_word' id='word_1_61' title='bbox 1725 507 1817 538; x_wconf 73' lang='lat' dir='ltr'>causa</span> 
     </span>
    </p>
   </div>
   <div class='ocr_carea' id='block_1_3' title="bbox 103 436 1818 655">
    <p class='ocr_par' dir='ltr' id='par_1_5' title="bbox 103 436 1818 655">
     <span class='ocr_line' id='line_1_8' title="bbox 103 436 1044 489; baseline 0.003 -10"><span class='ocrx_word' id='word_1_62' title='bbox 103 436 208 480; x_wconf 45' lang='lat' dir='ltr'>Effluit&amp;</span> <span class='ocrx_word' id='word_1_63' title='bbox 221 437 289 480; x_wconf 42' lang='lat' dir='ltr'>cciiii&amp;</span> <span class='ocrx_word' id='word_1_64' title='bbox 305 446 385 480; x_wconf 79' lang='lat' dir='ltr'>dicta</span> <span class='ocrx_word' id='word_1_65' title='bbox 411 448 571 489; x_wconf 80' lang='lat' dir='ltr'>extractio,</span> <span class='ocrx_word' id='word_1_66' title='bbox 594 449 719 481; x_wconf 87' lang='lat' dir='ltr'>collatio</span> <span class='ocrx_word' id='word_1_67' title='bbox 743 453 770 482; x_wconf 88' lang='lat' dir='ltr'>et</span> <span class='ocrx_word' id='word_1_68' title='bbox 796 449 992 489; x_wconf 71' lang='lat' dir='ltr'>auscultatio,</span> <span class='ocrx_word' id='word_1_69' title='bbox 1009 460 1044 482; x_wconf 83' lang='lat' dir='ltr'>ac</span> 
     </span>
     <span class='ocr_line' id='line_1_9' title="bbox 1078 554 1818 602; baseline 0.007 -16"><span class='ocrx_word' id='word_1_70' title='bbox 1078 554 1171 587; x_wconf 88' lang='lat' dir='ltr'>etiam</span> <span class='ocrx_word' id='word_1_71' title='bbox 1190 555 1221 587; x_wconf 91' lang='lat' dir='ltr'>in</span> <span class='ocrx_word' id='word_1_72' title='bbox 1238 566 1372 599; x_wconf 87' lang='lat' dir='ltr'>corpore</span> <span class='ocrx_word' id='word_1_73' title='bbox 1390 557 1467 589; x_wconf 87' lang='lat' dir='ltr'>iuris</span> <span class='ocrx_word' id='word_1_74' title='bbox 1485 557 1599 599; x_wconf 74' lang='lat' dir='ltr'>clausa,</span> <span class='ocrx_word' id='word_1_75' title='bbox 1618 558 1710 591; x_wconf 83' lang='lat' dir='ltr'>etiam</span> <span class='ocrx_word' id='word_1_76' title='bbox 1724 569 1818 602; x_wconf 85' lang='lat' dir='ltr'>quan-</span> 
     </span>
     <span class='ocr_line' id='line_1_10' title="bbox 1078 609 1816 655; baseline 0.008 -15"><span class='ocrx_word' id='word_1_77' title='bbox 1078 609 1193 641; x_wconf 85' lang='lat' dir='ltr'>tumvis</span> <span class='ocrx_word' id='word_1_78' title='bbox 1217 610 1395 643; x_wconf 73' lang='lat' dir='ltr'>rationabili</span> <span class='ocrx_word' id='word_1_79' title='bbox 1428 616 1458 644; x_wconf 89' lang='lat' dir='ltr'>et</span> <span class='ocrx_word' id='word_1_80' title='bbox 1486 611 1704 655; x_wconf 76' lang='lat' dir='ltr'>privilegiata,</span> <span class='ocrx_word' id='word_1_81' title='bbox 1725 613 1816 646; x_wconf 86' lang='lat' dir='ltr'>etiam</span> 
     </span>
    </p>
   </div>
   <div class='ocr_carea' id='block_1_4' title="bbox 1841 244 2019 273">
    <p class='ocr_par' dir='ltr' id='par_1_6' title="bbox 1841 244 2019 273">
     <span class='ocr_line' id='line_1_11' title="bbox 1841 244 2019 273; baseline 0.017 -3"><span class='ocrx_word' id='word_1_82' title='bbox 1841 244 1930 271; x_wconf 53' lang='lat' dir='ltr'>Aac.</span> <span class='ocrx_word' id='word_1_83' title='bbox 1952 245 2019 273; x_wconf 86' lang='lat'>1635</span> 
     </span>
    </p>
   </div>
   <div class='ocr_carea' id='block_1_5' title="bbox 104 487 1043 651">
    <p class='ocr_par' dir='ltr' id='par_1_7' title="bbox 104 487 1043 651">
     <span class='ocr_line' id='line_1_12' title="bbox 104 487 1043 545; baseline 0.003 -12"><span class='ocrx_word' id='word_1_84' title='bbox 104 487 289 543; x_wconf 38' lang='lat' dir='ltr'>ssssinssl&#39;sssssffssfde‘i</span> <span class='ocrx_word' id='word_1_85' title='bbox 305 502 478 544; x_wconf 78' lang='lat' dir='ltr'>respective</span> <span class='ocrx_word' id='word_1_86' title='bbox 498 502 672 545; x_wconf 74' lang='lat' dir='ltr'>recognitio</span> <span class='ocrx_word' id='word_1_87' title='bbox 693 503 790 535; x_wconf 69' lang='lat' dir='ltr'>laetae</span> <span class='ocrx_word' id='word_1_88' title='bbox 806 503 933 543; x_wconf 85' lang='lat' dir='ltr'>suerint,</span> <span class='ocrx_word' id='word_1_89' title='bbox 951 503 1043 536; x_wconf 86' lang='lat' dir='ltr'>citato</span> 
     </span>
     <span class='ocr_line' id='line_1_13' title="bbox 104 540 1043 598; baseline 0.002 -12"><span class='ocrx_word' id='word_1_90' title='bbox 104 540 290 587; x_wconf 51' lang='lat' dir='ltr'>:zeil&#39;ssffiffffillssu‘</span> <span class='ocrx_word' id='word_1_91' title='bbox 305 559 333 586; x_wconf 76' lang='lat' dir='ltr'>et</span> <span class='ocrx_word' id='word_1_92' title='bbox 351 554 457 587; x_wconf 86' lang='lat' dir='ltr'>audito</span> <span class='ocrx_word' id='word_1_93' title='bbox 482 565 625 587; x_wconf 86' lang='lat' dir='ltr'>camerae.</span> <span class='ocrx_word' id='word_1_94' title='bbox 649 555 838 598; x_wconf 82' lang='lat' dir='ltr'>apostolicae</span> <span class='ocrx_word' id='word_1_95' title='bbox 864 555 1043 589; x_wconf 84' lang='lat' dir='ltr'>commissa-</span> 
     </span>
     <span class='ocr_line' id='line_1_14' title="bbox 105 593 1043 651; baseline -0.001 -9"><span class='ocrx_word' id='word_1_96' title='bbox 105 593 288 643; x_wconf 51' lang='grc' dir='ltr'>ἶῖῗιιςῖῗέιῖῠοῑῖζῗ</span> <span class='ocrx_word' id='word_1_97' title='bbox 304 607 352 640; x_wconf 91' lang='lat' dir='ltr'>rio</span> <span class='ocrx_word' id='word_1_98' title='bbox 375 618 433 651; x_wconf 90' lang='lat' dir='ltr'>pro</span> <span class='ocrx_word' id='word_1_99' title='bbox 458 612 599 651; x_wconf 87' lang='lat' dir='ltr'>tempore</span> <span class='ocrx_word' id='word_1_100' title='bbox 631 608 800 650; x_wconf 79' lang='lat' dir='ltr'>existente,</span> <span class='ocrx_word' id='word_1_101' title='bbox 834 613 863 642; x_wconf 84' lang='lat' dir='ltr'>et</span> <span class='ocrx_word' id='word_1_102' title='bbox 893 609 951 641; x_wconf 84' lang='lat' dir='ltr'>nisi</span> <span class='ocrx_word' id='word_1_103' title='bbox 975 609 1043 642; x_wconf 85' lang='lat' dir='ltr'>offi-</span> 
     </span>
    </p>
   </div>
   <div class='ocr_carea' id='block_1_6' title="bbox 102 1848 285 1927">
    <p class='ocr_par' dir='ltr' id='par_1_8' title="bbox 102 1848 285 1927">
     <span class='ocr_line' id='line_1_15' title="bbox 103 1848 285 1878; baseline 0 -9"><span class='ocrx_word' id='word_1_104' title='bbox 103 1848 211 1878; x_wconf 76' lang='lat' dir='ltr'>Clausulas</span> <span class='ocrx_word' id='word_1_105' title='bbox 225 1853 285 1875; x_wconf 78' lang='lat' dir='ltr'>prae-</span> 
     </span>
     <span class='ocr_line' id='line_1_16' title="bbox 102 1877 285 1904; baseline 0.005 -9"><span class='ocrx_word' id='word_1_106' title='bbox 102 1877 219 1904; x_wconf 54' lang='lat' dir='ltr'>servatius</span> <span class='ocrx_word' id='word_1_107' title='bbox 244 1880 285 1902; x_wconf 80' lang='lat' dir='ltr'>ap-</span> 
     </span>
     <span class='ocr_line' id='line_1_17' title="bbox 102 1904 168 1927; baseline -0.015 -5"><span class='ocrx_word' id='word_1_108' title='bbox 102 1904 168 1927; x_wconf 82' lang='lat' dir='ltr'>ponit.</span> 
     </span>
    </p>
   </div>
   <div class='ocr_carea' id='block_1_7' title="bbox 104 649 1043 2689">
    <p class='ocr_par' dir='ltr' id='par_1_9' title="bbox 104 649 1043 1829">
     <span class='ocr_line' id='line_1_18' title="bbox 104 649 1043 695; baseline 0.002 -3"><span class='ocrx_word' id='word_1_109' title='bbox 104 649 169 670; x_wconf 60' lang='lat'>‘⁵⁰⁰⁹‘</span> <span class='ocrx_word' id='word_1_110' title='bbox 304 659 398 693; x_wconf 85' lang='lat' dir='ltr'>ciales</span> <span class='ocrx_word' id='word_1_111' title='bbox 423 661 603 693; x_wconf 88' lang='lat' dir='ltr'>huiusmodi</span> <span class='ocrx_word' id='word_1_112' title='bbox 628 661 659 693; x_wconf 87' lang='lat' dir='ltr'>in</span> <span class='ocrx_word' id='word_1_113' title='bbox 680 672 789 695; x_wconf 86' lang='lat' dir='ltr'>eorum</span> <span class='ocrx_word' id='word_1_114' title='bbox 815 667 844 694; x_wconf 88' lang='lat' dir='ltr'>ct</span> <span class='ocrx_word' id='word_1_115' title='bbox 869 672 976 694; x_wconf 86' lang='lat' dir='ltr'>earum</span> <span class='ocrx_word' id='word_1_116' title='bbox 993 672 1043 694; x_wconf 80' lang='lat' dir='ltr'>ex-</span> 
     </span>
     <span class='ocr_line' id='line_1_19' title="bbox 304 712 1042 757; baseline 0.004 -13"><span class='ocrx_word' id='word_1_117' title='bbox 304 712 455 746; x_wconf 87' lang='lat' dir='ltr'>tractione</span> <span class='ocrx_word' id='word_1_118' title='bbox 481 719 510 746; x_wconf 89' lang='lat' dir='ltr'>ct</span> <span class='ocrx_word' id='word_1_119' title='bbox 534 714 764 757; x_wconf 76' lang='lat' dir='ltr'>subscriptione</span> <span class='ocrx_word' id='word_1_120' title='bbox 796 718 981 748; x_wconf 81' lang='lat' dir='ltr'>attestentur</span> <span class='ocrx_word' id='word_1_121' title='bbox 1005 714 1042 747; x_wconf 89' lang='lat' dir='ltr'>de</span> 
     </span>
     <span class='ocr_line' id='line_1_20' title="bbox 305 764 1043 808; baseline 0.003 -10"><span class='ocrx_word' id='word_1_122' title='bbox 305 764 462 807; x_wconf 73' lang='lat' dir='ltr'>citatione,</span> <span class='ocrx_word' id='word_1_123' title='bbox 479 767 715 808; x_wconf 79' lang='lat' dir='ltr'>auscultatione,</span> <span class='ocrx_word' id='word_1_124' title='bbox 729 768 895 802; x_wconf 86' lang='lat' dir='ltr'>collatione</span> <span class='ocrx_word' id='word_1_125' title='bbox 919 773 950 801; x_wconf 90' lang='lat' dir='ltr'>et</span> <span class='ocrx_word' id='word_1_126' title='bbox 973 778 1043 801; x_wconf 87' lang='lat' dir='ltr'>con-</span> 
     </span>
     <span class='ocr_line' id='line_1_21' title="bbox 305 819 1042 865; baseline 0.001 -12"><span class='ocrx_word' id='word_1_127' title='bbox 305 819 412 853; x_wconf 75' lang='lat' dir='ltr'>cordia</span> <span class='ocrx_word' id='word_1_128' title='bbox 433 831 468 853; x_wconf 89' lang='lat' dir='ltr'>ac</span> <span class='ocrx_word' id='word_1_129' title='bbox 489 821 663 865; x_wconf 80' lang='lat' dir='ltr'>respective</span> <span class='ocrx_word' id='word_1_130' title='bbox 682 821 898 864; x_wconf 74' lang='lat' dir='ltr'>recognitione</span> <span class='ocrx_word' id='word_1_131' title='bbox 919 821 1042 865; x_wconf 82' lang='lat' dir='ltr'>praedi-</span> 
     </span>
     <span class='ocr_line' id='line_1_22' title="bbox 304 874 1042 913; baseline 0.001 -7"><span class='ocrx_word' id='word_1_132' title='bbox 304 874 376 913; x_wconf 78' lang='lat' dir='ltr'>ctis3</span> <span class='ocrx_word' id='word_1_133' title='bbox 392 879 421 906; x_wconf 92' lang='lat' dir='ltr'>et</span> <span class='ocrx_word' id='word_1_134' title='bbox 434 874 516 907; x_wconf 89' lang='lat' dir='ltr'>idem</span> <span class='ocrx_word' id='word_1_135' title='bbox 534 875 699 908; x_wconf 86' lang='lat' dir='ltr'>statuimus</span> <span class='ocrx_word' id='word_1_136' title='bbox 713 880 743 908; x_wconf 90' lang='lat' dir='ltr'>et</span> <span class='ocrx_word' id='word_1_137' title='bbox 759 875 957 908; x_wconf 88' lang='lat' dir='ltr'>decernimus</span> <span class='ocrx_word' id='word_1_138' title='bbox 975 885 1042 908; x_wconf 88' lang='lat' dir='ltr'>esse</span> 
     </span>
     <span class='ocr_line' id='line_1_23' title="bbox 304 927 1038 971; baseline 0.001 -11"><span class='ocrx_word' id='word_1_139' title='bbox 304 927 534 960; x_wconf 86' lang='lat' dir='ltr'>observandum</span> <span class='ocrx_word' id='word_1_140' title='bbox 568 934 713 971; x_wconf 83' lang='lat' dir='ltr'>respectu</span> <span class='ocrx_word' id='word_1_141' title='bbox 749 928 1038 970; x_wconf 80' lang='lat' dir='ltr'>gratiarun1‚con-</span> 
     </span>
     <span class='ocr_line' id='line_1_24' title="bbox 305 981 1042 1024; baseline 0 -10"><span class='ocrx_word' id='word_1_142' title='bbox 305 982 493 1021; x_wconf 85' lang='lat' dir='ltr'>cessionum,</span> <span class='ocrx_word' id='word_1_143' title='bbox 511 981 714 1022; x_wconf 87' lang='lat' dir='ltr'>indultorum,</span> <span class='ocrx_word' id='word_1_144' title='bbox 732 981 980 1024; x_wconf 78' lang='lat' dir='ltr'>privilegiorum,</span> <span class='ocrx_word' id='word_1_145' title='bbox 1006 992 1042 1014; x_wconf 87' lang='lat' dir='ltr'>ac</span> 
     </span>
     <span class='ocr_line' id='line_1_25' title="bbox 303 1034 1041 1078; baseline 0 -12"><span class='ocrx_word' id='word_1_146' title='bbox 303 1044 574 1078; x_wconf 87' lang='lat' dir='ltr'>quarumcumque</span> <span class='ocrx_word' id='word_1_147' title='bbox 609 1034 742 1066; x_wconf 82' lang='lat' dir='ltr'>aliarum</span> <span class='ocrx_word' id='word_1_148' title='bbox 778 1034 1041 1078; x_wconf 85' lang='lat' dir='ltr'>dispositionum,</span> 
     </span>
     <span class='ocr_line' id='line_1_26' title="bbox 303 1086 1042 1131; baseline 0.001 -12"><span class='ocrx_word' id='word_1_149' title='bbox 303 1097 383 1131; x_wconf 89' lang='lat' dir='ltr'>quae</span> <span class='ocrx_word' id='word_1_150' title='bbox 407 1087 614 1131; x_wconf 82' lang='lat' dir='ltr'>imposterum</span> <span class='ocrx_word' id='word_1_151' title='bbox 638 1097 656 1119; x_wconf 86' lang='lat' dir='ltr'>a</span> <span class='ocrx_word' id='word_1_152' title='bbox 674 1086 765 1119; x_wconf 90' lang='lat' dir='ltr'>nobis</span> <span class='ocrx_word' id='word_1_153' title='bbox 786 1097 840 1120; x_wconf 88' lang='lat' dir='ltr'>seu</span> <span class='ocrx_word' id='word_1_154' title='bbox 860 1097 877 1119; x_wconf 84' lang='lat' dir='ltr'>a</span> <span class='ocrx_word' id='word_1_155' title='bbox 894 1087 1042 1120; x_wconf 82' lang='lat' dir='ltr'>Romanis</span> 
     </span>
     <span class='ocr_line' id='line_1_27' title="bbox 303 1140 1041 1175; baseline 0 -1"><span class='ocrx_word' id='word_1_156' title='bbox 303 1141 506 1174; x_wconf 81' lang='lat' dir='ltr'>Pontificibus</span> <span class='ocrx_word' id='word_1_157' title='bbox 537 1140 770 1174; x_wconf 89' lang='lat' dir='ltr'>successoribus</span> <span class='ocrx_word' id='word_1_158' title='bbox 802 1141 918 1174; x_wconf 89' lang='lat' dir='ltr'>nostris</span> <span class='ocrx_word' id='word_1_159' title='bbox 949 1151 1041 1175; x_wconf 88' lang='lat' dir='ltr'>cano-</span> 
     </span>
     <span class='ocr_line' id='line_1_28' title="bbox 302 1195 1040 1237; baseline 0.001 -10"><span class='ocrx_word' id='word_1_160' title='bbox 302 1195 370 1228; x_wconf 83' lang='lat' dir='ltr'>nice</span> <span class='ocrx_word' id='word_1_161' title='bbox 396 1195 583 1228; x_wconf 86' lang='lat' dir='ltr'>intrantibus</span> <span class='ocrx_word' id='word_1_162' title='bbox 613 1205 773 1228; x_wconf 81' lang='lat' dir='ltr'>emanasse</span> <span class='ocrx_word' id='word_1_163' title='bbox 804 1200 1040 1237; x_wconf 80' lang='lat' dir='ltr'>assererentur,</span> 
     </span>
     <span class='ocr_line' id='line_1_29' title="bbox 302 1249 1042 1290; baseline 0 -8"><span class='ocrx_word' id='word_1_164' title='bbox 302 1255 336 1282; x_wconf 92' lang='lat' dir='ltr'>ut</span> <span class='ocrx_word' id='word_1_165' title='bbox 350 1249 475 1282; x_wconf 89' lang='lat' dir='ltr'>illarum</span> <span class='ocrx_word' id='word_1_166' title='bbox 493 1249 887 1290; x_wconf 86' lang='lat' dir='ltr'>assertiones,insertiones</span> <span class='ocrx_word' id='word_1_167' title='bbox 902 1254 931 1282; x_wconf 87' lang='lat' dir='ltr'>et</span> <span class='ocrx_word' id='word_1_168' title='bbox 948 1259 1042 1282; x_wconf 89' lang='lat' dir='ltr'>enun-</span> 
     </span>
     <span class='ocr_line' id='line_1_30' title="bbox 302 1301 1041 1346; baseline 0.001 -12"><span class='ocrx_word' id='word_1_169' title='bbox 302 1301 447 1343; x_wconf 55' lang='lat' dir='ltr'>dativae,</span> <span class='ocrx_word' id='word_1_170' title='bbox 471 1303 593 1346; x_wconf 90' lang='lat' dir='ltr'>aliaque</span> <span class='ocrx_word' id='word_1_171' title='bbox 617 1303 805 1346; x_wconf 88' lang='lat' dir='ltr'>praemissa,</span> <span class='ocrx_word' id='word_1_172' title='bbox 827 1307 856 1335; x_wconf 91' lang='lat' dir='ltr'>et</span> <span class='ocrx_word' id='word_1_173' title='bbox 880 1302 1041 1346; x_wconf 85' lang='lat' dir='ltr'>quodlibet</span> 
     </span>
     <span class='ocr_line' id='line_1_31' title="bbox 302 1356 1041 1400; baseline 0 -12"><span class='ocrx_word' id='word_1_174' title='bbox 302 1365 429 1398; x_wconf 87' lang='lat' dir='ltr'>eorum,</span> <span class='ocrx_word' id='word_1_175' title='bbox 455 1367 472 1388; x_wconf 87' lang='lat' dir='ltr'>a</span> <span class='ocrx_word' id='word_1_176' title='bbox 500 1357 751 1400; x_wconf 77' lang='lat' dir='ltr'>quibuscumque</span> <span class='ocrx_word' id='word_1_177' title='bbox 775 1356 981 1400; x_wconf 83' lang='lat' dir='ltr'>scriptoribus</span> <span class='ocrx_word' id='word_1_178' title='bbox 1012 1359 1041 1389; x_wconf 88' lang='lat' dir='ltr'>et</span> 
     </span>
     <span class='ocr_line' id='line_1_32' title="bbox 302 1409 1040 1454; baseline 0 -12"><span class='ocrx_word' id='word_1_179' title='bbox 302 1409 504 1450; x_wconf 81' lang='lat' dir='ltr'>auctoribus,</span> <span class='ocrx_word' id='word_1_180' title='bbox 529 1415 561 1442; x_wconf 90' lang='lat' dir='ltr'>ut</span> <span class='ocrx_word' id='word_1_181' title='bbox 592 1409 791 1453; x_wconf 65' lang='lat' dir='ltr'>praefertur,</span> <span class='ocrx_word' id='word_1_182' title='bbox 815 1420 874 1453; x_wconf 87' lang='lat' dir='ltr'>pro</span> <span class='ocrx_word' id='word_1_183' title='bbox 899 1414 1040 1454; x_wconf 86' lang='lat' dir='ltr'>tempore</span> 
     </span>
     <span class='ocr_line' id='line_1_33' title="bbox 302 1462 1042 1504; baseline -0.001 -8"><span class='ocrx_word' id='word_1_184' title='bbox 302 1463 460 1496; x_wconf 79' lang='lat' dir='ltr'>faciendae</span> <span class='ocrx_word' id='word_1_185' title='bbox 477 1468 506 1496; x_wconf 89' lang='lat' dir='ltr'>et</span> <span class='ocrx_word' id='word_1_186' title='bbox 527 1463 675 1504; x_wconf 79' lang='lat' dir='ltr'>facienda,</span> <span class='ocrx_word' id='word_1_187' title='bbox 696 1463 814 1496; x_wconf 86' lang='lat' dir='ltr'>nullam</span> <span class='ocrx_word' id='word_1_188' title='bbox 839 1462 944 1503; x_wconf 83' lang='lat' dir='ltr'>sidem,</span> <span class='ocrx_word' id='word_1_189' title='bbox 966 1463 1042 1496; x_wconf 90' lang='lat' dir='ltr'>indi-</span> 
     </span>
     <span class='ocr_line' id='line_1_34' title="bbox 301 1515 1041 1560; baseline -0.001 -11"><span class='ocrx_word' id='word_1_190' title='bbox 301 1515 396 1556; x_wconf 81' lang='lat' dir='ltr'>cium,</span> <span class='ocrx_word' id='word_1_191' title='bbox 414 1516 462 1549; x_wconf 82' lang='lat' dir='ltr'>vel</span> <span class='ocrx_word' id='word_1_192' title='bbox 489 1516 706 1559; x_wconf 82' lang='lat' dir='ltr'>probationem</span> <span class='ocrx_word' id='word_1_193' title='bbox 727 1517 841 1549; x_wconf 81' lang='lat' dir='ltr'>saciant</span> <span class='ocrx_word' id='word_1_194' title='bbox 864 1516 895 1548; x_wconf 87' lang='lat' dir='ltr'>in</span> <span class='ocrx_word' id='word_1_195' title='bbox 919 1516 1041 1560; x_wconf 89' lang='lat' dir='ltr'>praeiu-</span> 
     </span>
     <span class='ocr_line' id='line_1_35' title="bbox 301 1570 1041 1614; baseline 0 -12"><span class='ocrx_word' id='word_1_196' title='bbox 301 1570 417 1603; x_wconf 86' lang='lat' dir='ltr'>dicium</span> <span class='ocrx_word' id='word_1_197' title='bbox 432 1570 519 1603; x_wconf 86' lang='lat' dir='ltr'>Sedis</span> <span class='ocrx_word' id='word_1_198' title='bbox 533 1571 740 1614; x_wconf 76' lang='lat' dir='ltr'>Apostolicae‚</span> <span class='ocrx_word' id='word_1_199' title='bbox 758 1575 787 1603; x_wconf 90' lang='lat' dir='ltr'>et</span> <span class='ocrx_word' id='word_1_200' title='bbox 803 1570 937 1603; x_wconf 83' lang='lat' dir='ltr'>aliorum</span> <span class='ocrx_word' id='word_1_201' title='bbox 954 1581 1041 1614; x_wconf 89' lang='lat' dir='ltr'>prae-</span> 
     </span>
     <span class='ocr_line' id='line_1_36' title="bbox 289 1623 1039 1665; baseline -0.001 -8"><span class='ocrx_word' id='word_1_202' title='bbox 289 1624 436 1665; x_wconf 47' lang='lat' dir='ltr'>·fatorum</span> <span class='ocrx_word' id='word_1_203' title='bbox 460 1623 491 1656; x_wconf 90' lang='lat' dir='ltr'>in</span> <span class='ocrx_word' id='word_1_204' title='bbox 516 1623 631 1656; x_wconf 89' lang='lat' dir='ltr'>iudicio</span> <span class='ocrx_word' id='word_1_205' title='bbox 650 1628 679 1656; x_wconf 89' lang='lat' dir='ltr'>et</span> <span class='ocrx_word' id='word_1_206' title='bbox 695 1629 783 1656; x_wconf 79' lang='lat' dir='ltr'>extra</span> <span class='ocrx_word' id='word_1_207' title='bbox 799 1623 959 1664; x_wconf 83' lang='lat' dir='ltr'>iudicium,</span> <span class='ocrx_word' id='word_1_208' title='bbox 980 1624 1039 1657; x_wconf 91' lang='lat' dir='ltr'>nisi</span> 
     </span>
     <span class='ocr_line' id='line_1_37' title="bbox 301 1677 1039 1721; baseline 0 -11"><span class='ocrx_word' id='word_1_209' title='bbox 301 1677 326 1710; x_wconf 92' lang='lat' dir='ltr'>si</span> <span class='ocrx_word' id='word_1_210' title='bbox 353 1681 383 1710; x_wconf 89' lang='lat' dir='ltr'>et</span> <span class='ocrx_word' id='word_1_211' title='bbox 410 1682 576 1721; x_wconf 87' lang='lat' dir='ltr'>postquam</span> <span class='ocrx_word' id='word_1_212' title='bbox 601 1677 785 1710; x_wconf 82' lang='lat' dir='ltr'>auscultatio</span> <span class='ocrx_word' id='word_1_213' title='bbox 814 1682 843 1710; x_wconf 90' lang='lat' dir='ltr'>et</span> <span class='ocrx_word' id='word_1_214' title='bbox 867 1677 1039 1720; x_wconf 83' lang='lat' dir='ltr'>respective</span> 
     </span>
     <span class='ocr_line' id='line_1_38' title="bbox 301 1731 1038 1776; baseline 0 -12"><span class='ocrx_word' id='word_1_215' title='bbox 301 1731 405 1765; x_wconf 88' lang='lat' dir='ltr'>citatio</span> <span class='ocrx_word' id='word_1_216' title='bbox 430 1731 551 1775; x_wconf 88' lang='lat' dir='ltr'>aliaque</span> <span class='ocrx_word' id='word_1_217' title='bbox 581 1732 754 1776; x_wconf 83' lang='lat' dir='ltr'>praemissa</span> <span class='ocrx_word' id='word_1_218' title='bbox 784 1731 889 1766; x_wconf 83' lang='lat' dir='ltr'>onmia</span> <span class='ocrx_word' id='word_1_219' title='bbox 917 1736 946 1765; x_wconf 89' lang='lat' dir='ltr'>et</span> <span class='ocrx_word' id='word_1_220' title='bbox 974 1732 1038 1765; x_wconf 91' lang='lat' dir='ltr'>sin-</span> 
     </span>
     <span class='ocr_line' id='line_1_39' title="bbox 300 1785 778 1829; baseline 0.002 -12"><span class='ocrx_word' id='word_1_221' title='bbox 300 1785 373 1828; x_wconf 80' lang='lat' dir='ltr'>gula</span> <span class='ocrx_word' id='word_1_222' title='bbox 396 1785 513 1829; x_wconf 88' lang='lat' dir='ltr'>pariter</span> <span class='ocrx_word' id='word_1_223' title='bbox 537 1785 778 1826; x_wconf 72' lang='lat' dir='ltr'>intervenerint,</span> 
     </span>
    </p>

    <p class='ocr_par' dir='ltr' id='par_1_10' title="bbox 298 1837 1039 2689">
     <span class='ocr_line' id='line_1_40' title="bbox 345 1837 1039 1883; baseline 0.003 -13"><span class='ocrx_word' id='word_1_224' title='bbox 345 1838 359 1882; x_wconf 66' lang='lat' dir='ltr'>g</span> <span class='ocrx_word' id='word_1_225' title='bbox 383 1837 613 1871; x_wconf 71' lang='lat' dir='ltr'>4.P1=aesentes</span> <span class='ocrx_word' id='word_1_226' title='bbox 637 1849 763 1883; x_wconf 85' lang='lat' dir='ltr'>quoque</span> <span class='ocrx_word' id='word_1_227' title='bbox 782 1839 899 1873; x_wconf 85' lang='lat' dir='ltr'>litteras</span> <span class='ocrx_word' id='word_1_228' title='bbox 924 1840 1039 1872; x_wconf 88' lang='lat' dir='ltr'>omnia-</span> 
     </span>
     <span class='ocr_line' id='line_1_41' title="bbox 300 1892 1038 1936; baseline 0.003 -12"><span class='ocrx_word' id='word_1_229' title='bbox 300 1902 362 1936; x_wconf 86' lang='lat' dir='ltr'>que</span> <span class='ocrx_word' id='word_1_230' title='bbox 386 1897 415 1924; x_wconf 89' lang='lat' dir='ltr'>et</span> <span class='ocrx_word' id='word_1_231' title='bbox 440 1892 562 1935; x_wconf 76' lang='lat' dir='ltr'>singula</span> <span class='ocrx_word' id='word_1_232' title='bbox 586 1892 617 1924; x_wconf 92' lang='lat' dir='ltr'>in</span> <span class='ocrx_word' id='word_1_233' title='bbox 643 1893 686 1925; x_wconf 90' lang='lat' dir='ltr'>eis</span> <span class='ocrx_word' id='word_1_234' title='bbox 712 1897 867 1933; x_wconf 88' lang='lat' dir='ltr'>contenta,</span> <span class='ocrx_word' id='word_1_235' title='bbox 893 1892 985 1926; x_wconf 86' lang='lat' dir='ltr'>etiam</span> <span class='ocrx_word' id='word_1_236' title='bbox 1003 1904 1038 1926; x_wconf 80' lang='lat' dir='ltr'>ex</span> 
     </span>
     <span class='ocr_line' id='line_1_42' title="bbox 300 1946 1034 1990; baseline 0 -11"><span class='ocrx_word' id='word_1_237' title='bbox 300 1956 337 1979; x_wconf 83' lang='lat' dir='ltr'>eo</span> <span class='ocrx_word' id='word_1_238' title='bbox 365 1946 449 1989; x_wconf 91' lang='lat' dir='ltr'>quod</span> <span class='ocrx_word' id='word_1_239' title='bbox 474 1946 665 1990; x_wconf 85' lang='lat' dir='ltr'>quicumque</span> <span class='ocrx_word' id='word_1_240' title='bbox 691 1946 722 1978; x_wconf 91' lang='lat' dir='ltr'>in</span> <span class='ocrx_word' id='word_1_241' title='bbox 746 1947 926 1990; x_wconf 85' lang='lat' dir='ltr'>praemissis</span> <span class='ocrx_word' id='word_1_242' title='bbox 953 1947 1034 1979; x_wconf 91' lang='lat' dir='ltr'>inte-</span> 
     </span>
     <span class='ocr_line' id='line_1_43' title="bbox 298 1999 1039 2043; baseline 0.001 -11"><span class='ocrx_word' id='word_1_243' title='bbox 298 2010 384 2033; x_wconf 87' lang='lat' dir='ltr'>resse</span> <span class='ocrx_word' id='word_1_244' title='bbox 403 1999 564 2040; x_wconf 76' lang='lat' dir='ltr'>habentes,</span> <span class='ocrx_word' id='word_1_245' title='bbox 582 2010 637 2032; x_wconf 85' lang='lat' dir='ltr'>seu</span> <span class='ocrx_word' id='word_1_246' title='bbox 661 1999 777 2032; x_wconf 86' lang='lat' dir='ltr'>habere</span> <span class='ocrx_word' id='word_1_247' title='bbox 803 2000 1039 2043; x_wconf 88' lang='lat' dir='ltr'>quomodolibet</span> 
     </span>
     <span class='ocr_line' id='line_1_44' title="bbox 299 2052 1039 2097; baseline 0 -11"><span class='ocrx_word' id='word_1_248' title='bbox 299 2052 550 2097; x_wconf 85' lang='lat' dir='ltr'>praetendentes,</span> <span class='ocrx_word' id='word_1_249' title='bbox 575 2052 612 2085; x_wconf 89' lang='lat' dir='ltr'>ad</span> <span class='ocrx_word' id='word_1_250' title='bbox 638 2063 673 2085; x_wconf 89' lang='lat' dir='ltr'>ea</span> <span class='ocrx_word' id='word_1_251' title='bbox 698 2053 797 2086; x_wconf 87' lang='lat' dir='ltr'>vocati</span> <span class='ocrx_word' id='word_1_252' title='bbox 823 2058 852 2085; x_wconf 88' lang='lat' dir='ltr'>et</span> <span class='ocrx_word' id='word_1_253' title='bbox 877 2053 984 2094; x_wconf 85' lang='lat' dir='ltr'>auditi,</span> <span class='ocrx_word' id='word_1_254' title='bbox 1009 2059 1039 2086; x_wconf 89' lang='lat' dir='ltr'>et</span> 
     </span>
     <span class='ocr_line' id='line_1_45' title="bbox 299 2106 1039 2150; baseline 0.003 -12"><span class='ocrx_word' id='word_1_255' title='bbox 299 2116 424 2147; x_wconf 88' lang='lat' dir='ltr'>causae,</span> <span class='ocrx_word' id='word_1_256' title='bbox 453 2110 584 2150; x_wconf 90' lang='lat' dir='ltr'>propter</span> <span class='ocrx_word' id='word_1_257' title='bbox 608 2117 684 2150; x_wconf 92' lang='lat' dir='ltr'>quas</span> <span class='ocrx_word' id='word_1_258' title='bbox 709 2106 837 2139; x_wconf 87' lang='lat' dir='ltr'>eaedem</span> <span class='ocrx_word' id='word_1_259' title='bbox 859 2111 1039 2150; x_wconf 86' lang='lat' dir='ltr'>praesentes</span> 
     </span>
     <span class='ocr_line' id='line_1_46' title="bbox 300 2159 1038 2202; baseline 0.001 -10"><span class='ocrx_word' id='word_1_260' title='bbox 300 2159 484 2200; x_wconf 85' lang='lat' dir='ltr'>emanarint,</span> <span class='ocrx_word' id='word_1_261' title='bbox 505 2159 666 2200; x_wconf 78' lang='lat' dir='ltr'>adductae,</span> <span class='ocrx_word' id='word_1_262' title='bbox 684 2160 870 2202; x_wconf 84' lang='lat' dir='ltr'>veriticatae,</span> <span class='ocrx_word' id='word_1_263' title='bbox 890 2170 944 2193; x_wconf 93' lang='lat' dir='ltr'>seu</span> <span class='ocrx_word' id='word_1_264' title='bbox 964 2160 1038 2194; x_wconf 79' lang='lat' dir='ltr'>alias</span> 
     </span>
     <span class='ocr_line' id='line_1_47' title="bbox 300 2213 1038 2253; baseline 0.001 -7"><span class='ocrx_word' id='word_1_265' title='bbox 300 2213 501 2253; x_wconf 84' lang='lat' dir='ltr'>sufficienter,</span> <span class='ocrx_word' id='word_1_266' title='bbox 518 2219 570 2247; x_wconf 87' lang='lat' dir='ltr'>aut</span> <span class='ocrx_word' id='word_1_267' title='bbox 598 2214 691 2247; x_wconf 88' lang='lat' dir='ltr'>etiam</span> <span class='ocrx_word' id='word_1_268' title='bbox 722 2214 898 2247; x_wconf 86' lang='lat' dir='ltr'>nullatenus</span> <span class='ocrx_word' id='word_1_269' title='bbox 929 2214 1038 2247; x_wconf 82' lang='lat' dir='ltr'>iustifi-</span> 
     </span>
     <span class='ocr_line' id='line_1_48' title="bbox 300 2267 1037 2312; baseline 0.004 -13"><span class='ocrx_word' id='word_1_270' title='bbox 300 2272 387 2300; x_wconf 86' lang='lat' dir='ltr'>catae</span> <span class='ocrx_word' id='word_1_271' title='bbox 414 2267 538 2309; x_wconf 79' lang='lat' dir='ltr'>suerint,</span> <span class='ocrx_word' id='word_1_272' title='bbox 559 2268 645 2301; x_wconf 88' lang='lat' dir='ltr'>nullo</span> <span class='ocrx_word' id='word_1_273' title='bbox 671 2278 809 2312; x_wconf 87' lang='lat' dir='ltr'>unquam</span> <span class='ocrx_word' id='word_1_274' title='bbox 834 2273 976 2312; x_wconf 87' lang='lat' dir='ltr'>tempore</span> <span class='ocrx_word' id='word_1_275' title='bbox 1000 2269 1037 2302; x_wconf 85' lang='lat' dir='ltr'>de</span> 
     </span>
     <span class='ocr_line' id='line_1_49' title="bbox 300 2320 1038 2365; baseline 0.004 -12"><span class='ocrx_word' id='word_1_276' title='bbox 300 2320 521 2364; x_wconf 84' lang='lat' dir='ltr'>subreptionis,</span> <span class='ocrx_word' id='word_1_277' title='bbox 546 2321 760 2365; x_wconf 87' lang='lat' dir='ltr'>obreptionis,</span> <span class='ocrx_word' id='word_1_278' title='bbox 790 2322 961 2363; x_wconf 88' lang='lat' dir='ltr'>nullitatis,</span> <span class='ocrx_word' id='word_1_279' title='bbox 986 2328 1038 2356; x_wconf 86' lang='lat' dir='ltr'>aut</span> 
     </span>
     <span class='ocr_line' id='line_1_50' title="bbox 300 2374 1037 2417; baseline 0.005 -12"><span class='ocrx_word' id='word_1_280' title='bbox 300 2374 501 2406; x_wconf 84' lang='lat' dir='ltr'>invaliditatis</span> <span class='ocrx_word' id='word_1_281' title='bbox 518 2375 601 2416; x_wconf 89' lang='lat' dir='ltr'>vitio,</span> <span class='ocrx_word' id='word_1_282' title='bbox 618 2385 672 2408; x_wconf 89' lang='lat' dir='ltr'>seu</span> <span class='ocrx_word' id='word_1_283' title='bbox 696 2375 877 2408; x_wconf 89' lang='lat' dir='ltr'>intentionis</span> <span class='ocrx_word' id='word_1_284' title='bbox 901 2381 1037 2417; x_wconf 82' lang='lat' dir='ltr'>nostrae,</span> 
     </span>
     <span class='ocr_line' id='line_1_51' title="bbox 300 2427 1036 2473; baseline 0.004 -13"><span class='ocrx_word' id='word_1_285' title='bbox 300 2432 352 2461; x_wconf 89' lang='lat' dir='ltr'>aut</span> <span class='ocrx_word' id='word_1_286' title='bbox 375 2427 436 2460; x_wconf 90' lang='lat' dir='ltr'>alio</span> <span class='ocrx_word' id='word_1_287' title='bbox 461 2428 571 2471; x_wconf 89' lang='lat' dir='ltr'>quovis</span> <span class='ocrx_word' id='word_1_288' title='bbox 595 2428 727 2469; x_wconf 83' lang='lat' dir='ltr'>defectu,</span> <span class='ocrx_word' id='word_1_289' title='bbox 753 2429 844 2462; x_wconf 88' lang='lat' dir='ltr'>etiam</span> <span class='ocrx_word' id='word_1_290' title='bbox 870 2435 1036 2473; x_wconf 90' lang='lat' dir='ltr'>quantum-</span> 
     </span>
     <span class='ocr_line' id='line_1_52' title="bbox 300 2480 1036 2525; baseline 0.005 -12"><span class='ocrx_word' id='word_1_291' title='bbox 300 2480 344 2513; x_wconf 86' lang='lat' dir='ltr'>vis</span> <span class='ocrx_word' id='word_1_292' title='bbox 376 2491 512 2524; x_wconf 73' lang='lat' dir='ltr'>magno,</span> <span class='ocrx_word' id='word_1_293' title='bbox 543 2481 752 2525; x_wconf 81' lang='lat' dir='ltr'>inexcogitato</span> <span class='ocrx_word' id='word_1_294' title='bbox 777 2488 807 2515; x_wconf 91' lang='lat' dir='ltr'>et</span> <span class='ocrx_word' id='word_1_295' title='bbox 832 2483 1036 2525; x_wconf 84' lang='lat' dir='ltr'>substantiali,</span> 
     </span>
     <span class='ocr_line' id='line_1_53' title="bbox 299 2534 1036 2581; baseline 0.007 -14"><span class='ocrx_word' id='word_1_296' title='bbox 299 2534 363 2568; x_wconf 86' lang='lat' dir='ltr'>sive</span> <span class='ocrx_word' id='word_1_297' title='bbox 385 2535 477 2568; x_wconf 86' lang='lat' dir='ltr'>etiam</span> <span class='ocrx_word' id='word_1_298' title='bbox 499 2546 535 2568; x_wconf 81' lang='lat' dir='ltr'>ex</span> <span class='ocrx_word' id='word_1_299' title='bbox 558 2546 594 2569; x_wconf 91' lang='lat' dir='ltr'>eo</span> <span class='ocrx_word' id='word_1_300' title='bbox 615 2536 699 2579; x_wconf 90' lang='lat' dir='ltr'>quod</span> <span class='ocrx_word' id='word_1_301' title='bbox 718 2537 749 2569; x_wconf 90' lang='lat' dir='ltr'>in</span> <span class='ocrx_word' id='word_1_302' title='bbox 769 2537 961 2581; x_wconf 83' lang='lat' dir='ltr'>praemissis,</span> <span class='ocrx_word' id='word_1_303' title='bbox 982 2549 1036 2572; x_wconf 88' lang='lat' dir='ltr'>seu</span> 
     </span>
     <span class='ocr_line' id='line_1_54' title="bbox 299 2591 1036 2636; baseline 0.004 -13"><span class='ocrx_word' id='word_1_304' title='bbox 299 2600 408 2624; x_wconf 88' lang='lat' dir='ltr'>eorum</span> <span class='ocrx_word' id='word_1_305' title='bbox 426 2591 542 2634; x_wconf 88' lang='lat' dir='ltr'>aliquo,</span> <span class='ocrx_word' id='word_1_306' title='bbox 557 2591 767 2624; x_wconf 87' lang='lat' dir='ltr'>solemnitates</span> <span class='ocrx_word' id='word_1_307' title='bbox 785 2597 814 2624; x_wconf 88' lang='lat' dir='ltr'>et</span> <span class='ocrx_word' id='word_1_308' title='bbox 833 2593 959 2636; x_wconf 88' lang='lat' dir='ltr'>quaevis</span> <span class='ocrx_word' id='word_1_309' title='bbox 977 2594 1036 2626; x_wconf 89' lang='lat' dir='ltr'>alia</span> 
     </span>
     <span class='ocr_line' id='line_1_55' title="bbox 298 2643 1035 2689; baseline 0.004 -11"><span class='ocrx_word' id='word_1_310' title='bbox 298 2643 450 2678; x_wconf 81' lang='lat' dir='ltr'>servanda</span> <span class='ocrx_word' id='word_1_311' title='bbox 471 2648 500 2676; x_wconf 87' lang='lat' dir='ltr'>et</span> <span class='ocrx_word' id='word_1_312' title='bbox 519 2644 719 2688; x_wconf 86' lang='lat' dir='ltr'>adimplenda</span> <span class='ocrx_word' id='word_1_313' title='bbox 736 2644 903 2689; x_wconf 78' lang='lat' dir='ltr'>adimpleta</span> <span class='ocrx_word' id='word_1_314' title='bbox 923 2651 953 2681; x_wconf 90' lang='lat' dir='ltr'>et</span> <span class='ocrx_word' id='word_1_315' title='bbox 972 2658 1035 2681; x_wconf 87' lang='lat' dir='ltr'>ser-</span> 
     </span>
    </p>
   </div>
   <div class='ocr_carea' id='block_1_8' title="bbox 381 2706 976 2738">
    <p class='ocr_par' dir='ltr' id='par_1_11' title="bbox 381 2706 976 2738">
     <span class='ocr_line' id='line_1_56' title="bbox 381 2706 976 2738; baseline 0.003 -3"><span class='ocrx_word' id='word_1_316' title='bbox 381 2706 460 2735; x_wconf 80' lang='lat' dir='ltr'>Bull.</span> <span class='ocrx_word' id='word_1_317' title='bbox 479 2706 564 2736; x_wconf 83' lang='lat' dir='ltr'>Rom.</span> <span class='ocrx_word' id='word_1_318' title='bbox 580 2722 614 2728; x_wconf 93' lang='lat'>—</span> <span class='ocrx_word' id='word_1_319' title='bbox 632 2707 691 2736; x_wconf 85' lang='lat' dir='ltr'>Vol.</span> <span class='ocrx_word' id='word_1_320' title='bbox 712 2707 788 2738; x_wconf 85' lang='lat' dir='ltr'><strong><em>XIV.</em></strong></span> <span class='ocrx_word' id='word_1_321' title='bbox 945 2709 976 2738; x_wconf 88' lang='grc'>61</span> 
     </span>
    </p>
   </div>
   <div class='ocr_carea' id='block_1_9' title="bbox 1071 662 1818 2573">
    <p class='ocr_par' dir='ltr' id='par_1_12' title="bbox 1072 662 1818 1882">
     <span class='ocr_line' id='line_1_57' title="bbox 1078 662 1817 709; baseline 0.007 -15"><span class='ocrx_word' id='word_1_322' title='bbox 1078 662 1140 703; x_wconf 85' lang='lat' dir='ltr'>tali,</span> <span class='ocrx_word' id='word_1_323' title='bbox 1160 673 1240 705; x_wconf 86' lang='lat' dir='ltr'>quae</span> <span class='ocrx_word' id='word_1_324' title='bbox 1257 663 1295 695; x_wconf 86' lang='lat' dir='ltr'>ad</span> <span class='ocrx_word' id='word_1_325' title='bbox 1319 663 1465 697; x_wconf 80' lang='lat' dir='ltr'>effectum</span> <span class='ocrx_word' id='word_1_326' title='bbox 1484 665 1650 698; x_wconf 75' lang='lat' dir='ltr'>validitatis</span> <span class='ocrx_word' id='word_1_327' title='bbox 1671 667 1817 709; x_wconf 86' lang='lat' dir='ltr'>praemis-</span> 
     </span>
     <span class='ocr_line' id='line_1_58' title="bbox 1078 717 1818 761; baseline 0.008 -14"><span class='ocrx_word' id='word_1_328' title='bbox 1078 725 1184 748; x_wconf 87' lang='lat' dir='ltr'>sorum</span> <span class='ocrx_word' id='word_1_329' title='bbox 1209 717 1386 750; x_wconf 85' lang='lat' dir='ltr'>necessario</span> <span class='ocrx_word' id='word_1_330' title='bbox 1411 718 1615 761; x_wconf 82' lang='lat' dir='ltr'>exprimenda</span> <span class='ocrx_word' id='word_1_331' title='bbox 1639 719 1740 760; x_wconf 89' lang='lat' dir='ltr'>soret,</span> <span class='ocrx_word' id='word_1_332' title='bbox 1766 730 1818 753; x_wconf 91' lang='lat' dir='ltr'>no-</span> 
     </span>
     <span class='ocr_line' id='line_1_59' title="bbox 1078 768 1817 814; baseline 0.008 -14"><span class='ocrx_word' id='word_1_333' title='bbox 1078 768 1147 809; x_wconf 88' lang='lat' dir='ltr'>tari,</span> <span class='ocrx_word' id='word_1_334' title='bbox 1174 769 1362 813; x_wconf 76' lang='lat' dir='ltr'>impugnari,</span> <span class='ocrx_word' id='word_1_335' title='bbox 1389 770 1562 812; x_wconf 86' lang='lat' dir='ltr'>invalidari,</span> <span class='ocrx_word' id='word_1_336' title='bbox 1587 773 1761 814; x_wconf 87' lang='lat' dir='ltr'>retractari,</span> <span class='ocrx_word' id='word_1_337' title='bbox 1786 773 1817 806; x_wconf 90' lang='lat' dir='ltr'>in</span> 
     </span>
     <span class='ocr_line' id='line_1_60' title="bbox 1078 821 1818 866; baseline 0.008 -13"><span class='ocrx_word' id='word_1_338' title='bbox 1078 821 1125 854; x_wconf 91' lang='lat' dir='ltr'>ius</span> <span class='ocrx_word' id='word_1_339' title='bbox 1158 822 1205 854; x_wconf 89' lang='lat' dir='ltr'>vel</span> <span class='ocrx_word' id='word_1_340' title='bbox 1237 824 1483 857; x_wconf 79' lang='lat' dir='ltr'>controversiam</span> <span class='ocrx_word' id='word_1_341' title='bbox 1515 826 1679 866; x_wconf 84' lang='lat' dir='ltr'>revocari,</span> <span class='ocrx_word' id='word_1_342' title='bbox 1703 827 1818 859; x_wconf 90' lang='lat' dir='ltr'>autad</span> 
     </span>
     <span class='ocr_line' id='line_1_61' title="bbox 1077 875 1817 918; baseline 0.007 -11"><span class='ocrx_word' id='word_1_343' title='bbox 1077 875 1229 908; x_wconf 89' lang='lat' dir='ltr'>terminos</span> <span class='ocrx_word' id='word_1_344' title='bbox 1253 876 1330 909; x_wconf 89' lang='lat' dir='ltr'>iuris</span> <span class='ocrx_word' id='word_1_345' title='bbox 1355 877 1478 918; x_wconf 84' lang='lat' dir='ltr'>reduci,</span> <span class='ocrx_word' id='word_1_346' title='bbox 1505 878 1551 911; x_wconf 91' lang='lat' dir='ltr'>vel</span> <span class='ocrx_word' id='word_1_347' title='bbox 1576 879 1725 912; x_wconf 86' lang='lat' dir='ltr'>adversus</span> <span class='ocrx_word' id='word_1_348' title='bbox 1750 879 1817 912; x_wconf 88' lang='lat' dir='ltr'>illas</span> 
     </span>
     <span class='ocr_line' id='line_1_62' title="bbox 1078 928 1814 975; baseline 0.008 -15"><span class='ocrx_word' id='word_1_349' title='bbox 1078 928 1283 962; x_wconf 84' lang='lat' dir='ltr'>restitutionis</span> <span class='ocrx_word' id='word_1_350' title='bbox 1299 929 1330 961; x_wconf 90' lang='lat' dir='ltr'>in</span> <span class='ocrx_word' id='word_1_351' title='bbox 1350 930 1519 973; x_wconf 79' lang='lat' dir='ltr'>integrum,</span> <span class='ocrx_word' id='word_1_352' title='bbox 1537 931 1720 975; x_wconf 89' lang='lat' dir='ltr'>aperitionis</span> <span class='ocrx_word' id='word_1_353' title='bbox 1741 933 1814 974; x_wconf 90' lang='lat' dir='ltr'>oris,</span> 
     </span>
     <span class='ocr_line' id='line_1_63' title="bbox 1077 981 1814 1027; baseline 0.007 -13"><span class='ocrx_word' id='word_1_354' title='bbox 1077 981 1269 1015; x_wconf 88' lang='lat' dir='ltr'>reductionis</span> <span class='ocrx_word' id='word_1_355' title='bbox 1301 983 1340 1015; x_wconf 86' lang='lat' dir='ltr'>ad</span> <span class='ocrx_word' id='word_1_356' title='bbox 1373 983 1454 1015; x_wconf 89' lang='lat' dir='ltr'>viam</span> <span class='ocrx_word' id='word_1_357' title='bbox 1479 989 1509 1016; x_wconf 91' lang='lat' dir='ltr'>et</span> <span class='ocrx_word' id='word_1_358' title='bbox 1532 985 1686 1018; x_wconf 89' lang='lat' dir='ltr'>terminos</span> <span class='ocrx_word' id='word_1_359' title='bbox 1716 986 1814 1027; x_wconf 90' lang='lat' dir='ltr'>iuris,</span> 
     </span>
     <span class='ocr_line' id='line_1_64' title="bbox 1077 1034 1816 1081; baseline 0.005 -14"><span class='ocrx_word' id='word_1_360' title='bbox 1077 1039 1129 1068; x_wconf 87' lang='lat' dir='ltr'>aut</span> <span class='ocrx_word' id='word_1_361' title='bbox 1145 1034 1229 1068; x_wconf 89' lang='lat' dir='ltr'>aliud</span> <span class='ocrx_word' id='word_1_362' title='bbox 1246 1035 1466 1079; x_wconf 87' lang='lat' dir='ltr'>quodcumque</span> <span class='ocrx_word' id='word_1_363' title='bbox 1483 1037 1570 1079; x_wconf 90' lang='lat' dir='ltr'>iuris,</span> <span class='ocrx_word' id='word_1_364' title='bbox 1588 1037 1670 1078; x_wconf 83' lang='lat' dir='ltr'>sacti,</span> <span class='ocrx_word' id='word_1_365' title='bbox 1687 1039 1816 1081; x_wconf 77' lang='lat' dir='ltr'>gratiae,</span> 
     </span>
     <span class='ocr_line' id='line_1_65' title="bbox 1077 1088 1818 1136; baseline 0.007 -15"><span class='ocrx_word' id='word_1_366' title='bbox 1077 1089 1124 1121; x_wconf 89' lang='lat' dir='ltr'>vel</span> <span class='ocrx_word' id='word_1_367' title='bbox 1137 1088 1271 1122; x_wconf 86' lang='lat' dir='ltr'>iustitiae</span> <span class='ocrx_word' id='word_1_368' title='bbox 1289 1089 1464 1123; x_wconf 88' lang='lat' dir='ltr'>remedium</span> <span class='ocrx_word' id='word_1_369' title='bbox 1481 1090 1654 1134; x_wconf 90' lang='lat' dir='ltr'>impetrari,</span> <span class='ocrx_word' id='word_1_370' title='bbox 1671 1102 1726 1124; x_wconf 90' lang='lat' dir='ltr'>seu</span> <span class='ocrx_word' id='word_1_371' title='bbox 1743 1103 1818 1136; x_wconf 90' lang='lat' dir='ltr'>quo-</span> 
     </span>
     <span class='ocr_line' id='line_1_66' title="bbox 1077 1142 1816 1188; baseline 0.005 -13"><span class='ocrx_word' id='word_1_372' title='bbox 1077 1142 1248 1176; x_wconf 89' lang='lat' dir='ltr'>modolibet</span> <span class='ocrx_word' id='word_1_373' title='bbox 1284 1143 1413 1176; x_wconf 88' lang='lat' dir='ltr'>concedi</span> <span class='ocrx_word' id='word_1_374' title='bbox 1433 1170 1440 1184; x_wconf 89' lang='lat'>,</span> <span class='ocrx_word' id='word_1_375' title='bbox 1476 1149 1529 1177; x_wconf 87' lang='lat' dir='ltr'>aut</span> <span class='ocrx_word' id='word_1_376' title='bbox 1564 1144 1732 1188; x_wconf 88' lang='lat' dir='ltr'>impetrato</span> <span class='ocrx_word' id='word_1_377' title='bbox 1768 1147 1816 1179; x_wconf 89' lang='lat' dir='ltr'>vel</span> 
     </span>
     <span class='ocr_line' id='line_1_67' title="bbox 1077 1197 1816 1241; baseline 0.004 -12"><span class='ocrx_word' id='word_1_378' title='bbox 1077 1207 1226 1230; x_wconf 82' lang='lat' dir='ltr'>concesso</span> <span class='ocrx_word' id='word_1_379' title='bbox 1251 1197 1434 1241; x_wconf 88' lang='lat' dir='ltr'>quempiam</span> <span class='ocrx_word' id='word_1_380' title='bbox 1451 1197 1506 1239; x_wconf 87' lang='lat' dir='ltr'>uti,</span> <span class='ocrx_word' id='word_1_381' title='bbox 1524 1209 1580 1231; x_wconf 87' lang='lat' dir='ltr'>seu</span> <span class='ocrx_word' id='word_1_382' title='bbox 1604 1209 1636 1232; x_wconf 90' lang='lat' dir='ltr'>se</span> <span class='ocrx_word' id='word_1_383' title='bbox 1659 1198 1768 1233; x_wconf 88' lang='lat' dir='ltr'>iuvare</span> <span class='ocrx_word' id='word_1_384' title='bbox 1784 1200 1816 1232; x_wconf 92' lang='lat' dir='ltr'>in</span> 
     </span>
     <span class='ocr_line' id='line_1_68' title="bbox 1077 1249 1815 1297; baseline 0.005 -15"><span class='ocrx_word' id='word_1_385' title='bbox 1077 1249 1192 1283; x_wconf 86' lang='lat' dir='ltr'>iudicio</span> <span class='ocrx_word' id='word_1_386' title='bbox 1219 1251 1266 1283; x_wconf 87' lang='lat' dir='ltr'>vel</span> <span class='ocrx_word' id='word_1_387' title='bbox 1292 1256 1379 1283; x_wconf 80' lang='lat' dir='ltr'>extra</span> <span class='ocrx_word' id='word_1_388' title='bbox 1402 1262 1494 1295; x_wconf 88' lang='lat' dir='ltr'>posse</span> <span class='ocrx_word' id='word_1_389' title='bbox 1503 1262 1511 1291; x_wconf 83' lang='lat'>;</span> <span class='ocrx_word' id='word_1_390' title='bbox 1535 1261 1637 1295; x_wconf 90' lang='lat' dir='ltr'>neque</span> <span class='ocrx_word' id='word_1_391' title='bbox 1661 1253 1720 1285; x_wconf 87' lang='lat' dir='ltr'>sub</span> <span class='ocrx_word' id='word_1_392' title='bbox 1745 1253 1815 1297; x_wconf 94' lang='lat' dir='ltr'>qui-</span> 
     </span>
     <span class='ocr_line' id='line_1_69' title="bbox 1076 1304 1817 1350; baseline 0.005 -14"><span class='ocrx_word' id='word_1_393' title='bbox 1076 1304 1183 1337; x_wconf 89' lang='lat' dir='ltr'>busvis</span> <span class='ocrx_word' id='word_1_394' title='bbox 1206 1304 1356 1337; x_wconf 88' lang='lat' dir='ltr'>similium</span> <span class='ocrx_word' id='word_1_395' title='bbox 1388 1305 1435 1338; x_wconf 92' lang='lat' dir='ltr'>vel</span> <span class='ocrx_word' id='word_1_396' title='bbox 1470 1305 1670 1339; x_wconf 89' lang='lat' dir='ltr'>dissimilium</span> <span class='ocrx_word' id='word_1_397' title='bbox 1703 1307 1817 1350; x_wconf 83' lang='lat' dir='ltr'>gratia-</span> 
     </span>
     <span class='ocr_line' id='line_1_70' title="bbox 1075 1358 1812 1403; baseline 0.004 -13"><span class='ocrx_word' id='word_1_398' title='bbox 1075 1368 1146 1390; x_wconf 91' lang='lat' dir='ltr'>rum</span> <span class='ocrx_word' id='word_1_399' title='bbox 1166 1358 1428 1399; x_wconf 75' lang='lat' dir='ltr'>revocationibus,</span> <span class='ocrx_word' id='word_1_400' title='bbox 1446 1359 1715 1403; x_wconf 86' lang='lat' dir='ltr'>suspensionibus,</span> <span class='ocrx_word' id='word_1_401' title='bbox 1733 1360 1812 1393; x_wconf 90' lang='lat' dir='ltr'>limi-</span> 
     </span>
     <span class='ocr_line' id='line_1_71' title="bbox 1077 1411 1815 1458; baseline 0.004 -14"><span class='ocrx_word' id='word_1_402' title='bbox 1077 1411 1245 1445; x_wconf 86' lang='lat' dir='ltr'>tationibus</span> <span class='ocrx_word' id='word_1_403' title='bbox 1266 1417 1318 1445; x_wconf 84' lang='lat' dir='ltr'>aut</span> <span class='ocrx_word' id='word_1_404' title='bbox 1334 1412 1402 1445; x_wconf 89' lang='lat' dir='ltr'>aliis</span> <span class='ocrx_word' id='word_1_405' title='bbox 1419 1413 1585 1446; x_wconf 84' lang='lat' dir='ltr'>contrariis</span> <span class='ocrx_word' id='word_1_406' title='bbox 1605 1413 1815 1458; x_wconf 88' lang='lat' dir='ltr'>dispositioni-</span> 
     </span>
     <span class='ocr_line' id='line_1_72' title="bbox 1074 1464 1814 1510; baseline 0.005 -13"><span class='ocrx_word' id='word_1_407' title='bbox 1074 1464 1133 1498; x_wconf 90' lang='lat' dir='ltr'>bus</span> <span class='ocrx_word' id='word_1_408' title='bbox 1157 1476 1216 1509; x_wconf 90' lang='lat' dir='ltr'>pro</span> <span class='ocrx_word' id='word_1_409' title='bbox 1236 1470 1380 1510; x_wconf 87' lang='lat' dir='ltr'>tempore</span> <span class='ocrx_word' id='word_1_410' title='bbox 1403 1466 1640 1510; x_wconf 87' lang='lat' dir='ltr'>quomodolibet</span> <span class='ocrx_word' id='word_1_411' title='bbox 1664 1467 1814 1501; x_wconf 84' lang='lat' dir='ltr'>faciendis</span> 
     </span>
     <span class='ocr_line' id='line_1_73' title="bbox 1074 1519 1813 1564; baseline 0.004 -12"><span class='ocrx_word' id='word_1_412' title='bbox 1074 1519 1318 1563; x_wconf 83' lang='lat' dir='ltr'>comprehendi;</span> <span class='ocrx_word' id='word_1_413' title='bbox 1344 1519 1398 1553; x_wconf 86' lang='lat' dir='ltr'>sed</span> <span class='ocrx_word' id='word_1_414' title='bbox 1423 1530 1549 1564; x_wconf 88' lang='lat' dir='ltr'>semper</span> <span class='ocrx_word' id='word_1_415' title='bbox 1573 1521 1611 1553; x_wconf 88' lang='lat' dir='ltr'>ab</span> <span class='ocrx_word' id='word_1_416' title='bbox 1636 1521 1697 1554; x_wconf 91' lang='lat' dir='ltr'>illis</span> <span class='ocrx_word' id='word_1_417' title='bbox 1721 1532 1813 1555; x_wconf 79' lang='lat' dir='ltr'>exce-</span> 
     </span>
     <span class='ocr_line' id='line_1_74' title="bbox 1073 1574 1813 1618; baseline 0.004 -13"><span class='ocrx_word' id='word_1_418' title='bbox 1073 1578 1153 1616; x_wconf 78' lang='lat' dir='ltr'>ptas,</span> <span class='ocrx_word' id='word_1_419' title='bbox 1170 1578 1387 1618; x_wconf 86' lang='lat' dir='ltr'>perpetuoque</span> <span class='ocrx_word' id='word_1_420' title='bbox 1411 1574 1538 1615; x_wconf 89' lang='lat' dir='ltr'>validas,</span> <span class='ocrx_word' id='word_1_421' title='bbox 1563 1574 1671 1607; x_wconf 85' lang='lat' dir='ltr'>firmas</span> <span class='ocrx_word' id='word_1_422' title='bbox 1695 1578 1725 1609; x_wconf 85' lang='lat' dir='ltr'>et</span> <span class='ocrx_word' id='word_1_423' title='bbox 1748 1575 1813 1608; x_wconf 85' lang='lat' dir='ltr'>effi-</span> 
     </span>
     <span class='ocr_line' id='line_1_75' title="bbox 1073 1627 1812 1672; baseline 0.004 -13"><span class='ocrx_word' id='word_1_424' title='bbox 1073 1636 1161 1659; x_wconf 90' lang='lat' dir='ltr'>caces</span> <span class='ocrx_word' id='word_1_425' title='bbox 1186 1627 1317 1660; x_wconf 81' lang='lat' dir='ltr'>existere</span> <span class='ocrx_word' id='word_1_426' title='bbox 1342 1632 1372 1660; x_wconf 88' lang='lat' dir='ltr'>et</span> <span class='ocrx_word' id='word_1_427' title='bbox 1397 1627 1473 1670; x_wconf 82' lang='lat' dir='ltr'>fore,</span> <span class='ocrx_word' id='word_1_428' title='bbox 1495 1638 1630 1672; x_wconf 87' lang='lat' dir='ltr'>suosque</span> <span class='ocrx_word' id='word_1_429' title='bbox 1654 1628 1812 1672; x_wconf 87' lang='lat' dir='ltr'>plenarios</span> 
     </span>
     <span class='ocr_line' id='line_1_76' title="bbox 1073 1679 1811 1723; baseline 0.004 -11"><span class='ocrx_word' id='word_1_430' title='bbox 1073 1683 1102 1714; x_wconf 91' lang='lat' dir='ltr'>et</span> <span class='ocrx_word' id='word_1_431' title='bbox 1125 1679 1266 1723; x_wconf 79' lang='lat' dir='ltr'>integros</span> <span class='ocrx_word' id='word_1_432' title='bbox 1300 1680 1429 1714; x_wconf 79' lang='lat' dir='ltr'>effectus</span> <span class='ocrx_word' id='word_1_433' title='bbox 1465 1681 1571 1714; x_wconf 84' lang='lat' dir='ltr'>sortiri</span> <span class='ocrx_word' id='word_1_434' title='bbox 1596 1687 1626 1715; x_wconf 90' lang='lat' dir='ltr'>et</span> <span class='ocrx_word' id='word_1_435' title='bbox 1649 1681 1811 1722; x_wconf 69' lang='lat' dir='ltr'>obtinere,</span> 
     </span>
     <span class='ocr_line' id='line_1_77' title="bbox 1072 1734 1811 1780; baseline 0.004 -14"><span class='ocrx_word' id='word_1_436' title='bbox 1072 1743 1107 1767; x_wconf 90' lang='lat' dir='ltr'>ac</span> <span class='ocrx_word' id='word_1_437' title='bbox 1131 1744 1187 1778; x_wconf 87' lang='lat' dir='ltr'>per</span> <span class='ocrx_word' id='word_1_438' title='bbox 1211 1744 1320 1767; x_wconf 87' lang='lat' dir='ltr'>omnes</span> <span class='ocrx_word' id='word_1_439' title='bbox 1345 1739 1374 1767; x_wconf 89' lang='lat' dir='ltr'>et</span> <span class='ocrx_word' id='word_1_440' title='bbox 1398 1734 1550 1778; x_wconf 80' lang='lat' dir='ltr'>singulos,</span> <span class='ocrx_word' id='word_1_441' title='bbox 1575 1735 1613 1768; x_wconf 87' lang='lat' dir='ltr'>ad</span> <span class='ocrx_word' id='word_1_442' title='bbox 1637 1746 1716 1779; x_wconf 92' lang='lat' dir='ltr'>quos</span> <span class='ocrx_word' id='word_1_443' title='bbox 1741 1746 1811 1780; x_wconf 90' lang='lat' dir='ltr'>spe-</span> 
     </span>
     <span class='ocr_line' id='line_1_78' title="bbox 1073 1787 1808 1832; baseline 0.004 -12"><span class='ocrx_word' id='word_1_444' title='bbox 1073 1792 1144 1828; x_wconf 85' lang='lat' dir='ltr'>ctat,</span> <span class='ocrx_word' id='word_1_445' title='bbox 1170 1792 1199 1822; x_wconf 91' lang='lat' dir='ltr'>et</span> <span class='ocrx_word' id='word_1_446' title='bbox 1227 1787 1464 1832; x_wconf 88' lang='lat' dir='ltr'>quomodolibet</span> <span class='ocrx_word' id='word_1_447' title='bbox 1489 1789 1641 1832; x_wconf 85' lang='lat' dir='ltr'>spectabit</span> <span class='ocrx_word' id='word_1_448' title='bbox 1664 1789 1695 1822; x_wconf 87' lang='lat' dir='ltr'>in</span> <span class='ocrx_word' id='word_1_449' title='bbox 1722 1788 1808 1823; x_wconf 40' lang='lat' dir='ltr'>futu*</span> 
     </span>
     <span class='ocr_line' id='line_1_79' title="bbox 1072 1840 1575 1882; baseline 0.004 -9"><span class='ocrx_word' id='word_1_450' title='bbox 1072 1851 1143 1874; x_wconf 91' lang='lat' dir='ltr'>rum</span> <span class='ocrx_word' id='word_1_451' title='bbox 1160 1840 1381 1874; x_wconf 85' lang='lat' dir='ltr'>inviolabiliter</span> <span class='ocrx_word' id='word_1_452' title='bbox 1397 1841 1575 1882; x_wconf 76' lang='lat' dir='ltr'>observari,</span> 
     </span>
    </p>

    <p class='ocr_par' dir='ltr' id='par_1_13' title="bbox 1071 1893 1812 2573">
     <span class='ocr_line' id='line_1_80' title="bbox 1117 1893 1812 1940; baseline 0.003 -12"><span class='ocrx_word' id='word_1_453' title='bbox 1117 1894 1132 1938; x_wconf 64' lang='grc' dir='ltr'><strong>ἕ</strong></span> <span class='ocrx_word' id='word_1_454' title='bbox 1156 1893 1184 1928; x_wconf 83' lang='grc'>5.</span> <span class='ocrx_word' id='word_1_455' title='bbox 1210 1894 1332 1938; x_wconf 87' lang='lat' dir='ltr'>Sicque,</span> <span class='ocrx_word' id='word_1_456' title='bbox 1347 1898 1377 1928; x_wconf 88' lang='lat' dir='ltr'>et</span> <span class='ocrx_word' id='word_1_457' title='bbox 1390 1905 1452 1928; x_wconf 90' lang='lat' dir='ltr'>non</span> <span class='ocrx_word' id='word_1_458' title='bbox 1465 1895 1565 1937; x_wconf 90' lang='lat' dir='ltr'>aliter,</span> <span class='ocrx_word' id='word_1_459' title='bbox 1581 1895 1613 1928; x_wconf 84' lang='lat' dir='ltr'>in</span> <span class='ocrx_word' id='word_1_460' title='bbox 1629 1896 1812 1940; x_wconf 84' lang='lat' dir='ltr'>praemissis</span> 
     </span>
     <span class='ocr_line' id='line_1_81' title="bbox 1073 1948 1812 1994; baseline 0.005 -14"><span class='ocrx_word' id='word_1_461' title='bbox 1073 1948 1218 1981; x_wconf 86' lang='lat' dir='ltr'>omnibus</span> <span class='ocrx_word' id='word_1_462' title='bbox 1236 1954 1266 1982; x_wconf 90' lang='lat' dir='ltr'>et</span> <span class='ocrx_word' id='word_1_463' title='bbox 1282 1949 1412 1992; x_wconf 81' lang='lat' dir='ltr'>singulis</span> <span class='ocrx_word' id='word_1_464' title='bbox 1429 1960 1486 1993; x_wconf 91' lang='lat' dir='ltr'>per</span> <span class='ocrx_word' id='word_1_465' title='bbox 1504 1961 1720 1994; x_wconf 87' lang='lat' dir='ltr'>quoscumque</span> <span class='ocrx_word' id='word_1_466' title='bbox 1737 1951 1812 1984; x_wconf 91' lang='lat' dir='ltr'>iudi-</span> 
     </span>
     <span class='ocr_line' id='line_1_82' title="bbox 1073 2001 1812 2046; baseline 0.005 -12"><span class='ocrx_word' id='word_1_467' title='bbox 1073 2011 1124 2034; x_wconf 87' lang='lat' dir='ltr'>ces</span> <span class='ocrx_word' id='word_1_468' title='bbox 1144 2001 1322 2036; x_wconf 87' lang='lat' dir='ltr'>ordinarios</span> <span class='ocrx_word' id='word_1_469' title='bbox 1347 2008 1377 2035; x_wconf 89' lang='lat' dir='ltr'>et</span> <span class='ocrx_word' id='word_1_470' title='bbox 1401 2003 1570 2046; x_wconf 81' lang='lat' dir='ltr'>delegatos,</span> <span class='ocrx_word' id='word_1_471' title='bbox 1591 2005 1684 2037; x_wconf 89' lang='lat' dir='ltr'>etiam</span> <span class='ocrx_word' id='word_1_472' title='bbox 1706 2015 1812 2038; x_wconf 87' lang='lat' dir='ltr'>causa-</span> 
     </span>
     <span class='ocr_line' id='line_1_83' title="bbox 1074 2055 1810 2101; baseline 0.007 -14"><span class='ocrx_word' id='word_1_473' title='bbox 1074 2065 1143 2088; x_wconf 88' lang='lat' dir='ltr'>rum</span> <span class='ocrx_word' id='word_1_474' title='bbox 1160 2056 1267 2099; x_wconf 85' lang='lat' dir='ltr'>palatii</span> <span class='ocrx_word' id='word_1_475' title='bbox 1284 2057 1448 2100; x_wconf 85' lang='lat' dir='ltr'>apostolici</span> <span class='ocrx_word' id='word_1_476' title='bbox 1466 2055 1634 2101; x_wconf 77' lang='lat' dir='ltr'>auditores,</span> <span class='ocrx_word' id='word_1_477' title='bbox 1652 2064 1682 2092; x_wconf 89' lang='lat' dir='ltr'>et</span> <span class='ocrx_word' id='word_1_478' title='bbox 1695 2060 1723 2093; x_wconf 85' lang='lat' dir='ltr'>S.</span> <span class='ocrx_word' id='word_1_479' title='bbox 1734 2060 1810 2093; x_wconf 72' lang='lat' dir='ltr'>RE.</span> 
     </span>
     <span class='ocr_line' id='line_1_84' title="bbox 1073 2109 1812 2156; baseline 0.008 -15"><span class='ocrx_word' id='word_1_480' title='bbox 1073 2109 1256 2152; x_wconf 88' lang='lat' dir='ltr'>cardinales,</span> <span class='ocrx_word' id='word_1_481' title='bbox 1271 2110 1364 2145; x_wconf 88' lang='lat' dir='ltr'>etiarn</span> <span class='ocrx_word' id='word_1_482' title='bbox 1380 2111 1417 2144; x_wconf 86' lang='lat' dir='ltr'>de</span> <span class='ocrx_word' id='word_1_483' title='bbox 1433 2111 1529 2144; x_wconf 88' lang='lat' dir='ltr'>latere</span> <span class='ocrx_word' id='word_1_484' title='bbox 1548 2112 1668 2156; x_wconf 79' lang='lat' dir='ltr'>legatos</span> <span class='ocrx_word' id='word_1_485' title='bbox 1686 2119 1716 2146; x_wconf 90' lang='lat' dir='ltr'>et</span> <span class='ocrx_word' id='word_1_486' title='bbox 1731 2123 1812 2147; x_wconf 91' lang='lat' dir='ltr'>nun-</span> 
     </span>
     <span class='ocr_line' id='line_1_85' title="bbox 1073 2163 1810 2210; baseline 0.007 -15"><span class='ocrx_word' id='word_1_487' title='bbox 1073 2163 1148 2205; x_wconf 85' lang='lat' dir='ltr'>cios,</span> <span class='ocrx_word' id='word_1_488' title='bbox 1172 2173 1208 2196; x_wconf 85' lang='lat' dir='ltr'>ac</span> <span class='ocrx_word' id='word_1_489' title='bbox 1231 2164 1319 2205; x_wconf 87' lang='lat' dir='ltr'>alios,</span> <span class='ocrx_word' id='word_1_490' title='bbox 1344 2165 1452 2208; x_wconf 87' lang='lat' dir='ltr'>quavis</span> <span class='ocrx_word' id='word_1_491' title='bbox 1477 2167 1570 2198; x_wconf 75' lang='lat' dir='ltr'>causa</span> <span class='ocrx_word' id='word_1_492' title='bbox 1594 2171 1624 2199; x_wconf 90' lang='lat' dir='ltr'>et</span> <span class='ocrx_word' id='word_1_493' title='bbox 1647 2166 1810 2210; x_wconf 75' lang='lat' dir='ltr'>instantia,</span> 
     </span>
     <span class='ocr_line' id='line_1_86' title="bbox 1073 2216 1810 2264; baseline 0.007 -16"><span class='ocrx_word' id='word_1_494' title='bbox 1073 2216 1194 2250; x_wconf 80' lang='lat' dir='ltr'>sublata</span> <span class='ocrx_word' id='word_1_495' title='bbox 1207 2217 1251 2250; x_wconf 89' lang='lat' dir='ltr'>eis</span> <span class='ocrx_word' id='word_1_496' title='bbox 1265 2222 1295 2251; x_wconf 90' lang='lat' dir='ltr'>et</span> <span class='ocrx_word' id='word_1_497' title='bbox 1311 2228 1421 2252; x_wconf 87' lang='lat' dir='ltr'>eorum</span> <span class='ocrx_word' id='word_1_498' title='bbox 1440 2219 1568 2253; x_wconf 88' lang='lat' dir='ltr'>cuilibet</span> <span class='ocrx_word' id='word_1_499' title='bbox 1587 2220 1696 2264; x_wconf 82' lang='lat' dir='ltr'>quavis</span> <span class='ocrx_word' id='word_1_500' title='bbox 1720 2221 1810 2254; x_wconf 87' lang='lat' dir='ltr'>aliter</span> 
     </span>
     <span class='ocr_line' id='line_1_87' title="bbox 1073 2271 1811 2318; baseline 0.007 -15"><span class='ocrx_word' id='word_1_501' title='bbox 1073 2271 1229 2304; x_wconf 87' lang='lat' dir='ltr'>iudicandi</span> <span class='ocrx_word' id='word_1_502' title='bbox 1253 2276 1283 2305; x_wconf 86' lang='lat' dir='ltr'>et</span> <span class='ocrx_word' id='word_1_503' title='bbox 1307 2272 1534 2318; x_wconf 88' lang='lat' dir='ltr'>interpretandi</span> <span class='ocrx_word' id='word_1_504' title='bbox 1553 2274 1699 2308; x_wconf 81' lang='lat' dir='ltr'>facultate</span> <span class='ocrx_word' id='word_1_505' title='bbox 1715 2280 1745 2308; x_wconf 90' lang='lat' dir='ltr'>et</span> <span class='ocrx_word' id='word_1_506' title='bbox 1761 2286 1811 2308; x_wconf 87' lang='lat' dir='ltr'>au-</span> 
     </span>
     <span class='ocr_line' id='line_1_88' title="bbox 1072 2326 1811 2371; baseline 0.005 -13"><span class='ocrx_word' id='word_1_507' title='bbox 1072 2326 1224 2367; x_wconf 88' lang='lat' dir='ltr'>ctoritate,</span> <span class='ocrx_word' id='word_1_508' title='bbox 1242 2326 1453 2371; x_wconf 87' lang='lat' dir='ltr'>interpretari,</span> <span class='ocrx_word' id='word_1_509' title='bbox 1475 2328 1607 2362; x_wconf 88' lang='lat' dir='ltr'>iudicari</span> <span class='ocrx_word' id='word_1_510' title='bbox 1632 2334 1662 2362; x_wconf 86' lang='lat' dir='ltr'>et</span> <span class='ocrx_word' id='word_1_511' title='bbox 1686 2329 1811 2362; x_wconf 84' lang='lat' dir='ltr'>definiri</span> 
     </span>
     <span class='ocr_line' id='line_1_89' title="bbox 1071 2379 1809 2425; baseline 0.004 -13"><span class='ocrx_word' id='word_1_512' title='bbox 1071 2379 1203 2419; x_wconf 84' lang='lat' dir='ltr'>debere;</span> <span class='ocrx_word' id='word_1_513' title='bbox 1228 2379 1354 2414; x_wconf 85' lang='lat' dir='ltr'>irritum</span> <span class='ocrx_word' id='word_1_514' title='bbox 1375 2392 1501 2425; x_wconf 90' lang='lat' dir='ltr'>quoque</span> <span class='ocrx_word' id='word_1_515' title='bbox 1517 2387 1547 2415; x_wconf 88' lang='lat' dir='ltr'>et</span> <span class='ocrx_word' id='word_1_516' title='bbox 1560 2382 1660 2423; x_wconf 88' lang='lat' dir='ltr'>inane,</span> <span class='ocrx_word' id='word_1_517' title='bbox 1678 2382 1703 2415; x_wconf 86' lang='lat' dir='ltr'>si</span> <span class='ocrx_word' id='word_1_518' title='bbox 1720 2392 1809 2415; x_wconf 91' lang='lat' dir='ltr'>secus</span> 
     </span>
     <span class='ocr_line' id='line_1_90' title="bbox 1072 2433 1808 2479; baseline 0.004 -14"><span class='ocrx_word' id='word_1_519' title='bbox 1072 2443 1167 2477; x_wconf 89' lang='lat' dir='ltr'>super</span> <span class='ocrx_word' id='word_1_520' title='bbox 1190 2433 1238 2466; x_wconf 91' lang='lat' dir='ltr'>his</span> <span class='ocrx_word' id='word_1_521' title='bbox 1262 2444 1279 2466; x_wconf 88' lang='lat' dir='ltr'>a</span> <span class='ocrx_word' id='word_1_522' title='bbox 1303 2445 1473 2478; x_wconf 85' lang='lat' dir='ltr'>quoquam,</span> <span class='ocrx_word' id='word_1_523' title='bbox 1490 2436 1598 2479; x_wconf 89' lang='lat' dir='ltr'>quavis</span> <span class='ocrx_word' id='word_1_524' title='bbox 1612 2435 1808 2478; x_wconf 87' lang='lat' dir='ltr'>auctoritate,</span> 
     </span>
     <span class='ocr_line' id='line_1_91' title="bbox 1071 2487 1807 2532; baseline 0.003 -12"><span class='ocrx_word' id='word_1_525' title='bbox 1071 2487 1205 2520; x_wconf 89' lang='lat' dir='ltr'>scienter</span> <span class='ocrx_word' id='word_1_526' title='bbox 1230 2487 1277 2520; x_wconf 89' lang='lat' dir='ltr'>vel</span> <span class='ocrx_word' id='word_1_527' title='bbox 1302 2487 1493 2531; x_wconf 82' lang='lat' dir='ltr'>ignoranter,</span> <span class='ocrx_word' id='word_1_528' title='bbox 1519 2489 1687 2532; x_wconf 83' lang='lat' dir='ltr'>contigerit</span> <span class='ocrx_word' id='word_1_529' title='bbox 1710 2494 1807 2523; x_wconf 86' lang='lat' dir='ltr'>atten-</span> 
     </span>
     <span class='ocr_line' id='line_1_92' title="bbox 1071 2546 1139 2573; baseline 0 0"><span class='ocrx_word' id='word_1_530' title='bbox 1071 2546 1139 2573; x_wconf 87' lang='lat' dir='ltr'>tari.</span> 
     </span>
    </p>
   </div>
   <div class='ocr_carea' id='block_1_10' title="bbox 1114 2594 2007 2652">
    <p class='ocr_par' dir='ltr' id='par_1_14' title="bbox 1114 2594 2007 2652">
     <span class='ocr_line' id='line_1_93' title="bbox 1114 2594 2007 2652; baseline 0.002 -24"><span class='ocrx_word' id='word_1_531' title='bbox 1114 2595 1128 2637; x_wconf 64' lang='grc' dir='ltr'>ἓ</span> <span class='ocrx_word' id='word_1_532' title='bbox 1152 2594 1181 2628; x_wconf 86' lang='grc'>6.</span> <span class='ocrx_word' id='word_1_533' title='bbox 1207 2595 1274 2628; x_wconf 77' lang='lat' dir='ltr'>Non</span> <span class='ocrx_word' id='word_1_534' title='bbox 1306 2594 1501 2629; x_wconf 88' lang='lat' dir='ltr'>obstantibus</span> <span class='ocrx_word' id='word_1_535' title='bbox 1532 2596 1734 2640; x_wconf 88' lang='lat' dir='ltr'>praemissis,</span> <span class='ocrx_word' id='word_1_536' title='bbox 1767 2607 1803 2630; x_wconf 87' lang='lat' dir='ltr'>ac</span> <span class='ocrx_word' id='word_1_537' title='bbox 1821 2603 1958 2652; x_wconf 48' lang='lat' dir='ltr'>mfflfftraria</span> <span class='ocrx_word' id='word_1_538' title='bbox 1974 2609 2007 2627; x_wconf 76' lang='lat' dir='ltr'>re-</span> 
     </span>
    </p>
   </div>
   <div class='ocr_carea' id='block_1_11' title="bbox 1069 2648 1806 2695">
    <p class='ocr_par' dir='ltr' id='par_1_15' title="bbox 1069 2648 1806 2695">
     <span class='ocr_line' id='line_1_94' title="bbox 1069 2648 1806 2695; baseline 0.005 -14"><span class='ocrx_word' id='word_1_539' title='bbox 1069 2648 1344 2683; x_wconf 87' lang='lat' dir='ltr'>constitutionibus</span> <span class='ocrx_word' id='word_1_540' title='bbox 1368 2654 1398 2683; x_wconf 89' lang='lat' dir='ltr'>et</span> <span class='ocrx_word' id='word_1_541' title='bbox 1417 2650 1666 2685; x_wconf 85' lang='lat' dir='ltr'>ordinatlonibus</span> <span class='ocrx_word' id='word_1_542' title='bbox 1685 2656 1806 2695; x_wconf 86' lang='lat' dir='ltr'>aposto-</span> 
     </span>
    </p>
   </div>
   <div class='ocr_carea' id='block_1_12' title="bbox 1827 1907 2010 1961">
    <p class='ocr_par' dir='ltr' id='par_1_16' title="bbox 1827 1907 2010 1961">
     <span class='ocr_line' id='line_1_95' title="bbox 1840 1907 2010 1936; baseline 0 -8"><span class='ocrx_word' id='word_1_543' title='bbox 1840 1934 1842 1936; x_wconf 18' lang='lat'>&gt;</span> <span class='ocrx_word' id='word_1_544' title='bbox 1857 1907 1968 1928; x_wconf 77' lang='lat' dir='ltr'>Decretum</span> <span class='ocrx_word' id='word_1_545' title='bbox 1985 1908 2010 1928; x_wconf 88' lang='lat' dir='ltr'>ir-</span> 
     </span>
     <span class='ocr_line' id='line_1_96' title="bbox 1827 1936 2009 1961; baseline 0 -6"><span class='ocrx_word' id='word_1_546' title='bbox 1827 1936 1892 1955; x_wconf 74' lang='lat' dir='ltr'>ritans</span> <span class='ocrx_word' id='word_1_547' title='bbox 1939 1940 2009 1961; x_wconf 78' lang='lat' dir='ltr'>super-</span> 
     </span>
    </p>
   </div>
   <div class='ocr_carea' id='block_1_13' title="bbox 1828 1961 1894 1982">
    <p class='ocr_par' dir='ltr' id='par_1_17' title="bbox 1828 1961 1894 1982">
     <span class='ocr_line' id='line_1_97' title="bbox 1828 1961 1894 1982; baseline -0.015 0"><span class='ocrx_word' id='word_1_548' title='bbox 1828 1961 1894 1982; x_wconf 78' lang='lat' dir='ltr'>addit.</span> 
     </span>
    </p>
   </div>
  </div>
 </body>
</html>
