2248 3229
200 211 250 237 An.
272 208 299 238 C.
322 210 390 239 1632
435 202 499 236 27⁴]

402 260 544 293 volumus
576 266 629 301 ut,
662 260 744 292 illius
769 260 945 299 occasione,
970 260 1139 300 ecclesiae,

399 315 597 353 monasteria,
622 313 743 355 aliaque
756 312 807 356 pia
821 317 850 346 et.
864 323 951 346 sacra
964 313 1033 347 loca
1050 323 1140 357 quae-

400 377 532 410 cumque
557 366 668 399 debitis
689 376 752 399 non
772 366 957 400 fraudentur
970 366 1138 409 obsequiis,

400 430 434 452 ae
451 420 571 451 divinus
586 419 615 451 in
634 419 670 451 iis
684 419 795 461 cultus,
814 425 843 452 et
859 419 968 452 solitus
980 419 1138 452 Altissimo

399 472 614 505 lan‘iulantiui'n
629 477 658 505 et
672 473 887 506 ministrorum
906 483 1057 506 immerus
1074 473 1139 505 nul-

399 527 519 559 latenus
546 527 725 567 minuatur,
755 537 811 560 nec
840 527 884 559 eis
914 527 1138 571 quoquomodo

398 580 536 612 iniuncta
566 590 681 622 onera,
715 586 767 613 aut
799 581 851 624 pia
887 591 966 624 quac
998 581 1137 614 exerceri

398 634 499 666 solent
523 644 619 677 opera
636 639 667 665 et
683 634 795 675 officia,
815 634 977 667 ullomodo
997 635 1138 667 minuan-

399 691 449 719 tur
474 697 527 719 seu
552 687 761 730 negligantur,
788 688 839 721 scd
861 698 971 721 eorum
997 698 1137 730 congrue

397 744 624 784 supportentur
658 752 754 774 onera
790 747 957 781 consueta3
989 741 1137 785 quodque

396 799 527 837 propter
552 796 722 837 praefatam
748 795 887 828 decimae
904 794 1137 839 impositionem

397 847 649 891 quibuscumque
674 848 797 882 iuribus
821 848 938 882 nostris
959 853 988 881 et
1012 848 1136 891 collegii

397 906 521 933 sanctae
547 901 704 935 Romanae
729 902 885 935 Ecclesiae
911 901 1136 942 cardinalium,

397 964 432 986 ac
449 964 592 987 camerae
604 961 729 988 nostrae
741 956 930 999 apostolicae
947 955 1136 999 praedictae,

397 1018 476 1050 quae
502 1007 622 1041 ratione
647 1009 851 1042 ecclesiarum
869 1018 905 1042 ae
929 1008 1136 1041 monasterio-

397 1072 467 1094 rum
494 1066 521 1093 et
549 1062 681 1095 aliorum
708 1062 933 1095 beneficiorum
960 1061 1136 1094 vacantium

399 1119 429 1146 et
452 1119 674 1148 vacaturorum
689 1115 766 1147 solvi
787 1114 963 1155 debuerint,
982 1115 1011 1146 in
1032 1114 1137 1157 aliquo

399 1168 527 1200 minime
554 1168 803 1211 praeiudicetur,

443 1222 458 1263 g
473 1221 500 1253 8.
520 1221 734 1254 Praesentium
752 1230 827 1254 vero
844 1221 1020 1254 litterarum
1038 1230 1139 1254 exem·

400 1276 460 1318 pla,
485 1275 578 1308 etiam
600 1276 762 1319 impressa,
779 1285 874 1308 manu
890 1275 1003 1308 notarii
1018 1274 1137 1318 publici

399 1328 587 1372 subscripta,
601 1333 651 1361 aut
667 1328 797 1361 alicuius
821 1338 974 1371 personae
987 1327 1018 1360 in
1036 1327 1138 1370 digni-

401 1388 461 1415 tate
486 1382 696 1415 ecclesiastica
721 1382 907 1415 constitutae
928 1381 1031 1424 sigillo
1057 1381 1139 1414 obsi-

400 1440 510 1478 gnata,
536 1435 678 1468 camdem
699 1435 729 1467 in
754 1435 870 1468 iudicio
896 1440 925 1467 et
950 1439 1036 1467 extra
1062 1434 1139 1467 illud

399 1489 516 1532 ubique
540 1490 683 1522 locorum
705 1488 799 1521 sidem
816 1489 927 1529 faeere,
946 1498 1039 1531 quam
1052 1487 1138 1531 ipsae

399 1542 569 1585 originales
595 1543 741 1583 facerent,
756 1542 780 1574 si
795 1547 898 1575 essent
918 1541 1076 1574 exhibitae
1090 1542 1138 1574 vel

400 1601 554 1629 ostensae.

447 1650 555 1681 Datum
581 1650 709 1689 Romae,
730 1649 810 1693 apud
829 1650 856 1683 S.
872 1650 1010 1689 Petrum,
1022 1648 1080 1681 sub
1090 1658 1140 1680 an-

399 1703 475 1735 nulo
499 1703 676 1743 Piscatoris,
694 1702 743 1735 die
768 1713 787 1735 v
811 1702 959 1736 februarii
975 1711 1139 1742 MDCXXXII,

399 1757 601 1799 pontificatus
626 1757 725 1790 nostri
750 1766 832 1790 anno
854 1767 895 1790 ix.

243 1230 345 1256 Exvinptss
362 1231 383 1249 ii-

200 1258 247 1279 dem
263 1258 328 1278 additv

436 1819 493 1846 Dat.
516 1820 558 1847 dic
578 1821 593 1848 5
614 1820 742 1847 februarii
765 1819 841 1854 1632,
864 1819 956 1855 pontif.
979 1827 1047 1847 auno
1068 1825 1103 1845 tx.

694 1936 844 1969 CDXXIX.

403 2003 589 2037 commissio
613 2002 856 2045 JIispmziarum
880 2001 1011 2040 nuncio,
1030 2005 1142 2034 1111110-

446 2052 524 2084 dum
546 2053 610 2084 sz'bzss
629 2063 650 2084 (ι
673 2052 754 2084 clero
769 2052 1013 2095 Hispaniarum
1028 2060 1142 2093 propo-

446 2101 589 2133 nendum
610 2101 696 2132 circa
718 2101 884 2143 praefatae
904 2099 1045 2131 decimae
1070 2109 1142 2131 exa-

446 2150 580 2182 ctionem
606 2148 773 2192 ctcceptel¹.

403 2220 574 2248 Venerabili
590 2219 676 2246 fratri
697 2219 815 2247 Caesari
834 2219 1025 2253 patriarchae
1040 2218 1144 2246 Antio-

439 2260 544 2291 cheno,
566 2262 669 2286 nostro
689 2262 720 2286 01,
735 2259 818 2286 Sedis
838 2259 1025 2293 Apostolicae
1046 2259 1076 2285 in
1093 2258 1144 2285 Hi-

439 2306 612 2333 spaniarum
632 2306 733 2333 reqnis
753 2306 874 2332 nuncio,

612 2349 748 2375 Urbanus
769 2348 847 2381 Papa
866 2348 944 2375 VIII.

620 2402 806 2430 Venerabilis
822 2402 927 2435 frater,

453 2444 582 2471 salutem
598 2445 628 2470 et
643 2443 837 2477 apostolicam
851 2442 1099 2470 benedictionem.

268 2539 271 2541 ·
282 2511 388 2532 Decimam

203 2540 260 2566 prins
268 2541 387 2565 impositam

203 2566 273 2587 refert,

448 2505 462 2547 ἓ
487 2505 515 2537 ’1.
542 2506 617 2537 Cum
642 2515 699 2539 nos
723 2516 825 2549 nuper
850 2505 880 2537 in
906 2504 1143 2538 subventionem

404 2558 579 2592 charissimi
607 2559 636 2591 in
661 2559 783 2592 Christo
809 2558 862 2591 lilii
890 2558 988 2591 nostri
1009 2556 1143 2599 Philippi

441 2623 451 2647 1
475 2621 511 2649 Ex
534 2625 630 2657 regest.
654 2622 679 2649 111
700 2622 800 2650 Secret-
818 2621 894 2649 Brev.

984 211 1163 237 BULLARIUM
1186 210 1342 236 ROMANUM

1175 259 1394 303 Hispaniarum
1418 257 1503 302 regis
1519 258 1682 293 catholiei¹
1703 258 1909 293 indixerimus

1174 316 1203 345 et
1228 311 1472 356 imposuerimus
1495 321 1589 344 unam
1613 312 1707 345 semel
1724 317 1754 345 et
1775 312 1806 345 in
1823 322 1910 357 prae-

1173 365 1251 398 senti
1276 375 1358 398 anno
1381 364 1620 409 persolvendam
1640 365 1805 409 decimam,
1829 376 1908 409 quae

1173 418 1203 450 111
1217 422 1313 451 totum
1325 418 1363 450 ad
1375 428 1528 451 summam
1543 423 1762 451 sexcentorum
1776 419 1908 452 millium

1172 471 1358 505 ducatorum
1385 476 1527 505 monetae
1553 471 1775 515 Hispaniarum
1806 481 1909 504 ascen-

1154 554 1156 563 ,
1172 525 1269 568 deret,
1282 525 1368 558 iuxta
1383 531 1483 559 ratam
1501 536 1517 558 a
1534 531 1563 559 te
1581 526 1754 569 taxandam,
1768 525 1908 559 omnium

1171 578 1340 620 fructuum,
1365 579 1554 620 reddituum,
1578 584 1798 623 proventuum,
1823 588 1909 611 emo-

1171 633 1383 666 lumentorum
1408 643 1443 666 ac
1467 633 1724 668 distributionum
1753 632 1908 677 quotidia-

1171 696 1293 727 narum,
1303 696 1427 720 necnon
1439 687 1624 731 pensionum
1637 697 1823 728 annuarum,
1833 686 1908 720 cleri

1171 741 1320 774 secularis
1336 746 1366 774 et
1382 741 1566 785 quorumvis
1579 741 1740 782 Ominum,
1758 741 1909 774 instituto-

1171 805 1242 828 rum
1253 794 1264 811 2
1280 800 1309 828 et
1326 794 1520 837 societatum,
1539 794 1631 828 etiam
1650 794 1812 827 Societatis
1829 794 1908 834 Iesu,

1171 852 1201 883 et
1220 848 1403 881 militiarum
1422 857 1694 891 quarumcumque
1711 847 1787 890 (non
1804 851 1909 879 tamen

1171 902 1334 946 hospitalis
1358 902 1455 936 sancti
1479 901 1603 935 loannis
1620 900 1908 944 Hierosolymitani)

1170 956 1324 998 regularis
1342 955 1374 988 in
1388 955 1606 1000 Hispaniarum
1624 954 1731 997 regnis
1747 963 1783 987 ac
1800 953 1908 986 insulis

1171 1009 1342 1050 Sardiniae,
1359 1008 1524 1042 Maioricae
1542 1014 1572 1042 01
1588 1007 1766 1050 Minoricae,
1785 1011 1815 1040 01
1833 1006 1909 1039 alias

1172 1063 1229 1095 sub
1254 1063 1347 1095 certis
1372 1062 1466 1095 modo
1491 1067 1521 1095 et
1548 1062 1648 1095 forma
1680 1066 1753 1094 tunc
1781 1070 1908 1104 expres-

1171 1117 1232 1157 sis,
1257 1121 1349 1159 teque
1378 1116 1518 1149 decimae
1546 1115 1727 1149 huiusmodi
1757 1115 1908 1148 collecto—

1172 1180 1239 1203 rem
1264 1180 1334 1203 cum
1354 1169 1554 1204 facultatibus
1578 1168 1764 1213 opportunis
1788 1168 1906 1202 consti-

1172 1222 1325 1256 tuerimus
1338 1227 1368 1256 01
1380 1222 1644 1266 deputaverimus,
1659 1227 1688 1255 01
1701 1221 1755 1256 tibi
1773 1220 1908 1264 amplam

1172 1279 1356 1319 potestatem
1371 1281 1473 1308 taxam
1486 1281 1516 1308 et
1529 1276 1788 1320 repartimentum
1805 1273 1910 1307 huius-

1173 1329 1257 1362 modi
1279 1339 1338 1373 pro
1358 1328 1440 1362 dicta
1461 1330 1584 1362 summa
1605 1333 1822 1362 sexcentorum
1843 1327 1910 1359 mil-

1172 1383 1248 1416 lium
1258 1382 1443 1416 ducatorum
1452 1381 1645 1415 conficienda
1655 1379 1891 1425 praescribendi
1901 1379 1911 1394 ’³

1172 1435 1431 1478 concesserimus,
1447 1440 1541 1479 prout
1564 1435 1597 1468 in
1620 1434 1736 1468 nostris
1761 1434 1792 1466 in
1816 1432 1910 1466 simili

1172 1490 1273 1523 forma
1303 1489 1410 1522 Brevis
1441 1489 1576 1533 desuper
1604 1487 1756 1532 expeditis
1782 1487 1910 1528 litteris,

1172 1554 1305 1587 quarum
1324 1548 1448 1576 tenores
1466 1542 1684 1586 praesentibus
1703 1551 1762 1585 pro
1787 1551 1912 1585 expres-

1173 1596 1213 1629 sis
1234 1596 1344 1628 baberi
1363 1596 1517 1636 v‘olumus,
1542 1595 1672 1628 uberius
1697 1595 1887 1634 continetur,

1217 1650 1232 1692 g
1256 1649 1284 1681 ἓ.
1311 1648 1348 1682 Et
1371 1648 1444 1691 quia
1468 1648 1547 1681 sorte
1564 1647 1725 1690 contigere
1744 1652 1860 1691 posset,
1878 1652 1911 1680 ut

1173 1702 1276 1734 clerus
1300 1701 1497 1745 praedictus,
1530 1700 1594 1734 sive
1625 1701 1664 1733 ab
1697 1711 1734 1733 eo
1765 1700 1803 1732 ad
1816 1694 1911 1733 fiune

1174 1754 1318 1787 0110011111]
1343 1753 1520 1797 specialiter
1536 1752 1714 1797 deputandi,
1739 1752 1912 1786 faciliorem

1174 1809 1232 1848 011,
1257 1816 1336 1850 quae
1363 1807 1395 1839 in
1423 1806 1534 1840 litteris
1562 1805 1731 1850 praedictis
1758 1805 1912 1849 praescri-

1174 1860 1280 1901 bitur,
1306 1865 1335 1892 et
1366 1859 1424 1892 sibi
1460 1858 1661 1903 ecclesiisque
1692 1863 1723 1891 et
1752 1857 1914 1891 beneficiis

1177 1914 1279 1947 minus
1296 1913 1481 1946 damnosam
1497 1912 1651 1946 rationem
1668 1911 1815 1955 reperiat,
1833 1921 1914 1944 sum-

1177 1978 1260 2000 mam
1274 1971 1493 2000 sexcentorum
1509 1966 1642 1999 millium
1659 1965 1844 1998 ducatorum
1860 1965 1915 1998 hu·

1177 2021 1313 2054 iusmodi
1337 2021 1418 2053 infra
1442 2020 1560 2053 dictum
1579 2029 1695 2052 annum
1713 2018 1913 2051 conficiendi:

1177 2075 1323 2108 eumdem
1348 2074 1478 2114 clerum,
1495 2083 1588 2116 quem
1613 2072 1645 2105 in
1668 2071 1841 2105 visceribus
1865 2082 1915 2114 ge-

1177 2128 1276 2161 rimus
1290 2127 1459 2168 ebaritatis,
1472 2126 1644 2170 praecipuo
1660 2125 1850 2170 apostolicae
1863 2125 1917 2158 be-

1177 2181 1336 2224 nignitatis
1360 2179 1472 2213 affeetu
1495 2179 1664 2223 prosequi,
1690 2183 1721 2212 et
1744 2178 1828 2212 illius
1851 2178 1914 2212 dis—

1178 2233 1299 2278 pendiis
1323 2242 1492 2267 occurrere
1508 2232 1657 2274 volentes,
1671 2237 1760 2265 motu
1775 2231 1915 2275 proprio,

1179 2293 1209 2321 et
1233 2298 1269 2320 ex
1293 2288 1378 2320 certa
1404 2286 1534 2320 scientia
1557 2296 1593 2319 ae
1618 2286 1741 2318 matura
1765 2285 1916 2318 delibera-

1180 2342 1261 2375 tione
1284 2340 1411 2381 nostris,
1431 2340 1533 2384 deque
1550 2339 1740 2384 apostolicae
1753 2339 1916 2384 potestatis

1178 2394 1380 2439 plenitudine,
1400 2393 1586 2440 fraternitati
1605 2399 1677 2427 tuae
1695 2403 1752 2437 per
1773 2403 1917 2438 praesen-

1179 2453 1224 2481 tes
1241 2448 1468 2482 committimus
1484 2452 1513 2481 et
1530 2447 1725 2489 mandamus,
1738 2451 1773 2479 ut
1787 2445 1812 2479 si
1827 2445 1914 2478 adbi—

1213 2531 1224 2555 t
1243 2528 1314 2555 Edit.
1331 2527 1411 2554 ltlain.
1428 2527 1494 2563 legit
1508 2528 1645 2556 catholico
1660 2528 1698 2563 (R.
1715 2527 1764 2561 1.).

1213 2572 1228 2598 ⁶2
1246 2572 1292 2599 Ed.
1305 2572 1388 2599 Main.
1401 2572 1464 2608 legit
1480 2572 1623 2600 Orclinum
1638 2574 1807 2600 statutorum
1818 2571 1856 2606 (R.
1866 2571 1913 2605 1.).

1212 2618 1228 2644 3
1244 2617 1339 2646 Vocem
1354 2617 1572 2652 praescribendi
1585 2625 1635 2647 nos
1650 2616 1774 2646 addimus
1788 2615 1825 2651 (n.
1838 2616 1887 2651 r.).

1923 210 1974 238 An.
1994 209 2022 239 C.
2037 210 2108 239 1632

2011 1654 2111 1675 Commis-

1926 1681 1958 1701 sio
1999 1681 2111 1706 Hispania-

1926 1714 1971 1728 rum
1985 1709 2074 1732 nuncio,
2090 1710 2112 1728 111

1927 1735 1947 1754 in
1963 1734 2055 1756 rubrica.
