2248 3229
150 224 199 252 An.
216 223 245 251 C.
266 223 332 251 163¹

177 497 281 523 Exemplis
290 503 335 519 cre-

149 524 171 545 di
187 525 280 545 mandat.
312 537 315 541 >

176 1514 316 1535 Prooemium.

169 1887 286 1908 Prohibitio
296 1887 332 1908 lia·

148 1914 211 1934 bentii
227 1918 247 1934 et
263 1915 331 1939 legeu-

147 1941 168 1961 di
184 1941 248 1960 libros
262 1940 332 1965 prohi-

147 1967 202 1987 bitos
212 1973 258 1987 cum
269 1968 332 1987 taren-

147 1994 224 2013 tiarum
245 1995 332 2014 reuoca—

147 2020 212 2041 tione.

964 220 1106 246 URBANUS
1130 221 1188 245 VIII
1211 221 1258 245 Pr.

348 269 547 314 probationis
572 278 689 302 annum
715 274 818 313 agant,
847 275 878 302 et
901 270 984 311 alia,
1012 281 1091 313 quae

350 323 452 357 dictus
469 323 611 357 Clemens
632 323 856 367 praedeeessor
873 334 967 367 super
983 323 1042 356 hac
1058 334 1092 355 re

350 377 513 410 observari
541 377 646 418 iussit,
676 377 898 418 observentur,
923 377 1091 420 designari,

351 430 415 463 sive
440 431 623 464 confirmari
647 431 776 464 omnino
797 435 907 465 curent
923 436 953 463 et
968 431 1090 463 faciant.

395 483 410 526 ξ
434 483 463 516 8.
489 484 528 517 Ut
551 489 656 516 autem
680 484 893 527 praesentium
916 483 1026 517 notitia
1053 483 1091 515 ad

350 547 460 570 omnes
476 537 598 570 facilius
614 537 787 580 perveniat,
805 538 950 570 volumus
973 542 1007 569 ut
1026 536 1092 568 illa-

349 600 422 623 rum
447 590 608 634 exemplis,
623 590 716 623 etiam
734 591 907 634 impressis,
924 600 1019 622 manu
1035 589 1090 622 ali-

349 643 438 677 cuius
461 643 575 676 notarii
590 643 709 687 publici
729 643 923 687 subscriptis,
942 648 971 675 et
987 642 1090 685 sigillo

349 697 482 730 alicuius
496 707 650 740 personae
664 697 695 729 in
708 697 859 740 dignitate
879 695 1089 729 ecclesiastica

349 750 536 783 constitutae
561 750 700 791 munitis,
725 750 833 783 cadem
858 759 989 793 prorsus
1012 748 1090 781 fides

332 803 380 836 ‚in
404 803 520 837 iudicio
540 809 571 837 et
587 809 675 837 extra
695 803 890 845 adhibeatur,
910 813 990 846 quae
1006 802 1091 835 adhi-

347 857 487 899 beretur,
512 857 537 890 si
562 857 664 890 forent
688 857 843 890 exhibitae
868 856 917 889 vel
936 861 1088 889 ostensae.

392 911 504 944 Datum
522 912 650 952 Romae,
663 911 745 955 apud
762 911 791 944 S.
810 911 947 951 Petrum,
964 910 1022 942 sub
1040 920 1091 942 an-

348 964 423 997 nulo
451 964 635 1005 piscatoris,
660 964 711 997 die
737 974 759 996 n
787 963 912 1007 aprilis,
937 973 1089 1004 mocxxxi,

348 1017 551 1061 pontificatus
569 1017 669 1050 nostri
698 1026 780 1050 anno
809 1026 874 1050 vin.

384 1078 443 1106 Dat.
459 1079 504 1106 die
519 1078 535 1105 2
549 1078 642 1114 aprilis
659 1078 737 1112 1631,
757 1078 853 1114 pontif.
875 1087 945 1107 anno
961 1085 1016 1106 vm.

646 1194 798 1229 CCCXCV.

347 1266 517 1301 Revocaeio
532 1266 741 1299 licentiarum
754 1276 1036 1310 quantaecumque
1052 1265 1091 1298 Ie-

391 1320 490 1363 aemh'
506 1324 535 1354 et
554 1319 682 1353 tenendi
696 1320 795 1352 libros
811 1319 990 1363 prohibitos
1004 1318 1022 1352 ¹.

552 1390 687 1418 Urbanus
709 1391 788 1424 Papa
807 1390 884 1423 vm,

490 1436 527 1465 ad
547 1436 680 1464 futuram
700 1436 745 1463 rei
765 1435 946 1464 memoriam.

391 1499 593 1543 Apostolatus
618 1499 767 1540 officium,
788 1498 889 1540 nobis,
907 1498 994 1531 nullo
1018 1498 1089 1532 licet

347 1553 536 1605 ineptorum
561 1551 729 1593 suffragio,
754 1551 859 1583 divina
891 1550 1089 1594 providentia

348 1605 562 1645 commissum,
576 1604 723 1648 postulat,
741 1609 774 1636 ut
793 1603 831 1636 ad
849 1614 885 1636 ea
910 1604 1088 1646 vigilantiae

346 1665 472 1693 nostrae
487 1664 592 1702 partes
606 1658 795 1702 propensius
809 1658 1017 1698 intendamus,
1032 1669 1090 1702 per

347 1723 428 1756 quae
452 1712 564 1755 religio
589 1711 752 1753 catholica,
779 1711 832 1744 ubi
857 1711 961 1744 divina
990 1712 1090 1754 gratia

348 1767 454 1799 illaesa
477 1766 581 1808 viget,
605 1771 810 1798 conservetur
835 1770 864 1798 et
885 1765 937 1798 ubi
962 1766 1089 1798 restitu-

349 1819 431 1853 tione
449 1819 576 1861 indiget,
595 1824 769 1862 reparetur.

393 1873 408 1916 ξ,
432 1873 461 1905 ’1.
486 1872 693 1915 Quapropter,
711 1882 783 1904 cum
808 1872 964 1904 librorum
983 1872 1090 1915 prohi-

347 1926 487 1959 bitorum
512 1925 605 1958 lectio
630 1935 744 1967 magno
766 1925 905 1957 sincerae
928 1925 999 1958 ndei
1024 1927 1089 1958 cul-

348 1979 468 2013 toribus
482 1978 671 2011 detrimento
689 1988 756 2010 esse
776 1983 935 2018 noscatur,
953 1984 992 2019 et,
1011 1979 1090 2013 sicut

347 2033 536 2076 accepimus,
554 2031 650 2064 nimis
667 2031 825 2064 excessiva
846 2031 884 2063 sit
909 2032 1089 2065 huiusmodi

347 2086 447 2119 libros
471 2084 596 2127 legendi
620 2084 818 2117 licentiarum
843 2085 950 2128 copia:
972 2095 1039 2125 nos,
1056 2091 1090 2118 ut

347 2140 421 2172 huic
446 2139 528 2172 malo
553 2144 675 2171 mature
700 2142 885 2171 occurratur
915 2144 944 2170 et
969 2139 1088 2181 impos-

348 2199 449 2226 terum
475 2202 569 2235 quam
599 2191 777 2224 cautissime
810 2191 952 2223 licentiae
981 2192 1088 2224 huius-

348 2246 433 2279 modi
451 2245 673 2286 concedantur,
691 2250 843 2288 quantum
862 2256 933 2278 cum
956 2245 1089 2277 Domino

347 2309 526 2344 possumus,
543 2297 714 2341 providere
736 2298 887 2338 volentes,
907 2304 995 2331 motu
1019 2309 1090 2342 pro-

347 2353 418 2398 prio
433 2358 462 2386 et
476 2363 513 2385 ex
527 2353 612 2384 certa
629 2351 759 2384 seientia
777 2362 813 2384 ae
831 2354 954 2384 matura
974 2352 1090 2384 delibe-

347 2407 469 2440 ratione
486 2404 611 2445 nostris,
629 2404 730 2447 deque
750 2404 940 2448 apostolicae
958 2409 1091 2448 potesta-

348 2461 385 2493 tis
405 2458 610 2504 plenitudine,
630 2468 740 2491 omnes
757 2464 785 2491 et
799 2459 936 2501 singulas
950 2459 1090 2492 licentias

386 2541 396 2567 1
414 2539 537 2566 Similem
557 2538 776 2566 constitutionem
796 2538 880 2565 habes
899 2539 927 2565 in
947 2539 1028 2574 Greg.
1049 2538 1089 2565 XV

347 2584 491 2612 Constitut.
511 2589 563 2610 xcv
581 2583 631 2617 (al.
652 2582 715 2617 92),
735 2583 927 2618 Αροεὶοῑαιειε,
948 2586 1012 2610 tom.
1033 2590 1088 2617 xn,

348 2637 408 2665 pag.
425 2628 486 2656 779.

430 2682 508 2710 Ball.
530 2682 613 2710 Rom.
980 2681 1015 2707 ⁶28

656 2682 714 2710 Vol.
735 2681 809 2710 XIV.

1125 269 1249 312 legendi
1269 273 1299 302 et
1314 267 1450 301 habendi
1466 267 1565 302 libros
1582 278 1809 312 quoscumque,
1828 270 1868 303 ob

1125 323 1281 356 haeresim
1307 323 1354 355 vel
1379 322 1446 355 salsi
1467 322 1622 365 dogmatis
1643 323 1867 366 suspicionem,

1125 386 1180 408 seu
1203 386 1261 419 per
1285 375 1523 409 constitutiones
1548 375 1747 419 apostolicas,
1773 376 1867 408 etiam

1125 429 1245 462 ratione
1270 429 1459 471 astrologiae
1492 429 1694 471 iudiciariae,
1720 429 1767 461 rel
1793 429 1868 462 alias

1125 481 1363 525 quomodolibet
1391 481 1568 524 prohibitos
1583 509 1590 523 ,
1615 482 1868 525 quibuscumque

1125 535 1269 578 personis
1285 534 1374 567 laicis
1399 540 1428 567 et
1452 535 1682 576 ecclesiasticis,
1700 540 1760 568 tam
1778 546 1867 569 secu-

1124 587 1264 628 laribus,
1289 597 1384 630 quam
1416 588 1617 630 regularibus
1642 589 1868 632 cuiuscumque

1125 639 1258 680 Ordinis,
1276 640 1432 672 societatis
1450 645 1480 673 et
1504 641 1636 673 instituti
1653 642 1867 681 existentibus,

1124 703 1160 726 ae
1173 704 1370 737 quacumque
1384 693 1536 736 dignitate
1550 694 1644 726 etiam
1658 695 1867 728 ecclesiastica

1124 746 1332 789 fulgentibus,
1351 747 1577 791 cuiuscumque
1594 753 1709 788 status,
1730 748 1847 791 gradus
1859 776 1866 789 ,

1124 799 1322 841 conditionis,
1343 800 1511 844 qualitatis,
1537 801 1814 844 praeeminentiae,
1835 812 1868 834 e-

1124 853 1198 886 tiam
1220 853 1347 896 speciali
1367 856 1441 888 nota
1466 858 1495 888 et
1519 855 1678 887 mentione
1699 855 1813 897 dignis,
1831 866 1867 888 ac

1123 918 1180 950 per
1196 907 1316 940 litteras
1340 907 1539 950 apostolicas,
1556 908 1594 940 ad
1616 914 1740 952 tempus
1757 919 1812 941 seu
1829 909 1866 941 ad

1124 960 1239 1001 vitam,
1265 964 1294 994 et
1318 961 1409 993 aliter
1444 961 1741 1004 quomodocuimpie
1773 967 1803 994 et
1831 973 1867 994 ex

1124 1024 1323 1058 quacumque
1346 1015 1452 1053 causa,
1477 1019 1541 1046 tam
1566 1014 1597 1046 in
1623 1016 1723 1047 forma
1748 1015 1865 1057 Brevis,

1123 1078 1217 1111 quam
1242 1068 1332 1102 aliter
1355 1067 1666 1111 quomodocumque,
1692 1078 1709 1099 a
1734 1068 1866 1111 praede-

1124 1121 1302 1155 cessoribus
1327 1121 1443 1154 nostris
1467 1121 1617 1154 Romanis
1641 1121 1866 1162 Pontificibus,

1123 1185 1179 1207 seu
1202 1185 1219 1208 a
1243 1175 1496 1218 quibuscumque
1513 1174 1583 1206 aliis
1607 1184 1624 1206 a
1647 1174 1738 1207 nobis
1763 1175 1811 1207 vel
1828 1175 1867 1207 ab

1124 1228 1168 1261 eis
1189 1228 1369 1261 facultatem
1391 1233 1421 1259 et
1440 1227 1657 1261 auctoritatem
1679 1227 1867 1261 habentibus

1124 1281 1207 1324 (non
1234 1286 1338 1314 tamen
1362 1291 1379 1313 a
1402 1280 1636 1323 nobismetipsis
1663 1291 1719 1324 per
1749 1280 1867 1313 litteras

1124 1334 1311 1378 apostolicas
1343 1334 1435 1367 etiam
1471 1334 1503 1366 in
1537 1334 1639 1366 forma
1674 1333 1780 1366 Brevis
1812 1344 1867 1366 seu

1124 1388 1371 1431 chirographum
1407 1397 1501 1420 manu
1537 1389 1645 1420 nostra
1686 1387 1864 1430 signatum)

1124 1451 1297 1482 concessas,
1312 1451 1420 1474 earum
1434 1445 1559 1474 tenores
1572 1440 1791 1484 praesentibus
1808 1452 1866 1484 pro

1125 1495 1280 1538 expressis
1305 1499 1335 1527 et
1359 1494 1483 1526 insertis
1501 1494 1660 1535 habentes,
1682 1494 1740 1525 hac
1756 1495 1865 1526 nostra

1124 1554 1277 1592 perpetuo
1291 1547 1423 1580 valitura
1437 1547 1659 1580 constitutione
1672 1557 1865 1587 revocamus,

1125 1611 1283 1634 cassamus
1308 1606 1337 1633 et
1362 1601 1576 1633 aimullamus:
1599 1611 1634 1633 ae
1654 1611 1711 1643 pro
1737 1610 1865 1637 resoca-

1126 1655 1180 1694 tis,
1206 1654 1301 1687 cassis
1326 1659 1355 1687 et
1379 1654 1546 1687 annullatis
1573 1653 1700 1694 haberi,
1724 1654 1865 1697 nullique

1126 1708 1290 1751 suffragari
1302 1735 1309 1747 ,

1170 1762 1184 1805 ξ
1210 1762 1237 1794 2.
1258 1761 1436 1800 Quininnuo
1457 1761 1555 1793 libros
1575 1771 1632 1804 per
1654 1760 1792 1793 licentias
1811 1760 1866 1793 hu-

1126 1816 1261 1848 iusmodi
1280 1816 1451 1859 permissos
1470 1816 1617 1857 legentes,
1635 1820 1685 1847 aut
1704 1815 1865 1855 habentes,

1125 1880 1241 1913 poenas
1265 1869 1296 1901 in
1321 1869 1418 1901 sacris
1449 1869 1637 1907 canonibus,
1663 1868 1863 1901 constitutio-

1125 1923 1216 1955 nibus
1247 1922 1427 1965 apostolicis
1459 1926 1488 1955 et
1520 1921 1675 1954 indicibus
1711 1921 1866 1953 librorum

1125 1976 1357 2019 prohibitorum
1383 1980 1544 2007 contentas
1569 1974 1752 2013 incurrere,
1778 1974 1866 2007 volu-

1125 2040 1195 2062 mus
1212 2036 1241 2062 et
1259 2030 1464 2061 declaramus.

1169 2084 1184 2126 ξ
1207 2084 1236 2116 3.
1262 2084 1488 2123 Decerneutes,
1513 2086 1546 2116 ut
1575 2087 1754 2125 praesentes
1783 2082 1864 2115 litte-

1127 2147 1187 2173 rae„
1200 2143 1363 2180 postquam
1377 2137 1473 2168 valvis
1487 2136 1689 2168 basilicarum
1702 2137 1731 2170 S.
1743 2137 1864 2169 loannis

1125 2190 1349 2229 Lateranensis,
1366 2200 1401 2222 ac
1419 2190 1572 2233 Principis
1592 2190 1808 2232 apostolorum
1827 2190 1865 2222 de

1126 2244 1218 2284 Urbe,
1236 2254 1271 2276 ac
1296 2243 1502 2276 cancellariae
1526 2243 1726 2285 apostolicae,
1744 2253 1866 2275 necnon

1126 2297 1154 2329 in
1173 2297 1238 2330 acie
1259 2297 1364 2340 Campi
1386 2297 1497 2329 Florae
1514 2296 1622 2328 allixae
1640 2296 1765 2336 fuerint,
1785 2296 1866 2328 infra

1125 2351 1213 2391 duos,
1240 2351 1318 2383 citra
1342 2356 1482 2390 montes,
1507 2351 1590 2382 ultra
1621 2359 1694 2381 vcro
1726 2354 1865 2390 montes,

1126 2405 1207 2437 infra
1231 2410 1365 2447 quatuor
1390 2414 1512 2436 menses
1538 2414 1574 2436 ex
1599 2408 1671 2435 tunc
1695 2402 1865 2446 proximos,

1126 2469 1234 2491 onmes
1251 2463 1281 2490 et
1294 2458 1444 2500 singulos,
1457 2457 1495 2489 ad
1509 2467 1587 2500 quos
1601 2461 1729 2499 spectat,
1743 2461 1866 2489 arctent

1126 2517 1155 2544 et
1172 2511 1316 2552 afficiant,
1335 2510 1466 2554 perinde
1482 2521 1517 2542 ac
1534 2510 1559 2541 si
1577 2509 1747 2552 unicuique
1760 2519 1865 2553 perso-

1125 2564 1237 2598 naliter
1254 2564 1413 2596 intimatae
1434 2563 1580 2603 tuissentj,
1598 2563 1755 2606 quodque,
1772 2562 1864 2596 dictis

1124 2618 1246 2651 duobus
1277 2622 1309 2651 et
1338 2617 1511 2661 respective
1542 2622 1676 2661 quatuor
1704 2616 1864 2650 mensibus

1767 211 1831 245 ⁶217
1879 221 1927 250 An.
1945 222 1972 250 c.
1994 222 2060 251 1631

1901 1771 2065 1792 contravenien-

1880 1798 1937 1818 tihus
1986 1803 2065 1824 poenas

1882 1827 1975 1851 imponit.

1924 2091 1981 2111 Hauc
1997 2092 2064 2114 lenem

1881 2117 1975 2138 Pontifex
1998 2118 2065 2142 publi-

1881 2150 1904 2163 ω
1916 2151 1948 2163 „im
1958 2151 2029 2164 onmes
2041 2146 2063 2164 u-

1881 2177 1930 2196 gare
1947 2171 2049 2192 decernit.
