2248 3229
202 220 251 251 An.
270 223 300 252 G.
318 224 387 253 1633

239 553 351 582 Prot-isio,
361 553 386 573 de

203 585 245 607 qua
260 581 281 602 iu
296 581 387 603 rubrica.

249 2314 272 2335 tu
287 2320 337 2335 casn
353 2319 395 2341 quo

211 2341 305 2361 minister
334 2348 395 2366 gene·

210 2368 261 2387 ratis
276 2368 302 2387 aul
314 2369 395 2393 eapitu-

212 2395 253 2414 Ιυιιι
267 2400 308 2415 non
323 2401 394 2416 acces-

211 2423 269 2442 fierit.

432 216 499 251 354

401 274 538 308 ministri
555 274 711 317 generalis
724 274 918 314 huiusmodi,
931 283 967 307 ex
981 275 1086 318 aliqua
1102 275 1144 308 le-

402 328 513 370 gitima
537 329 639 369 causa,
665 327 758 359 etiam
783 331 854 360 ante
878 327 1002 360 finitum
1027 338 1141 361 sexen-

401 381 501 421 nium,
521 390 632 412 racare
656 379 764 423 possit,
782 380 950 424 cupiatque
974 386 1144 425 propterea

402 433 503 467 dictus
520 433 650 466 Ioannes
665 443 722 477 per
739 443 796 467 nos
814 433 950 478 desuper
966 439 1145 479 opportune

401 486 578 531 provideri:

446 540 461 582 g
486 539 515 572 2.
540 540 613 581 Nos,
630 550 689 584 pro
708 540 808 573 nostri
826 541 967 573 muneris
991 541 1096 575 debito
1114 542 1145 574 in

401 593 586 638 praemissis
611 594 790 626 consultum
816 604 883 626 esse
907 595 1083 638 cupienteS,
1110 606 1146 628 ac

402 647 550 680 Ioannem
577 651 607 679 et
627 646 740 679 fratres
763 647 942 690 praedictos
960 648 1146 692 specialibus

402 699 562 733 favoribus
587 704 617 733 et
642 700 750 743 gratiis
774 701 924 744 prosequi
949 702 1099 742 volentes,
1117 708 1147 735 et

402 764 420 786 a
444 753 607 797 quibusvis
631 755 968 788 excommunicationis
993 761 1023 788 et
1042 756 1146 791 inter—

402 807 488 847 dicti,
506 806 637 850 aliisque
654 807 873 841 ecclesiasticis
891 808 1063 849 sententiis,
1079 819 1147 842 cen-

403 860 485 893 suris
503 864 533 893 et
548 860 668 904 poenis,
682 871 699 893 a
717 861 785 894 iure
802 862 849 894 vel
867 861 904 894 ab
922 862 1059 904 homine,
1073 874 1147 906 qua-

403 915 450 947 vis
475 915 640 948 occasione
664 916 712 948 vel
738 918 832 949 causa
864 917 956 958 latis,
982 917 1007 950 si
1033 917 1147 961 quibus

403 967 644 1013 quomodolibet
668 968 808 1002 innodati
834 969 978 1010 existunt,
1003 970 1041 1003 ad
1066 970 1144 1003 effe-

404 1026 489 1071 ctum
521 1022 734 1065 praesentium
767 1023 929 1056 dumtaxat
953 1034 1147 1067 consequen--

404 1076 490 1116 dum,
507 1076 620 1108 harum
639 1076 719 1109 serie
735 1076 931 1110 absolventes
944 1082 973 1110 et
986 1077 1147 1111 absolutos

404 1131 472 1163 sore
488 1134 662 1171 censentes,
676 1131 957 1175 supplicationibus
974 1131 1048 1163 dieti
1062 1131 1148 1164 loan-

403 1183 452 1216 nis
484 1184 612 1216 nomine
644 1183 735 1216 nobis
768 1194 863 1227 super
894 1183 954 1216 hoe
985 1184 1147 1217 humiliter

404 1237 560 1281 porrectis
585 1237 740 1277 inclinati,
765 1236 803 1269 de
828 1237 1053 1270 venerabilium
1078 1238 1144 1270 sra-

403 1295 488 1323 trum
520 1295 704 1323 nostrorum
744 1290 772 1323 S.
807 1291 840 1323 R.
873 1291 906 1323 Ε.
941 1291 1146 1323 cardinalium

403 1343 539 1387 negotiis
563 1343 757 1386 regularium
789 1344 1046 1388 praepositorum
1072 1355 1148 1378 con-

406 1398 495 1440 silio⁷
520 1397 604 1441 quod
636 1397 675 1430 de
699 1402 805 1431 cetero
836 1398 999 1441 perpetuis
1034 1399 1148 1431 futuris

406 1450 612 1494 temporibus,
631 1450 655 1483 si
673 1451 812 1484 officium
838 1451 974 1484 ministri
992 1451 1148 1494 generalis

404 1504 558 1548 praedicti
583 1509 654 1536 ante
677 1504 801 1536 finitum
828 1505 1011 1536 sexennium
1037 1515 1149 1537 vacare

406 1557 584 1600 contigerit,
602 1558 723 1599 mortis,
748 1559 1003 1601 renunciationis,
1028 1558 1150 1602 deposi-

405 1611 509 1654 tionis,
535 1616 588 1644 aut
612 1611 671 1643 alia
697 1612 806 1656 quavis
832 1623 932 1654 causa,
959 1613 1063 1645 statim
1088 1613 1150 1656 pri-

406 1675 477 1697 mus
502 1664 649 1698 definitor
673 1665 829 1708 generalis
854 1671 1005 1699 convocet
1029 1671 1150 1699 ceteros

406 1719 589 1752 definitores
609 1720 772 1762 generales
793 1725 823 1752 et
842 1720 1003 1753 ministros
1027 1720 1151 1764 provin-

407 1772 501 1805 cialcs
526 1772 763 1816 provinciarum
788 1773 966 1817 Hispaniae,
984 1779 1023 1815 et,
1044 1774 1149 1817 primo

407 1826 491 1859 dicto
515 1826 682 1859 definitore
699 1827 838 1869 generali
863 1827 1070 1870 praesidente,
1087 1838 1150 1860 om-

406 1889 463 1911 nes
495 1879 587 1910 simul
621 1879 770 1912 canonice
803 1879 919 1922 eligant
942 1890 1040 1912 unum
1073 1881 1150 1912 vica-

407 1933 490 1966 rium
501 1933 692 1976 generalem,
703 1934 756 1977 qui
767 1933 907 1966 eamdem
919 1934 1148 1974 auctoritatem,

407 1985 699 2029 praeeminentiam,
720 1997 828 2019 vocem
855 1991 884 2020 et
907 1988 1010 2020 locum
1036 1998 1071 2020 ac
1096 1988 1151 2020 nii-

408 2039 506 2072 nister
521 2040 676 2082 generalis
689 2040 869 2084 praedictus
882 2041 1005 2081 habeat,
1019 2041 1149 2085 eiusque

408 2093 517 2125 vicarii
535 2093 689 2136 generalis
704 2094 884 2127 huiusmodi
903 2094 1041 2127 officium
1060 2095 1150 2128 duret

408 2157 510 2190 usqne
534 2147 571 2179 ad
597 2147 690 2179 finem
712 2148 807 2191 primi
826 2148 1045 2191 subsequentis
1071 2149 1150 2193 capi-

409 2200 464 2233 tuli
490 2201 655 2244 generalis,
671 2202 702 2234 in
727 2213 789 2246 quo
814 2203 997 2236 electionem
1015 2204 1150 2237 ministri

411 2254 567 2297 generalis
592 2254 661 2287 fieri
686 2255 906 2299 praecipimus.

456 2308 470 2350 ἓ
494 2306 523 2340 3.
550 2307 580 2340 Si
606 2315 798 2351 congregato
819 2309 878 2341 iam
900 2310 1036 2353 capitulo
1061 2320 1152 2354 gene-

411 2361 468 2394 rali
494 2361 638 2394 minister
662 2363 817 2405 generalis
850 2365 1077 2406 aegrotaverit,
1104 2365 1151 2397 vel

411 2419 542 2459 propter
564 2415 655 2447 aliam
681 2426 807 2448 causam
833 2417 870 2449 ad
896 2417 1067 2461 capitulum
1089 2428 1151 2450 non

411 2468 596 2508 accesserit,
621 2472 694 2502 tunc
725 2474 824 2502 totum
857 2471 1028 2514 capitulum
1059 2472 1152 2514 eligat

411 2522 641 2565 praesidentem
653 2524 831 2566 generalem
846 2524 877 2556 in
892 2525 995 2568 prima
1012 2525 1150 2557 eiusdem

414 2575 543 2618 capituli
568 2576 716 2617 sessione,
735 2577 787 2620 qui
807 2577 838 2610 in
855 2578 996 2611 absentia
1017 2578 1150 2611 ministri

992 227 1171 252 BULLARIUM
1196 227 1351 252 ROMANUM

414 2629 570 2671 generalis
594 2629 711 2663 eisdem
736 2631 919 2666 auctoritate
944 2637 974 2665 et
996 2631 1170 2675 p1·aeemi-1

1934 231 1983 259 An.
2000 232 2030 260 C.
2051 232 2123 261 1633‘

1176 274 1307 308 nentiis¹
1325 277 1521 319 praesideat-2
1542 278 1631 311 cuius
1648 278 1856 323 praesidentis
1876 280 1920 313 os-

1178 328 1285 362 ficium
1301 329 1403 362 solum
1420 329 1546 362 durabit
1561 341 1663 375 usque
1678 332 1717 365 ad
1729 333 1824 366 finem
1842 333 1920 367 eius·
1961 324 1967 328 ’

1178 382 1249 415 dem
1269 382 1409 426 capituli,
1427 383 1511 427 quod
1527 393 1611 417 nunc
1627 385 1814 419 celebratur.

1223 436 1238 479 ᾗ
1262 435 1292 468 4.
1318 435 1349 468 Si
1375 441 1567 480 congregato
1593 437 1730 481 capitulo
1759 440 1919 481 generali,
1961 454 2064 483 inrmorie
2083 456 2121 475 mi-

1179 489 1275 521 ctiam
1301 489 1469 532 contigerit
1492 489 1674 522 ministrum
1699 491 1878 533 generalem
1904 503 1920 525 e
1935 482 2121 533 [fffsstlessiffi't'fi

1179 542 1242 574 vita
1267 542 1446 582 discedere,
1472 543 1571 576 electo
1595 543 1684 587 prius
1708 543 1863 588 praeside,
1888 550 1922 578 ut
1936 534 2009 560 ‘mum'

1179 595 1298 628 dictum
1312 600 1368 636 est,
1382 595 1436 628 fiat
1449 596 1560 629 electio
1578 596 1714 629 ministri
1725 597 1922 640 generalisin

1179 649 1233 682 illo
1250 649 1386 693 capitulo
1406 649 1438 681 in
1455 660 1517 693 quo
1534 650 1595 683 hoc
1612 651 1760 693 evenerit.

1225 705 1241 745 ἕ
1267 702 1295 735 5.
1321 702 1435 746 Sieque
1455 708 1486 735 et
1508 713 1571 737 non
1595 703 1685 737 aliter
1709 704 1747 737 ab
1764 705 1840 749 ipsis
1860 706 1923 738 sra-
1963 721 1994 751 1¹³
2012 721 2121 751 qbsqrvari

1180 756 1281 789 tribus
1295 756 1325 788 in
1338 756 1521 800 praemissis
1535 762 1688 801 perpetuo
1702 758 1875 800 observari,
1893 764 1923 792 et
1937 748 2069 796 {Zriu‘iiffii
2085 748 2121 769 ‘¹⁸'

1180 811 1221 844 ita
1241 821 1299 854 per
1315 821 1532 854 quoscumque
1556 811 1674 844 iudices
1698 812 1875 846 ordinarios
1893 819 1923 846 et

1181 864 1417 897 commissarios
1437 863 1569 897 iudicari
1595 870 1625 897 et
1647 864 1772 898 definiri
1796 865 1922 908 debere,

1180 929 1215 951 ac
1241 918 1365 951 irritum
1386 924 1416 951 et
1440 918 1542 959 inane,
1562 919 1587 951 si
1608 929 1697 952 secus
1720 930 1816 963 super
1839 920 1888 953 his
1905 930 1923 953 a

1180 983 1350 1016 quoquam,
1373 972 1481 1016 quavis
1505 972 1700 1013 auctoritate,
1723 972 1857 1006 scienter
1874 974 1922 1006 vel

1181 1026 1374 1069 ignoranter,
1393 1025 1561 1069 contigerit
1577 1025 1733 1067 attentari,
1750 1026 1922 1069 apostolica

1181 1079 1375 1121 auctoritate,
1391 1082 1498 1113 tenore
1515 1079 1739 1123 praesentium,
1757 1079 1921 1113 statuimus

1181 1144 1216 1165 ac
1233 1132 1433 1166 decernimus
1450 1138 1480 1166 et
1495 1133 1701 1166 declaramus.

1226 1187 1240 1230 ἓ
1264 1183 1293 1219 6.
1312 1187 1380 1219 Non
1396 1186 1593 1219 obstantibus
1610 1187 1708 1219 felicis
1732 1187 1924 1222 recordatio-

1180 1239 1229 1271 nis
1254 1239 1341 1271 Pauli
1366 1239 1468 1283 Papae
1494 1240 1516 1271 V
1541 1239 1797 1283 praedecessoris
1820 1241 1921 1274 nostri

1181 1292 1240 1324 sub
1265 1292 1371 1324 datum
1405 1292 1455 1324 die
1487 1302 1540 1325 xiv
1572 1293 1696 1335 augusti
1729 1303 1868 1336 iuncxm,
1894 1298 1924 1328 et

1181 1345 1343 1388 quibusvis
1360 1345 1428 1378 aliis
1447 1345 1724 1379 constitutionibus
1748 1352 1778 1379 et
1802 1347 1925 1380 ordina-

1183 1399 1319 1432 tionibus
1336 1399 1526 1442 apostolicis,
1545 1410 1590 1440 ac,
1607 1405 1760 1443 quatenus
1776 1411 1857 1445 opus
1874 1402 1923 1442 sit,

1182 1452 1256 1485 dicti
1281 1452 1414 1494 Ordinis,
1433 1452 1525 1486 etiam
1547 1453 1735 1494 iuramento,
1756 1454 1924 1487 confirma·

1184 1505 1267 1538 tione
1287 1505 1471 1549 apostolica,
1497 1506 1545 1538 vel
1566 1506 1626 1539 alia
1650 1507 1759 1550 quavis
1775 1507 1924 1542 firmitate

1183 1559 1352 1599 roboratis,
1367 1559 1488 1593 statutis
1502 1563 1532 1593 et
1545 1560 1850 1603 consuetudinibus²‚
1865 1562 1926 1605 pri-

1184 1613 1304 1655 vilegiis
1329 1624 1465 1656 quoque,
1491 1613 1620 1646 indultis
1645 1619 1675 1646 et
1699 1614 1812 1648 litteris
1836 1625 1925 1659 apos-

1184 1666 1284 1698 tolicis
1310 1666 1341 1698 in
1366 1666 1560 1698 contrarium
1578 1667 1826 1710 praemissorum
1851 1679 1925 1711 quo-

1184 1718 1354 1752 modolibet
1379 1719 1546 1759 concessis,
1572 1719 1764 1753 confirmatis
1789 1726 1819 1753 et
1835 1721 1924 1754 inno-

1185 1772 1278 1812 vatis,
1296 1772 1412 1815 quibus
1429 1772 1575 1805 omnibus
1593 1776 1622 1806 et
1639 1773 1781 1815 singulis,
1798 1773 1925 1806 illorum

1185 1831 1309 1859 tenores
1336 1826 1554 1869 praesentibus
1578 1837 1637 1869 pro
1662 1826 1853 1860 sufficienter
1873 1838 1925 1860 ex-

1183 1881 1302 1924 pressis
1320 1881 1483 1921 habentes,
1501 1881 1562 1913 illis
1579 1880 1654 1913 alias
1674 1881 1705 1912 in
1727 1891 1783 1914 suo
1807 1881 1925 1914 robore

1184 1933 1409 1977 permansuris,
1420 1934 1479 1966 hac
1493 1934 1559 1966 vice
1573 1933 1732 1966 dumtaxat
1747 1934 1924 1977 specialiter

1184 1992 1213 2020 et
1231 1997 1377 2030 expresse
1391 1987 1597 2030 derogamus,
1613 1987 1788 2031 ceterisque
1805 1992 1925 2021 contra-

1185 2040 1240 2073 riis
1257 2041 1518 2085 quibuscumque.

1229 2096 1243 2137 g
1262 2095 1289 2128 7.
1309 2095 1459 2128 Volumus
1479 2099 1594 2135 autem,
1612 2094 1696 2138 quod
1712 2096 1924 2139 praesentium

1186 2149 1401 2192 transumptis,
1427 2149 1519 2181 etiam
1545 2149 1717 2192 impressis,
1743 2160 1838 2182 manu
1862 2151 1922 2183 ali—

1185 2202 1273 2235 cuius
1290 2202 1405 2234 notarii
1423 2202 1541 2245 publici
1560 2202 1755 2246 subscriptis,
1772 2207 1803 2237 et
1820 2204 1925 2247 sigillo

1185 2265 1339 2300 personae
1357 2255 1388 2287 in
1409 2255 1559 2298 dignitate
1579 2256 1791 2289 ecclesiastica
1815 2257 1925 2291 consti-

1186 2314 1268 2344 tutae
1286 2309 1424 2349 munifis,
1439 2309 1547 2342 eadem
1568 2320 1699 2353 prorsus
1716 2310 1833 2353 ubique
1846 2310 1925 2343 fides

1185 2363 1215 2395 in
1241 2363 1357 2396 iudicio
1378 2368 1408 2395 et
1424 2368 1511 2396 extra
1528 2359 1723 2404 adhibeatur,
1741 2374 1820 2407 quae
1838 2374 1926 2407 prae-

1185 2416 1325 2449 sentibus
1350 2416 1427 2460 ipsis
1451 2417 1669 2458 adhiberetur,
1695 2417 1720 2450 si
1744 2418 1847 2451 forent
1866 2428 1921 2451 ex-

1185 2470 1302 2504 hibitae
1320 2470 1366 2503 vel
1385 2475 1538 2504 ostensae.

1229 2525 1339 2558 Datum
1365 2526 1497 2566 Romae,
1523 2525 1607 2569 apud
1628 2526 1655 2559 S.
1680 2525 1809 2559 Mariani
1827 2525 1922 2560 Maio-

1938 1200 2049 1222 Coutraria
2060 1201 2122 1222 toltit.

1980 2107 2124 2133 'transumptis

1940 2134 1997 2155 credi
2011 2135 2123 2161 praecipit.

1222 2597 1231 2621 1
1251 2596 1351 2622 Forsan
1367 2596 1473 2631 legend.
1487 2597 1724 2632 praeeminentia
1739 2598 1777 2632 (R.
1794 2597 1842 2632 Τ.).

1219 2640 1235 2666 2
1245 2641 1316 2668 Male
1328 2641 1370 2669 ed.
1383 2641 1460 2669 ltlain.
1472 2641 1556 2670 habet
1565 2642 1816 2671 constitutionibus
1829 2644 1865 2678 (a.
1874 2643 1922 2678 T.)-
