2248 3229
245 187 296 214 An.
312 186 341 215 C.
362 187 426 215 1631

270 514 354 535 Petitio.

315 937 426 967 Decretum

242 969 318 985 sacrae
349 967 425 985 rituum

243 990 424 1017 congregationis.

290 1519 424 1540 Confirmatio

241 1546 328 1569 decreti,
342 1552 367 1566 ue
383 1552 424 1572 qua

242 1573 262 1592 in
277 1573 370 1593 rubrica.

474 178 538 213 238

487 237 555 270 sint
567 237 737 282 prohiberi
751 237 788 269 in
808 235 948 279 publicis
968 235 1182 278 processioni-

487 290 543 325 bus
568 290 712 324 incedere
734 289 793 322 sub
810 288 948 332 propria
971 287 1090 322 crttce¹.

637 379 773 406 Urbanus
800 378 879 412 Papa
908 378 988 412 VIII,

570 425 606 451 ad
621 425 796 458 perpetuam
810 423 856 450 rei
870 422 1051 451 memoriam.

488 500 605 544 Exponi
622 500 714 534 nobis
730 510 830 544 nuper
846 501 987 545 fecerunt
1004 501 1108 534 dilecti
1125 501 1181 534 filii

443 553 635 597 guardianus
659 559 690 587 et
712 555 824 588 fratres
849 555 961 588 domus
982 554 1106 588 Ordinis
1130 555 1182 588 Mi-

442 617 555 640 norum
580 607 609 641 S.
635 607 792 640 Francisci
817 607 1087 651 Cappuccinorum
1107 617 1182 641 nun-

443 665 628 704 cupatorum
649 666 750 694 terrae
767 660 914 704 Modogni
932 661 1076 694 Barensis
1095 661 1181 695 dioe-

442 713 530 754 cesis,
545 714 628 757 quod
642 724 742 758 nuper
756 724 773 746 a
786 714 1019 747 venerabilibus
1031 714 1181 748 fratribus

440 766 557 799 nostris
576 772 700 800 sanctae
716 768 875 801 Romanae
892 767 1049 801 Ecclesiae
1074 767 1178 801 cardi-

441 819 564 853 nalibus
581 820 679 853 sacris
695 820 808 853 ritibus
824 820 1012 865 praepositis
1026 821 1181 854 emanavit

441 873 602 907 decretum
627 873 746 907 tenoris
770 873 1000 917 subsequentis,
1018 874 1179 908 videlicet:

486 925 501 967 ἓ
526 924 554 957 t.
580 925 706 958 Fratres
730 925 920 969 Cappuccini
945 930 1049 959 terrae
1072 926 1180 959 Modo-

441 977 512 1020 gni,
530 978 675 1011 Barensis
694 978 856 1020 dioecesis,
873 979 1036 1023 conquesti
1054 984 1126 1013 sunt
1141 979 1180 1013 de

442 1031 527 1064 clero
545 1031 677 1064 seculari
692 1031 775 1065 illius
788 1032 859 1073 loci,
874 1032 1064 1075 prohibente
1078 1043 1131 1066 eos
1148 1033 1179 1065 in

440 1084 573 1128 publicis
590 1086 847 1129 processionibus
867 1086 1013 1119 incedere
1033 1086 1091 1119 sub
1111 1097 1181 1130 pro-

440 1137 510 1181 pria
527 1149 630 1180 cruce,
651 1139 864 1182 supplicantes
881 1139 938 1171 sibi
955 1139 1124 1183 provideri.
1143 1139 1180 1172 Et

441 1201 530 1223 sacra
554 1190 671 1223 rituum
696 1191 901 1234 congregatio
926 1191 1106 1235 respondit,
1132 1202 1180 1224 re-

440 1242 602 1284 gularesin
611 1243 745 1286 publicis
754 1243 1010 1286 processionibus
1017 1254 1079 1277 non
1088 1254 1180 1288 posse

440 1295 612 1339 prohiberi,
625 1296 701 1339 quin
711 1296 854 1329 incedant
863 1296 920 1331 sub
934 1297 1065 1342 propria
1076 1307 1179 1338 cruce,

440 1354 469 1381 et
486 1349 527 1381 ita
544 1349 575 1381 in
596 1359 669 1382 casu
688 1350 852 1394 proposito
872 1350 990 1383 servari
1010 1351 1178 1384 mandavit.

440 1402 493 1434 Die
512 1412 532 1434 11
553 1402 676 1445 augusti
693 1413 845 1445 iincxxxi,
863 1413 925 1438 non
945 1404 1088 1438 obstante
1105 1414 1180 1438 con-

442 1455 536 1488 traria
557 1456 792 1490 consuetudine.

485 1509 499 1551 §
524 1508 553 1541 ⁶2.
572 1509 649 1543 Cum
669 1513 784 1551 autem,
804 1510 884 1544 sicut
901 1510 1011 1543 eadem
1028 1511 1180 1555 expositio

440 1561 659 1605 subiungebat,
684 1563 877 1605 guardianus
901 1569 932 1597 et
954 1564 1068 1597 fratres
1092 1575 1181 1608 prae-

440 1614 514 1648 dicti
538 1616 712 1659 plurimum
736 1617 864 1660 cupiant
889 1617 1051 1651 decretum
1076 1618 1181 1651 huius-

440 1668 535 1711 modi,
550 1680 612 1712 quo
621 1669 743 1702 firmius
757 1670 904 1703 subsistat
917 1675 947 1704 et
960 1670 1181 1704 inviolabiliter

440 1721 636 1763 observetur,
657 1723 847 1766 apostolicae
864 1728 991 1757 nostrae
1015 1724 1179 1757 confirma-

440 1775 534 1809 tionis
556 1776 673 1809 robore
698 1777 908 1810 communiri:
933 1787 1008 1818 nos,
1034 1778 1180 1820 guardia-

439 1839 514 1861 num
540 1833 569 1863 et
592 1830 706 1863 fratres
721 1830 900 1873 praedictos
924 1831 1112 1874 specialibus
1136 1832 1180 1864 sa—

439 1881 568 1914 voribus
588 1887 617 1915 ct
641 1882 750 1925 gratiis
774 1883 923 1926 prosequi
947 1884 1096 1924 volentes,
1115 1889 1144 1917 et
1165 1894 1182 1917 a

440 1934 602 1978 quibusvis
627 1936 977 1977 excommunicationis,
1001 1937 1182 1980 suspensio-

440 1987 489 2020 nis
506 1993 536 2020 et
553 1988 720 2032 interdicti,
734 1989 865 2033 aliisque
879 1990 1098 2023 ecclesiasticis
1115 2001 1182 2024 sen-

441 2041 553 2082 tentiis,
579 2043 720 2075 censuris
744 2048 774 2076 et
796 2044 916 2087 poenis,
934 2054 952 2077 a
976 2044 1044 2077 iure
1070 2045 1117 2077 vel
1142 2044 1181 2077 ab

441 2094 578 2137 homine,
596 2096 704 2138 quavis
727 2097 892 2130 occasione
916 2098 964 2130 vel
990 2098 1083 2130 causa
1102 2098 1181 2140 latis,

441 2147 466 2179 si
492 2148 606 2191 quibus
623 2149 862 2192 quomodolibet
878 2150 1018 2184 innodati
1035 2150 1181 2191 existunt,

440 2200 479 2233 ad
503 2200 650 2235 effectum
669 2204 883 2246 praesentium
903 2203 1061 2238 dumtaxat
1078 2214 1183 2238 conse-

440 2254 611 2297 quendum,
628 2255 740 2289 harum
761 2257 842 2290 serie
866 2256 1064 2291 absolventes
1084 2262 1114 2291 et
1131 2257 1182 2291 ab·

475 2362 488 2388 1
507 2362 546 2389 De
562 2361 716 2390 huiusmodi
731 2362 860 2401 fratribus
875 2363 934 2399 lege
954 2372 1025 2399 quae
1038 2364 1134 2392 notavi
1149 2364 1183 2391 ad

441 2405 531 2434 Const.
547 2413 612 2433 xx1v
631 2406 776 2434 Clementis
790 2407 845 2441 Vll,
866 2408 1040 2442 Relt'qiom's,
1059 2412 1124 2435 tom.
1145 2415 1183 2440 vi,

440 2458 502 2485 pag.
517 2451 581 2478 413.
597 2451 630 2477 Et
644 2450 758 2484 eisdem,
773 2454 802 2478 ut
818 2459 927 2479 crucem
941 2452 1078 2488 propriam
1093 2452 1119 2479 in
1135 2460 1183 2488 pu-

441 2493 518 2520 blicis
532 2494 752 2528 processionibus
763 2495 863 2531 ubique
874 2495 995 2523 locorum
1006 2496 1111 2524 deferre
1121 2504 1183 2531 pos-

439 2538 503 2571 sint,
514 2539 626 2567 indulsit
637 2541 739 2568 Paulus
749 2540 767 2567 V
784 2540 811 2567 in
826 2541 917 2568 Const.
934 2547 1029 2569 ccxcix
1046 2542 1096 2577 (al.
1108 2541 1181 2577 279),

441 2583 612 2619 Pastorutz's,
629 2588 693 2614 tom.
711 2592 758 2621 xit,
781 2593 842 2622 pag.
858 2586 919 2613 411,

1021 188 1201 213 BULLARIUM
1223 187 1379 213 ROMANUM

1216 236 1334 268 solutos
1348 236 1417 269 fore
1433 239 1604 277 censentes,
1624 236 1906 282 supplicationibus
1922 238 1956 270 il-

1216 288 1319 320 lorum
1343 288 1471 321 nomine
1487 288 1578 322 nobis
1597 299 1692 332 super
1711 290 1772 323 hoc
1792 290 1955 323 humiliter

1215 341 1370 384 porrectis
1386 340 1534 383 inclinati,
1548 341 1778 385 praeinsertum
1792 343 1954 376 decretum

1216 393 1395 426 huiusmodi
1420 393 1595 437 apostolica
1618 395 1822 437 auctoritate,
1846 401 1955 429 tenore

1215 446 1439 490 praesentium,
1450 452 1604 492 perpetuo
1617 448 1833 492 approbamus
1844 453 1874 484 et
1886 459 1957 483 con-

1215 499 1401 542 firmamus,
1425 500 1532 544 illique
1557 500 1743 534 inviolabilis
1767 502 1956 545 apostolicae

1215 543 1373 587 firmitatis
1398 553 1495 587 robur
1519 554 1700 596 adjicimus,
1724 564 1761 588 ac
1792 565 1902 588 omnes
1926 560 1956 588 et

1216 606 1356 649 singulos
1374 610 1435 641 tam
1454 607 1533 640 iuris
1557 618 1651 651 quam
1670 608 1743 642 facti
1763 608 1911 650 desectus,
1929 609 1954 641 si

1216 660 1268 704 qui
1293 660 1431 705 desuper
1455 661 1693 705 quomodolibet
1716 662 1954 704 intervenerint,

1216 713 1412 757 supplemus.

1260 766 1275 809 ἓ
1299 765 1328 799 3.
1354 766 1583 810 Decretumque
1607 767 1788 801 huiusmodi
1811 778 1848 802 ac
1867 773 1971 812 prae-¹’

1968 189 2018 218 An.
2034 189 2064 218 C.
2083 190 2149 218 1631

2036 779 2154 801 Contrariis

1926 821 1932 827 .
1969 805 2064 832 derogat.

1216 824 1319 852 sentes
1342 819 1462 853 litteras
1491 820 1614 862 valida,
1638 820 1731 854 firma
1758 825 1789 854 et
1817 821 1954 855 efficacia

1215 873 1348 906 existere
1372 877 1403 906 et
1425 873 1513 916 sore,
1538 884 1574 906 ac
1599 873 1771 917 guar-diano
1796 879 1826 908 et
1850 874 1954 908 fratri-

1214 925 1273 959 bus
1288 926 1457 970 praedictis
1473 927 1653 971 plenissime
1670 926 1849 971 suffragari,
1862 938 1898 962 ac
1915 927 1955 961 ab

1215 979 1375 1021 omnibus,
1399 979 1438 1012 ad
1462 990 1541 1024 quos
1565 984 1685 1024 spectat
1707 980 1735 1014 ei
1759 980 1792 1014 in
1814 981 1955 1015 futurum

1215 1032 1377 1075 spectabit,
1403 1032 1627 1067 inviolabiliter
1651 1033 1813 1067 observari
1830 1033 1955 1074 debere,

1215 1084 1402 1129 irritumque
1427 1091 1458 1119 et
1482 1086 1584 1127 inane,
1602 1086 1627 1119 si
1645 1097 1734 1120 secus
1754 1097 1850 1131 super
1873 1087 1922 1120 his
1939 1097 1956 1119 a

1214 1148 1384 1182 quoquam,
1402 1139 1512 1182 quavis
1535 1139 1730 1181 auctoritate,
1749 1139 1884 1173 scienter
1907 1141 1955 1173 vel

1216 1191 1409 1234 ignoranter,
1433 1192 1600 1236 contigerit
1624 1193 1787 1234 attentari,
1812 1192 1955 1226 decerni-

1216 1254 1295 1276 mus.

1260 1297 1323 1341 54.
1349 1298 1417 1332 Non
1450 1295 1647 1333 obstantib'us
1683 1299 1956 1333 constitutionibus

1216 1355 1246 1384 et
1270 1349 1520 1384 ordinationibus
1544 1351 1734 1395 apostolicis,
1767 1362 1803 1385 ac
1827 1352 1956 1396 quibus-

1216 1404 1272 1445 vis,
1291 1404 1384 1437 etiam
1405 1405 1600 1447 iuramento,
1618 1405 1857 1439 confirmatione
1881 1416 1957 1450 apo-

1216 1457 1341 1499 stolica,
1366 1459 1414 1491 vel
1439 1459 1547 1502 quavis
1572 1457 1719 1492 firmitate
1743 1459 1804 1491 alia
1827 1459 1958 1492 robora-

1216 1511 1264 1552 tis,
1283 1511 1404 1545 statutis
1426 1516 1456 1545 et
1481 1512 1771 1555 consuetudinibus,
1785 1511 1959 1556 privilegiis

1216 1574 1360 1608 quoque,
1385 1564 1513 1597 indultis
1533 1569 1563 1596 et
1587 1564 1699 1597 litteris
1724 1564 1903 1608 apostolicis
1928 1564 1958 1596 in

1217 1617 1411 1650 contrarium
1429 1617 1667 1661 quomodolibet
1682 1618 1863 1658 concessis,
1885 1627 1959 1651 con-

1216 1670 1369 1711 firmatis,
1395 1675 1425 1703 et
1460 1670 1634 1711 innovatis,
1667 1670 1781 1714 quibus
1812 1670 1960 1703 omnibus

1217 1727 1247 1756 et
1271 1723 1413 1766 singulis,
1435 1723 1563 1756 illorum
1591 1728 1717 1757 tenores
1739 1723 1960 1767 praesentibus

1216 1787 1277 1820 pro
1302 1776 1458 1820 expressis
1481 1777 1644 1817 habentes,
1668 1776 1730 1809 illis
1754 1776 1830 1809 alias
1854 1776 1885 1808 in
1903 1786 1960 1809 suo

1218 1830 1335 1863 robore
1365 1830 1602 1874 permansuris,
1628 1829 1687 1862 hac
1707 1829 1775 1862 vice
1798 1829 1961 1862 dumtaxat

1218 1883 1396 1927 specialiter
1420 1888 1450 1916 et
1474 1893 1621 1927 expresse
1645 1882 1857 1926 derogamus;
1881 1888 1962 1916 cete-

1219 1937 1326 1980 risque
1350 1936 1518 1969 contrariis
1541 1936 1802 1980 quibuscumque.

1264 1991 1279 2034 g
1295 1990 1324 2023 5.
1340 1991 1490 2024 Volumus
1509 1995 1623 2033 autem,
1645 1989 1729 2034 quod
1745 1989 1959 2034 praesentium

1220 2044 1435 2088 transumptis,
1459 2044 1552 2078 etiam
1576 2043 1752 2087 impressis,
1778 2053 1873 2076 manu
1897 2043 1956 2076 ali-

1221 2097 1309 2130 cuius
1327 2097 1442 2131 notarii
1459 2096 1579 2140 publici
1599 2096 1795 2140 subscriptis,
1813 2101 1843 2130 et
1856 2096 1960 2139 sigillo

1221 2161 1375 2194 personae
1394 2150 1426 2183 in
1445 2150 1595 2193 dignitate
1619 2149 1829 2184 ecclesiastica
1846 2149 1961 2183 consti-

1221 2208 1304 2236 tutae
1329 2203 1466 2245 munitis,
1482 2203 1590 2236 eadem
1606 2213 1737 2247 prorsus
1761 2203 1839 2236 fides
1863 2202 1894 2235 in
1914 2203 1962 2236 iu-

1220 2256 1302 2290 dicio
1315 2262 1345 2289 et
1362 2262 1450 2290 extra
1466 2256 1629 2300 habeatur,
1645 2267 1725 2300 quae
1740 2256 1856 2290 eisdem
1873 2265 1962 2300 prae-

1221 2309 1362 2343 sentibus
1386 2309 1602 2352 adhiberetur,
1626 2310 1652 2344 si
1676 2310 1780 2344 forent
1804 2308 1960 2343 exhibitae

1221 2364 1269 2397 vel
1293 2368 1446 2397 ostensae.

1265 2416 1377 2449 Datum
1387 2417 1515 2458 Romae,
1527 2417 1610 2461 apud
1621 2417 1650 2451 S.
1661 2416 1791 2450 Mariam
1801 2415 1961 2456 Maiorem,

1221 2469 1279 2502 sub
1309 2471 1425 2504 annulo
1454 2470 1638 2513 Piscatoris,
1666 2470 1716 2504 die
1745 2479 1807 2504 xxx
1837 2469 1961 2513 augusti

1222 2534 1374 2567 Mucxxxi,
1394 2525 1596 2570 pontificatus
1615 2526 1714 2559 nostri
1742 2535 1823 2558 anno
1851 2535 1894 2558 ix.

1257 2586 1313 2615 Dat.
1335 2587 1379 2615 die
1398 2587 1433 2616 30
1448 2588 1554 2624 augusti
1571 2587 1649 2622 1631,
1669 2587 1765 2623 pontif.
1783 2594 1854 2614 anno
1870 2593 1906 2614 ix.

2012 1999 2160 2025 ‘transumptis

1974 2026 2033 2048 credi
2049 2026 2142 2047 mandat.
