2248 3229
116 203 165 231 An.
187 203 216 232 C.
234 203 301 232 1633

133 2196 225 2218 Subinde
237 2197 289 2218 Pau·

105 2224 137 2244 lus
156 2224 173 2243 V
190 2225 287 2245 nonnulla

105 2250 288 2276 superhocdispo—

104 2278 145 2297 suit
168 2277 187 2297 in
208 2277 289 2298 Consu-

104 2303 183 2324 tutione
192 2304 257 2324 citata
269 2304 289 2325 in

104 2333 154 2350 uota
172 2330 200 2351 ad
221 2331 289 2351 rubri·

105 2361 157 2377 cam.

932 201 1074 227 vnnxxt's
1095 200 1151 226 vul
1172 202 1220 226 ΓΡ.

314 251 480 296 gnitatum,
499 250 805 285 administrationum
824 255 854 284 et
879 250 1055 285 officiorum

314 316 610 350 quorumcumque,
642 315 766 339 necnon
790 305 994 338 inhabilitatis
1018 304 1057 337 ad

314 359 367 394 illa
391 364 421 392 et
440 359 500 392 alia
520 360 726 404 imposterum
741 359 909 393 obtinenda
922 369 956 392 ac
971 368 1058 391 exer-

314 412 433 455 cenda,
468 413 578 457 poenis
614 413 684 457 ipso
720 413 800 446 sacto
836 413 954 456 absque
991 411 1055 444 ulla

314 465 524 500 declaratione
542 466 751 508 incurrendis,
765 466 924 499 interdixit
941 470 970 499 et
987 474 1057 509 pro-

313 520 433 561 hibuit,
456 530 496 554 ne
520 530 558 553 ex
582 519 692 553 insulis
718 520 905 564 Philippinis
940 529 1057 552 nuncu-

313 574 412 618 patis,
440 573 505 607 sire
533 573 672 617 qualibet
702 573 763 606 alia
788 573 948 606 indiarum
973 571 1056 606 occi-

313 626 496 667 dentalium‚
513 626 562 659 vel
578 636 658 670 quae
670 637 727 670 pro
741 626 882 670 partibus
895 626 1054 659 Indiarum
1072 654 1074 674 c

313 679 554 713 occidentalium
579 685 650 712 tunc
671 680 884 721 habebantur,
908 684 998 724 parte
1017 678 1056 712 ad

312 733 381 766 illas
402 732 580 777 pertinente
605 733 636 766 in
660 734 824 778 Iaponicas
845 737 874 768 et
895 733 971 766 alias
994 733 1055 766 illis

311 786 482 830 proximas,
507 787 685 820 adiacentes
706 791 735 822 et
755 787 903 821 finitimas
920 786 1054 827 insulas,

311 839 490 884 provincias
515 847 545 874 ct
568 841 715 884 regiones
738 840 933 884 praedictas,
960 840 1055 873 etiam

312 904 587 939 quorumcumque
604 894 844 938 privilegiorum
863 893 906 926 eis
925 893 972 927 rel
989 893 1054 926 suis

312 947 480 981 Ordinibus
505 958 522 980 a
546 947 630 981 dicto
655 948 813 981 Clemente
845 952 874 980 et
905 947 1054 981 Romanis

311 1002 515 1035 Pontificibus
546 1001 843 1046 praedecessoribus
879 1002 962 1044 suis,
996 1001 1072 1035 sub

311 1056 562 1100 quibuscumque
586 1056 748 1090 tenoribus
765 1061 795 1089 et
812 1056 933 1097 formis,
951 1057 982 1089 in
999 1067 1053 1099 ge-

310 1120 386 1143 nere
410 1110 457 1143 vel
482 1110 514 1143 in
538 1109 650 1154 specie,
676 1109 770 1143 etiam
787 1120 884 1154 super
908 1110 1053 1144 facultate

308 1163 511 1208 praedicandi
537 1163 669 1196 verbum
703 1163 757 1196 Dei
784 1174 842 1208 per
869 1163 1071 1197 universumz

309 1217 463 1251 mundum
488 1219 616 1251 eatenus
641 1227 865 1251 concessorum
883 1229 938 1251 seu
956 1218 1053 1262 impo-
1070 1239 1071 1251 η

308 1275 428 1307 εἰει-ιω]
452 1270 546 1304 etiam
571 1271 856 1312 concedendorum,
877 1272 1054 1316 approban-

308 1324 422 1358 dorum
447 1328 477 1358 et
501 1324 753 1358 innovandorum
776 1325 848 1369 (nisi
872 1325 904 1358 in
929 1326 989 1358 illis
1014 1325 1052 1359 de

307 1377 522 1422 prohibitione
546 1377 728 1412 huiusmodi
752 1384 781 1411 et
800 1378 967 1412 interdicto
985 1390 1053 1423 spe-

308 1432 410 1474 cialis,
436 1431 583 1476 specifica
607 1436 637 1465 et
661 1442 810 1476 expressa
835 1433 954 1466 mentio
979 1444 1050 1466 cum

308 1485 474 1520 sufficienti
498 1485 703 1529 derogatione
730 1485 834 1529 fieret)
863 1491 915 1518 aut
939 1486 1051 1529 quovis

306 1540 368 1574 alio
391 1543 556 1584 praetextu
569 1545 598 1572 et
612 1539 754 1583 quaesito
769 1540 874 1573 colore
891 1539 1049 1583 proficisci

306 1599 337 1627 et
368 1593 502 1627 transire
534 1593 686 1627 auderent
711 1594 759 1627 vel
788 1599 1048 1638 praesumerent,

306 1652 336 1681 et
359 1647 385 1680 si
409 1647 462 1691 qui
488 1648 617 1680 eatenus
642 1648 690 1680 vel
718 1647 928 1692 imposterum
960 1658 1049 1681 secus

305 1701 453 1742 facerent,
477 1706 645 1746 postquam
670 1701 781 1734 moniti
806 1705 919 1742 essent,
944 1701 1049 1734 statim

306 1755 364 1789 sub
390 1755 508 1789 eisdem
531 1755 653 1800 poenis,
675 1755 762 1789 omni
785 1757 876 1788 mora
901 1761 930 1789 et
955 1766 1048 1789 excu-

300 1810 425 1843 satione
449 1814 607 1852 cessante,
632 1809 671 1842 ad
693 1810 791 1843 dictas
804 1810 922 1844 insulas
935 1810 1049 1854 Philip-

304 1863 394 1908 pinas
418 1863 466 1896 rel
491 1863 567 1896 alias
592 1867 698 1907 partes
722 1863 883 1896 Indiarum
902 1863 1049 1897 Occiden-

307 1916 415 1950 talium
438 1917 555 1950 reverti
580 1921 610 1949 et
634 1916 739 1949 redire
765 1917 893 1950 omnino
909 1922 1048 1950 teneren-

305 1977 377 2012 tur;
408 1970 500 2004 etad
531 1970 563 2003 id
592 1981 650 2014 per
681 1981 897 2014 quoscumque
929 1971 1047 2005 iudices

304 2024 532 2059 ecclesiasticos
557 2025 615 2057 sub
641 2024 759 2058 eisdem
783 2029 813 2058 et
836 2025 904 2058 aliis
934 2035 1045 2059 eorum

304 2078 435 2113 arbitrio
459 2078 640 2123 infligendis
665 2079 775 2123 poenis
800 2079 870 2121 cogi
903 2084 933 2112 et
965 2089 1047 2113 eom-

304 2132 379 2177 pelli
403 2137 541 2176 possent.

349 2186 364 2230 §
391 2185 420 2219 3.
451 2186 489 2219 Et
521 2185 654 2219 subinde
684 2186 782 2220 felicis
817 2186 1064 2220 reeordationis

304 2239 418 2273 Paulus
441 2239 525 2284 Papa
541 2240 564 2272 V
581 2239 726 2273 similiter
748 2240 975 2284 praedecessor
991 2250 1045 2274 no-

304 2298 368 2327 ster

304 2357 380 2389 esse,
406 2347 490 2390 quod
510 2347 683 2391 prohibitio
700 2347 868 2381 accedendi
886 2349 925 2381 ad
942 2349 1044 2381 lndias

303 2406 333 2436 et
357 2401 514 2434 civitatem
538 2401 635 2435 Goam
659 2402 734 2435 alias
759 2413 853 2446 quam
878 2413 935 2447 per
955 2404 1042 2436 Lusi-

303 2455 429 2496 taniam,
453 2465 521 2495 nec,
546 2455 599 2499 qui
625 2455 812 2499 sperabatur
832 2467 868 2489 ex
889 2467 926 2490 eo
940 2456 961 2498 ²,
981 2458 1060 2493 sru-,

302 2514 386 2543 ctum
410 2509 606 2554 protulerat,
640 2519 742 2553 neque
774 2511 946 2544 catholicae
970 2512 1061 2546 fideil

338 2583 350 2608 1
368 2580 433 2608 Eius
447 2580 560 2608 Constit.
574 2580 633 2608 vide
643 2580 670 2608 in
682 2584 746 2608 tom.
758 2589 796 2617 xi,
809 2590 869 2618 pag.
881 2582 929 2610 501
944 2585 983 2619 (n.
994 2584 1041 2619 T.).

335 2626 353 2654 2
368 2626 462 2662 Aptius
476 2625 567 2654 forsan
581 2626 718 2662 legeretur
732 2635 768 2653 ea>
782 2628 815 2654 εὰ
830 2628 868 2663 (a.
885 2635 909 2655 T.
913 2628 935 2663 ).

385 2680 462 2708 Bull.
483 2680 567 2709 Rom.
587 2695 621 2701 -
644 2680 702 2711 Vol.
723 2680 798 2709 XIV.
943 2683 973 2710 lit

1064 1807 1114 1843 ³in
1137 1809 1306 1854 praedictis
1331 1810 1444 1844 litteris
1465 1817 1626 1846 contentas
1649 1823 1714 1847 non
1739 1814 1825 1847 suffi-

1064 1922 1115 1950 *ut
1140 1918 1171 1951 in
1195 1918 1370 1962 praedictas
1395 1919 1513 1952 insulas

392 2293 412 2334 ¹,
443 2299 593 2337 accepto,
617 2293 812 2338 experientia
846 2299 1062 2338 compertum}

1742 190 1802 225 3:211
1854 201 2037 232 An.c.1633

1075 254 1076 269 ¹
1090 248 1326 294 propagationis
1350 249 1478 293 negotio
1490 247 1577 282 utilis
1591 248 1704 290 fuerat,
1721 254 1752 283 et
1767 260 1837 294 pro·

1091 310 1207 348 pterea,
1226 308 1260 336 ut
1277 307 1396 338 tantum
1422 314 1501 348 opus
1525 304 1589 346 Dei,
1610 303 1732 337 sublato
1749 304 1837 337 omni

1091 358 1330 401 impedimento,
1356 357 1455 390 libere
1480 358 1591 401 peragi
1615 362 1734 402 posset,
1760 369 1834 402 pro-

1074 411 1197 444 rriderc
1222 412 1345 452 volens,
1371 410 1520 445 omnibus
1545 417 1575 444 et
1595 411 1726 455 singulis
1751 413 1835 445 Men-

1090 464 1261 498 dicantium
1288 464 1440 497 Ordinum
1473 465 1655 508 magistris,
1682 465 1834 499 ministris

1074 527 1145 550 ‘seu
1169 516 1330 561 prioribus
1355 517 1567 560 generalibus,
1591 524 1644 551 aut
1669 518 1730 552 alio
1756 530 1835 563 quo-

1091 581 1226 614 cumque
1250 571 1380 604 nomine
1404 571 1592 615 nuncupatis
1617 571 1769 606 Ordinum
1788 583 1835 606 ca-

1089 623 1218 668 pitibus,
1239 627 1310 658 tunc
1328 628 1358 656 et
1374 634 1433 667 pro
1451 629 1595 668 tempore
1611 625 1833 669 existentibus,

1089 683 1140 718 ut,
1166 687 1238 710 cum
1262 677 1432 710 necessitas
1456 678 1648 721 postularet,
1676 679 1834 722 quoslibet

1090 731 1214 766 Ordinis
1240 732 1287 765 sui
1312 736 1467 776 spectatae
1488 732 1569 766 ritae
1593 738 1624 765 et
1647 733 1833 767 eruditionis

1072 790 1073 800 ¹
1090 785 1266 829 religiosos,
1292 796 1371 830 quos
1391 785 1542 819 nimirum
1560 786 1599 819 ad
1614 787 1775 831 praedicta
1791 787 1833 821 os-

1089 839 1160 872 tieia
1193 843 1223 873 et
1246 839 1353 872 munia
1387 839 1517 874 idoneos
1542 846 1572 873 et
1595 840 1686 875 utiles
1710 841 1778 874 sore
1802 841 1833 874 in

1089 892 1222 926 Domino
1256 892 1464 934 iudicassent,
1493 893 1532 926 ad
1558 894 1739 938 superiores
1769 895 1830 929 Or-

1089 947 1197 980 dinum
1223 947 1254 980 in
1280 947 1340 980 illis
1372 947 1514 992 partibus
1541 948 1707 983 existentes
1738 949 1832 982 etiam

1088 1012 1145 1045 per
1169 1001 1262 1034 aliam
1288 1001 1392 1043 viam,
1417 1012 1511 1046 quam
1537 1013 1594 1046 per
1618 1003 1832 1045 Lusitaniam,

1088 1055 1120 1087 in
1144 1055 1306 1099 Iaponicas
1331 1060 1361 1088 et
1385 1055 1461 1089 alias
1478 1055 1540 1088 illis
1560 1056 1730 1100 proximas,
1752 1057 1833 1090 adia-

1088 1113 1193 1142 centes
1218 1114 1248 1142 et
1271 1108 1422 1142 finitimas
1447 1109 1575 1150 insulas,
1600 1110 1777 1154 provincias
1803 1116 1833 1145 et

1088 1162 1233 1206 regiones
1261 1162 1458 1207 praedictas,
1485 1165 1607 1197 servata
1639 1163 1671 1196 in
1703 1164 1832 1208 reliquis

1087 1216 1243 1249 dictarum
1259 1216 1436 1249 litterarum
1459 1216 1625 1250 Clementis
1650 1217 1833 1262 praedeces-

1087 1270 1168 1303 soris
1192 1270 1295 1303 sorma
1321 1270 1352 1303 in
1377 1270 1523 1304 omnibus
1544 1276 1574 1304 et
1593 1282 1649 1315 per
1669 1272 1785 1313 onmia,
1802 1278 1832 1306 et

1086 1334 1149 1358 non
1185 1325 1293 1366 aliter,
1326 1326 1539 1359 transmittere
1569 1326 1668 1359 libere
1692 1332 1722 1360 et
1746 1327 1832 1361 licite

1086 1379 1236 1420 valerent,
1262 1379 1399 1420 indulsi13
1426 1385 1455 1413 et
1480 1380 1565 1421 alias,
1586 1385 1681 1424 prout
1701 1380 1732 1413 in
1752 1381 1830 1415 Gre-

1068 1433 1166 1475 ¹gorii
1191 1438 1222 1466 et
1245 1433 1424 1474 Clementis,
1445 1444 1480 1467 ac
1497 1434 1584 1466 Pauli
1605 1434 1628 1466 V
1648 1434 1832 1478 praedeces-

1086 1496 1193 1519 sorum
1217 1486 1454 1530 praedictorum
1479 1487 1591 1520 litteris
1617 1487 1752 1531 desuper
1776 1499 1830 1522 ex-

1084 1539 1207 1584 peditis,
1232 1550 1367 1584 quarum
1388 1545 1514 1574 tenores
1531 1541 1751 1585 praesentibus
1768 1553 1827 1586 pro

1084 1593 1241 1638 expressis
1266 1593 1376 1628 haberi
1390 1595 1557 1638 yolumus,
1581 1596 1705 1640 plenius
1730 1596 1829 1631 conti-2

1083 1652 1184 1681 netur.

1127 1701 1142 1744 g
1166 1701 1195 1734 4.
1222 1701 1298 1735 Cum
1328 1702 1445 1735 autem
1466 1703 1660 1747 experientia
1686 1705 1826 1749 plurium
1857 1719 1945 1749 huod«)
1961 1721 2030 1751 *Mar

1082 1766 1238 1790 annorum
1255 1762 1455 1800 compertum
1479 1757 1588 1799 suerit,
1613 1758 1826 1794 ordinationes
1842 1746 2028 1800 ἓῗὲῖἶειωῖξᾛέζῖ

1841 1800 1868 1819 sit
1877 1800 1997 1825 praedicari
2005 1802 2027 1822 in

1841 1827 1914 1847 insutis
1942 1833 1968 1847 ac
1995 1834 2028 1848 re-

1067 1536 1069 1554 l

1082 1875 1163 1905 cere,
1189 1874 1303 1909 easque
1328 1865 1433 1909 aliqua
1456 1866 1637 1910 provisione
1661 1867 1803 1902 indiffere
1840 1853 2028 1909 fiiissfcffleei'iffli'-

1538 1924 1568 1953 et
1593 1931 1691 1964 regna
1703 1894 1824 1955 lijicius⁷
1840 1908 2027 1963 ffissfffiffissssqdssl

1081 1982 1117 2005 ae
1140 1972 1262 2005 facilius
1286 1978 1521 2006 sacrosanctum
1554 1974 1669 2008 Christi
1700 1975 1823 2009 Domini
1840 1960 2025 2012 ἓῖῗευοῗέἕιῑῦῗὲζ

1803 2029 1809 2034 .
1847 2014 1959 2033 ›rovincias
1978 2014 2025 2034 mit-

1063 2038 1065 2057 :
1081 2025 1278 2068 evangelium
1295 2026 1473 2070 praedicari
1491 2032 1522 2059 et
1538 2029 1708 2072 propagari
1726 2035 1825 2073 possit
1840 2020 1883 2060 iere
1901 2040 1988 2065 possint,
2004 2046 2025 2060 0-

1839 2067 1890 2087 tiam
1911 2072 1949 2092 pei·
1970 2067 2024 2087 alias

1074 2088 1116 2111 *ac
1140 2078 1256 2111 valeat:
1281 2089 1349 2121 nos,
1374 2090 1432 2123 pro
1458 2080 1552 2113 officii
1577 2082 1678 2115 nostri
1704 2082 1822 2124 debito,

1079 2138 1152 2176 post
1174 2133 1313 2167 habitam
1332 2145 1403 2167 eum
1420 2135 1652 2168 venerabilibus
1672 2136 1823 2170 fratribus

1079 2186 1195 2219 nostris
1220 2193 1343 2221 sanetae
1368 2189 1527 2222 Romanae
1551 2190 1710 2223 Ecclesiae
1726 2191 1823 2224 cardi-

1078 2240 1202 2273 nalibus
1237 2241 1364 2284 negotio
1400 2243 1624 2286 Propagandae
1655 2244 1741 2277 Fidei
1765 2255 1823 2288 per

1079 2294 1260 2327 universum
1286 2295 1438 2328 mundum
1455 2297 1644 2340 praepositis
1665 2303 1821 2330 maturam

1078 2348 1348 2390 deliberationem,
1372 2350 1503 2393 praefati
1528 2350 1615 2382 Pauli
1640 2351 1821 2394 praedeces-

1078 2402 1156 2435 soris
1180 2403 1279 2436 nostri
1304 2403 1416 2436 litteris
1442 2404 1651 2445 inhaerentes,
1672 2404 1819 2438 omnibus

1077 2463 1105 2491 ct
1131 2457 1262 2500 singulis
1294 2457 1484 2501 religionum
1512 2458 1738 2502 cuiuscumque
1762 2459 1818 2492 Or-

1076 2512 1157 2545 dinis
1182 2516 1234 2546 aut
1257 2512 1407 2553 instituti,
1431 2513 1525 2545 etiam
1549 2513 1711 2546 Societatis
1736 2514 1818 2557 Iesu,

1077 2566 1244 2609 magistris,
1270 2565 1431 2606 ministris,
1455 2566 1644 2610 praepositis
1661 2577 1716 2600 seu
1738 2567 1821 2611 prio-

1077 2620 1164 2654 ribus
1178 2619 1387 2664 generalibus,
1406 2625 1459 2654 aut
1472 2631 1671 2665 quocumque
1690 2621 1820 2655 nomine

1840 2094 1891 2115 vias.
1908 2098 1970 2119 quam
1985 2098 2023 2119 per

1839 2120 1977 2141 Lusttaniam.
