2248 3229
178 224 228 251 An.
251 222 278 251 C.
301 223 369 252 1636
415 214 478 250 548

221 1325 224 1327 .
237 1297 359 1322 Caucazque

175 1330 224 1346 now
236 1327 311 1345 montis
320 1330 359 1344 eri-

176 1352 245 1377 «endi.

222 2627 290 2654 Erigit
306 2632 362 2649 mon*

378 278 475 307 tatum
495 273 598 307 Status
615 272 824 306 Ecclesiastici
838 279 1065 316 nuncupatum,
1079 272 1117 305 ad

377 328 530 361 rationem
557 333 716 359 scutorum
741 326 880 370 quinque
909 331 939 358 et
967 327 1134 359 iuliorum÷

377 379 512 415 duorum
534 385 676 413 monetae
688 390 753 423 pro
771 379 911 422 quolibet
936 380 1117 412 centenario

377 440 406 467 et
430 444 521 471 anno,
547 433 576 465 in
597 444 659 476 quo
685 439 793 476 postea
817 433 919 466 dictae
944 434 1118 466 communi-

377 493 453 520 tates
478 493 506 520 et
524 487 743 519 universitates
763 487 836 520 dieti
858 487 961 520 Status
979 498 1036 531 pro
1050 498 1118 520 cen-

376 540 462 572 sibus
494 540 714 582 extinguendis
748 536 880 583 aliisque
916 551 1025 573 earum
1063 551 1116 573 ne-

375 593 574 626 cessitatibus
599 594 781 637 reparandis
802 594 956 626 admissae
979 595 1116 633 suerunt,

374 646 509 678 erexerit
534 652 563 679 et
589 646 776 686 instituerit·‚
801 647 977 690 deindeque
1006 647 1116 679 similis

375 699 546 732 memoriae
572 699 686 732 Paulus
718 700 739 731 V
770 701 862 733 etiam
893 700 1116 743 praedeeessor

373 758 481 785 noster
504 763 562 795 pro
588 753 715 785 servitio
736 759 764 785 et
788 751 956 786 commodo
989 764 1115 786 earum-

374 805 444 838 dem
471 807 732 838 communitatum
758 807 852 839 alium
882 812 1020 840 montem
1054 818 1114 840 non

374 858 545 891 vaeabilem
561 860 820 893 communitatum
836 866 863 892 et
875 861 1114 893 universitatum

375 911 477 946 Status
514 913 721 946 Ecclesiastiei
758 913 916 946 secandae
948 915 1115 947 erectionis

374 971 602 1009 nuncupatum,
627 966 665 998 ad
691 966 843 1000 rationem
864 973 1024 1000 scutorum
1043 978 1115 1011 qua—

375 1023 447 1052 tuor
471 1029 542 1051 eum
568 1019 699 1051 dimidio
725 1020 864 1052 eiusdem
891 1026 1034 1054 monetae
1057 1032 1115 1064 pro

376 1072 514 1115 quolibet
539 1073 720 1106 centenario
745 1080 773 1106 et
799 1085 889 1114 anno,
909 1075 1044 1107 erexerit
1065 1086 1115 1118 pa-

375 1126 452 1158 riter
472 1132 501 1159 et
526 1127 705 1167 instituerit,
728 1128 757 1159 in
778 1139 840 1171 quo
861 1128 953 1161 etiam
979 1139 1115 1161 comnm-

375 1180 486 1213 nitates
520 1180 698 1223 praedictae
730 1191 788 1223 pro
818 1181 949 1213 dirersis
986 1182 1116 1213 summis

375 1243 434 1275 pro
459 1243 567 1265 earum
593 1233 831 1266 necessitatibus
856 1234 1103 1277 participarunt:

419 1286 434 1328 ξ
459 1286 486 1318 1.
510 1286 571 1318 Nos
592 1287 798 1319 nibilominus
816 1288 913 1330 (quia,
934 1289 1011 1319 sieut
1032 1298 1116 1320 acee-

375 1339 489 1382 pimus‚
514 1340 680 1372 nonnullae
706 1342 947 1373 communitates
972 1341 1045 1374 dieti
1063 1352 1115 1375 no-

376 1393 431 1425 stri
464 1394 566 1426 Status
598 1393 699 1427 adhuc
729 1404 791 1427 non
823 1395 922 1426 solum
954 1400 1115 1427 remanent

376 1446 542 1478 debitrices
568 1457 625 1490 pro
650 1447 782 1479 diversis
807 1448 937 1480 summis
955 1448 983 1479 in
1004 1449 1117 1491 primo-

375 1499 458 1532 dicto
484 1506 587 1532 monte
613 1501 873 1533 communitatum
895 1507 925 1533 et
948 1503 1015 1534 aliis
1033 1514 1117 1535 mon-

375 1552 457 1585 tibus
483 1554 701 1593 eaineralibus,
731 1565 839 1586 verum
866 1555 958 1586 etiam
985 1555 1116 1588 diversis

376 1606 443 1638 aliis
469 1607 591 1647 debitis,
614 1619 672 1650 pro
690 1608 804 1650 quibus
824 1608 942 1640 maiora
960 1608 1116 1642 interusu-

375 1660 420 1691 ria
433 1661 595 1697 sustinent,
607 1668 751 1701 gravatae
764 1663 988 1705 reperiuntur),
999 1663 1114 1695 eisdem

376 1715 654 1746 communitatibus
675 1720 702 1746 et
729 1716 992 1757 universitatibus,
1018 1727 1115 1758 quan-

378 1772 441 1798 tum
464 1779 640 1810 possumus,
667 1769 816 1811 prodesse
831 1769 1001 1812 cupientes,
1020 1770 1114 1801 alium

376 1826 514 1852 montem
533 1832 594 1853 uon
617 1822 788 1853 vat-altilem
808 1822 1067 1853 communitatum
1086 1828 1113 1853 et

377 1873 616 1907 universitatum
643 1875 716 1906 dieti
741 1876 839 1908 nostri
872 1876 973 1907 Status
1004 1876 1111 1908 Eccle-

376 1927 491 1960 siastiei
526 1929 637 1960 tertiae
669 1930 835 1961 erectionis
869 1930 1132 1972 nuncupandum*

376 1981 415 2013 ad
440 1981 582 2013 eamdem
609 1982 761 2014 rationein
790 1989 950 2015 scutorum
981 1989 1116 2025 ‹piatuor

377 2045 447 2067 cum
473 2034 602 2067 dimidio
629 2042 770 2068 monetae
796 2048 854 2079 pro
879 2036 1017 2079 quolibet
1043 2047 1114 2068 een-

376 2089 497 2120 tenario
522 2094 549 2120 et
575 2099 667 2125 anno,
693 2100 727 2121 ev
754 2101 816 2132 quo
842 2100 951 2122 omnes
977 2101 1115 2122 eommu-

375 2141 486 2174 nitates
510 2142 583 2174 dieti
610 2142 707 2174 nostri
732 2142 835 2174 statiis
860 2153 921 2175 non
939 2144 1040 2175 solum
1058 2154 1115 2186 pro

377 2195 565 2228 extinctione
590 2206 749 2233 censuum,
769 2196 820 2227 sed
839 2196 932 2228 etiam
958 2196 1114 2229 dictorum

376 2248 519 2281 loeorum
546 2250 660 2281 montis
689 2250 950 2282 communitatum
978 2256 1005 2282 et
1032 2250 1112 2283 alio-

376 2312 446 2334 rum
472 2301 613 2335 locorum
636 2303 788 2334 montium
808 2308 834 2334 et
854 2303 1042 2345 debitorum,
1058 2315 1116 2347 pro

378 2355 491 2397 quibus
515 2358 633 2387 maiora
660 2356 850 2388 interusnria
883 2357 1027 2396 solvunt,
1058 2368 1116 2400 pro

378 2418 486 2440 eorum
512 2409 698 2441 evum-tione
717 2415 744 2441 et
763 2409 988 2452 redemptione,
1006 2421 1042 2442 ae
1059 2421 1116 2453 pro

378 2461 445 2493 aliis
470 2472 527 2504 pro
552 2468 693 2505 tempore
719 2463 959 2495 occurrentibus
987 2463 1118 2495 necessi—

378 2514 502 2556 tatibus,
526 2517 673 2558 pecunias
700 2517 729 2549 in
755 2523 903 2560 promptu
929 2517 1043 2550 habere
1069 2528 1117 2549 va-

378 2566 470 2603 leant,
497 2569 619 2610 erigere
641 2577 668 2602 et
690 2571 850 2603 instituere
875 2570 1093 2603 deliberamus.

424 2622 439 2665 ἓ
464 2621 491 2655 12.
518 2623 601 2656 Motu
635 2624 730 2666 igitur
764 2624 878 2664 simili,
903 2635 939 2658 ac
972 2636 1008 2657 ex
1033 2625 1133 2666 certa,

962 226 1139 250 BULLARIUM
1165 225 1319 250 Romnum

1151 273 1281 306 scientia
1306 276 1336 306 et
1366 272 1591 307 deliberanone
1620 276 1754 317 nostris,
1786 275 1887 320 deque

1150 326 1343 370 apostolicae
1360 326 1450 359 nobis
1465 327 1633 360 attributae
1652 329 1811 371 potestatis
1827 329 1888 373 ple-

1150 379 1300 420 nitudine,
1326 385 1464 412 montem
1482 390 1545 413 non
1561 380 1733 413 vacabilem
1750 392 1888 416 commu-

1151 432 1282 465 nitatum
1311 443 1346 466 ac
1378 433 1616 466 universitatum
1651 433 1755 467 Status
1789 436 1887 468 nostri

1151 485 1361 519 Ecclesiastiei
1387 488 1500 520 tertiae
1518 487 1684 520 erectionis
1708 497 1889 531 nuncupan-

1151 540 1225 572 dum
1258 540 1360 583 pretio
1393 545 1552 573 scutorum
1588 546 1713 573 eentum
1745 545 1888 573 monetae

1152 604 1210 637 pro
1235 593 1373 636 quolibet
1391 593 1694 635 loeoredimibilem,
1718 604 1776 637 pro
1795 594 1888 626 bene-

1151 647 1223 679 tieio
1241 653 1271 679 et
1284 647 1451 680 commodo
1469 648 1609 680 omnium
1627 647 1888 680 communitatum

1152 700 1445 734 et-universtiaium
1463 701 1536 734 dicti
1552 701 1651 734 nostri
1668 701 1771 734 Status
1788 700 1893 745 Eccle-

1150 753 1276 791 siastiei‚
1302 754 1444 787 locorum
1469 761 1604 798 quatuor
1622 755 1765 797 millium,
1784 760 1813 787 et
1830 764 1889 798 pro

1150 809 1185 839 ea
1211 809 1334 840 summa
1365 814 1395 841 et
1426 809 1596 851 quantitate
1620 808 1784 848 locorum,
1809 817 1888 851 quae

1150 871 1207 903 pro
1232 860 1387 900 censibus,
1412 861 1490 894 locis
1514 861 1668 894 montium
1693 866 1723 893 et
1742 871 1815 894 aere
1839 871 1889 894 cu<

1150 914 1245 946 iusvis
1270 914 1395 956 generis
1420 914 1542 955 alieno,
1567 914 1706 958 legitime
1731 919 1835 947 tamen
1859 919 1888 951 et

1149 967 1262 1000 debitis
1288 968 1417 1001 cautelis
1438 974 1467 1001 et
1492 968 1742 1001 solemnitatibus
1767 973 1890 1001 eontra-

1150 1026 1210 1059 eto,
1227 1032 1285 1064 pro
1299 1021 1414 1064 quibus
1439 1021 1539 1054 maius
1561 1021 1711 1054 interesse
1727 1025 1889 1055 scutorum

1149 1080 1283 1117 quatuor
1308 1086 1378 1107 eum
1404 1074 1535 1108 dimidio
1560 1085 1618 1119 pro
1643 1075 1765 1117 singulo
1790 1080 1890 1108 cente-

1150 1127 1238 1159 nario
1259 1132 1286 1160 et
1313 1138 1394 1160 anno
1419 1128 1557 1172 quolibet
1583 1128 1782 1171 persolvitur,
1807 1127 1889 1160 redi-

1151 1181 1271 1213 mendis
1295 1186 1325 1214 et
1346 1181 1471 1225 penitus
1495 1181 1713 1224 extinguendis
1733 1181 1888 1214 sufficiens

1901 226 2001 254 Amo.
2016 226 2086 254 1630

1902 290 1943 309 tem
1972 289 2085 310 commum·

1902 318 1975 337 tatem.

1150 1234 1252 1274 suerit,
1267 1240 1295 1266 et
1310 1234 1398 1267 euius
1412 1235 1609 1277 singulorum
1627 1235 1770 1268 locorum
1789 1234 1890 1278 pretia
1915 1256 1919 1260 ‚

1151 1293 1237 1319 scuta
1273 1294 1398 1320 centum
1432 1294 1597 1328 monetae,
1633 1290 1752 1321 fruetus
1786 1292 1889 1321 autem

1150 1341 1243 1373 annui
1269 1342 1367 1385 (quos
1393 1341 1474 1374 illius
1499 1342 1709 1375 creditoribus
1740 1352 1798 1385 pro
1823 1344 1890 1376 rata

1151 1394 1355 1437 pecuniarum
1386 1395 1416 1427 in
1452 1406 1488 1428 eo
1519 1395 1734 1439 expositarum
1759 1395 1890 1438 singulis

1151 1448 1239 1479 annis
1275 1448 1313 1480 de
1345 1448 1486 1481 bimestri
1519 1449 1549 1481 in
1581 1449 1729 1482 bimestre
1764 1449 1795 1481 in
1829 1448 1889 1481 fine

1152 1501 1466 1545 proportionabiliter
1498 1502 1597 1534 libere
1628 1508 1658 1534 et
1689 1502 1755 1535 sine
1785 1502 1890 1546 aliquo

1153 1556 1375 1598 impedimento
1400 1556 1451 1588 liic
1477 1556 1593 1588 Romae
1623 1556 1699 1589 solvi
1725 1556 1889 1599 volumus)

1150 1619 1251 1640 annua
1284 1615 1370 1641 scuta
1403 1614 1538 1652 quatuor
1569 1620 1641 1641 eum
1671 1609 1802 1641 dimidio
1831 1619 1890 1652 pro

1150 1662 1290 1704 quolibet
1315 1662 1384 1694 loeo
1405 1673 1466 1694 non
1488 1663 1646 1704 excedant,
1673 1668 1702 1695 et
1726 1674 1797 1695 eum
1825 1673 1890 1695 am-

1150 1715 1299 1757 plissimis
1323 1715 1506 1758 privilegiis,
1531 1716 1740 1756 facultatibus,
1766 1716 1890 1748 liberta-

1151 1768 1243 1808 tibus,
1265 1768 1403 1807 indultis,
1430 1769 1690 1811 immunitatibus,
1717 1769 1890 1812 exemptio-

1131 1857 1132 1866 ,
1150 1821 1250 1862 nibus,
1276 1822 1395 1863 gratiis,
1417 1822 1656 1865 praerogativis,
1674 1822 1890 1864 assignationi-

1131 1915 1132 1923 ἵ
1150 1874 1206 1906 bus
1222 1902 1229 1914 ,
1256 1874 1384 1906 [antelis
1400 1902 1405 1911 ,

1431 1875 1589 1918 modoque
1623 1880 1653 1908 et
1685 1875 1786 1908 forma
1811 1875 1890 1907 infra

1151 1928 1241 1960 latius
1266 1928 1405 1961 dicendis
1420 1934 1446 1960 et
1463 1929 1686 1972 exprimendis,
1705 1929 1770 1962 sine
1786 1934 1889 1962 tamen

1131 2019 1133 2027 ‚
1150 1981 1289 2014 omnium
1315 1986 1344 2015 et
1365 1993 1638 2026 ‹piorumeumque
1657 1982 1772 2015 iurium
1791 1993 1890 2015 eame-

1151 2046 1201 2067 rae
1220 2041 1345 2068 nostrae
1363 2036 1552 2079 apostolieae
1566 2036 1671 2079 aliquo
1685 2036 1889 2080 praeiudicio,

1150 2094 1177 2122 et
1204 2089 1281 2122 eitra
1306 2089 1446 2122 eiusdem
1468 2099 1611 2123 camerae
1628 2101 1821 2134 suorumque
1837 2090 1891 2124 bo-

1150 2153 1263 2175 norum
1279 2143 1414 2186 aliquam
1429 2144 1663 2186 obligationem,
1682 2147 1788 2177 tenore
1804 2153 1892 2187 prae-

1150 2197 1284 2229 sentium
1299 2207 1452 2237 ereanms,
1471 2197 1622 2240 erigimus
1641 2202 1670 2230 et
1686 2197 1888 2230 instituimus.

1151 2250 1183 2282 In
1209 2261 1271 2293 quo
1296 2250 1422 2293 quidem
1450 2256 1554 2283 monte
1580 2251 1624 2283 sie
1641 2261 1658 2282 a
1678 2250 1768 2283 nobis
1785 2256 1890 2284 erecto

1150 2308 1180 2335 et
1205 2303 1344 2336 instituto
1363 2304 1517 2344 volumus,
1535 2309 1563 2336 et
1580 2305 1686 2337 nostra
1706 2304 1890 2337 auctoritate

1150 2356 1348 2389 decernimus
1377 2363 1406 2389 et
1430 2357 1630 2399 ordinamus,
1656 2368 1765 2390 omnes
1782 2363 1811 2390 et
1831 2357 1890 2390 sin-

1151 2411 1239 2452 gulas
1263 2411 1503 2444 communitates
1528 2417 1558 2444 et
1582 2411 1798 2444 universitates
1816 2410 1889 2444 dicti

1151 2463 1254 2495 Status
1271 2464 1371 2496 nostri
1395 2464 1604 2497 Ecclesiastiei
1630 2475 1688 2507 pro
1708 2466 1744 2496 ea
1770 2465 1835 2497 rata
1860 2468 1888 2496 et

1152 2518 1274 2548 summa
1292 2522 1321 2549 et
1338 2518 1509 2560 quantitate
1530 2528 1681 2550 censuum
1695 2528 1731 2558 ae
1743 2517 1888 2549 locorum

1153 2571 1307 2602 montium
1339 2576 1369 2602 et
1404 2581 1680 2614 quorumcumque
1711 2570 1888 2603 debitorum

1152 2634 1210 2667 pro
1235 2624 1348 2668 quibus
1373 2625 1463 2658 dictis
1484 2625 1580 2659 scutis
1599 2630 1734 2670 quatuor
1751 2635 1822 2658 cum
1846 2624 1888 2657 di-
