2248 3229
87 230 136 257 An.
158 229 186 257 C.
207 229 272 257 ¹638

331 277 346 320 ἓ
370 275 398 310 5.
425 276 492 309 Non
525 275 722 310 obstantibus
751 276 1027 310 constitutionibus

287 335 317 363 et
340 329 591 364 ordinationibus
621 330 823 374 apostolicis,
853 330 1027 374 ceterisque

287 383 455 416 cannariis
478 383 739 428 quibuscumque.

332 435 442 469 Datum
459 436 585 472 Romae
599 436 682 480 apud
707 436 735 469 S.
758 436 895 476 Petr,um
910 435 967 468 sub
978 445 1028 468 an-

290 489 365 522 nulo
383 489 560 529 Piscatoris,
573 489 622 522 die
634 501 650 522 Χ
663 489 812 522 lebruaiii
829 499 1026 530 uncxxxvnr,

290 541 490 585 pontificatus
510 542 608 575 nostri
627 552 708 575 anno
725 553 775 576 xv.

323 604 384 631 Dat.
402 604 445 631 die
462 605 495 632 lO
510 604 641 631 februarii
660 604 736 636 ¹038,
751 604 843 640 pontif.
862 612 932 632 anno
947 611 990 632 Χι·.

159 291 272 322 Derogatio

88 322 247 340 contrariorum.

590 747 726 781 [ixcvll.

288 827 489 862 Annullatio
501 829 642 872 capituli
654 829 870 872 prori'uciulis
885 830 1030 873 fratrum

333 881 502 914 Minorum
525 883 631 915 sancti
655 882 825 916 Francisci
845 882 1031 917 Recolleclo-

334 945 409 967 rum
426 940 688 979 nuncupatorum
707 936 896 980 provinciae
910 937 941 970 S.
956 938 1031 970 Ber-

334 988 473 1021 narclim'
487 989 521 1021 ἱη
539 989 649 1023 Gallia
665 989 819 1022 celebrati
836 989 870 1022 in
888 993 1031 1033 spretum

335 1046 364 1075 el
384 1047 601 1087 contemplum
627 1043 814 1077 litterarum
838 1043 1031 1087 apostolica-

335 1106 418 1129 rum.

484 1176 622 1204 Urbanus
657 1176 736 1210 Papa
768 1177 845 1211 VIII,

435 1221 471 1248 ad
491 1220 624 1248 futuram
646 1221 691 1248 roi
710 1222 892 1248 memoriam.

118 1305 197 1327 noim
213 1304 276 1326 buius

92 1331 251 1354 &mmmmm
335 1293 351 1337 ἓ
367 1293 396 1326 1.
414 1292 500 1334 Cum,
518 1293 597 1326 sicut
614 1292 805 1336 accepimus,
825 1292 854 1325 in
870 1293 1032 1337 provincia

291 1346 320 1379 S.
346 1345 531 1379 Bernardini
561 1345 687 1379 Ordinis
715 1346 847 1379 fratrum
877 1346 1032 1380 Minorum

291 1399 389 1432 sancti
404 1399 561 1433 Francisci
576 1400 826 1434 Recollectorum
841 1404 1033 1444 nuncupato-

291 1463 360 1486 rum
380 1453 411 1486 in
428 1453 527 1487 Gallia
547 1453 642 1487 fuerit
659 1453 697 1487 de
715 1464 822 1487 mense
842 1454 1032 1498 septembris
1049 1467 1050 1471 ¹

290 1506 433 1551 proxime
457 1507 617 1551 praeteriti
642 1507 815 1552 capitulum
839 1508 1051 1558 provinciale3

290 1559 390 1594 dictae
402 1560 584 1604 provinciae
594 1561 786 1595 celebratum
801 1572 873 1595 cum
891 1562 1034 1595 assisten-
1048 1567 1050 1578 ¹

291 1613 342 1654 tia,
367 1613 454 1646 iussu
480 1619 509 1647 et
530 1614 677 1648 mandato
694 1615 798 1648 dilecti
816 1615 871 1647 filii
886 1616 1032 1649 Martialis
1050 1626 1051 1647 1

290 1667 328 1701 de
353 1667 382 1700 la
401 1667 583 1702 Chaumette
603 1667 676 1701 dieti
695 1668 819 1701 Ordinis
836 1669 1032 1712 professoris,

292 1721 448 1765 praetensi
466 1721 635 1754 visitatoris
648 1732 665 1754 a
678 1721 793 1755 dilecto
810 1722 876 1755 filio
893 1722 1032 1755 eiusdem

293 1773 417 1807 Ordinis
442 1775 586 1808 ministro
610 1775 749 1818 generali
774 1775 812 1808 ad
833 1775 863 1808 id
883 1775 1032 1819 deputati,

294 1826 326 1859 in
349 1833 490 1871 spretum
516 1833 546 1860 et
570 1833 784 1872 contemptum
805 1833 984 1861 nostrarum
1003 1830 1033 1861 in

295 1879 389 1912 simili
415 1880 515 1913 forzmi
541 1880 647 1913 Brevis
671 1881 859 1921 litter',aium
876 1891 933 1924 per
957 1892 1034 1925 quas

294 1933 426 1966 dilectus
451 1934 569 1977 pariter
593 1933 676 1966 filius
702 1934 859 1967 Romanus
883 1934 983 1978 Cupis,
1001 1945 1033 1967 c-

295 1986 414 2020 iusdem
425 1986 550 2020 Ordinis
564 1987 656 2020 etiam
671 1988 841 2031 professor,
854 1987 883 2020 in
895 1988 1033 2020 eiusdem
1050 1999 1052 2002 ¹

293 2039 474 2084 provinciae
507 2040 651 2084 illiusque
680 2041 812 2073 fratrum
845 2041 1035 2074 commissa-

295 2093 375 2126 rium
401 2098 431 2128 et
455 2094 647 2128 visitatorem
672 2094 838 2138 deputatus
864 2105 917 2128 seu
945 2095 1031 2128 dele-

295 2154 385 2191 gatus
411 2149 526 2187 fuerat,

97 2240 155 2255 ,Ἣ
158 2209 280 2256 “‘Jss'JJ''²[''
340 2203 355 2246 g
372 2202 401 2235 2.
418 2202 482 2236 lmo
499 2212 583 2243 xer,0
596 2213 612 2235 a
631 2202 840 2246 praefatarum
859 2202 943 2235 littei
946 2212 1053 2235 'uum

97 2242 198 2283 ωέιῖω
194 2270 235 2288 nu
228 2244 479 2290 “filexecutione
504 2256 601 2300 ipsius
625 2256 772 2289 Martiilis
797 2257 923 2289 nomine
945 2256 1037 2288 intei-

97 2293 154 2310 ’Μ’
296 2309 397 2354 posita
423 2309 460 2342 ad
484 2320 542 2343 nos
566 2313 595 2344 et
620 2314 756 2343 sanctam
778 2310 889 2343 Sedem
910 2311 1037 2353 Aposto-

297 2363 388 2397 licam
413 2363 641 2407 appellatione,
666 2363 827 2406 negotium
855 2363 1054 2402 huiusmodi¹

297 2416 335 2449 ad
350 2416 544 2449 venerabiles
558 2417 669 2450 fratres
686 2422 811 2450 nostros
828 2416 856 2449 S.
877 2417 910 2449 R.
927 2416 958 2449 E.
973 2409 1055 2450 car-2

296 2469 415 2502 dinales
439 2469 574 2513 negotiis
598 2470 791 2512 regularium
818 2469 1036 2513 praepositos,

298 2528 330 2556 ut
355 2523 597 2562 examinaretur,
614 2527 643 2556 rt
667 2533 684 2555 a
708 2523 822 2555 dilecto
847 2522 912 2556 filio
929 2505 1055 2556 nostro*

299 2576 465 2609 Franciseo
481 2576 510 2609 S.
529 2575 686 2610 Laurentii
704 2576 735 2608 in
756 2576 888 2609 Damaso
905 2575 1037 2609 diacono

299 2630 454 2663 cardinale
480 2630 651 2664 Barbcrino
677 2635 869 2674 nuncupato,
889 2629 918 2663 S.
944 2630 977 2663 R.
1004 2630 1036 2663 Ε.

905 228 1047 253 ΠΒΒΑΝΗΞ
1072 227 1128 252 v111
1153 227 1200 252 PF.

1062 276 1128 309 vice
1145 274 1342 316 cancellario,
1358 279 1466 308 nostro
1483 274 1656 308 secundum
1673 284 1799 308 carnem

1061 339 1098 362 ex
1123 330 1219 362 fratre
1243 339 1392 372 germano
1416 333 1540 372 nepote,
1561 327 1699 372 dictique
1715 327 1801 361 Ordi-

1061 383 1109 415 nis
1125 382 1207 426 apud
1222 392 1279 415 nos
1295 387 1324 415 et
1338 382 1481 415 eamdem
1495 382 1606 415 Sedem
1620 385 1800 426 protectore

1061 435 1269 475 deeideietui,
1287 435 1454 467 remissum
1473 435 1579 468 fuerit:

1106 488 1121 531 ἓ
1146 487 1176 520 3
1202 488 1274 527 Nos,
1291 498 1306 520 r
1309 488 1465 520 :itionibus
1482 499 1540 532 pro
1561 493 1611 521 uti
1614 489 1694 532 ¹ique
1715 493 1802 532 parte

1705 216 1769 251 639
1815 228 1862 254 An.
1885 227 1913 255 c.
1934 227 2000 255 1638

1853 502 1894 522 {inv
1898 503 1951 523 lmit
1967 508 2002 522 ca-

1818 529 1906 555 pitulum
1923 528 2001 549 nullum

1062 541 1204 583 allegatis
1228 546 1258 573 et
1281 541 1422 574 deductis
1440 547 1562 574 mature
1583 542 1802 584 consideratis,
1818 558 1879 581 μωι
1900 563 1919 577 ιι.
1935 556 2002 576 mur.-

1063 594 1271 637 accurateque
1295 594 1455 634 discussis,
1479 595 1517 627 de
1543 595 1726 628 eorumdem
1744 595 1803 629 sr-a
1818 589 1850 604 ³'

1063 653 1147 680 trum
1166 647 1308 690 consilio,
1323 648 1494 692 capitulum
1512 648 1704 692 provinciale
1717 660 1804 693 prae-

1063 701 1193 741 dictum,
1208 712 1280 734 cum
1293 701 1441 734 omnibus
1458 702 1529 734 iude
1545 703 1694 746 sequutis,
1709 703 1804 736 fuisse

1064 760 1092 787 et
1126 764 1192 787 esse
1224 755 1368 794 nullum,
1398 754 1578 798 nulliusque
1604 755 1727 788 roboris
1756 756 1802 789 vel

1065 807 1216 840 momenti
1241 807 1386 847 existere,
1411 808 1584 852 apostolica
1609 809 1804 849 auctoritate,

1066 865 1173 895 tenore
1195 861 1420 905 praesentium,
1437 861 1644 903 dccl-aramus,
1665 862 1805 906 illudque

1066 915 1235 957 irritamus,
1249 925 1434 948 revocamus
1450 920 1479 948 et
1496 916 1704 955 annullamus;
1722 927 1806 949 eum-

1066 969 1201 1013 demque
1226 975 1393 1013 propterea
1416 969 1605 1011 Martialem,
1631 981 1804 1015 omnesque

1048 1023 1164 1062 ¹alios,
1190 1022 1242 1066 qui
1276 1022 1445 1067 praedictis
1477 1023 1592 1056 nostris
1624 1023 1752 1065 litteris,
1777 1031 1803 1058 et

1067 1076 1220 1110 mandatis
1243 1077 1431 1110 venerabilis
1455 1077 1560 1110 fratris
1589 1077 1726 1122 episcopi
1748 1079 1807 1113 Bit-

1067 1130 1217 1163 terrensis
1234 1130 1359 1163 illarum
1373 1131 1584 1174 exequutoris,
1599 1131 1745 1165 resistere
1759 1133 1805 1165 vel

1049 1211 1051 1224 4
1067 1184 1142 1217 alias
1159 1184 1316 1217 contraire
1332 1184 1399 1216 ausi
1419 1189 1500 1226 sunt,
1517 1189 1644 1228 praeter
1657 1195 1807 1219 censuras

1067 1243 1097 1270 et
1120 1247 1238 1281 poenas
1262 1237 1293 1270 in
1318 1237 1435 1270 eisdem
1461 1237 1572 1270 litteris
1602 1238 1808 1272 comminatas

1067 1296 1097 1323 et
1120 1301 1177 1334 per
1201 1301 1254 1324 eos
1278 1290 1430 1333 incursas,
1455 1290 1493 1324 ad
1517 1301 1734 1336 quaecumque
1754 1292 1804 1325 di-

1067 1344 1106 1377 cti
1137 1344 1261 1378 Ordinis
1293 1344 1414 1387 officia,
1439 1344 1547 1377 munia
1579 1350 1610 1378 et
1640 1345 1808 1388 dignitates

1067 1398 1143 1432 inibi
1168 1398 1376 1442 imposterum
1391 1398 1559 1432 obtinenda
1576 1399 1740 1440 inhabiles,
1758 1411 1808 1434 vo-

1067 1453 1173 1496 cisque
1197 1452 1315 1485 activae
1341 1457 1371 1485 et
1394 1452 1535 1496 passivae
1558 1452 1712 1486 beneficio
1726 1453 1744 1495 ¹,
1769 1453 1808 1486 ad

1066 1512 1209 1539 nostrum
1252 1511 1282 1539 et
1319 1505 1460 1539 eiusdem
1491 1505 1578 1539 Sedis
1609 1507 1808 1550 Apostolicae

1066 1558 1306 1603 beneplacitum,
1321 1559 1527 1599 declaramus,
1541 1569 1576 1593 ae
1590 1559 1735 1592 eumdem
1750 1560 1808 1594 Ro-

1067 1623 1194 1646 manum
1220 1613 1250 1645 in
1274 1612 1405 1656 praefati
1423 1612 1593 1646 visitatoris
1610 1618 1640 1646 et
1660 1613 1807 1647 commis-

1067 1666 1141 1699 sarii
1174 1666 1356 1700 huiusmodi
1385 1666 1479 1699 officii
1513 1667 1712 1710 possessione
1743 1678 1807 1700 ma-

1067 1719 1282 1752 nutenendum
1306 1730 1373 1753 esse
1397 1724 1427 1752 et
1451 1720 1517 1753 fore
1542 1720 1750 1753 decernimus

1111 1773 1126 1816 ἓ
1150 1772 1179 1805 4.
1205 1772 1385 1806 lllandantes
1410 1778 1578 1831 propterea
1609 1773 1755 1807 omnibus
1779 1780 1808 1807 et

1067 1826 1199 1869 singulis
1216 1826 1316 1858 dictae
1333 1826 1484 1869 proxinci
1477 1836 1513 1859 ie
1530 1826 1679 1860 fiatribus
1697 1832 1726 1860 et
1744 1837 1811 1871 pcr-

1068 1880 1171 1921 sonis,
1195 1880 1226 1912 in
1251 1880 1366 1913 virtute
1390 1885 1514 1913 sanetae
1542 1880 1750 1921 obedientiae,
1775 1892 1810 1914 ac

1050 1933 1126 1971 isub
1158 1933 1383 1976 indignationis
1407 1939 1437 1966 et
1461 1933 1530 1966 aliis
1561 1933 1682 1966 arbitrii
1710 1934 1809 1967 nostri

1068 1985 1188 2029 poenis,
1213 1991 1247 2018 ut
1271 1986 1417 2019 eumdem
1446 1987 1622 2020 Romanum
1648 1987 1679 2019 in
1703 1987 1809 2019 visita-

1052 2044 1170 2080 ¹torem
1203 2044 1231 2072 et
1266 2039 1518 2073 commissarium
1551 2040 1730 2073 huiusmodi
1757 2041 1810 2073 lia-

1069 2093 1162 2125 beant
1193 2098 1223 2125 et.
1252 2098 1502 2136 recognoscant,
1527 2093 1635 2137 illique
1668 2093 1808 2127 debitum

1052 2147 1223 2195 ιΙιοιιοιὮηι
1253 2153 1282 2179 et
1309 2147 1520 2180 obedientiam
1550 2148 1581 2180 in
1609 2158 1809 2192 quocumque

1052 2197 1170 2233 dictae
1201 2200 1382 2244 provinciae
1408 2201 1592 2234 visitationis
1621 2206 1692 2234 actu
1716 2202 1810 2246 peili-

1052 2253 1182 2286 ciendo
1206 2257 1382 2298 piac-stent:
1409 2264 1445 2286 ac
1469 2254 1537 2287 eid·
1541 2265 1570 2287 m
1597 2255 1747 2297 Romano,
1768 2259 1811 2291 ιιΙ,

1071 2308 1199 2351 peracta
1224 2317 1281 2351 per
1306 2307 1407 2351 ipsum
1426 2307 1601 2341 visitatione
1621 2308 1811 2347 huiusmodi,

1071 2361 1174 2393 denuo
1198 2361 1370 2404 capitulum
1396 2360 1588 2404 provinciale
1612 2361 1712 2394 dictae
1740 2372 1812 2405 pro-

1072 2414 1191 2447 vinciae
1219 2414 1372 2454 indicere,
1400 2414 1545 2447 intimare
1570 2424 1605 2447 ac
1630 2414 1811 2455 celebrare,

1053 2465 1055 2503 -ἷ
1071 2474 1100 2501 et
1125 2467 1242 2501 vocatis
1262 2467 1419 2509 vocandis,
1437 2468 1520 2502 iuxta
1536 2468 1648 2501 seriem
1666 2472 1696 2502 et
1712 2468 1812 2502 conti-

1071 2523 1208 2556 nentiam
1226 2522 1407 2555 earumdem
1426 2527 1605 2556 nostrarum
1623 2522 1810 2562 litterarum,

1111 2640 1118 2664 l
1139 2637 1298 2664 Addendum
1311 2637 1442 2672 privatos
1456 2637 1491 2673 (n.
1507 2637 1554 2672 τ.)4

1870 1782 2008 1808 Praeceptum

1832 1809 1844 1828 Ι.
1867 1809 1892 1828 iili
1888 1815 1924 1828 isui
1933 1809 2007 1828 vmido.
