2248 3229
220 217 267 243 An.
290 216 403 245 01635

247 646 358 666 Concessio
374 645 402 665 sa-

221 673 304 693 tultatis
313 674 371 698 prout
383 678 402 692 in

221 699 310 719 rubi-ica.

253 1439 362 1459 Decretum
380 1445 407 1459 u·-

226 1469 295 1486 filans,

246 2129 358 2158 Desogatio
367 2136 414 2151 con-

231 2157 349 2176 tration-um.

448 208 512 242 498

417 266 465 306 sit,
479 270 508 298 et
522 271 691 309 propterca
712 265 782 298 illos
800 265 964 308 supprimi,
979 274 1153 306 eorumque

417 329 468 351 res
481 323 510 350 et
526 318 619 357 bona,
633 327 753 349 necnon
767 327 864 349 onera
880 316 925 347 eis
942 316 1153 348 incumbentia

417 371 448 403 in
465 371 599 403 maiores
616 369 713 412 ipsius
730 369 854 402 Ordinis
871 373 1041 400 conventus
1059 372 1153 401 trans-

417 423 491 456 ferri
523 432 613 465 possc
649 422 819 464 plurimum
852 421 1033 460 dcsIdere13
1064 421 1154 453 nobis

417 474 534 507 idcirco
558 473 718 505 humiliter
743 473 912 516 supplicari
938 473 1018 513 fecit,
1038 478 1068 505 ut
1096 473 1153 505 sibi

417 527 455 559 de
479 525 678 568 infrascripta
704 525 847 558 facultate
862 525 1029 569 providere
1047 525 1083 557 de
1101 525 1153 557 be-

417 579 566 621 nignitate
590 578 761 621 apostolica
786 578 999 621 dignaremur.

462 631 477 674 ἓ
500 631 529 663 02.
555 631 634 670 Nos,
658 640 811 674 prospero
844 630 982 663 eiusdem
1012 631 1154 673 Ordinis,

418 683 563 726 illiusque
594 683 761 716 domorum
795 683 908 723 statui,
940 683 1155 727 regularisque

418 736 599 780 disciplinae
619 736 812 770 incremento
829 737 1005 769 consultum
1023 747 1090 770 esse
1107 748 1156 769 cu-

418 789 556 834 pientes,
581 789 864 833 supplicationibus
895 790 1034 823 eiusdem
1064 791 1154 823 Blasii

418 841 633 886 procuratoris
653 843 780 875 nomine
801 843 891 875 nobis
909 854 1002 887 super
1023 843 1081 877 hoc
1103 844 1156 876 hu-

418 895 534 929 militer
546 895 701 939 porrectis
718 895 867 938 inclinati,
887 896 938 929 tibi
957 907 1069 939 parvos
1087 907 1157 930 con-

418 953 528 981 ventus
550 948 743 992 praedictos,
768 949 959 993 illorumque
989 955 1101 983 statum
1128 957 1157 983 et

419 1002 583 1034 essentiam
618 1002 796 1044 regularem
823 1002 853 1034 in
878 1002 943 1042 cis,
973 1003 1156 1036 auctoritate

419 1056 526 1087 nostra
551 1054 734 1098 apostolica,
759 1060 912 1099 perpetuo
943 1055 1156 1099 supprimendi

421 1112 451 1140 et
475 1107 688 1150 extinguendi,
709 1118 882 1152 eorumque
903 1119 953 1140 res
967 1114 996 1141 et
1013 1109 1105 1150 bona,
1123 1121 1158 1143 ac

421 1171 516 1194 onera
531 1171 747 1204 quaecumque
765 1161 810 1193 eis
828 1161 1039 1194 incui‘nbentia
1054 1162 1083 1194 in
1099 1174 1158 1195 ma-

421 1214 504 1247 iores
537 1213 675 1246 eiusdem
709 1214 832 1246 Ordinis
863 1220 1034 1248 conventus
1066 1216 1158 1249 etiam

420 1272 574 1311 perpetuo
593 1267 809 1307 transferendi,
831 1268 1020 1308 nouitatem,
1040 1275 1160 1313 aposto-

422 1320 531 1353 stolica
555 1320 740 1352 auctoritate
755 1347 762 1360 ,
788 1325 895 1353 tenore
926 1323 1159 1364 praesentium,

423 1372 623 1405 concedimus
648 1377 677 1404 et
701 1372 910 1416 impertimur.

467 1426 482 1469 ξ
505 1424 534 1458 3.
561 1426 769 1458 Decernentes
794 1431 975 1470 praesentes
996 1427 1115 1461 litteras
1132 1435 1161 1462 ct

423 1479 547 1511 illarum
573 1478 680 1521 rigore
713 1479 869 1512 faciendas
902 1482 1161 1524 suppressiones,

424 1531 628 1564 extinctiones
660 1537 689 1564 et
716 1532 933 1566 translationes
965 1535 1161 1577 praedictas,

423 1589 587 1628 postquam
613 1585 710 1617 factae
744 1585 874 1627 fuerint,
902 1587 1026 1627 validas,
1057 1588 1163 1622 firmas

425 1641 454 1671 et
478 1638 619 1671 efficaces
644 1639 776 1672 existere
797 1644 827 1671 et.
843 1639 919 1681 sore7
937 1651 971 1673 ac
990 1641 1163 1675 maioribus

425 1691 629 1724 conventibus
652 1692 831 1725 huiusmodi
852 1693 1032 1736 plenissime
1051 1695 1081 1726 in
1099 1706 1163 1728 om-

426 1743 517 1776 nibus
535 1749 565 1777 et
588 1755 646 1788 per
663 1744 767 1777 omnia
781 1745 964 1788 suffragari3
982 1747 1088 1791 sicque
1107 1759 1163 1792 per

427 1808 643 1841 quoscumque
675 1799 791 1831 iudices
823 1799 1000 1833 ordinarios
1025 1805 1053 1834 et
1078 1812 1163 1835 com-

428 1852 596 1892 rnissarios,
610 1852 717 1895 quavis
731 1852 915 1886 auctoritate
932 1853 1104 1897 fungentes,
1123 1855 1165 1888 iu-

429 1905 526 1938 dicari
551 1910 580 1938 et
604 1905 728 1938 definiri
753 1906 877 1948 debere,
897 1918 1019 1941 necnon
1040 1909 1162 1942 irritum

429 1964 458 1991 ct
482 1958 582 1999 inane,
607 1958 631 1991 si
656 1969 745 1992 secus
763 1970 856 2004 super
882 1961 929 1993 his
954 1972 970 1993 a
995 1972 1164 2005 quoquam,

430 2011 538 2055 quavis
552 2012 747 2052 auctoritate,
759 2013 893 2046 scienter
908 2013 953 2045 vel
972 2014 1164 2057 ignoranter,

430 2065 596 2107 contigerit
621 2067 773 2099 attentari.

475 2118 490 2162 ᾗ
513 2117 541 2150 4.
574 2119 642 2152 Non
667 2119 864 2152 obstantibus
893 2120 1166 2155 constitutionibus

431 2177 461 2206 et
484 2172 731 2206 ordinationibus
756 2174 944 2218 apostolicis,
962 2184 997 2207 ac
1022 2174 1095 2209 dicti
1115 2175 1167 2209 Or-

431 2226 521 2267 dinis,
546 2227 638 2259 etiam
664 2226 849 2269 iuramento,
875 2228 1113 2262 confirmatione
1137 2240 1166 2262 a-

429 2279 589 2323 postolica,
616 2280 661 2312 vel
682 2281 790 2324 quavis
814 2281 962 2314 firmitate
986 2282 1046 2323 alia
1072 2282 1165 2316 robo-

429 2332 514 2374 ratis,
529 2332 650 2365 statutis
674 2338 703 2365 et
728 2333 1016 2376 consuetudinibus,
1041 2336 1166 2368 ceteris-

429 2396 488 2429 que
513 2386 677 2419 contrariis
702 2381 993 2432 quibuseumqi1e.”

472 2439 583 2472 Datum
609 2439 736 2480 Romae,
760 2440 842 2484 apud
867 2440 895 2473 S.
918 2440 1045 2473 Mariam
1070 2441 1165 2475 Maio-

430 2502 507 2532 rem,
531 2492 588 2524 suh
606 2493 720 2526 annulo
736 2493 912 2534 piscatoris,
923 2494 1015 2527 diem
1029 2494 1165 2527 octobris

431 2554 589 2586 Mncxxxv,
614 2545 814 2590 pontificatus
831 2547 929 2580 nostri
947 2557 1028 2581 anno
1045 2557 1108 2581 xm.

468 2606 526 2634 Dat.
543 2608 585 2635 dle
600 2608 616 2635 3
631 2608 748 2635 octobris
767 2608 842 2643 1635,
864 2609 958 2644 pontif.
975 2617 1045 2636 anno
1060 2616 1119 2636 x111.

990 218 1168 241 BULLARIUM
1193 217 1346 241 ROMANUM

1475 264 1628 297 Dxxvtlt.

1188 333 1356 366 Revocatz'o
1394 333 1572 366 litterarum
1603 334 1791 367 concordiae
1820 336 1924 368 initae

1232 386 1316 418 inter
1339 385 1542 428 provinciam.
1559 385 1590 418 S.
1610 385 1745 418 Ioannis
1758 387 1925 430 Baptistae

1232 439 1374 480 fratrum
1392 438 1559 470 Minorum
1582 437 1864 479 Dz‘scalceatoram,
1888 450 1925 472 ex

1232 492 1312 531 uiui,
1332 495 1361 523 et
1378 491 1513 534 fratrem
1528 490 1738 533 Onuplzfrium
1755 491 1922 533 Leqazam,

1233 553 1270 575 ex
1287 544 1368 583 alisi,
1388 543 1530 576 eiusdem
1555 543 1698 582 Ordinis,
1726 554 1799 576 cum
1820 553 1928 586 perpe-

1235 600 1287 627 tuo
1312 594 1468 628 silentio?

1398 675 1532 702 Urbanus
1553 675 1630 709 Papa
1649 675 1727 707 vm,

1331 719 1366 745 ad
1387 719 1519 746 futuram
1539 719 1582 746 rei
1603 719 1782 747 memoriam*

1234 791 1248 833 g
1278 790 1301 822 l.
1328 790 1414 831 Cum,
1440 790 1518 822 sicut
1535 790 1722 834 accepimus,
1740 791 1780 824 ob
1798 801 1924 824 causam

1190 848 1216 875 ct
1243 853 1351 875 causas
1377 848 1531 875 vertentes
1549 843 1628 877 inter
1646 844 1841 886 provinciam
1859 855 1924 877 san-

1190 896 1229 928 cti
1263 895 1385 928 loannis
1421 895 1575 939 Baptistae
1608 896 1739 929 fratrum
1772 897 1926 930 Minorum

1191 948 1287 982 sancti
1312 949 1468 981 Francisci
1486 949 1753 982 Discalceatorum
1771 960 1927 994 nuncupa-

1192 1007 1294 1034 torum
1320 1002 1351 1034 in
1376 1002 1481 1044 regnis
1506 1002 1738 1046 Hispaniarum,
1765 1013 1819 1036 seu
1844 1004 1928 1036 Ioan-

1192 1064 1260 1086 nem
1288 1054 1456 1098 Baptistam
1481 1055 1632 1098 Beruegal
1665 1055 1747 1088 illius
1771 1066 1925 1100 procura—

1193 1112 1302 1147 torem,
1327 1118 1363 1140 ex
1390 1109 1469 1150 una,
1495 1119 1529 1141 ac
1555 1109 1750 1152 Onupbrium
1776 1110 1929 1152 Legazam

1193 1161 1462 1195 eiusdeinOrdinis
1479 1167 1506 1194 et
1524 1162 1714 1206 provinciae,
1725 1163 1928 1207 professores,

1193 1214 1322 1248 dilectos
1340 1215 1431 1255 filios,
1449 1220 1478 1247 et
1495 1215 1538 1248 illi
1556 1215 1770 1257 adhaerentes,
1788 1216 1930 1260 partibus

1194 1278 1228 1299 ex
1245 1268 1352 1309 altera,
1377 1268 1415 1301 de
1440 1274 1469 1301 et
1493 1279 1588 1312 super
1613 1270 1836 1302 controversiis
1854 1270 1930 1303 ortis

1194 1324 1287 1354 causa
1312 1326 1342 1354 et
1366 1322 1530 1355 occasione
1547 1328 1737 1355 assertarum
1756 1323 1931 1356 inobedien-

1195 1374 1319 1415 tiarum,
1338 1380 1370 1407 ut
1385 1375 1557 1415 dicebatur,
1577 1376 1798 1419 praestitarum
1819 1376 1931 1410 dilecto

1194 1429 1286 1461 etiam
1312 1429 1376 1462 silio
1402 1429 1493 1462 Petro
1519 1429 1711 1472 Logrofioin
1729 1430 1867 1473 generali
1887 1431 1931 1463 vi-

1195 1482 1337 1516 sitatione
1351 1483 1451 1515 dictae
1469 1484 1658 1527 provinciae,
1679 1494 1714 1516 ac
1734 1484 1932 1518 decretorum

1195 1546 1210 1567 a
1237 1536 1467 1568 venerabilibus
1491 1536 1641 1569 fratribus
1665 1537 1780 1570 nostris
1801 1537 1828 1571 S.
1848 1538 1882 1570 R.
1900 1537 1931 1570 E.

1196 1588 1404 1621 cardinalibus
1429 1589 1562 1631 negotiis
1588 1589 1780 1632 regularium
1800 1600 1933 1634 praepo-

1195 1641 1261 1673 sitis
1286 1641 1323 1674 de
1348 1652 1429 1674 anno
1454 1652 1593 1675 nncxxw
1613 1648 1847 1684 emanatorum‚
1876 1654 1933 1677 nec

1196 1704 1256 1727 non
1282 1694 1319 1727 de
1345 1700 1374 1727 et
1400 1705 1494 1737 super
1519 1696 1685 1738 praetensa
1716 1696 1855 1729 nullitate
1880 1707 1934 1729 seu

1197 1747 1393 1780 revocatione
1418 1747 1511 1780 trium
1533 1749 1742 1792 capitulorum
1763 1750 1935 1793 provincia-

1196 1801 1289 1841 lium,
1317 1812 1371 1834 seu
1396 1801 1583 1835 electionum
1616 1802 1686 1835 inde
1712 1807 1933 1847 sequutarum‚

1197 1864 1232 1886 ac
1257 1854 1294 1886 de
1318 1859 1347 1886 et
1372 1865 1466 1898 super
1490 1857 1653 1898 praetensa
1680 1856 1820 1890 nullitate
1845 1860 1874 1891 et
1890 1868 1935 1891 re-

1198 1908 1359 1940 vocatione
1384 1908 1659 1942 confirmationum
1690 1910 1936 1954 apostolicarum

1198 1961 1331 2004 desuper
1356 1967 1571 1995 emanatarum
1599 1964 1646 2006 (ut
1670 1963 1700 1996 in
1725 1964 1835 1997 litteris
1861 1975 1934 2009 apo-

1199 2014 1314 2047 stolicis
1340 2015 1370 2047 in
1395 2015 1494 2048 forma
1519 2016 1625 2050 Brevis
1645 2017 1702 2050 sub
1731 2017 1802 2050 data
1823 2028 1889 2052 xxii
1909 2029 1937 2051 a-

1198 2068 1285 2112 prilis
1310 2079 1435 2103 Mncxxx
1468 2070 1602 2114 desuper
1630 2070 1783 2114 expeditis
1814 2072 1936 2116 plenius

1198 2121 1398 2164 continetur),
1418 2133 1539 2155 necnon
1559 2133 1653 2166 super
1678 2126 1844 2167 praetensa
1864 2135 1936 2169 apo-

1199 2174 1290 2207 stasia
1315 2174 1388 2207 dicti
1408 2175 1559 2219 Onuphrii
1580 2176 1727 2219 Legazae,
1745 2187 1780 2210 ac
1802 2178 1935 2212 aliorum

1199 2227 1271 2260 dicti
1297 2227 1421 2261 Ordinis
1444 2228 1576 2262 fratrum
1602 2229 1707 2262 forsan
1731 2241 1748 2262 a
1765 2230 1848 2264 dieta
1868 2242 1937 2275 pro-

1199 2280 1299 2312 vincia
1316 2281 1478 2314 occasione
1496 2282 1743 2325 praemissorum
1758 2283 1876 2328 absque
1890 2295 1937 2318 su-

1199 2334 1360 2378 periorum
1393 2335 1519 2368 licentia
1550 2335 1747 2378 absentium,
1772 2348 1807 2370 ac
1839 2337 1876 2370 de
1907 2343 1935 2371 et

1199 2397 1293 2430 super
1318 2387 1569 2432 quibuscumque
1594 2389 1686 2422 etiam
1713 2390 1838 2433 speciali
1862 2392 1935 2423 nota

1198 2440 1300 2484 dignis
1333 2440 1363 2473 in
1388 2443 1481 2474 causa
1507 2446 1536 2474 et
1561 2443 1662 2475 causis
1694 2443 1861 2486 praedictis
1885 2454 1936 2486 ap-

1236 2522 1244 2546 1
1267 2520 1303 2547 De
1320 2520 1473 2549 huiusmodi
1493 2522 1608 2549 fratrum
1629 2522 1772 2549 concordia
1791 2523 1849 2557 lege
1864 2522 1935 2550 Cou-

1179 2553 1181 2588 l
1197 2564 1251 2592 stit.
1267 2570 1361 2592 cccmx
1376 2565 1426 2599 (al.
1443 2565 1502 2600 331)
1520 2566 1605 2599 Reyz's
1616 2567 1744 2601 pacifici,
1762 2570 1824 2593 tom.
1841 2573 1876 2600 νι,
1893 2575 1936 2594 su-

1198 2617 1246 2644 pra
1262 2616 1321 2644 pag.
1344 2607 1399 2635 1⁹27.

1935 216 1982 242 An.
2004 216 2033 243 C.
2051 215 2120 243 1635

1969 807 2126 827 Recensetcon·

1942 833 2034 853 cordiam
2052 834 2125 853 initam

1943 862 1962 880 et
1984 859 2126 879 dissensiones

1942 886 1990 906 inde
2008 888 2098 906 exortas.
