2226 3235
139 231 192 257 An.
209 230 239 258 C.
259 229 325 257 ¹629

191 399 229 419 Cui
249 398 322 419 anuuit

138 426 240 447 Pontifex.

182 1620 302 1642 clausulae.

193 2258 305 2279 Obstantia
313 2258 350 2279 tot-

166 2285 243 2306 tuntur.

212 2576 356 2604 Transumptis

173 2604 244 2628 danda
258 2605 318 2628 fides.

945 227 1086 251 URBANUS
1112 226 1166 249 vm
1188 226 1234 250 Pr.

335 277 415 318 feeit,
436 282 470 311 ut
486 277 622 320 desuper
643 282 820 320 opportune
844 275 1011 320 providere
1037 275 1074 307 de

335 331 526 374 benignitate
551 331 719 374 apostoliea
745 330 960 372 dignaremur.

381 385 395 428 ξ
418 383 448 417 3.
473 385 535 417 Nos
560 383 666 426 igitur,
692 394 848 427 prospero
874 383 1017 426 felicique
1035 381 1077 414 di-

337 441 403 471 ctae
422 437 602 481 provinciae
627 437 728 477 statui,
754 442 906 480 quantum
924 446 996 469 eum
1021 435 1077 468 Do-

339 491 423 524 mino
443 501 622 534 possumus,
640 491 814 532 consulere,
832 490 1012 533 dictumque
1030 488 1077 521 10-

339 545 471 589 sephum
508 545 696 588 specialibus
729 545 889 577 fiivoribus
914 548 944 576 et
968 541 1078 586 gratiis

339 599 486 642 prosequi
511 598 658 640 volentes,
677 603 704 631 et
723 609 740 631 a
762 597 926 642 quibusvis
951 606 1079 629 excom-

341 651 576 692 municationis,
609 651 824 695 suspensionis
849 656 879 683 et
903 648 1078 689 interdicti,

341 705 471 749 aliisque
495 705 713 738 ecclesiasticis
738 704 915 744 sententiis,
940 702 1081 736 censuris

341 763 371 790 et
394 758 512 802 poenis,
537 769 554 791 a
579 759 646 792 iure
671 759 718 792 vel
743 758 782 790 ab
806 757 948 796 homine,
973 755 1081 800 quavis

342 811 507 844 occasione
527 812 574 844 vel
600 814 693 845 causa
718 811 798 851 latis,
819 810 843 843 si
864 809 979 854 quibus
1003 819 1081 852 quo-

344 865 516 898 modolibet
540 865 707 898 innodatus
731 863 849 904 existit,
874 863 912 895 ad
937 862 1082 895 effectum

345 919 558 963 praesentium
573 919 733 952 dumtaxat
747 916 1013 961 consequendum,
1027 916 1082 949 ha-

345 984 415 1006 rum
441 974 520 1007 serie
545 973 741 1006 absolventes
767 977 796 1005 et
820 971 998 1005 absolutum
1018 971 1083 1004 sore

346 1032 517 1069 censentes,
535 1025 714 1059 huiusmodi
741 1025 1023 1069 supplicationibus
1042 1024 1085 1056 in-

347 1079 509 1120 clinati,de
523 1078 747 1112 venerabilium
760 1079 892 1111 fratrum
903 1082 1084 1111 nostrorum

347 1137 470 1165 sanetae
503 1133 660 1165 Romanae
693 1132 848 1165 Ecclesiae
880 1131 1085 1165 cardinalium

347 1185 481 1229 negotiis
504 1186 697 1229 regularium
728 1186 981 1229 praepositorum
1007 1194 1082 1217 eon-

349 1239 429 1279 silio,
450 1239 679 1273 restitutionem
704 1239 881 1283 praedictae
907 1237 1088 1283 provinciae

350 1298 383 1325 ut
407 1303 501 1337 supra
525 1293 647 1333 factam,
672 1292 841 1336 omniaque
859 1297 890 1325 et
915 1292 1037 1334 singula
1058 1290 1089 1322 il-

350 1346 409 1378 lius
433 1346 501 1379 iura
527 1346 584 1379 sibi
610 1346 684 1379 olim
705 1345 939 1389 quomodolibet
966 1355 1090 1387 compe-

351 1399 456 1440 tentia,
470 1399 639 1443 apostolica
657 1399 852 1439 auctoritate,
873 1404 981 1431 tenore
999 1408 1089 1441 prae-

353 1453 498 1494 sentium,
516 1458 669 1496 perpetuo
690 1453 901 1496 approbamus
927 1456 953 1484 et
980 1450 1091 1484 consu·-

353 1517 493 1547 mamus,
524 1507 647 1550 illisque
680 1506 868 1540 inviolabilis
902 1505 1090 1550 apostolicae

354 1559 510 1592 firmitatis
533 1560 631 1593 robur
656 1560 829 1592 adiieimus.

399 1613 453 1656 §Aa
468 1613 676 1646 Decernentes
690 1619 871 1657 praesentes
888 1613 1006 1645 litteras
1024 1611 1094 1644 alia-

355 1676 417 1710 que
447 1666 606 1710 praedicta
637 1666 754 1708 valida,
789 1666 878 1698 lirina
903 1671 932 1698 et
957 1664 1094 1698 efficacia

356 1719 506 1761 existere,
537 1730 672 1763 suosque
706 1719 864 1763 plenarios
893 1724 923 1752 et
956 1719 1095 1761 integros

357 1773 485 1806 effeetus
510 1774 616 1807 sortiri
638 1779 667 1806 et
687 1773 840 1813 obtinere,
854 1784 889 1806 ac
907 1772 1008 1806 eidem
1027 1783 1097 1816 pro-

358 1827 477 1860 vinciae
503 1827 534 1860 in
555 1827 702 1860 omnibus
727 1832 756 1860 et
778 1837 833 1871 per
854 1827 959 1860 omnia
981 1826 1097 1870 plenis-

360 1880 438 1913 sime
468 1880 651 1923 suffragari;
676 1886 706 1913 et
730 1880 771 1912 ita
795 1891 852 1924 per
882 1890 1097 1923 quoscumque

361 1933 478 1966 iudices
492 1938 522 1966 et
539 1933 771 1966 commissarios
789 1933 897 1976 quavis
915 1932 1098 1966 auctoritate

360 1987 536 2030 Fungentes,
554 1987 646 2020 etiam
668 1997 833 2019 causarum
851 1986 956 2029 palatii
974 1991 1099 2030 aposto-

361 2040 412 2074 lici
433 2040 601 2081 auditores,
620 2040 750 2073 iudicari
776 2045 803 2073 et
829 2039 953 2072 deliniri
974 2039 1098 2081 debere,

361 2105 395 2126 ac
420 2094 546 2127 irritum
572 2100 602 2127 et
626 2094 727 2135 inane,
745 2094 770 2127 si
792 2104 882 2127 secus
902 2104 999 2137 super
1018 2093 1067 2126 his
1084 2103 1101 2125 a

362 2157 532 2190 quoquam,
556 2147 665 2190 quavis
689 2147 883 2186 auctoritate,
900 2146 1034 2179 scienter
1055 2146 1101 2179 vel

364 2201 557 2243 ignoranter,
582 2201 749 2244 contigerit
774 2200 928 2233 attentari.

410 2255 424 2297 ἓ
449 2254 477 2287 5.
503 2255 571 2288 Non
599 2254 795 2288 obstantibus
827 2253 1103 2287 constitutionibus

367 2311 395 2342 et
412 2307 660 2341 ordinationibus
681 2307 869 2351 apostolicis7
887 2318 933 2348 ac,
951 2312 1104 2350 quatenus

367 2372 446 2405 opus
471 2361 518 2403 sit,
544 2361 618 2394 dicti
638 2361 772 2402 Ordinis,
798 2361 891 2393 etiam
917 2360 1104 2400 iuramento,

368 2414 606 2447 confirmatione
622 2414 805 2458 apostolica,
820 2414 867 2447 vel
886 2413 994 2457 quavis
1010 2413 1106 2446 firmi-

368 2472 430 2500 tate
447 2467 507 2500 alia
527 2467 694 2507 roboratis,
715 2467 836 2500 statutis
857 2471 887 2499 et
910 2466 1107 2500 consuetudi-

370 2520 471 2562 nibus,
483 2520 657 2564 ceterisque
666 2520 831 2553 contrariis
845 2520 1106 2564 quibuscumque.

415 2574 431 2618 ἓ
455 2573 484 2607 6.
502 2574 651 2607 Volumus
668 2579 783 2614 autem,
797 2573 881 2617 quod
894 2573 1108 2618 praesentium

373 2629 585 2673 transumptis,
597 2638 652 2663 seu
661 2628 822 2673 exemplis,
832 2628 925 2662 etiam
936 2627 1109 2673 impressis,

1110 284 1203 307 manu
1228 272 1359 306 alieuius
1379 271 1491 305 notarii
1512 270 1628 315 publici
1651 269 1847 312 subscriptis,

1109 333 1139 360 et
1164 327 1267 370 sigillo
1292 336 1445 370 personae
1467 325 1498 357 in
1515 323 1724 357 ecelesiastica
1750 321 1848 364 digni-

1110 385 1171 413 tate
1196 380 1366 413 contitutae
1384 378 1521 420 munitis,
1540 376 1648 410 eadem
1666 386 1795 419 prorsus
1811 374 1848 406 fi-

1110 434 1165 466 des
1190 433 1308 477 ubique
1326 433 1489 474 habeatur,
1507 442 1586 475 quae
1608 430 1682 474 ipsis
1703 438 1850 473 praesen<

1112 487 1193 520 tibus
1217 487 1409 527 haberetur,
1442 487 1466 519 si
1492 487 1594 519 forent
1622 483 1778 518 exhibitae
1804 482 1851 514 vel

1112 544 1265 574 ostensae.

1157 594 1267 627 Datum
1293 595 1422 634 Romae,
1446 593 1528 637 apud
1549 593 1577 625 S.
1603 590 1851 625 lllariamlllaio—

1115 658 1192 688 rem,
1217 647 1275 680 sub
1301 647 1417 680 annulo
1442 646 1618 685 Piscatoris,
1640 645 1688 677 die
1710 654 1751 677 xx
1776 643 1852 676 iunii

1115 710 1267 742 Mncxnx,
1294 700 1495 744 pontificatus
1521 699 1619 733 nostri
1646 708 1726 731 anno
1752 707 1792 730 vi.

1151 763 1208 790 Dat.
1231 762 1273 790 die
1293 762 1327 789 ⁶20
1347 762 1413 789 iunii
1437 762 1512 795 1629,
1534 760 1628 797 pontis.
1647 769 1717 788 anno
1733 767 1767 786 Vt.

1389 905 1585 939 cccxxxix.

1118 987 1273 1021 Facultas
1290 986 1456 1019 cardinali
1472 985 1510 1018 ab
1526 985 1671 1025 Haraclz,
1689 991 1716 1018 et
1739 989 1860 1028 aposto-

1164 1040 1224 1073 lico
1249 1039 1338 1083 apud
1365 1039 1593 1082 imperatorem
1623 1039 1759 1078 oruntio,
1787 1049 1859 1070 cum

1164 1093 1272 1126 eodem
1297 1093 1492 1137 {inperatore
1522 1102 1618 1135 super
1643 1091 1754 1131 bonis,
1782 1091 1861 1123 dees-

1164 1148 1237 1187 mis,
1256 1146 1430 1190 primitiis,
1450 1146 1555 1184 rebus,
1579 1145 1706 1177 iuribus
1726 1149 1754 1177 et
1768 1145 1862 1177 actio-

1165 1200 1260 1233 nibus
1284 1200 1549 1243 quibuscamque,
1568 1198 1610 1230 ad
1635 1198 1862 1231 ecclesiasticos

1166 1253 1260 1296 requi
1285 1252 1472 1287 Boliemiae,
1492 1262 1555 1284 uon
1576 1256 1679 1284 lamen
1700 1250 1742 1283 ad
1761 1251 1863 1293 hospi-

1169 1307 1232 1339 tale
1252 1306 1282 1339 S.
1301 1306 1438 1339 Ioannis
1463 1305 1774 1347 Hierosolymilani,
1799 1315 1863 1347 spe

1168 1360 1340 1399 flantibus,
1355 1358 1566 1391 conveniendi
1584 1363 1611 1391 et
1631 1357 1862 1401 transigyendi¹.
1893 1350 1896 1352 ¹

1319 1439 1455 1466 Urbanus
1489 1439 1567 1471 Papa
1596 1439 1671 1471 vlu,

1266 1484 1302 1510 ad
1324 1483 1456 1510 futuram
1476 1483 1520 1509 rei
1539 1483 1719 1509 memoriam.

1171 1555 1253 1587 luter
1278 1553 1488 1596 gravissimas,
1515 1552 1767 1595 multiplicesque
1792 1562 1867 1595 apo-

1127 1608 1255 1641 stolicae
1272 1607 1428 1640 servitutis
1442 1617 1544 1647 curas,
1561 1606 1674 1650 quibus
1689 1617 1746 1649 pro
1766 1606 1866 1639 nostri

1128 1662 1293 1706 pastoralis
1318 1661 1412 1694 officii
1442 1661 1546 1694 debito
1572 1660 1687 1703 iugiter
1711 1659 1868 1703 angimur,

1129 1716 1181 1748 illa
1204 1725 1262 1748 nos
1285 1714 1453 1758 praecipue
1479 1713 1629 1746 sollicitos
1654 1713 1756 1755 habet,
1776 1718 1808 1745 ut
1825 1724 1870 1745 sa-

1131 1773 1293 1802 crosancta
1318 1768 1395 1800 fides
1420 1768 1585 1807 catholiea,
1603 1767 1752 1810 dispersis
1778 1772 1868 1810 atque

1131 1822 1322 1856 conculcatis
1348 1821 1465 1854 inimici
1491 1821 1627 1854 hominis
1651 1820 1785 1862 zizaniis,
1807 1821 1871 1853 ubi‹

1132 1887 1192 1920 que
1210 1876 1350 1919 gentium
1377 1874 1524 1907 inviolata
1549 1874 1651 1917 vigeat
1672 1879 1701 1906 et
1721 1884 1872 1917 propage-

1134 1936 1193 1972 tur,
1218 1931 1426 1972 haeresesque
1452 1933 1481 1961 et
1506 1928 1556 1960 alii
1582 1927 1719 1960 damnati
1748 1938 1872 1960 errores

1134 1995 1150 2016 e
1178 1983 1334 2017 mentibus
1360 1982 1635 2021 christilidelitun,
1661 1981 1713 2013 ubi
1738 1981 1873 2025 peccatis

1134 2038 1299 2071 bominum
1318 2036 1502 2069 facientibus
1519 2035 1724 2079 irrepserunt,
1746 2045 1803 2078 per
1821 2034 1875 2066 im-

1136 2101 1275 2124 mensam
1290 2090 1343 2122 Dei
1360 2089 1528 2122 bonitatem
1546 2089 1668 2132 penitus
1687 2089 1873 2125 evellantur;

1136 2149 1328 2188 quapropter
1352 2154 1424 2183 nos,
1449 2142 1502 2186 qui
1529 2142 1691 2174 militantis
1719 2141 1874 2173 Ecclesiae

1137 2197 1288 2240 regimen,
1309 2196 1588 2239 omnimodamque
1613 2194 1750 2227 universi
1775 2194 1876 2227 Domi-

1137 2251 1198 2284 niei
1229 2251 1335 2293 gregis
1360 2261 1376 2282 a
1400 2250 1524 2283 Christo
1553 2249 1686 2282 Domino
1711 2259 1819 2281 curam
1844 2248 1875 2279 iu

1138 2304 1318 2337 beatissimo
1354 2304 1446 2336 Petro
1481 2302 1699 2347 apostolorum
1733 2300 1875 2345 principe

1138 2358 1332 2401 accepimus,
1354 2357 1410 2390 etsi
1435 2367 1490 2390 nos
1515 2356 1553 2388 ad
1578 2355 1718 2389 omnium
1744 2355 1876 2387 salutem

1140 2411 1371 2455 procurandam
1401 2410 1560 2442 debitores
1585 2418 1814 2452 agnoscamus,
1840 2407 1877 2440 iis

1141 2469 1245 2498 tamen
1268 2464 1439 2508 provinciis
1463 2463 1620 2507 peculiare
1644 2462 1808 2505 pastoralis
1834 2461 1878 2493 vi-

1142 2518 1287 2562 gilantiae
1312 2518 1449 2551 studium
1472 2513 1693 2560 impendimus,
1711 2525 1789 2558 quae
1810 2515 1880 2548 dex„

1177 2635 1190 2662 1
1213 2634 1251 2662 Ex
1269 2619 1377 2669 Regest.
1398 2633 1424 2660 in
1445 2633 1549 2661 Secret.
1572 2631 1648 2660 Brev.

1775 212 1815 245 [39
1863 220 1911 246 An.
1928 219 1955 245 c.
1979 218 2045 245 1629

1910 1558 2049 1580 Prooemium.
