2248 3229
247 222 297 251 An.
315 223 344 250 c.
368 222 436 251 1635
480 214 545 249 464

295 394 431 420 Quanwlures

248 421 354 445 ripularcs
385 427 431 446 pru—

247 447 339 467 liitiiinis
356 453 430 466 annum

248 480 267 493 111
295 474 431 493 comentibus

247 500 273 519 ,111
285 500 323 519 hoc
335 501 429 523 nii-signa-

248 529 271 545 ti<
296 532 336 546 11011
366 526 430 545 111110-

247 553 303 572 bani.

284 978 380 998 Urbanus
399 978 427 997 fa-

244 1005 344 1025 cultatem
379 1010 428 1024 cni-

244 1034 307 1051 ‹ve-sit
340 1031 427 1051 Ordina-

244 1058 279 1078 riis
290 1058 382 1077 lua-orum
393 1064 428 1078 eos

244 1088 318 1104 iterum
334 1084 359 1104 ‹id
381 1091 426 1110 pru-

244 1111 354 1131 fessionem
391 1112 427 1133 ad>

243 1138 346 1158 mittendi.

641 272 776 298 Urbanus
805 271 884 306 Papa
904 272 989 302 VIII,

589 316 624 342 ad
645 316 776 342 futuram
796 315 840 342 rei
861 315 1042 344 memoriam.

491 379 506 421 ᾗ
527 378 553 410 1,
575 377 657 410 Alias
673 387 730 421 per
747 387 804 410 nos
822 383 962 421 accepto,
981 378 1063 422 quod
1081 389 1187 422 quam-

446 432 551 474 plures
570 430 732 471 Ordinum,
751 432 1033 475 congregationum
1051 438 1081 465 et
1099 432 1185 465 insti-

447 489 584 516 tutorum
604 485 796 526 regularium
818 485 1023 528 professores,
1040 486 1079 518 ad
1102 485 1185 518 babi—
1202 515 1203 530 ,

447 541 510 568 tum
526 537 704 579 regularem
719 538 847 581 recepti,
862 538 1057 582 probationis
1071 549 1185 571 annum

445 590 475 621 111
500 590 698 623 monasteriis
731 602 784 623 seu
815 591 963 624 domibus
987 591 1186 634 regularibus

443 642 481 675 ad
511 642 541 675 id
575 643 743 685 designatis
768 645 814 676 vel
844 644 882 676 ab
907 644 1084 688 Apostolica
1108 645 1203 678 Sede*

444 695 624 739 approbatis
653 696 780 730 minime
809 698 966 738 fecerant,
992 697 1185 742 proindeque

444 751 528 782 iuxta
552 749 811 784 Constitutionem
836 751 933 784 felicis
958 751 1185 785 recordationis

443 803 609 836 Clementis
624 803 724 847 Papae
740 804 802 837 Vlll
820 805 1072 848 praedecessoris
1086 806 1184 838 nostri

443 855 578 899 desuper
605 856 719 889 editam
740 858 893 900 professio
911 869 966 901 per
983 868 1036 891 eos
1053 858 1185 892 subinde

443 908 557 942 emissa
582 909 715 942 invalida
740 910 907 944 existebat:

487 963 502 1005 ἓ,
527 962 555 995 ⁶2.
577 963 658 1004 Nos,
685 968 773 997 motu
797 965 947 1008 proprio,
973 968 1002 997 et
1032 975 1067 997 ex
1100 966 1183 998 certa

444 1016 575 1049 seientia
601 1028 636 1050 ae
662 1019 783 1050 matura
810 1018 1034 1051 deliberatione
1058 1019 1183 1059 nostris,

442 1068 542 1102 bonae
567 1071 739 1104 memoriae
764 1070 901 1115 Scipioni
930 1072 1078 1116 episeopo
1102 1072 1185 1105 Sabi-

442 1124 531 1157 nensi
553 1124 702 1157 cardinali
727 1125 898 1167 Burgbesio
918 1131 1099 1169 nuncupato
1118 1131 1201 1158 ma-t

443 1177 502 1210 iori
527 1177 778 1220 poenitentiario,
799 1179 844 1211 vel
871 1179 1102 1212 venerabilibus
1126 1180 1185 1212 fra-

443 1230 542 1264 tribus
566 1230 769 1274 patriarchis,
794 1231 1039 1276 archiepiscopis
1064 1238 1093 1265 et
1117 1233 1183 1276 epi-

442 1284 555 1327 scopis,
581 1284 756 1328 ceterisque
777 1284 950 1318 Ordinariis
974 1286 1127 1327 locorum,
1153 1287 1183 1319 in

440 1338 556 1381 quibus
573 1338 758 1371 eorumdem
782 1338 1006 1382 religiosorum
1032 1345 1184 1373 monaste-

440 1391 507 1431 ria,
533 1391 666 1434 domus⁷
694 1403 748 1425 seu
773 1398 966 1434 conventus,
987 1393 1109 1437 aliaque
1134 1403 1182 1427 re-

440 1445 561 1487 gularia
593 1447 661 1479 loca
686 1446 920 1488 consistebant,
945 1447 1008 1480 sive
1041 1448 1182 1491 ipsorum

440 1498 661 1541 religiosorum
694 1500 859 1544 praefectis
888 1502 935 1534 vel
963 1501 1181 1545 superioribus

439 1553 639 1595 generalibus
668 1564 724 1597 per
752 1558 874 1589 nostras
903 1554 933 1587 in
962 1554 1182 1589 siinili‘forma

440 1606 545 1639 Brevis
577 1607 634 1640 sub
661 1607 710 1641 die
739 1618 758 1641 11
788 1609 895 1652 aprilis
919 1619 1059 1644 nocxxxi
1086 1619 1180 1653 expe-

439 1660 517 1693 ditas
537 1660 654 1694 litteras
673 1662 889 1695 commisimus
907 1667 936 1695 et
952 1663 1178 1706 mandavimus,

438 1720 592 1757 quatenus
628 1726 736 1748 omnes
772 1722 800 1749 et
836 1716 977 1759 singulos
1014 1717 1179 1759 religiosos

439 1768 624 1811 praedictos,
637 1769 689 1812 qui
703 1769 741 1802 ad
755 1769 896 1802 habitum
911 1770 1088 1812 regularem
1103 1770 1179 1804 alias

439 1821 588 1855 canonice
621 1822 738 1866 recepti
772 1832 887 1855 annum
919 1823 1116 1867 probationis
1148 1823 1178 1856 in

440 1875 638 1908 monasteriis
663 1886 718 1909 seu
746 1876 892 1910 domibus
917 1877 1115 1919 regularibus
1139 1877 1178 1910 ad

439 1928 468 1960 id
493 1928 662 1971 designatis
688 1929 816 1963 minime
843 1930 999 1972 fecerant,
1025 1931 1174 1964 subinde-

439 1992 498 2024 que
523 1981 750 2024 professionem
774 1982 977 2016 nihilominus
998 1983 1176 2025 emiserant,

438 2034 475 2067 ad
501 2035 728 2078 professionem
753 2036 856 2070 denuo
874 2036 1003 2070 servatis
1021 2037 1096 2070 alias
1117 2047 1178 2070 ser-

439 2088 546 2121 vandis
571 2089 783 2131 emittendam,
807 2100 886 2132 quae
912 2090 954 2123 sic
980 2090 1093 2123 emissa
1117 2090 1177 2123 illis

438 2147 467 2176 et
493 2152 602 2176 eorum
630 2142 758 2176 cuilibet
787 2148 849 2176 tam
881 2143 912 2176 in
935 2144 1004 2177 foro
1034 2144 1176 2178 interiori

437 2206 531 2240 quam
549 2195 697 2230 exteriori
718 2196 883 2239 suffragari
905 2197 1042 2240 deberet,
1059 2197 1177 2241 absque

437 2260 518 2283 novo
543 2250 737 2293 probationis
762 2260 853 2293 anno,
874 2261 911 2285 ex
931 2251 1058 2295 speciali
1083 2251 1176 2286 buius

437 2303 566 2336 Sanctae
587 2302 673 2336 Sedis
698 2304 902 2347 benignitate,
920 2305 1105 2339 auctoritate
1122 2315 1175 2338 no·

437 2357 501 2389 :stra
522 2357 692 2401 apostolica
718 2357 893 2402 reciperent
916 2363 946 2391 et
966 2358 1175 2399 admitterent,

437 2410 647 2455 eosdemque,
672 2417 836 2456 postquam
866 2412 1095 2456 professionem
1123 2412 1175 2446 de-

436 2476 508 2507 nuo,
533 2470 566 2497 ut
591 2466 777 2509 praefertur,
803 2466 988 2507 emisissent,
1009 2466 1046 2500 ad
1067 2476 1175 2500 omnes

436 2518 560 2560 gradus,
587 2519 733 2559 honores,
758 2519 935 2562 dignitates,
960 2520 1173 2563 praeeminen-

437 2571 502 2614 tias⁷
529 2576 621 2615 atque
645 2573 834 2616 habilitates,
859 2584 947 2617 quas,
973 2574 997 2607 si
1022 2573 1060 2606 ab
1085 2573 1172 2607 initio

437 2624 534 2658 11111110
550 2626 681 2669 professi
700 2632 810 2668 essent,
828 2627 966 2670 legitime
984 2628 1171 2670 obtinerent,

1032 224 1213 249 BULLARIUM
1237 224 1391 250 ROMANUM

1221 271 1331 304 eadem
1357 272 1541 305 auctoritate
1565 273 1778 316 restituerent,
1802 285 1837 308 ac
1862 274 1956 308 resti—

1221 328 1304 356 tutos
1328 334 1365 356 eo
1391 323 1461 367 ipso
1486 333 1552 356 esse
1571 329 1601 356 et
1618 326 1738 358 censeri
1753 326 1958 367 declararent,

1220 377 1261 410 ita
1279 382 1311 409 ut
1326 377 1477 410 haberent
1495 377 1639 410 eumdem
1656 377 1771 419 10011111,
1788 381 1957 414 sessionem

1220 435 1249 463 et
1276 434 1391 472 votum,
1411 435 1506 474 prout
1525 430 1688 472 haberent,
1706 431 1729 464 si
1749 431 1871 475 priores
1890 445 1959 477 pro-

1220 484 1369 517 fessiones
1387 483 1504 517 validae
1522 484 1661 528 fuissent,
1680 490 1709 518 et
1728 485 1868 518 nondum
1889 498 1958 531 pro-

1221 537 1296 571 moti
1325 538 1362 570 ad
1391 548 1499 571 omnes
1525 538 1618 571 etiam
1646 549 1751 572 sacros
1776 544 1805 572 et
1828 540 1955 585 presby-

1221 596 1339 624 teratus
1364 590 1499 634 ordines,
1525 592 1655 625 servatis
1681 592 1756 625 alias
1781 593 1956 636 servandis,

1219 644 1410 688 promoveri,
1428 649 1458 678 et
1478 650 1539 678 tam
1565 645 1624 689 ipsi
1648 656 1743 690 quani
1767 646 1817 679 alii
1835 647 1873 679 ad
1890 658 1958 680 eos-

1220 697 1289 730 dem
1315 697 1441 730 ordines
1465 698 1525 730 iam
1550 698 1609 732 rite
1632 700 1770 742 promoti
1798 699 1828 732 in
1854 710 1957 733 susce-

1219 750 1279 794 ptis
1299 750 1462 784 ordinibus
1483 751 1674 793 huiusmodi,
1692 753 1783 786 etiam
1801 753 1831 785 in
1851 753 1957 786 altaris

1221 804 1405 845 ministerio,
1426 804 1605 838 ministrare
1629 805 1726 838 libere
1751 811 1778 839 et
1803 806 1886 839 licite
1912 817 1959 839 va—

1220 857 1332 897 lesem,
1353 867 1474 891 necnon
1499 868 1609 891 omnes
1634 863 1720 892 actus
1745 859 1809 892 5110
1827 865 1954 893 eontra-

1219 914 1296 951 ctus,
1320 921 1399 953 quos
1423 916 1644 944 contraxerant
1668 917 1697 945 et
1722 911 1859 955 legitime
1884 923 1958 946 con-

1220 963 1400 1004 traxissent,
1426 964 1472 997 vel
1498 975 1568 997 cum
1594 964 1696 1005 laicis,
1723 966 1769 998 101
1794 977 1865 998 011111
1890 966 1958 1000 aliis

1218 1017 1427 1057 monasteriis,
1453 1028 1506 1050 seu
1532 1018 1659 1051 alterius
1682 1018 1843 1061 religionis
1869 1019 1957 1061 viris,

1218 1071 1243 1103 si
1276 1071 1397 1103 nullum
1434 1071 1516 1104 aliud
1553 1077 1736 1115 paterentur
1768 1073 1877 1107 111111111
1911 1075 1957 1107 vel

1218 1123 1372 1157 defectum
1408 1124 1467 1157 nisi
1504 1135 1539 1157 ex
1572 1136 1609 1159 eo
1646 1126 1747 1160 solum
1782 1127 1854 1170 quia
1891 1128 1957 1161 initi

1217 1182 1270 1209 aut
1302 1178 1451 1212 contracti
1482 1184 1569 1212 erant
1601 1179 1733 1212 invalide
1767 1179 1805 1212 ab
1837 1180 1873 1213 iis
1904 1182 1957 1224 qui

1218 1235 1327 1263 contra
1344 1231 1457 1265 dictam
1475 1232 1733 1266 Constitutionem
1758 1233 1789 1266 in
1810 1234 1956 1268 domibus

1217 1294 1280 1317 non
1305 1284 1475 1328 designatis
1502 1286 1565 1318 5110
1590 1286 1629 1318 ab
1654 1286 1763 1319 eadem
1792 1287 1869 1320 Sede
1894 1299 1956 1321 non

1217 1338 1398 1382 approbatis
1421 1339 1556 1383 professi
1577 1345 1679 1381 erant,
1701 1341 1885 1374 auctoritate
1905 1352 1957 1375 no-

1217 1394 1282 1426 stra
1312 1393 1472 1436 praedicta
1501 1394 1724 1427 confirmarent
1748 1400 1776 1427 et
1802 1396 1956 1439 approba-

1217 1451 1296 1488 rent,
1321 1457 1357 1479 ac
1382 1447 1499 1481 validos
1523 1447 1652 1481 omnino
1677 1447 1887 1482 declararent:
1909 1460 1956 1482 su-

1216 1511 1271 1543 per
1295 1500 1411 1544 quibus
1435 1501 1581 1535 omnibus
1613 1506 1643 1536 et
1671 1502 1801 1546 singulis
1831 1504 1955 1547 plenam

1216 1559 1246 1587 et
1276 1555 1412 1598 amplam
1445 1555 1623 1589 facultatem
1655 1555 1736 1590 dicta
1769 1556 1954 1590 auctoritate

1216 1608 1400 1651 tribuimus,
1426 1615 1455 1642 et
1480 1610 1630 1654 impartiti
1656 1620 1778 1651 sumus,
1804 1617 1833 1643 et
1857 1611 1953 1651 alias,

1214 1668 1307 1705 prout
1332 1662 1362 1694 in
1387 1662 1477 1696 dictis
1508 1663 1640 1703 litteris,
1665 1674 1799 1706 quarum
1830 1669 1952 1697 tenores

1213 1715 1429 1758 praesentibus
1461 1726 1519 1759 pro
1550 1716 1705 1760 expressis
1730 1717 1841 1750 haberi
1866 1717 1951 1750 volu-

1214 1779 1299 1809 mus,
1324 1768 1445 1812 plenius
1471 1769 1677 1803 continetu1·¹.

1257 1820 1322 1865 53.
1351 1822 1427 1855 Cum
1452 1827 1577 1863 autem,
1603 1822 1683 1855 sicut
1711 1822 1842 1856 dilectus
1869 1823 1952 1856 silius

1212 1879 1399 1919 procurator
1413 1876 1570 1919 generalis
1584 1877 1716 1910 fratrum
1729 1876 1853 1911 Ordinis
1864 1878 1952 1912 Prae-

1212 1928 1387 1963 dicatorum
1412 1929 1503 1963 nobis
1533 1940 1635 1974 nuper
1665 1931 1777 1974 exponi
1804 1931 1895 1972 fecit,
1921 1932 1951 1965 in

1212 1982 1370 2016 nonnullis
1401 1983 1475 2017 dicti
1502 1983 1625 2018 Ordinis
1654 1984 1823 2028 provinciis
1853 1995 1951 2019 norae

1212 2036 1353 2070 oriantur
1386 2036 1605 2078 difficultates,
1633 2048 1712 2081 quae
1745 2038 1951 2072 conscientias

1213 2090 1385 2124 multorum
1405 2091 1541 2125 solicitas
1562 2091 1694 2131 liabent,
1716 2092 1805 2126 nobis
1830 2097 1951 2137 propte-

1212 2153 1262 2177 rea
1287 2144 1448 2178 humiliter
1468 2145 1637 2189 supplicari
1658 2145 1730 2178 feeit
1753 2145 1854 2179 dictus
1878 2157 1950 2190 pro-

1211 2202 1337 2231 curator
1369 2197 1546 2240 generalis,
1577 2201 1609 2232 ut
1641 2209 1735 2242 super
1768 2200 1950 2243 praemissis

1210 2256 1388 2295 opportune
1413 2251 1581 2295 providere
1604 2253 1642 2286 de
1666 2253 1858 2297 benignitate
1877 2264 1950 2298 apo-

1210 2304 1318 2338 stoliea
1347 2304 1560 2348 dignaremur.
1586 2307 1649 2341 Nos
1681 2307 1796 2349 igitur,
1822 2317 1947 2341 omnem

1210 2358 1240 2390 in
1269 2359 1449 2402 praemissis
1473 2359 1655 2402 ambigendi
1688 2370 1742 2393 seu
1775 2360 1946 2394 haesitandi

1209 2412 1373 2445 materiam
1399 2423 1415 2446 e
1441 2413 1544 2446 medio
1573 2413 1702 2455 tollere,
1728 2413 1947 2457 dictorumque

1191 2465 1340 2499 *fratrum
1374 2467 1492 2510 quieti,
1524 2472 1675 2510 quantum
1711 2478 1781 2500 cum
1814 2467 1946 2501 Domino

1208 2530 1376 2562 possumus
1390 2547 1397 2561 ,
1422 2521 1587 2555 consulere
1601 2548 1608 2563 ‚
1640 2531 1675 2554 ac
1705 2526 1945 2565 procuratorem

1207 2574 1386 2615 generalem
1403 2575 1598 2618 praedictum
1624 2574 1811 2619 specialibus
1836 2575 1946 2608 favori-

1246 2637 1252 2662 1
1272 2636 1341 2668 Quas
1357 2636 1416 2665 ride
1431 2645 1513 2673 supra
1528 2645 1588 2673 pag.
1605 2638 1657 2666 215
1672 2637 1752 2666 huius
1769 2637 1830 2666 tomi
1843 2628 1883 2673 ’(11.
1896 2638 1943 2672 1.).

1971 226 2022 254 An.
2042 226 2070 254 C.
2088 227 2156 255 1635

1989 1835 2047 1857 Nune
2058 1836 2153 1857 declarat

1968 1869 2020 1889 opus
2043 1869 2083 1883 non
2105 1869 2152 1884 esse

1968 1895 2004 1914 pro
2013 1889 2110 1910 tratribus
2117 1889 2154 1910 Or-

1967 1916 2021 1936 dinis
2037 1916 2152 1937 Praedica-

1967 1943 2017 1963 toi-is
2038 1943 2091 1963 nora
2116 1948 2152 1963 ac·

1966 1970 2087 1990 evitatione
2116 1975 2151 1990 1ο-

1966 1976 2006 2016 eiiii
