2248 3229
197 211 247 239 An.
264 209 292 239 C.
313 210 381 240 1632
425 202 491 238 304¹

396 260 575 306 praedictis,
601 263 631 293 et
653 258 813 304 quibusvis
837 258 915 300 aliis,
933 259 991 292 sub
1009 259 1136 303 quibus-

397 324 533 359 cumque
559 313 720 346 tenoribus
737 317 767 345 et
782 312 903 353 formis,
916 323 952 346 ac
972 312 1134 356 quibusvis

397 368 490 401 etiam
514 366 785 409 derogatoriarum
811 366 1036 409 derogatoriis‚
1056 366 1136 399 aliis-

397 431 456 464 que
483 419 729 460 efficacioribus,
750 419 974 453 efficacissimis
998 424 1028 453 et
1051 420 1134 454 inso-

397 474 459 506 litis
484 473 630 506 clausulis
654 476 684 506 et
708 472 857 515 decretis,
890 473 921 506 in
946 484 1062 516 genere
1087 475 1133 507 vel

396 527 426 559 in
451 526 574 570 specie,
595 530 648 558 aut
671 522 747 559 alias
772 526 803 558 in
827 527 1020 560 contrarium
1044 537 1133 571 prae-

396 580 563 613 missorum
588 579 825 623 quomodolibet
842 581 1007 621 concessis,
1026 581 1135 614 confir-

395 633 487 666 matis
496 637 526 666 et
538 633 691 666 innovatis
697 644 705 673 3
719 633 832 677 quihus
842 633 998 675 omnibus,
1013 634 1134 667 etiamsi

394 697 452 731 pro
472 687 598 721 illorum
617 687 783 720 sufficienti
799 687 1003 731 derogatione
1019 688 1057 721 de
1074 688 1135 721 illis

395 740 559 785 specialis,
592 741 737 785 specifica
754 768 762 781 ,
791 751 938 785 expressa
963 746 993 774 et
1016 741 1131 775 indivi-

395 794 466 835 dua,
484 805 519 827 ac
535 794 573 827 de
597 794 694 827 verbo
719 794 756 826 ad
777 794 918 835 verbum,
942 804 1005 828 non
1030 799 1134 828 autem

394 859 452 893 per
469 848 624 881 clausulas
637 848 799 891 generales
817 848 899 882 idem
917 849 1134 893 importantes,

396 902 513 936 mentio
527 912 582 935 seu
598 901 727 946 quaevis
740 902 799 934 alia
813 902 972 946 expressio
992 902 1135 936 habenda

395 960 448 988 aut
471 955 575 999 aliqua
604 955 664 988 alia
700 955 853 999 exquisita
888 956 988 989 forma
1012 956 1050 988 ad
1074 956 1134 990 hoc

395 1009 547 1042 servanda
571 1009 662 1050 foret,
688 1008 815 1042 illoru'm
841 1014 966 1043 tenores
989 1020 1134 1054 praesen-

394 1062 477 1096 tibus
500 1073 560 1107 pro
586 1063 678 1106 plene
702 1067 732 1096 et
763 1063 952 1096 sufficienter
977 1064 1134 1108 expressis

395 1127 431 1149 ac
447 1115 486 1149 de
501 1116 597 1149 verbo
614 1116 653 1148 ad
669 1116 801 1149 verbum
826 1116 950 1149 insertis
973 1117 1134 1158 hahentes,

395 1169 456 1202 illis
481 1169 556 1202 alias
573 1169 604 1201 in
631 1179 688 1202 suo
711 1168 827 1202 robore
853 1170 1078 1212 permansuris,
1096 1170 1134 1202 ad

395 1223 644 1267 praemissorum
663 1221 807 1256 effectum
821 1222 879 1255 hac
894 1222 960 1256 vice
975 1222 1135 1257 dumtaxat

395 1275 572 1320 specialiter
595 1280 625 1308 et
650 1285 797 1320 expresse
821 1275 1027 1319 derogamus;
1054 1281 1135 1311 cete-

395 1329 501 1373 risque
519 1329 685 1363 contrariis
702 1329 963 1373 quibuscumque.

438 1382 550 1415 Datum
574 1382 606 1415 in
626 1392 700 1416 arce
724 1382 910 1427 Gandulphi,
935 1382 993 1416 sub
1019 1384 1134 1418 annulo

395 1435 572 1476 Piscatoris,
597 1435 647 1468 die
665 1445 704 1468 xv
723 1436 861 1470 octobris
874 1445 1040 1480 mnexxxn,
1058 1447 1135 1481 pon-

395 1489 530 1523 tificatus
554 1490 653 1523 nostri
679 1500 761 1524 anno
785 1500 815 1523 x.

430 1551 488 1580 Dat.
510 1552 553 1580 die
573 1552 608 1581 15
627 1553 744 1581 octobris
765 1554 843 1588 1632,
864 1555 960 1590 pontif.
981 1563 1053 1584 anno
1074 1551 1100 1583 it.

681 1680 856 1714 CDXLVIII.

394 1760 582 1795 Prohibitio
594 1771 634 1794 ne
647 1761 766 1804 fratres
782 1760 976 1796 Carmelc'tae
994 1760 1135 1796 Calceum·

438 1815 476 1847 cle
501 1814 714 1848 Obseruantia
744 1815 780 1847 in
812 1814 924 1858 Belgyio
949 1821 977 1847 ct
1001 1815 1135 1849 Siciliae

437 1868 616 1911 provinciis
639 1872 760 1911 yestent
778 1867 926 1901 habitum
940 1879 998 1912 per
1017 1870 1133 1911 fratres

439 1921 582 1954 ciusdem
614 1921 880 1964 Coum-effatiom‘s
911 1921 1130 1955 De'scalocato-

439 1985 514 2008 rum
538 1976 660 2018 qestari
690 1975 843 2015 solitum,
868 1985 923 2008 nec
956 1986 987 2008 se
1017 1977 1134 2018 fratres

441 2029 634 2063 Carmelitas
653 2029 843 2072 reformatos
867 2033 996 2062 sanctae
1020 2030 1132 2062 There-

440 2083 506 2116 se'ae
530 2084 676 2124 vocitent,
705 2086 762 2116 aut
786 2082 1024 2116 subscribant&

436 2184 443 2209 l
458 2181 663 2209 Car-melitarum
676 2182 797 2217 regulam
813 2189 829 2208 a
844 2184 937 2208 sancto
948 2180 1057 2207 Alberto
1070 2180 1133 2207 Hie-

395 2227 604 2261 rosolymitanae
625 2226 754 2253 ecclesiae
774 2225 927 2261 patriarcha
946 2224 1071 2251 traditam
1087 2232 1134 2260 ap-

396 2271 520 2306 probavit
533 2270 634 2298 Honor.
652 2270 699 2304 111,
715 2274 744 2296 ut
763 2270 790 2297 in
810 2270 867 2297 eius
887 2269 1001 2296 Constit.
1021 2274 1133 2300 Lxxvnt,

400 2317 433 2344 tte
456 2315 581 2348 vivendi,
605 2319 668 2343 tom.
692 2321 729 2348 111,
751 2322 811 2350 pag.
827 2313 1134 2342 415.Disca1ceatorum

396 2369 460 2388 vero
481 2363 533 2387 tam
553 2360 671 2387 virorum
692 2368 775 2396 quarn
798 2359 958 2387 monialium
978 2359 1133 2394 Congrega-

396 2405 498 2432 tionem
517 2404 676 2440 approbavit
695 2404 805 2439 Gregor.
828 2404 904 2437 xm,
925 2404 1036 2431 Constit.
1057 2410 1133 2435 cxxi,

396 2450 452 2477 Pia
468 2449 708 2483 consideracione,
726 2452 790 2476 tom.
806 2455 851 2482 vn,
868 2457 930 2484 pag.
944 2449 1006 2477 350.
1023 2447 1135 2476 Canoni-

395 2493 527 2520 zationem
542 2497 631 2520 autem
648 2496 756 2520 sanctae
770 2493 915 2520 Tlieresiae
928 2493 1014 2520 habes
1029 2493 1056 2520 in
1067 2493 1135 2520 Gre-

395 2538 463 2572 gorii
483 2538 537 2572 XV,
562 2538 674 2566 Constit.
699 2544 755 2572 Lm,
781 2538 828 2574 (al.
852 2539 908 2572 52),
936 2539 1133 2573 Omnipotens,

397 2586 464 2609 tom.
481 2589 528 2614 1ῑιιι,
544 2591 605 2618 pag.
622 2582 683 2610 673.
699 2582 763 2610 Vide
778 2582 859 2610 etiam
879 2583 905 2609 in
921 2583 1035 2612 Constit.
1056 2583 1135 2611 Inter

397 2629 504 2655 ceteras
520 2626 598 2655 huius
612 2626 762 2661 Pontificis,
779 2630 810 2654 ut
823 2627 902 2655 infra.

973 211 1152 237 BULLARIUM
1175 211 1329 238 ROMANUM

1918 212 1968 241 An.
1983 211 2012 241 G.
2034 211 2102 244 1632

1372 260 1506 289 Urbanus
1527 261 1606 297 Papa
1624 262 1703 296 vm,

1319 305 1355 332 ad
1371 306 1502 334 futuram
1517 307 1561 335 rei
1576 308 1755 337 memoriam.

1214 367 1372 400 Romanus
1384 367 1522 402 Pontifex
1535 368 1567 401 in
1580 369 1658 402 Sede
1671 370 1823 416 Principis
1836 381 1907 416 apo·
1946 383 2066 406 Exordium.

1169 420 1321 453 stolorum
1338 431 1355 452 a
1370 421 1503 455 Domino
1521 422 1717 464 constitutus
1734 434 1771 456 ex
1791 424 1906 458 incum-

1169 473 1254 506 benti
1272 473 1331 506 sibi
1346 484 1486 516 munere,
1501 475 1539 508 ad
1556 486 1593 508 ea
1609 476 1808 520 potissimum
1824 487 1906 511 men-

1169 527 1208 560 tis
1226 537 1299 560 suae
1319 527 1418 561 aciem
1442 529 1566 562 assidue
1590 529 1735 570 intendit,
1751 540 1809 574 per
1828 541 1908 574 quae

1169 581 1387 615 christifideles
1410 582 1522 616 divinis
1551 583 1709 627 obsequiis
1732 584 1790 617 sub
1822 584 1908 617 suavi

1168 634 1330 677 religionis
1356 636 1430 679 iugo
1452 640 1482 668 et
1503 636 1668 670 strictioris
1693 637 1908 672 observantiae

1169 687 1287 730 regulis
1308 688 1475 732 mancipati
1492 699 1644 734 prospere
1660 690 1753 734 dirigi
1767 691 1889 725 valeant
1899 703 1907 732 3

1169 744 1215 781 et,
1241 741 1266 774 si
1292 741 1414 785 aliquae
1438 752 1576 786 unquam
1601 743 1775 788 subrepunt
1798 755 1907 778 corru-

1169 795 1280 838 ptelae,
1304 795 1456 838 pastorali
1481 795 1641 839 vigilantia
1666 796 1849 840 elimentur,
1874 802 1908 831 ut

1169 849 1333 891 regulares
1356 849 1441 893 ipsae
1464 859 1617 893 personae
1641 850 1673 883 in
1697 851 1784 895 pacis
1803 861 1908 885 amoe-

1168 902 1264 936 nitate
1288 908 1358 935 vota
1383 913 1438 935 sua
1461 903 1595 937 Domino
1619 904 1766 947 reddant,
1791 909 1822 938 et
1844 905 1908 938 seli-

1168 955 1306 989 cioribus
1330 956 1362 989 in
1395 956 1460 989 dies
1496 956 1662 1000 proficiant
1695 957 1906 992 incrementis.

1212 1010 1227 1052 ἓ
1251 1010 1280 1042 1.
1306 1010 1382 1044 Cum
1407 1010 1528 1054 itaque,
1561 1011 1641 1044 sicut
1664 1011 1795 1045 dilectus
1823 1011 1907 1046 filius
1966 1022 2106 1060 'Carmentae

1167 1068 1354 1106 procurator
1370 1064 1526 1107 generalis
1546 1065 1680 1098 fratrum
1699 1065 1822 1099 Ordinis
1838 1065 1908 1098 bea-
1922 1049 2107 1112 fffflfessin's'iiiiii

1168 1120 1216 1149 tae
1233 1117 1346 1150 Mariae
1362 1117 1400 1150 de
1420 1118 1523 1151 Monte
1540 1118 1682 1152 Carmelo
1698 1119 1906 1152 Discalceato-
1921 1102 2107 1159 ltft'tffiemssssssl

1168 1180 1239 1202 rum
1260 1175 1513 1214 nuncupatorum
1537 1172 1790 1215 congregationis
1809 1155 2107 1212 53116ῑίᾞὲἷὲξῖεεὶἶῖῗέ

1168 1223 1253 1256 Eliae
1276 1223 1368 1257 nobis
1392 1234 1493 1268 nuper
1517 1225 1631 1269 exponi
1655 1226 1742 1268 fecit,
1765 1226 1906 1260 nonnulli
1922 1209 2106 1257 L‘Rt'isstissmfffi

1168 1276 1308 1319 religiosi
1324 1276 1509 1311 Carmelitae
1528 1278 1661 1312 Calceati
1677 1279 1716 1312 de
1735 1279 1908 1313 Observan-

1169 1329 1211 1362 tia
1228 1331 1411 1374 nuncupati,
1422 1330 1453 1363 in
1463 1331 1570 1374 Belgio
1580 1331 1757 1373 existentes,
1766 1332 1908 1365 habitum

1168 1392 1224 1426 per
1241 1383 1353 1416 fratres
1370 1383 1510 1416 eiusdem
1523 1383 1782 1428 [longi-egationis
1795 1385 1907 1419 Discal-

1169 1440 1330 1469 ceatorum
1354 1437 1471 1480 gestari
1495 1437 1633 1479 solitum,
1658 1444 1688 1471 et
1710 1448 1768 1482 per
1784 1449 1837 1472 eos
1862 1449 1909 1472 su-

1169 1494 1319 1533 sceptum,
1346 1491 1394 1523 vel
1426 1490 1528 1523 eidem
1553 1491 1697 1533 similem,
1723 1502 1795 1525 curn
1819 1493 1907 1536 gravi

1168 1543 1301 1576 fratrum
1312 1543 1574 1578 Discalceatorum
1584 1545 1842 1588 Congregationis
1855 1546 1909 1580 hu-

1169 1597 1305 1630 iusmodi
1337 1598 1452 1632 damno
1483 1609 1500 1631 a
1528 1599 1689 1643 primaeva
1724 1599 1771 1632 sui
1806 1600 1909 1634 forma

1170 1652 1358 1685 mutaverint
1382 1657 1411 1685 et
1434 1652 1634 1693 variaverint,
1651 1652 1833 1697 malumque
1851 1653 1909 1686 hu-

1170 1705 1304 1739 iusmodi
1328 1706 1360 1738 in
1384 1705 1453 1739 aliis
1477 1706 1569 1739 etiam
1595 1711 1624 1739 et
1647 1706 1833 1750 praesertim
1861 1707 1909 1741 Si-

1169 1760 1258 1792 ciliae
1290 1760 1460 1804 provinciis
1493 1770 1619 1804 serpere
1651 1760 1809 1804 coeperit3
1834 1761 1909 1804 quin

1169 1813 1261 1845 etiam
1291 1813 1403 1846 fratres
1434 1813 1618 1846 Carmelitae
1643 1813 1775 1847 Calceati
1799 1813 1908 1847 huius-

1170 1866 1253 1899 modi
1290 1876 1322 1899 se
1354 1866 1534 1900 Carmelitas
1565 1866 1753 1900 reformatos
1785 1871 1909 1901 sanctae

1169 1918 1335 1952 Theresiae
1356 1919 1492 1952 vocitent
1505 1924 1534 1952 et
1548 1919 1755 1961 subscribant,
1769 1919 1801 1952 in
1814 1930 1909 1963 grave

1170 1973 1310 2016 ipsorum
1320 1973 1454 2005 fratrum
1464 1973 1729 2006 Discaleeatorum
1742 1972 1908 2006 detrimen-

1170 2031 1235 2059 tum
1262 2031 1291 2059 et
1315 2026 1497 2059 scandalum
1522 2026 1756 2070 plurimorum:

1214 2080 1229 2123 g
1253 2080 1281 2112 ⁶2,
1308 2080 1389 2122 Nos,
1415 2090 1472 2123 pro
1494 2079 1633 2112 muneris
1657 2079 1755 2113 nostri
1780 2079 1907 2121 debito,
1963 2087 2070 2135 brentam
2086 2087 2107 2134 ig

1170 2133 1243 2166 huic
1274 2134 1356 2166 malo
1389 2132 1426 2165 de
1457 2138 1634 2176 opportuno
1658 2132 1820 2174 remedio,
1851 2144 1908 2177 per
1923 2119 2052 2170 gssssnisehie
2067 2120 2106 2162 {¹31-

1170 2186 1253 2230 quod
1284 2186 1417 2218 fratrum
1449 2185 1664 2219 Calceatorum
1693 2186 1908 2230 praefatorum
1923 2173 2008 2194 ΜΞΝ

1171 2240 1329 2273 temeritas
1347 2245 1577 2283 compescatur,
1595 2245 1746 2284 quantum
1764 2251 1836 2274 curn
1852 2241 1909 2275 Do-

1170 2293 1255 2326 mino
1286 2303 1472 2337 possumuS,
1504 2294 1692 2337 providere,
1716 2304 1751 2327 ac
1776 2294 1908 2327 fratrum

1169 2347 1433 2380 Discalceatorum
1447 2346 1705 2390 Congregationis
1719 2347 1909 2388 huiusmodi,

1170 2411 1263 2445 quam
1295 2401 1326 2433 in
1358 2401 1530 2435 visceribus
1554 2402 1694 2445 gerimus
1726 2401 1908 2442 charitatis,

1170 2465 1323 2500 prospero
1348 2455 1493 2500 felicique
1508 2455 1601 2489 statui
1615 2460 1645 2488 et
1661 2455 1825 2489 directioni
1839 2465 1910 2489 con-

1170 2509 1273 2542 sulere
1296 2509 1446 2550 volentes,
1471 2509 1509 2542 de
1534 2508 1758 2542 venerabilium
1775 2508 1908 2541 fratrum

1170 2566 1350 2595 nostrorum
1376 2562 1404 2595 S.
1431 2562 1465 2595 R.
1491 2562 1523 2594 E.
1550 2561 1754 2595 cardinalium
1774 2560 1909 2604 negotiis

1170 2615 1364 2658 regularium
1388 2615 1642 2661 praepositorum
1663 2614 1804 2656 consilio,
1821 2618 1909 2648 motu
