2248 3229
93 219 145 246 An.
163 219 193 247 C.
212 218 280 247 1634

142 1031 274 1052 Facultatom

91 1059 116 1079 ad
137 1059 157 1078 iil
178 1058 274 1079 cutis-citit

91 1085 190 1106 Urbanus

899 218 1043 245 URBANUS
1067 219 1125 245 vm
1144 221 1191 246 PP.

292 266 530 300 necessitatibus
553 268 684 311 urgeri,
710 273 739 301 ct
764 268 959 302 imminentia
989 270 1033 302 illi

291 320 431 364 pericula
469 327 528 355 tam
567 322 785 357 ecclesiasticis
820 334 913 367 quam
947 323 1033 357 laicis

292 375 480 415 comm-unia,
494 377 584 419 regni
598 386 672 410 vero
690 377 841 420 praedicti
856 377 939 411 vires
955 377 1033 411 adeo

291 428 458 462 exhaustas
475 436 599 470 esse,ut
620 430 771 464 laicorum
792 432 953 464 facultates
973 432 1033 465 sus-

292 481 407 515 ficienti
420 483 572 525 subsidio,
587 494 649 527 quo
664 484 779 517 eisdem
794 484 1033 519 necessitatibus

292 536 506 576 subveniatur,
521 542 551 569 et
566 537 718 580 periculis
739 538 906 581 praedictis
927 548 1033 572 occur-

292 593 389 629 ratur,
407 590 621 633 comparando
641 600 838 634 nequaquam
857 595 1032 634 suppetant,

293 641 444 685 ideoque¹
462 653 519 686 pro
546 642 689 686 publicae
716 645 823 677 salutis
849 644 1031 688 patriaeque

292 693 471 728 defensione
507 696 644 740 aliquam
682 698 833 741 pecuniae
875 708 1030 731 summam

290 747 420 781 subsidii
435 749 561 782 nomine
582 750 768 784 charissimo
785 752 816 784 in
830 751 953 785 Christo
967 751 1032 784 filio

290 807 398 835 nostro
415 802 584 836 Wladislao
601 804 747 838 Polouiae
768 809 797 839 et
821 804 946 839 Sveciae
964 804 1030 847 regi

290 855 413 895 illustri,
430 859 538 889 nostra
562 862 592 890 et
616 858 704 891 Sedis
725 858 922 902 Apostolicae
946 857 983 890 ad
1001 857 1030 890 id

290 909 455 944 accedente
492 911 616 944 licentia
648 917 678 944 et
710 922 884 951 consensu,
920 915 1031 955 sponte

290 964 427 996 conferri
452 964 646 998 desiderent:

335 1018 350 1060 g
374 1017 402 1050 2.
429 1018 504 1060 Nos,
530 1018 681 1062 praedicti
706 1019 867 1052 Wladislai
892 1019 978 1062 regis
1003 1023 1032 1053 et

291 1069 364 1102 dieti
391 1071 537 1104 Poloniae
563 1072 652 1115 regni
669 1072 908 1106 necessitatibus
927 1072 1032 1106 buius—

292 1123 375 1156 modi
403 1125 578 1168 consulere,
601 1125 813 1170 periculisque
844 1126 1030 1170 praedictis,

290 1182 442 1220 quantum
462 1179 555 1212 nobis
573 1189 609 1212 ex
633 1179 695 1212 alto
712 1179 904 1220 conceditur,
924 1190 1031 1213 occur-

290 1242 360 1266 rere
379 1232 528 1274 volentesy
549 1233 615 1275 tibi⁷
632 1233 865 1266 venerabilibus
883 1234 1032 1267 fratribus

289 1287 535 1331 archiepiscopis
571 1292 601 1320 et
636 1287 814 1331 episcopis,
839 1299 875 1321 ac
910 1288 1031 1322 dilectis

290 1340 362 1373 filiis
387 1340 551 1374 abbatibus
576 1346 606 1373 et
630 1341 697 1373 aliis
722 1342 866 1385 personis
889 1342 1031 1375 ecelesia-

291 1393 377 1426 sticis
390 1394 529 1426 eiusdem
548 1394 650 1437 regni,
666 1398 701 1428 ut
717 1405 776 1438 pro
793 1394 1031 1428 necessitatibus

291 1452 320 1479 et
344 1447 492 1490 periculis
524 1447 704 1480 huiusmodi
737 1448 911 1481 subsidium
938 1459 1030 1492 prae-

290 1499 373 1533 dicto
398 1500 570 1534 Wladislao
594 1501 671 1544 regi,
697 1507 805 1545 sponte
831 1506 944 1542 tamen,
972 1513 1030 1545 pro

290 1555 351 1585 una
376 1553 443 1586 xice
472 1559 501 1586 et
532 1556 653 1587 summa
685 1565 765 1598 quae
797 1555 842 1587 eis
875 1555 1031 1588 videbitur

291 1606 461 1648 dumtaxat,
479 1607 535 1651 ipsi
554 1612 657 1641 autem
672 1608 843 1641 Wladislao
861 1609 938 1652 regi,
953 1609 1030 1641 eius—

290 1671 350 1704 que
374 1662 537 1703 ministris,
554 1662 639 1705 quod
656 1662 830 1695 subsidium
849 1663 1028 1696 huiusmodi

288 1719 396 1757 petere
428 1720 458 1748 et
492 1715 633 1759 recipere
669 1715 786 1759 absque
822 1709 1029 1750 conscientiae

290 1769 449 1812 scrupulo,
471 1778 674 1801 censurarum
696 1773 726 1801 et
743 1779 916 1812 poenarum
935 1770 1030 1802 eccle-

291 1821 487 1854 siasticarum
513 1822 650 1863 incursu,
675 1822 773 1855 libere
798 1828 827 1855 et
852 1822 935 1856 licite
956 1834 1030 1867 pos-

291 1874 370 1916 sint,
395 1875 567 1909 dummodo
593 1880 695 1909 tamen
720 1876 894 1910 subsidium
920 1877 1029 1910 huius-

291 1928 375 1962 modi
401 1929 430 1961 in
456 1929 631 1972 praedictos
648 1934 678 1962 et
693 1939 757 1963 non
773 1930 850 1963 alios
865 1941 941 1963 usus
958 1941 1030 1964 con-

291 1987 431 2015 vertatur
447 1988 477 2015 et
490 1988 649 2025 erogetur,
659 1983 831 2027 apostolica
844 1984 1030 2018 auctoritate

291 2036 472 2080 indulgendi
491 2042 520 2070 et
543 2038 701 2070 licentiam
716 2037 916 2080 concedendi,
934 2038 1030 2082 ipsos—

290 2100 350 2133 que
375 2090 638 2134 archiepiscopos,
656 2091 832 2135 episcopos,
851 2091 978 2126 abbates
1000 2097 1030 2124 et

291 2144 366 2176 alias
399 2155 551 2188 personas
583 2145 829 2187 ecclesiasticas,
859 2155 1029 2189 earumque

291 2197 440 2240 singulas,
457 2203 610 2241 quatenus
629 2198 743 2231 dictam
768 2199 919 2243 pecuniae
944 2209 1029 2232 sum-

292 2261 375 2283 mam
388 2251 506 2294 absque
522 2251 610 2285 Sedis
626 2252 802 2295 praedictae
817 2252 943 2286 licentia
959 2262 1029 2295 pro-

290 2304 444 2345 miserint,
469 2310 521 2337 aut
542 2305 712 2347 solverint,
736 2315 858 2339 necnon
883 2305 1028 2339 eumdem

292 2358 495 2392 wladislaum
510 2368 618 2401 regem
631 2364 661 2392 et
677 2369 751 2393 suos
768 2359 928 2393 ministros
944 2369 1030 2403 prae-

291 2411 405 2451 dictos,
435 2412 458 2445 si
484 2412 568 2445 illam
595 2412 738 2446 similiter
762 2413 881 2457 absque
904 2413 1030 2446 licentia

290 2465 450 2508 praedicta
477 2465 537 2498 iam
563 2465 748 2510 receperint,
765 2466 805 2498 ab
830 2465 977 2499 omnibus
1001 2470 1031 2498 et

291 2518 423 2561 singulis
439 2519 581 2552 censuris
598 2523 628 2552 et
646 2519 755 2563 poenis
772 2524 939 2563 propterea
957 2530 1031 2564 quo-

291 2573 463 2606 modolibet
489 2572 620 2606 incursis
640 2573 751 2606 eadem
777 2573 961 2606 auctoritate
981 2573 1030 2606 ab·

325 2636 337 2662 l
357 2636 395 2663 Ad
411 2637 541 2671 syntaxim
557 2636 712 2665 absolventi.
729 2637 790 2672 lege
805 2637 868 2665 ideo
886 2637 923 2673 (a.
940 2637 993 2672 r.).

1709 212 1775 245 445
1821 221 1869 249 Αη.
1886 222 1913 249 C.
1937 222 2005 250 1634·

1068 270 1208 303 solvendi
1237 269 1413 305 facultatem
1442 273 1471 304 et
1502 270 1730 312 auctoritatem,
1757 275 1804 304 te-

1068 334 1145 357 nore
1165 324 1388 367 praesentium,
1414 324 1615 358 concedimus
1640 327 1670 358 et
1694 324 1807 368 imper-

1068 376 1172 410 timur.

1112 432 1126 473 g
1150 430 1179 463 3.
1196 431 1337 475 Tibique,
1352 437 1385 465 ut.
1403 431 1439 465 ad
1458 432 1698 475 exequutionem
1720 442 1807 475 prae·
1861 445 1921 465 imum
1946 451 2006 465 rom*

1067 482 1140 516 dicti
1171 484 1300 518 subsidii
1326 495 1381 529 per
1406 496 1556 529 personas
1580 485 1806 520 ecclesiasticas
1823 472 2007 524 {if'i'iif‘''mmm'‘

1067 541 1188 569 tautum
1214 542 1244 570 et
1268 548 1329 571 nou
1363 539 1437 571 alias
1468 539 1641 583 procedere
1675 539 1806 580 debeas,

1067 590 1177 623 eadem
1203 592 1387 626 auctoritate
1412 593 1637 627 committimus
1665 598 1692 626 et
1719 603 1806 626 man-

1066 644 1193 683 damus;
1212 646 1459 680 contradictores
1473 658 1508 680 ac
1526 648 1646 680 solvere
1664 658 1807 681 recusan-

1067 702 1128 739 tes,
1147 708 1203 742 per
1222 709 1371 732 censuras
1391 705 1421 732 et
1442 710 1558 744 poenas
1583 701 1806 734 ecclesiasticas

1066 751 1187 795 aliaque
1218 758 1394 796 opportuna
1420 753 1496 786 iuris
1514 758 1541 788 et
1560 754 1630 787 sacti
1656 754 1805 793 remedia,

1066 804 1174 837 eadem
1192 806 1378 839 auctoritate
1396 807 1635 851 compescendo.

1111 858 1125 901 ἓ
1149 858 1179 890 4.
1206 859 1272 892 Non
1298 860 1492 893 obstantibus
1526 861 1648 894 concilii
1675 862 1802 894 Latera-

1066 911 1191 954 nensis,
1217 923 1252 945 ac
1283 913 1446 956 quibusvis
1479 915 1753 955 constitutionibus
1778 921 1804 947 et

1066 964 1317 999 ordinationibus
1332 967 1521 1010 apostolicis,
1531 978 1651 1001 necnon
1665 969 1807 1002 ecelesia-

1066 1029 1146 1061 rum,
1169 1020 1432 1053 monasteriorum
1451 1025 1481 1054 et
1501 1021 1726 1055 beneficiorum
1752 1022 1808 1054 hu-

1066 1072 1216 1115 iusmodi,
1238 1074 1330 1107 etiam
1356 1074 1543 1116 iuramento,
1568 1076 1806 1109 confirmatione

1065 1128 1248 1171 apostolica,
1267 1128 1313 1161 vel
1331 1129 1440 1172 quavis
1465 1128 1612 1162 firmitate
1637 1129 1697 1163 alia
1717 1130 1808 1163 robo-

1066 1181 1152 1221 ratis,
1177 1182 1299 1214 statutis
1323 1185 1353 1215 et
1377 1182 1666 1223 consuetudinibus,
1683 1182 1807 1226 privile-

1066 1234 1125 1278 giis
1141 1245 1277 1279 quoque,
1297 1235 1423 1269 indultis
1438 1241 1467 1269 et
1484 1236 1595 1269 litteris
1616 1236 1806 1280 apostolicis,

1065 1299 1099 1321 ac
1137 1289 1390 1333 exemptionibus
1425 1289 1498 1323 aut¹
1536 1290 1805 1330 immunitatibus,

1066 1342 1159 1375 etiam
1184 1342 1215 1375 in
1240 1353 1373 1386 corpore
1399 1343 1475 1376 iuris
1496 1344 1622 1386 clausis,
1646 1344 1807 1388 quibusvis

1065 1395 1254 1438 generaliter
1285 1397 1331 1429 vel
1365 1397 1541 1440 specialiter
1573 1398 1750 1438 concessis,
1775 1408 1806 1430 e-

1066 1448 1167 1481 tiamsi
1192 1449 1229 1482 de
1255 1449 1315 1481 illis
1344 1459 1518 1493 eorumque
1544 1450 1616 1483 totis
1644 1450 1805 1484 tenoribus

1065 1502 1103 1534 de
1129 1502 1225 1535 verbo
1250 1503 1287 1535 ad
1307 1503 1436 1535 verbum
1463 1504 1580 1536 mentio
1605 1514 1659 1536 seu
1680 1504 1805 1547 quaeris

1065 1555 1124 1587 alia
1138 1556 1300 1599 expressio
1318 1556 1460 1589 habenda
1479 1557 1527 1597 sit,
1546 1563 1575 1589 et
1592 1557 1622 1589 in
1641 1558 1684 1589 eis
1702 1567 1805 1590 cavea-

1065 1614 1115 1641 tur
1140 1619 1296 1653 expresse,
1314 1610 1397 1653 quod
1416 1621 1471 1653 per
1491 1610 1670 1643 huiusmodi
1688 1611 1807 1643 clausu-

1066 1662 1109 1695 las
1126 1663 1299 1705 generales,
1318 1663 1409 1696 etiam
1424 1663 1614 1696 mentionem
1637 1664 1804 1707 specialem

1065 1715 1279 1759 importanteS,
1299 1716 1342 1748 eis
1359 1716 1545 1759 derogatum
1571 1727 1638 1749 esse
1654 1726 1716 1750 non
1734 1727 1806 1749 cen-

1064 1774 1179 1809 seatur,
1204 1779 1261 1801 nec
1290 1769 1436 1812 derogari
1463 1769 1604 1803 videatur
1628 1770 1686 1802 nisi
1712 1770 1805 1802 certis

1064 1822 1158 1856 modo
1174 1827 1204 1856 et
1222 1824 1319 1856 forma
1338 1824 1367 1855 in
1387 1823 1446 1856 illis
1463 1824 1619 1866 expressis
1639 1824 1729 1867 plene
1750 1823 1804 1856 ob-

1064 1876 1209 1915 servatis3
1235 1876 1350 1920 quibus
1376 1877 1532 1917 omnibus,
1551 1886 1660 1910 eorum
1682 1882 1805 1910 tenores

1063 1930 1280 1974 praesentibus
1297 1941 1355 1974 pro
1376 1931 1467 1974 plene
1493 1936 1522 1963 et
1546 1931 1736 1963 sufficienter
1753 1942 1804 1964 cx-

1064 1984 1180 2027 pressis
1204 1995 1239 2017 ac
1263 1985 1301 2017 ad
1327 1984 1457 2017 verbum
1484 1985 1608 2018 insertis
1633 1985 1804 2023 habentes,

1064 2038 1101 2070 ad
1119 2038 1365 2081 praemissorum
1383 2038 1539 2077 effectum,
1557 2038 1615 2070 bac
1633 2038 1697 2071 vice
1717 2038 1804 2070 dum-

1065 2095 1147 2122 taxat
1171 2091 1347 2134 specialiter
1371 2096 1401 2123 et
1426 2101 1572 2134 expresse
1596 2091 1803 2133 derogamus,

1064 2143 1239 2187 ceterisque
1263 2144 1429 2178 contrariis
1453 2144 1713 2188 quibuscumque.

1108 2198 1123 2240 ἓ
1147 2197 1175 2230 5.
1198 2197 1347 2231 Volumus
1372 2202 1487 2238 autem,
1511 2203 1545 2231 ut
1566 2208 1721 2242 pauperes
1741 2199 1802 2231 cle·
1819 2206 2001 2253 ‚tlIfiVtil'ssithltt'Zl

1064 2250 1132 2291 rici,
1149 2250 1203 2294 qui
1227 2250 1258 2283 in
1282 2250 1456 2283 redditibus
1473 2261 1536 2284 non
1552 2251 1667 2284 babent
1688 2252 1746 2283 nisi
1764 2252 1804 2283 vi-
1820 2262 1876 2285 mim.

1064 2309 1147 2336 ctum
1163 2304 1386 2347 necessarium,
1408 2305 1445 2337 ad
1466 2305 1727 2338 contribuendmn
1750 2305 1803 2336 mi-

1065 2358 1148 2390 nime
1168 2357 1405 2401 compellantur.

1108 2411 1123 2453 §
1139 2411 1168 2443 4.
1187 2410 1351 2444 Praeterea
1364 2411 1522 2451 volumus,
1539 2417 1572 2444 ut
1590 2412 1801 2454 praesentium
1845 2420 2002 2465 ¹1¹³¹“'{⁴'¹¹‘',¹¹¹'¹·j

1065 2464 1278 2508 transumptis,
1296 2465 1388 2498 etiam
1408 2465 1578 2508 impressis,
1596 2474 1688 2497 manu
1707 2465 1803 2498 alicu-
1819 2452 1857 2498 iili<
1869 2452 1994 2493 νιοῆῗῗῖιῖἰῖἶῖ

1065 2519 1111 2552 ius
1135 2519 1248 2551 notarii
1274 2518 1390 2561 publici
1421 2518 1615 2562 subscriptis,
1637 2518 1802 2562 sigilloque

1065 2582 1216 2617 personae
1234 2572 1264 2604 in
1289 2572 1439 2615 dignitate
1460 2573 1668 2606 ecclesiastica
1693 2573 1804 2607 eonsti-

1099 2637 1110 2663 ‘t
1135 2635 1261 2663 'Particut
1285 2639 1335 2664 aul
1355 2643 1403 2664 nos
1424 2635 1547 2664 addimus
1566 2636 1603 2671 (n,
1617 2636 1664 2671 Ti),

1822 872 1931 893 Ouadinia
1946 874 1995 893 tutttt
