2248 3229
62 239 113 269 An.
133 241 163 269 c.
185 240 255 270 ¹636

140 1047 248 1069 cardinali

63 1074 150 1101 collegii
178 1078 247 1100 prute-

63 1103 116 1122 etori
124 1101 248 1123 facultatem

63 1127 163 1149 tonet-du
179 1128 248 1149 dicto<

62 1152 170 1176 tinent-eus
184 1155 212 1177 ad
227 1154 248 1176 id

63 1181 160 1207 tetendi,

96 2117 216 2140 ehmutze.

872 241 1015 266 canas-us
1038 239 1095 265 vm
1119 240 1166 265 m».
1679 228 1744 263 525

260 289 485 323 nonnullorum
509 289 721 333 praelatorum
745 299 802 334 per
827 300 884 323 nos
908 290 947 323 ad
971 289 1001 323 id
1027 289 1094 322 *alia
1108 288 1218 332 quavis
1235 287 1273 320 de
1291 287 1394 327 causa,
1408 286 1608 331 quantumvis
1625 286 1776 330 legitima,

260 343 496 388 deputatorum,
522 350 630 387 tenore
654 344 878 388 praesentium,
902 341 1167 382 decla-3itiridica
1193 345 1221 375 et
1246 335 1463 385 privilegiata,
1495 339 1533 374 de
1564 339 1777 384 subreptionis

260 407 369 431 ramus
388 402 418 430 et
434 397 634 430 decernimus
647 397 801 441 quaslibet
817 395 1084 441 synagogas,²vel
1114 394 1308 438 obreptionis
1337 405 1392 428 seu
1421 394 1572 428 nullitatis
1600 394 1696 434 vitio,
1725 399 1778 427 aut

261 450 479 486 universitates
504 462 558 485 seu
583 450 767 484 adunantias
791 450 1002 484 hebraeorum
1036 449 1218 482 intentionis
1241 453 1368 481 nostrae
1393 449 1441 481 vel
1465 448 1526 487 alio
1551 448 1703 492 quopiam
1729 447 1778 481 de-

261 505 527 538 commorantium
558 505 590 537 in
623 504 822 544 civitatibus,
850 503 945 537 terris
973 508 1003 536 et
1037 502 1118 535 fectu
1139 501 1252 542 notari,
1271 501 1462 545 impugnari,
1479 501 1651 543 invalidari,
1674 501 1705 534 in
1730 501 1778 534 ius

261 557 338 591 locis
362 558 465 592 Status
494 557 558 590 sive
589 557 720 590 ducatus
753 563 814 590 tam
839 552 1021 602 Ferrariaef
1037 555 1085 588 vel
1110 555 1358 590 controversiam
1383 555 1533 595 revocari,
1563 555 1601 587 ad
1627 555 1778 588 terminos

261 621 356 654 quam
380 610 490 645 Urbini
522 621 605 644 nunc
629 616 659 644 et
682 621 743 655 pro
775 615 915 655 tempore
940 606 1021 651 exi-4
1036 608 1114 641 iuris
1131 608 1249 648 reduci,
1272 618 1326 640 seu
1347 607 1497 640 adversus
1513 607 1582 640 illas
1606 608 1778 641 restitutio-

261 668 376 698 stentes
401 664 499 698 teneri
524 668 554 698 ct
577 664 731 707 obligatas
759 664 854 697 fuisse
879 669 909 696 et
936 673 1004 696 esse
1037 671 1108 694 nem
1134 661 1165 694 in
1190 661 1358 704 integrum,
1383 660 1590 704 aperitionem
1615 661 1697 701 oris,
1726 666 1779 694 aut

261 717 383 751 solvere
407 718 578 762 praefatam
604 729 759 751 summam
780 718 890 752 decem
914 717 1005 750 duca·
1037 714 1259 758 quodcumque
1281 713 1376 753 aliud,
1394 713 1471 746 iuris
1490 714 1536 746 vel
1562 714 1641 755 tacti,
1660 714 1779 757 gratiae

261 776 367 804 torum
400 771 468 804 auri
495 772 533 804 de
565 774 690 804 camera
725 771 851 815 singulo
879 780 1004 815 quoque
1038 767 1085 800 vel
1111 767 1256 808 iustitiae,
1273 766 1448 800 remedium
1474 767 1646 810 impetrari,
1664 777 1718 800 seu
1741 777 1778 800 eo

261 834 344 858 anno
368 829 432 858 tam
458 825 656 859 decurrendo
672 826 891 869 imposterum,
908 834 1002 868 quam
1038 820 1207 865 impetrato
1231 830 1423 864 quemquam
1448 820 1509 860 uti,
1536 831 1590 853 seu
1615 830 1646 853 se
1672 820 1779 853 iuvare

261 884 352 912 antea
367 888 384 911 a
401 878 451 911 die
467 878 675 912 devotationis
692 880 835 923 ipsorum
848 878 1002 920 Statuum,
1038 873 1068 906 in
1090 874 1205 907 iudicio
1230 878 1259 908 et
1283 880 1371 907 extra
1395 874 1572 907 nullatenus
1597 884 1704 918 posse,
1725 873 1778 907 sed

262 931 326 965 sive
348 931 518 965 ducatuum
544 932 581 965 ad
606 933 705 976 ipsam
723 932 834 965 Sedem
851 931 1005 976 Apostoli·
1038 938 1090 961 eas
1122 938 1248 972 semper
1277 928 1416 968 validas,
1445 927 1552 960 sirmas
1583 933 1613 960 et
1638 927 1779 961 efficaces

262 994 330 1018 cam
356 986 499 1019 decurso.
1020 970 1171 1031 Jexistere
1198 987 1229 1015 et
1254 982 1331 1022 sore,
1355 986 1384 1014 et
1401 981 1484 1014 dicto
1510 981 1644 1024 collegio
1661 981 1779 1025 plenis-

307 1039 360 1083 ξἰ.
372 1039 492 1073 lde-irco
506 1039 732 1073 committimus
744 1039 859 1072 dilecto
874 1039 938 1072 filio
952 1049 1005 1072 no·
1020 1038 1021 1074 ἶ
1037 1036 1115 1069 sime
1141 1035 1326 1079 suss‘=·aga1·i;
1345 1035 1451 1079 sicque
1475 1045 1532 1078 per
1564 1045 1779 1079 quoscumque

263 1097 329 1126 stro
343 1093 477 1126 Antonio
490 1093 571 1131 tituli
585 1093 614 1126 S.
629 1093 804 1137 Honuplirii
819 1092 1004 1137 presbytero
1038 1088 1157 1122 iudices
1170 1088 1348 1137 ordinarios
1365 1094 1395 1122 et
1411 1089 1582 1132 delegatos,
1599 1089 1692 1121 etiam
1710 1098 1781 1122 cau-

263 1145 415 1179 cardinali
439 1152 630 1191 nuncupato,
649 1146 790 1180 eiusdem
811 1146 923 1180 domus
948 1156 1004 1179 seu
1020 1168 1021 1185 i
1037 1152 1143 1175 Ssst'um
1183 1142 1289 1186 palatii
1325 1142 1489 1186 apostolici
1527 1141 1707 1184 audit01’05‚
1744 1151 1781 1174 ac

263 1199 388 1242 collegii
419 1210 456 1233 ac
486 1210 546 1244 pro
580 1206 722 1244 tempore
753 1200 895 1233 existenti
920 1191 1021 1244 apud}

262 1263 320 1286 nos
333 1259 363 1286 et
378 1253 490 1287 Sedem
507 1254 713 1298 apostolicam
733 1244 915 1298 pr'otectori,
932 1247 1021 1298 qua-¹

262 1312 372 1348 tenus,
396 1307 474 1341 iuris
497 1311 527 1341 et
551 1307 623 1340 sacti
647 1307 811 1348 remediis,
836 1307 929 1340 etiam
955 1307 1004 1340 via

1038 1199 1161 1230 sanctae
1197 1195 1370 1229 Romanae.
1390 1194 1548 1228 Ecclesiae
1584 1194 1780 1235 cardinales,

1038 1250 1131 1282 etiam
1156 1247 1194 1282 de
1218 1249 1316 1283 latere
1340 1249 1459 1292 legatos
1484 1254 1515 1282 et
1538 1249 1682 1290 nuncios,
1706 1248 1780 1282 sub-

1038 1304 1105 1337 lata
1130 1303 1175 1336 eis
1199 1309 1229 1336 et
1254 1314 1365 1337 eorum
1396 1303 1524 1337 cuilibet
1549 1303 1658 1347 quavis
1689 1302 1781 1336 aliter

263 1360 469 1404 exequutiva,
497 1371 533 1394 ae
557 1361 642 1394 omni
674 1364 703 1395 et
726 1371 925 1406 quacumque
949 1371 1004 1405 ap-
1020 1340 1022 1385 i
1038 1358 1197 1391 iudicandi
1222 1363 1253 1391 et
1277 1357 1505 1402 interpretandi
1522 1357 1666 1391 facultate
1683 1361 1713 1390 et
1729 1367 1780 1390 au-

263 1413 445 1458 pellationc,
469 1414 621 1455 nullitate,
646 1414 738 1448 etiam
765 1425 800 1447 ex
825 1414 944 1456 tribus,
969 1406 1203 1464 achtoiitate,
1232 1411 1365 1445 iudicari
1389 1422 1425 1444 ac
1449 1410 1575 1444 definiri
1600 1410 1727 1451 debere,
1744 1420 1780 1443 ac

264 1467 296 1500 in
321 1468 478 1510 integrum
504 1468 702 1502 restitutione
722 1468 862 1509 remotis,
879 1468 1004 1501 easdem
1020 1476 1023 1490 ·
1039 1465 1163 1500 irritum
1189 1470 1220 1498 et
1243 1465 1345 1505 inane,
1379 1464 1404 1497 si
1436 1475 1525 1498 secus
1559 1474 1655 1508 super
1686 1463 1735 1497 his
1763 1473 1780 1496 a

264 1520 492 1562 universitates,
518 1532 713 1566 synagogas,
742 1532 798 1555 seu
821 1521 1006 1555 adunantias
1020 1517 1023 1551 ἕ
1038 1530 1214 1564 quoquam,
1232 1519 1341 1563 quavis
1362 1518 1556 1559 auctoritate,
1575 1518 1710 1552 scienter
1735 1517 1781 1550 vel

264 1574 474 1609 hebraeorum
492 1576 523 1608 in
541 1576 711 1619 praedictis
725 1576 860 1610 Statibus
880 1586 935 1609 seu
952 1576 1022 1609 du-*

264 1629 386 1662 entibus
406 1629 444 1662 ad
461 1629 573 1663 Sedem
592 1630 803 1674 Apostolicam
822 1630 898 1663 alias
915 1616 1023 1663 devo-⁸

263 1681 347 1723 lutis,
371 1693 455 1716 nunc
485 1688 515 1716 et
545 1693 605 1728 pro
631 1689 773 1728 tempore
797 1684 981 1717 habentium
996 1683 1005 1700 ¹

264 1735 442 1776 existentes,
458 1742 489 1770 et
513 1747 622 1770 earum
647 1737 831 1781 quamlibet,
855 1737 894 1770 ad
917 1747 1006 1782 prae-

264 1789 358 1822 fatam
382 1799 516 1822 annuam
549 1791 793 1834 praestationem
818 1791 1004 1825 ducatorum

265 1842 373 1876 decem
398 1843 467 1876 auri
491 1844 529 1876 de
555 1847 680 1877 camera
700 1855 758 1887 pro
776 1855 884 1878 earum
909 1845 1007 1889 quali-

265 1895 318 1930 bet
343 1897 373 1929 in
398 1896 447 1929 die
472 1897 550 1930 sesto
574 1897 720 1931 Omnium
745 1898 931 1932 Sanctorum
948 1899 1007 1932 sol-

266 1950 398 1983 vendam
424 1956 453 1983 et
479 1950 708 1984 exbursandam
733 1961 805 1984 cum
826 1951 940 1984 ess'ectu
964 1951 1025 1984 eiu

267 2002 339 2036 dem
359 2003 466 2037 domui
484 2014 537 2037 seu
555 2003 688 2047 collegio
705 2004 935 2049 neophytorum
953 2015 1006 2038 seu

268 2057 578 2098 cathecumenorum,
597 2063 689 2101 cogat
712 2061 742 2091 et
767 2058 944 2102 compellat.

314 2111 328 2154 ἓ
352 2111 381 2144 5.
407 2111 614 2145 Decernentes
638 2117 818 2155 praesentes
843 2111 963 2145 litteras
979 2117 1009 2145 et

269 2163 300 2196 in
325 2164 352 2196 ei
377 2170 522 2197 contenta
546 2175 772 2209 quaecumque,
793 2165 884 2197 etiam
910 2175 946 2198 ex
972 2175 1010 2198 eo

270 2218 352 2261 qnod
377 2218 567 2262 quicumque
596 2219 629 2252 in
653 2219 833 2263 praemissis
859 2218 1009 2252 interesse

270 2270 430 2311 habentes,
444 2282 498 2304 seu
513 2272 627 2305 babere
644 2272 895 2316 praetendentes,
908 2272 1008 2305 vocati

270 2330 300 2358 et
325 2325 420 2358 auditi
446 2335 507 2357 non
533 2325 658 2365 suerint,
674 2330 726 2358 aut
746 2325 931 2370 praemissis
946 2335 1009 2359 non

271 2378 502 2418 consenserint,
531 2389 586 2411 seu
610 2389 721 2412 causae
738 2406 745 2420 ,
777 2384 909 2423 propter
933 2389 1011 2422 quas

268 2438 450 2477 praesentes
474 2427 659 2474 emanarint,
682 2432 843 2473 adductae,
872 2432 1012 2466 veritica-

270 2491 330 2528 tae,
347 2497 402 2520 seu
422 2486 497 2519 alias
522 2486 705 2519 iustiticatae
730 2496 792 2519 non
817 2486 942 2527 suerint,
959 2491 1012 2519 aut

309 2569 319 2595 1
339 2567 423 2595 Paulo
443 2571 504 2594 ante
524 2566 556 2594 ad
577 2566 739 2602 principium
759 2574 823 2603 pag.
840 2566 943 2594 dictum
962 2565 1014 2593 suit

272 2613 534 2646 commorantium,
550 2611 611 2640 heic
627 2611 719 2640 forsan
737 2611 792 2647 leg.
813 2611 1013 2641 habitantium

273 2657 312 2694 (a.
329 2660 378 2693 r.).

1038 1573 1231 1617 ignoranter,
1257 1572 1424 1616 contigerit
1448 1571 1603 1605 attentari.

1083 1627 1098 1670 ξ
1114 1627 1144 1661 6.
1170 1627 1238 1660 Non
1253 1626 1446 1660 obstantibus
1460 1624 1738 1659 constitutionibus
1751 1629 1782 1657 et

1038 1678 1289 1714 ordinationibus
1313 1679 1512 1724 apostolicis,
1538 1689 1573 1711 ac
1598 1677 1781 1722 quibusvis,

1038 1734 1131 1767 etiam
1145 1734 1332 1774 iuramento,
1347 1732 1585 1766 confirmatione
1598 1730 1782 1775 apostolica,

1038 1788 1086 1821 vel
1104 1788 1213 1832 quavis
1233 1788 1382 1820 firmitate
1399 1787 1458 1820 aliti
1476 1785 1643 1825 roboratis,
1660 1783 1782 1818 statutis

1039 1845 1070 1876 et
1083 1841 1375 1882 consuetudinibus,
1389 1841 1562 1884 privilegiis
1578 1852 1716 1888 quoque,
1740 1841 1783 1874 in-

1039 1896 1134 1930 dultis
1159 1900 1189 1930 et
1214 1896 1327 1930 litteris
1353 1895 1546 1940 apostolicis,
1575 1895 1632 1929 sub
1657 1894 1784 1939 quibus-

1040 1960 1176 1994 cumque
1200 1949 1364 1983 tenoribus
1387 1954 1421 1996 et
1437 1949 1557 1990 sormis,
1577 1954 1607 1982 et
1627 1959 1699 1982 cum
1718 1947 1784 1992 qui-

1041 2003 1147 2037 busvis
1160 2003 1252 2036 etiam
1267 2003 1541 2046 derogatoriarum
1557 2002 1781 2046 derogatoriss,

1041 2057 1173 2101 aliisque
1192 2056 1432 2097 efficacioribus,
1450 2056 1674 2089 efficacissimis
1693 2061 1724 2089 et
1741 2055 1785 2088 in-

1042 2110 1141 2144 solitis
1161 2110 1308 2143 clausulis
1325 2115 1355 2142 et
1375 2109 1521 2150 decretis,
1544 2110 1575 2142 in
1600 2119 1716 2153 genere
1736 2109 1784 2142 vel

1043 2163 1073 2196 in
1098 2163 1218 2207 specie,
1244 2163 1336 2195 etiam
1363 2168 1450 2196 motu
1480 2162 1630 2207 proprio,
1657 2167 1687 2196 et
1710 2172 1784 2196 con-

1043 2217 1250 2257 sistorialiter,
1268 2222 1298 2249 et
1322 2216 1407 2257 alias,
1429 2216 1459 2249 in
1485 2216 1679 2249 contrarium
1698 2226 1786 2261 prae·

1044 2271 1212 2304 missorum
1231 2270 1469 2314 quomodolibet
1486 2271 1654 2312 concessis,
1675 2270 1786 2304 contir-

1044 2325 1135 2358 matis
1169 2330 1199 2357 et
1230 2324 1404 2364 innovatis;
1437 2324 1551 2368 quibus
1576 2324 1724 2358 omnibus
1756 2328 1786 2356 et

1044 2378 1196 2423 singuliS,
1226 2378 1346 2412 etiamsi
1378 2389 1436 2422 pro
1466 2378 1594 2411 illorum
1617 2376 1784 2411 sufficienti

1044 2432 1250 2475 derogatione
1280 2432 1318 2465 de
1350 2432 1410 2465 illis
1443 2441 1618 2475 eorumque
1644 2431 1715 2463 tetis
1745 2435 1787 2464 te-

1045 2487 1175 2520 noribus
1199 2485 1365 2530 specialis,
1390 2485 1556 2530 specifica,
1585 2494 1734 2529 expressa
1757 2489 1787 2518 et

1046 2539 1204 2572 individua
1229 2549 1264 2572 ac
1289 2539 1328 2572 de
1353 2539 1449 2572 verbo
1479 2538 1517 2570 ad
1542 2538 1672 2570 verbum
1688 2564 1695 2578 ,
1724 2547 1788 2570 non

1045 2599 1149 2627 autem
1175 2603 1232 2638 per
1257 2593 1412 2626 clausulas
1437 2592 1601 2635 generales
1625 2591 1707 2624 idem
1732 2589 1788 2623 im-

1045 2652 1218 2693 portantes,
1227 2646 1343 2681 mentio
1353 2657 1407 2680 seu
1417 2645 1545 2691 quaevis
1554 2645 1615 2679 alia
1621 2643 1786 2690 expressio

1790 238 1839 265 Au.
1855 238 1884 265 C.
1907 238 1975 266 1636

1826 1634 1982 1655 Contrariorum

1797 1660 1916 1686 derogatio.
