2248 3229
149 262 198 290 An.
218 262 248 291 C.
268 261 332 291 1631

177 1016 222 1037 Alia
239 1015 332 1037 decreta.

184 1917 303 1940 clausulae.

230 2291 344 2318 Demgatio

161 2320 321 2340 contrariorum.

963 259 1106 285 URBANUS
1127 259 1183 284 vm
1202 259 1251 284 PP.

345 309 405 343 bus
421 319 458 343 ex
477 308 568 343 dictis
592 310 758 351 iudicibus,
775 310 920 344 maiestas
938 314 989 342 tua
1009 309 1086 342 alios

346 368 491 407 quatuor,
510 369 544 397 ut
567 364 754 408 praefertur,
779 363 988 407 qualificatus,
1009 372 1086 406 quo-

346 428 418 450 rnm
435 417 514 451 duos
531 417 631 451 dictus
657 417 915 461 archiepiscopus
939 425 1087 449 recusare

346 471 455 514 possit,
473 476 513 512 et,
537 470 756 518 deficientibus
773 480 828 503 seu
853 469 1012 514 impeditis
1036 468 1088 501 tri-

346 522 405 556 bus
430 523 585 557 iudicibus
606 534 660 557 scu
677 523 890 565 commissaris
908 522 1087 567 praedictis,

347 577 493 611 maiestas
517 583 570 611 tua
593 588 662 619 sex,
687 582 720 611 ut
744 578 937 621 praefertur,
958 576 1084 620 qualiti-

348 634 442 672 catos,
463 640 599 674 quorum
619 636 683 664 tres
707 631 808 664 dietus
832 630 1105 673 archiepiscopus*

347 693 494 717 recusare
510 684 620 728 possit,
638 684 689 716 alii
711 694 785 718 vero
803 690 865 717 tres
879 682 1002 716 easdem
1021 669 1106 720 cau-i

348 747 398 770 sas
419 737 504 770 iuxta
526 738 793 782 praeinsertarum
819 737 993 771 litterarum
1020 736 1086 768 sor-
1104 723 1106 738 ¹

349 801 434 824 mam
451 795 481 825 et
496 797 638 825 tenorem
657 796 848 834 cognoscant
865 795 893 823 et
910 788 1088 827 terminent,

349 844 515 877 nominare
538 844 637 877 libere
654 849 684 877 et
701 844 784 876 licite
803 842 902 887 possit
925 847 955 874 et
979 841 1087 882 valcat,

350 897 522 941 apostolica
538 897 732 937 auctoritate,
743 902 852 929 tenore
864 894 1088 939 praesentium,

350 950 528 984 facultatem
554 950 756 984 concedimus
780 954 810 983 et
834 949 1044 993 impertimur.

394 1005 409 1048 ἓ
432 1004 462 1037 4.
487 1005 707 1044 Deeernentes,
726 1002 821 1047 q'uod,
847 1002 1012 1035 deficiente
1035 1012 1089 1034 seu

350 1057 501 1101 impedito
530 1068 594 1091 uno
619 1068 656 1091 ex
681 1057 772 1090 dictis
796 1056 898 1089 tribus
923 1055 1088 1097 iudicibus,

350 1116 381 1144 et
404 1111 503 1145 donec
520 1111 552 1143 in
569 1111 635 1144 eius
659 1111 764 1144 locum
789 1110 885 1143 alium
902 1119 964 1142 non
980 1109 1092 1142 subro-

350 1164 485 1206 gabfflu,
505 1163 557 1196 alii
573 1163 635 1197 duo
660 1173 828 1208 processus
854 1173 1020 1196 causarum
1038 1162 1092 1195 liu—

351 1217 486 1250 iusmodi
506 1217 537 1250 in
555 1218 657 1251 form-21
682 1217 759 1251 iuris
783 1217 935 1250 fabricare
960 1216 1090 1260 possint,

350 1271 500 1314 quodque
522 1271 554 1304 in
577 1270 714 1304 serendis
745 1270 906 1304 dumtaxat
931 1270 1109 1304 sententiisi

350 1323 520 1357 definitivis
549 1334 658 1358 omnes
683 1330 746 1357 tres
778 1324 897 1356 iudices
921 1334 976 1356 seu
1005 1334 1092 1356 com-

352 1377 487 1410 missarii
508 1377 689 1410 huiusmodi
707 1377 885 1410 necessario
903 1376 1092 1409 intervenire
1109 1396 1110 1401 =

353 1429 496 1471 debeant,
521 1429 552 1462 id
576 1440 661 1471 vero,
679 1430 763 1473 qnod
787 1441 823 1463 ex
843 1430 989 1480 pluritate
1011 1434 1111 1476 voto-3

353 1493 424 1515 rum
449 1482 620 1516 iudicatum
652 1483 764 1524 suerit,
788 1493 846 1526 pro
871 1482 1039 1515 terminato
1064 1480 1111 1514 et*

353 1536 490 1570 stabilito
514 1536 682 1575 habeatur;
701 1546 737 1569 ac
761 1536 956 1569 declarantes
980 1535 1111 1568 mentis:

353 1595 479 1623 nostrae
499 1600 576 1632 esse,
594 1595 629 1623 ut
644 1596 708 1623 tres
723 1590 884 1624 dumtaxat
900 1590 1019 1622 iudices
1039 1600 1093 1622 scu
1110 1616 1111 1642 ἢ

354 1643 562 1677 commissarii
579 1644 760 1687 huiusmodi
781 1654 890 1677 causas
916 1643 1094 1688 praedictas
1110 1644 1111 1658 ¹

353 1702 545 1740 cognoscant
560 1707 595 1730 ac
621 1697 798 1738 terminent,
816 1698 938 1731 etiamsi
959 1697 988 1729 in
1006 1707 1111 1740 prae-3

355 1749 480 1783 insertis
503 1750 615 1783 litteris
640 1750 696 1783 tibi
721 1760 772 1783 sex
799 1750 993 1791 nominandi,
1011 1742 1112 1790 dictoss

355 1809 460 1836 autem
470 1803 710 1848 archiepiscopo
724 1809 787 1837 tres
797 1814 832 1836 ex
844 1804 903 1837 illis
918 1803 1094 1843 rccusandi;
1110 1802 1112 1843 ξ

356 1856 534 1890 facultatem
560 1858 839 1901 concesserimus,
1110 1848 1113 1893 l*

400 1910 416 1953 ἓ
440 1910 469 1943 5.
499 1911 611 1954 Sieque
642 1921 699 1954 per
729 1904 945 1954 quoscumque
977 1896 1113 1943 iudices!

356 1963 534 1997 ordinarios
558 1969 588 1996 et
612 1964 786 2007 delegatos,
811 1964 903 1996 etiam
929 1946 1113 1996 causaruml

355 2017 461 2061 palatii
482 2017 645 2061 apostolici
661 2009 832 2057 auditores,
853 2017 983 2050 iudicari
1003 2022 1032 2050 et
1049 2017 1098 2049 de-

355 2070 441 2104 finiri
460 2070 586 2111 debere,
604 2081 639 2104 ac
654 2071 782 2105 irritum
801 2076 831 2103 et
851 2071 952 2110 inane,
970 2070 994 2102 si
1008 2080 1097 2103 secus
1113 2078 1114 2082 ¹

357 2134 452 2168 super
474 2124 524 2158 his
544 2135 561 2157 a
578 2135 747 2169 quoquam,
770 2124 878 2168 quavis
902 2108 1116 2181 auctoritate‚{

357 2178 493 2211 scienter
517 2178 564 2211 vel
588 2178 781 2221 ignoranter,
801 2177 969 2220 eontigerit
992 2182 1094 2210 atten-
1114 2187 1116 2217 ς

360 2230 427 2263 tari.

1760 244 1818 280 ⁶261

1423 305 1559 339 CDXXV.

1122 380 1308 413 Dectaratz'o
1332 378 1500 412 mittimus
1524 377 1730 411 notariorum
1747 379 1862 408 creato-

1164 438 1240 460 rum
1264 439 1282 460 a
1301 427 1570 471 aethei-nazoraius
1587 426 1768 463 civitatum,
1784 424 1863 456 cilio-

1166 487 1304 520 rumque
1315 477 1451 509 locorum
1464 475 1681 520 praetoribus,
1693 477 1863 518 praetextu

1167 525 1376 558 bmznimeuti
1397 525 1534 558 Hem—[ai
1558 524 1739 557 cardinalis
1765 522 1860 557 Caie-

1168 575 1239 607 tam'
1251 579 1380 608 sauctae
1404 575 1571 608 Romanae
1583 573 1744 607 Ecclesiae
1761 582 1864 605 came-

1166 624 1262 664 rarii,
1290 635 1326 657 ac
1352 623 1545 656 ravalidatio
1570 624 1865 656 instrumentorum

1167 679 1196 706 et
1209 674 1452 716 scripturarum
1463 683 1520 717 per
1532 683 1581 705 eos
1591 671 1668 705 olim
1687 672 1863 714 suctarum;

1166 733 1287 755 necnon
1311 722 1452 765 facultas
1473 723 1559 765 facta
1581 721 1740 765 praesecto
1760 718 1866 752 archi-

1167 772 1291 804 viorum
1310 771 1521 815 coqtzoscendi
1545 781 1658 804 causas
1682 779 1779 813 super
1794 767 1866 801 uul-

1870 254 1920 282 An.
1940 253 1968 282 C.
1990 253 2055 282 1631

1169 821 1318 853 [uatibus
1334 819 1525 853 huiusmodi
1538 819 1739 853 creationum
1753 821 1781 851 et
1794 820 1867 850 acta
1888 829 1890 831 ·

1168 869 1288 902 tatium
1304 869 1511 902 notariorum
1533 867 1744 902 reva-lz'damli
1758 866 1776 899 ¹.

1327 945 1463 973 Urbanus
1483 944 1658 979 Episcopus,

1311 995 1415 1017 servus
1436 995 1592 1016 servorum
1611 987 1674 1020 Dei,

1242 1034 1279 1062 ad
1299 1037 1473 1069 perpetuam
1492 1033 1537 1061 rei
1557 1032 1740 1061 memoriam.

1169 1105 1202 1137 In
1227 1106 1374 1149 suprema
1400 1104 1567 1149 pastoralis
1591 1103 1685 1137 officit
1706 1103 1832 1147 specula
1845 1102 1865 1145 ⁴²,

1125 1159 1247 1192 meritis
1263 1159 1334 1192 licet
1355 1158 1539 1202 imparibus,
1560 1169 1576 1191 a
1597 1158 1731 1191 Domino
1757 1157 1868 1191 consti<

1126 1213 1201 1253 tuti,
1226 1212 1264 1246 ad
1289 1223 1342 1253 ea,
1368 1223 1447 1256 quae
1472 1213 1662 1256 populorum
1687 1217 1812 1246 nostrae
1838 1217 1864 1245 et

1125 1266 1213 1301 Sedis
1238 1267 1436 1310 Apostolicae
1462 1266 1627 1310 temporali
1653 1266 1763 1300 ditioni
1794 1265 1867 1299 sul)-

1126 1320 1264 1353 ditorum
1285 1320 1461 1361 utilitatem,
1488 1331 1596 1363 pacem
1620 1325 1650 1353 et
1667 1319 1867 1353 securitatem

1128 1373 1309 1417 respiciunt,
1325 1373 1502 1416 vigilantiae
1517 1378 1641 1406 nostrae
1651 1373 1761 1412 aciem,
1774 1378 1869 1417 prout

1127 1427 1221 1460 officii
1246 1427 1345 1459 nostri
1371 1426 1451 1459 ratio
1475 1426 1632 1470 postulat,
1658 1426 1768 1459 sedulo
1792 1425 1868 1458 (liri-

1127 1480 1241 1523 gimus,
1267 1485 1297 1512 et
1320 1479 1623 1523 perturbationibus,
1640 1489 1720 1523 quae
1736 1488 1798 1511 non
1820 1489 1868 1511 so-

1127 1534 1193 1566 lum
1218 1544 1254 1565 cx
1280 1533 1410 1573 malitia,
1435 1543 1545 1565 verum
1571 1532 1664 1565 etiam
1692 1532 1869 1575 ignorantia

1127 1597 1355 1630 personarum,
1381 1592 1411 1619 et
1434 1586 1602 1630 praecipue
1624 1585 1758 1629 publicis
1782 1584 1869 1617 {ulili-

1128 1645 1248 1672 etarum
1267 1639 1411 1681 negotiis,
1430 1639 1544 1672 exoriri
1560 1644 1742 1680 noscuntur,
1761 1649 1869 1671 oecur-

1128 1699 1231 1726 rentes
1239 1693 1258 1736 3,
1274 1698 1426 1736 quantum
1440 1692 1530 1726 nobis
1544 1703 1579 1724 ex
1599 1692 1661 1725 alto
1675 1691 1868 1731 conceditur,

1129 1747 1270 1782 eiusdem
1294 1747 1388 1780 officii
1414 1747 1513 1779 nostri
1531 1751 1636 1790 partes
1656 1746 1867 1790 impertipmr.

1174 1802 1188 1845 ξ
1209 1802 1234 1834 l.
1252 1801 1460 1844 Cum‘itaque,
1477 1801 1555 1834 sieut
1573 1794 1765 1844 accepimus,
1783 1799 1869 1839 alias,

1128 1860 1199 1898 post.
1224 1855 1414 1888 erectionem
1430 1859 1459 1887 et
1473 1854 1699 1887 institutionem
1718 1853 1870 1888 archivio-

1129 1920 1200 1941 rum
1225 1919 1281 1952 per
1306 1908 1403 1941 felicis
1420 1907 1647 1941 recordationis
1668 1907 1788 1940 Sixtum
1813 1906 1869 1938 Pa-

1130 1972 1202 2005 pam
1228 1962 1250 1995 V
1275 1961 1552 2005 praedecessorem
1580 1966 1722 1994 nostrum
1750 1960 1779 1992 in
1804 1959 1871 2003 qui-

1129 2015 1236 2048 busvis
1253 2015 1356 2048 Status
1369 2015 1591 2054 Ecclesiastici‚
1605 2014 1706 2054 nobi&
1725 2017 1798 2047 tunc
1815 2013 1869 2053 illi,

1131 2074 1161 2101 et
1185 2068 1256 2101 Sedi
1281 2068 1477 2112 Apostolicae
1496 2067 1629 2100 mediate
1647 2072 1677 2099 et
1691 2066 1871 2099 immediate

1132 2121 1274 2163 subiecti,
1300 2121 1488 2165 provinciis,
1514 2120 1709 2161 civitatibus,
1735 2120 1869 2163 oppidis,

1133 2175 1253 2216 castris,
1278 2175 1359 2208 villis
1384 2180 1414 2208 et
1442 2175 1510 2207 aliis
1535 2174 1612 2207 loeis
1637 2173 1806 2216 designatis
1829 2174 1872 2206 sa-

1133 2233 1228 2269 etam,
1253 2228 1355 2261 bonae
1390 2227 1562 2261 memoriae
1592 2227 1764 2267 Item-icus,
1797 2226 1871 2259 dnm

404 2283 460 2327 gf).
475 2284 544 2317 Non
559 2284 757 2318 obstantibus
774 2284 921 2318 omnibus
936 2283 1006 2325 illis,
1019 2294 1098 2327 quae
1133 2283 1260 2323 viveret,
1295 2282 1376 2316 tituli
1408 2282 1437 2315 S.
1463 2281 1674 2315 Pudentianae
1706 2281 1872 2325 presbyter

360 2337 390 2370 in
414 2337 506 2370 dietis
528 2337 639 2370 litteris
671 2337 828 2371 voluimus
858 2347 921 2371 non
952 2337 1097 2379 obstare,
1133 2336 1301 2370 cardinalis
1325 2336 1489 2370 Caietanus
1514 2339 1722 2378 nuncupatus,
1748 2339 1872 2367 sanetae

359 2391 534 2435 ceterisque
557 2391 723 2425 contrariis
747 2391 1008 2434 quibuscumque.

403 2445 513 2478 Datum
528 2440 754 2488 Romaesapud
774 2444 803 2478 S,
822 2445 959 2486 Petrum,
978 2444 1035 2478 sub
1049 2455 1100 2476 an-

358 2500 434 2533 nulo
447 2499 626 2539 Piscatoris,
637 2499 687 2532 die
699 2509 740 2532 xx
754 2498 930 2532 decembris
947 2508 1098 2539 uncxxxt,

360 2553 562 2597 pontificatus
585 2552 685 2586 nostri
709 2562 790 2585 anno
816 2562 855 2586 tx.

395 2615 453 2643 Dat.
471 2615 513 2644 die
527 2615 563 2643 ⁶20
577 2614 729 2643 decembris
750 2614 827 2647 1631,
845 2614 939 2651 pontif.
956 2622 1027 2643 anno
1042 2620 1078 2641 lx.

1171 2446 1179 2471 1
1208 2443 1298 2475 Quoad
1324 2443 1442 2470 notarios
1468 2442 1493 2469 in
1522 2442 1640 2469 futurum
1671 2444 1744 2468 extra
1774 2439 1873 2468 Urbem

1132 2487 1263 2515 creandos
1283 2491 1310 2514 et
1328 2487 1443 2515 formam
1460 2486 1591 2514 examinis
1606 2486 1649 2513 cui
1668 2484 1810 2512 subiacere
1825 2484 1874 2512 de-

1133 2532 1224 2566 beant,
1243 2532 1301 2559 ride
1318 2531 1406 2558 Const¹
1428 2539 1486 2567 seq.

1166 2578 1183 2603 ‘2
1199 2577 1288 2609 Istam,
1313 2584 1381 2612 quae
1396 2577 1422 2603 in
1439 2577 1481 2603 ed.
1499 2575 1533 2602 M.
1551 2575 1722 2611 postponitur
1737 2573 1872 2610 sequenti,

1131 2630 1179 2649 nos
1199 2621 1405 2657 praemittimus,
1427 2620 1489 2656 quia
1509 2620 1535 2646 iu
1556 2628 1613 2655 seq.
1637 2619 1735 2646 citatur
1753 2620 1791 2654 (R.
1807 2619 1858 2652 r).

1167 2667 1183 2691 3
1204 2666 1295 2702 Aptius
1314 2666 1432 2701 legerem
1452 2664 1626 2694 occurrendo
1646 2666 1683 2697 (ι).
1700 2664 1748 2699 τ,).

1909 1113 2026 1134 Extis-lium.

1938 1804 2068 1825 Gubernato-

1885 1838 1918 1852 res
1927 1832 2035 1851 ciuitatum
2049 1833 2069 1850 et

1885 1861 1993 1884 praetores
2013 1858 2068 1878 loeo-

1885 1892 1928 1906 rtnn
1993 1885 2069 1904 multos

1885 1913 1981 1932 crearunt
1997 1916 2017 1930 in
2032 1916 2068 1930 nn·
2078 1923 2083 1926 -

1885 1939 1950 1958 tarius
1959 1939 2069 1963 praetextu

1886 1965 1990 1985 facultatis
2021 1968 2069 1983 exa·

1885 1991 1978 2012 nun-anuli
2017 1995 2053 2009 eos
2064 2006 2069 2013 ,

1886 2019 1920 2044 qni
1936 2016 2011 2038 notarii
2023 2022 2069 2037 esst:

1886 2046 1967 2066 vellent.
