2248 3229
256 226 308 252 An.
326 224 353 251 C.
371 224 438 252 1637

255 287 343 308 ,mmm
385 283 602 315 ³5⁵-„11=.:05per
622 272 767 304 eumdem
789 271 916 304 fratrem
938 272 1107 304 Antonium
1129 284 1194 305 eat:-
1210 278 1211 322 ἐ
1227 275 1375 316 praefecti
1400 278 1429 308 et
1452 275 1614 318 principis,
1640 279 1711 310 tunc
1736 276 1913 309 facultatem
1934 282 1963 310 et

257 316 314 339 gnat-

283 606 314 624 tu,
331 605 437 624 nummari-

255 631 275 650 ιὶι
296 633 389 650 alunnum<
409 633 437 649 1,]-

256 658 324 677 natm·
343 659 436 677 limiteti-

257 691 295 703 uae
313 691 377 703 isselt
391 687 402 703 ι’

408 700 411 703 ’
454 696 586 740 eriptam
612 702 641 729 et
666 708 736 730 eum
762 698 994 731 conditionibus
1024 699 1192 731 infrascri—

484 215 546 249 582
1033 225 1211 249 numani-un

455 325 588 357 dinalem
606 325 780 366 assignatos
794 326 851 366 (tot
864 324 1007 357 videlicet
1023 325 1091 358 loca
1109 336 1195 358 mon·
1210 331 1211 335 ’

456 379 531 410 tium
557 388 618 410 non
644 377 827 410 vacabitium
846 377 884 410 de
909 378 1002 419 Urbe,
1023 389 1059 411 ex
1080 379 1211 422 quibus:

454 430 593 474 quotibet
617 441 698 464 anno
723 431 761 463 ad
787 431 889 464 minus
913 431 1091 475 octingenta
1107 432 1194 476 quin-

454 483 601 526 quaginta
625 489 711 516 scuta
736 484 965 528 percipiantur)
983 490 1011 518 et
1029 485 1192 528 assignan-

453 537 508 569 dos
529 543 681 580 perpetuo
699 538 900 589 coneedimtys
917 543 947 571 et
964 539 1168 582 assignamus.
1210 542 1211 565 t

497 590 512 632 ξ
536 590 565 622 4.
585 590 634 623 lus
652 602 725 624 vero
743 591 924 624 nominandi
945 593 1088 626 alumnos
1106 604 1193 637 prae-

453 642 562 683 dictos,
587 643 671 677 iuxta
697 644 825 677 modum
851 650 880 677 et
905 645 1038 678 sormam
1064 656 1191 689 supras-

1209 730 1211 742 t

454 749 522 791 ptis,
537 749 638 782 eidem
656 750 743 784 fratri
762 751 896 784 Antonio
914 752 1075 793 cardinali,
1094 752 1193 785 donec
1209 767 1211 774 ¹

454 802 579 844 rixerit,
606 813 819 844 reservamus3
845 810 977 848 sequuto
1002 815 1077 838 vero
1106 805 1192 838 obitu

453 855 591 888 eiusdem
610 856 713 890 fratris
731 858 855 891 Antonii
875 859 1053 900 cardinalis,
1071 859 1192 892 dilectis

454 908 524 941 tiliis
555 910 670 942 nostris
704 911 872 944 Franciseo
908 912 937 945 S.
970 913 1128 945 Laurentii
1162 913 1210 945 in*

455 961 584 995 ttamaso
617 963 790 997 Barberino
821 971 1013 1009 nuncupato,
1040 966 1068 999 S.
1095 966 1128 998 R.
1159 966 1190 998 E.

454 1015 724 1057 xicccancellario,
758 1022 787 1049 et
823 1018 957 1052 Antonio
993 1019 1022 1051 S.
1054 1019 1192 1061 Agatliac

453 1068 592 1102 diaconis
624 1070 757 1103 Antonio
793 1071 967 1114 respective
994 1072 1191 1115 nuncupatis,

453 1121 591 1153 eiusdem
617 1122 645 1154 S.
662 1123 695 1155 R.
719 1123 750 1154 E.
776 1123 999 1164 cardinalibus,
1014 1125 1128 1158 nostris
1149 1136 1193 1157 se-

453 1175 588 1207 eundum
615 1186 739 1208 earnem
774 1187 809 1208 ex
836 1177 931 1209 fratre
962 1188 1114 1220 germano
1138 1189 1192 1211 ne-

453 1228 586 1270 potibus,
612 1230 663 1272 qui
686 1240 742 1273 per
768 1235 894 1262 turnum
920 1232 1048 1264 alternis
1072 1232 1191 1265 vicibus

452 1282 613 1314 nominare
627 1282 768 1323 debeant,
784 1283 858 1326 ipsis
877 1295 950 1317 vero
964 1285 1190 1325 deficientibus,

452 1335 663 1375 «mutuantem,
689 1336 712 1368 si
751 1342 823 1369 tunc
856 1338 902 1370 vel
928 1339 1191 1382 quandocumfptc

452 1388 560 1429 aderit,
575 1389 739 1422 desamilia
757 1392 862 1423 nostra
875 1391 1045 1425 Barberina
1059 1403 1094 1425 ex
1109 1393 1189 1425 linea
1208 1397 1209 1400 ’

452 1441 554 1473 dilecti
572 1442 626 1474 tilii
640 1442 752 1475 nobilis
770 1443 827 1476 viri
846 1444 1002 1477 Tbaddaei
1018 1445 1189 1486 Barberini,

452 1495 549 1527 nostri
575 1495 667 1527 ctiam
693 1496 863 1529 secundum
883 1508 1010 1530 earnem
1036 1509 1070 1531 ex
1094 1499 1190 1531 sratre

452 1549 582 1591 nepotis,
610 1549 700 1582 Urbis
726 1550 873 1593 praefecti
890 1557 919 1583 ct
936 1551 1089 1595 principis
1103 1552 1191 1585 Prae-

452 1602 574 1644 nestini,
600 1603 850 1645 deseemltmtein,
873 1609 902 1636 et
923 1605 953 1637 in
974 1605 1095 1639 defectu
1125 1617 1190 1639 car-

451 1655 572 1697 dinalis,
597 1657 784 1699 praelatum,
809 1662 839 1689 et
863 1667 924 1690 non
950 1658 1099 1692 existente
1119 1663 1189 1692 tunc

452 1708 600 1749 prat‘fflato,
624 1719 791 1752 personam
816 1710 1058 1743 ecelesiasticam
1080 1712 1118 1744 dc
1142 1713 1190 1744 ea-

451 1760 521 1791 dem
548 1761 664 1793 familia
696 1766 725 1794 et
750 1762 985 1804 descendentia,
1012 1764 1042 1796 in
1068 1764 1135 1797 iure
1161 1770 1190 1797 et

451 1813 596 1846 facultate
620 1814 801 1847 nominandi
833 1817 975 1850 alumnos
1007 1817 1188 1852 huiusmodi

452 1866 619 1899 succedere
637 1867 729 1900 etiam
748 1869 902 1911 volumus,
917 1870 1082 1904 statuimus
1099 1877 1128 1904 et
1142 1882 1189 1904 or-

451 1920 608 1960 dinamus3
626 1926 655 1954 et
673 1921 697 1954 si
716 1922 793 1955 sorte
811 1923 958 1966 evenerit,
977 1924 1061 1969 quod
1078 1925 1187 1958 eodem

452 1977 594 2017 tempore
634 1979 775 2007 extarent
807 1976 914 2019 plures
946 1977 1119 2010 cardinales
1151 1978 1189 2010 de

451 2026 590 2058 eiusdem
616 2028 771 2060 Thaddaei
804 2030 954 2072 praesceti
981 2036 1010 2063 et
1035 2031 1188 2075 principis

452 2079 567 2112 familia
589 2086 617 2113 et
642 2081 872 2123 descendentia,
899 2094 1006 2116 omnes
1025 2084 1056 2116 in
1074 2085 1141 2117 iure
1160 2091 1187 2118 et

452 2134 595 2166 laenitate
617 2135 797 2168 nominandi
815 2136 994 2169 huiusmodi
1015 2138 1188 2181 aequaliter

452 2187 619 2220 succedere
637 2194 665 2221 et
682 2189 928 2223 nominationem
947 2190 1044 2234 ipsam
1058 2201 1114 2235 per
1128 2196 1188 2224 tur-

451 2250 523 2272 num
557 2246 586 2273 et
622 2242 797 2275 alternatim
831 2243 899 2276 ficri
930 2243 1045 2277 debere
1081 2245 1188 2277 decer-

452 2299 568 2335 nentes,
583 2295 663 2328 inter
679 2297 785 2340 plures
804 2307 877 2330 vero
898 2298 1054 2341 praelatos
1075 2303 1103 2331 et
1121 2309 1188 2342 per—

452 2359 541 2381 sonas
567 2350 791 2382 eccles-lasticas
824 2351 874 2383 illc
905 2352 989 2384 solus
1021 2352 1186 2393 succedat,

451 2407 476 2432 et
506 2403 551 2435 ius
576 2403 688 2436 babeat
719 2405 919 2445 nominandi,
951 2405 1003 2449 qui
1035 2406 1186 2438 maiorem

452 2455 588 2488 obtineat
616 2458 835 2500 praedaturam,
862 2464 901 2497 et,
928 2459 1007 2491 inter
1031 2460 1186 2502 aesplales,

452 2513 549 2541 aetate
575 2510 674 2542 maior
699 2511 807 2551 suerit,
833 2512 954 2554 quoties
975 2523 1048 2545 vero
1070 2512 1187 2545 deiece-

453 2561 513 2593 rint
537 2562 717 2605 cardinales,
736 2564 866 2607 praelati
885 2570 914 2597 ct
932 2565 1103 2608 respective
1121 2575 1187 2608 per-

1208 1126 1307 1162 ,dicta
1333 1127 1499 1170 requisita3
1518 1134 1547 1161 et
1571 1128 1661 1161 aliter
1686 1129 1796 1161 saetam
1822 1129 1963 1161 nomina-

453 2625 545 2646 >50an
560 2617 786 2651 ves-tosiasticae
800 2618 836 2652 de
850 2619 930 2651 linea
943 2619 1016 2652 dieti
1031 2618 1185 2652 Tliaddaei

1235 225 1390 250 nomnen
1981 229 2029 256 An.
2047 228 2076 256 C.
2094 229 2163 257 1637

1228 326 1274 358 ius
1286 326 1467 359 nominandi
1483 327 1662 360 huiusmodi
1677 339 1732 371 per
1750 329 1852 373 ipsum
1866 330 1963 363 Thad-

1228 379 1340 412 daeum
1365 380 1557 423 praesectum
1590 385 1618 413 et
1646 381 1841 425 principem,
1864 394 1963 426 coque

1227 442 1290 466 non
1315 433 1485 474 existente,
1518 434 1565 466 vel
1597 434 1859 478 quandocumque
1888 436 1965 468 defi-

1228 485 1327 519 ciente
1342 513 1349 527 ,
1375 498 1432 530 per
1456 492 1582 520 vocatos
1606 491 1636 521 et
1659 487 1903 531 comprehensos
1933 490 1964 521 in

1228 539 1295 572 iure
1319 539 1506 572 succedendi
1530 551 1586 584 per
1609 550 1666 573 nos
1683 540 1827 573 ordinato
1845 540 1876 572 in
1892 551 1964 584 per-

1227 597 1356 635 petuum
1383 593 1499 626 assumi
1520 598 1550 625 et
1570 593 1740 632 reassumi;
1762 593 1855 636 idque
1877 593 1965 627 toties

1227 645 1349 688 quoties
1367 656 1457 679 casus
1476 646 1670 679 deficientiae
1687 646 1862 686 cardinalis,
1880 657 1966 690 prae-

1227 698 1279 730 lati
1294 703 1324 731 et
1341 708 1492 742 personae
1514 699 1754 741 ecclesiastieae,
1772 710 1806 732 ae
1825 699 1964 732 eiusdem

1227 751 1383 785 Thaddaei
1399 753 1545 796 praefecti
1562 756 1591 786 et
1608 753 1759 797 principis
1776 753 1965 786 descenden-

1229 804 1305 838 tiae¹
1321 806 1468 847 evenerit,
1486 806 1553 839 fieri
1574 806 1688 840 debere
1705 807 1849 840 similiter
1862 806 1966 840 decer-

1227 859 1347 899 nimus,
1365 869 1400 892 ae
1424 859 1605 892 huiusmodi
1630 860 1876 894 nominationem
1903 871 1965 893 non

1227 923 1318 955 posse
1343 912 1413 945 fieri
1436 913 1495 946 nisi
1519 913 1556 946 de
1577 913 1712 946 alumnis
1730 924 1765 946 ex
1788 914 1965 947 nationibus

1227 976 1323 1010 supra
1341 967 1506 1010 expressis,
1532 967 1573 999 ita
1591 970 1624 1001 ut
1649 977 1684 1000 ex
1710 967 1847 1011 qualibet
1871 978 1965 1012 supe-

1227 1019 1292 1052 rius
1317 1030 1538 1064 expressarum
1564 1021 1726 1054 nationum
1752 1021 1853 1054 adsint
1878 1022 1908 1054 in
1932 1032 1964 1053 a-

1226 1073 1367 1106 lumnatu
1393 1075 1501 1108 saltem
1527 1074 1599 1115 duo,
1625 1075 1677 1118 qui
1702 1075 1837 1107 habeant
1861 1085 1966 1119 supra-

1227 1179 1344 1213 tionem
1370 1181 1486 1213 nullam
1513 1192 1598 1223 esse,
1630 1182 1815 1226 nullumque
1840 1183 1887 1215 ius
1912 1193 1964 1215 no-

1226 1233 1344 1266 minato
1370 1234 1507 1267 tribuere
1531 1234 1737 1268 declaramus.

1270 1287 1285 1329 ἓ
1309 1286 1337 1319 5.
1364 1287 1400 1319 Et
1425 1287 1552 1331 insuper
1577 1287 1805 1322 nominationes
1826 1289 1965 1321 alumno·
2006 1300 2035 1319 μη
2052 1300 2063 1319 ,·

1226 1350 1296 1371 rum
1322 1350 1377 1383 per
1410 1345 1561 1384 patronos
1594 1341 1769 1385 praedictos
1795 1353 1853 1385 pro
1887 1333 2058 1375 tem-ffl-''L-
2105 1334 2109 1345 ’

1225 1403 1302 1436 pore
1334 1394 1568 1427 nominatorum
1602 1395 1875 1428 confirmationem
1908 1406 1965 1439 per
2006 1388 2009 1397 ’

1226 1446 1254 1478 S.
1272 1447 1306 1479 P..
1326 1447 1357 1479 E.
1376 1447 1550 1481 cardinales
1567 1448 1821 1491 congregationis
1838 1449 1875 1481 de
1894 1449 1963 1481 Pro-

1225 1499 1367 1542 pagandi}
1382 1500 1456 1533 Fide
1474 1511 1533 1544 pro
1552 1506 1692 1544 tempore
1706 1501 1882 1545 deputatos,
1900 1503 1963 1546 qui,

1225 1558 1390 1596 antequam
1417 1553 1454 1586 ad
1480 1554 1660 1587 huiusmodi
1690 1555 1962 1589 confirmationem

1225 1606 1408 1648 deveniant,
1434 1608 1518 1651 quod
1543 1608 1574 1640 in
1598 1609 1768 1641 nominatis
1800 1609 1964 1651 qualitates

1225 1660 1369 1703 superius
1394 1661 1564 1704 requisitae
1584 1666 1775 1694 concurrant
1797 1661 1875 1694 certi
1896 1672 1963 1694 esse

1224 1713 1367 1754 debeant,
1392 1719 1422 1746 et
1445 1719 1515 1747 ante
1541 1714 1812 1748 confirmationem
1839 1715 1963 1758 praedi-

1224 1771 1305 1799 ctam
1330 1767 1510 1800 nominatos
1534 1768 1620 1800 nullo
1646 1767 1741 1800 modo
1765 1769 1797 1799 in
1821 1767 1962 1800 alumna—

1225 1822 1288 1852 tum
1314 1819 1411 1862 recipi
1433 1825 1485 1852 aut
1505 1819 1626 1852 admitti
1652 1819 1847 1853 mandamus.

1268 1872 1283 1915 ,ξ
1307 1872 1335 1905 O.
1362 1873 1493 1905 Demum
1518 1872 1647 1914 eisdem,
1673 1873 1804 1916 aliisque
1829 1873 1903 1906 dicti
1927 1883 1962 1906 a-

1223 1925 1382 1959 lumnatus
1402 1926 1555 1970 personis,
1572 1931 1606 1959 ut
1626 1926 1772 1960 omnibus
1791 1931 1819 1961 et
1836 1927 1962 1970 quibus-

1224 1990 1357 2023 cumque
1383 1980 1566 2023 privilegiis,
1588 1981 1850 2024 exemptionibus,
1870 1981 1961 2014 liber-

1223 2033 1360 2073 tatibus,
1386 2034 1593 2075 sacultatibus,
1620 2039 1649 2066 et
1684 2034 1822 2075 indultis,
1848 2035 1961 2078 quibus

1224 2097 1334 2119 omnes
1370 2092 1399 2119 et
1434 2087 1548 2130 singuli
1581 2087 1681 2119 dictae
1706 2088 1961 2130 congregationis

1223 2139 1260 2172 de
1286 2139 1491 2183 Propaganda
1510 2139 1584 2172 Fide
1605 2140 1723 2172 alumni
1749 2145 1779 2172 et
1796 2141 1873 2172 aliae
1891 2151 1961 2184 per-

1223 2203 1317 2226 sonae
1348 2193 1459 2237 quox‘is
1492 2193 1587 2226 modo
1620 2197 1771 2233 utuntur,
1797 2193 1960 2237 potiuntur

1223 2251 1252 2279 et
1277 2246 1423 2289 gaudent,
1442 2257 1477 2279 ac
1497 2247 1552 2286 uti,
1578 2247 1672 2290 potiri
1690 2252 1720 2279 et
1736 2247 1873 2289 gaudere
1891 2256 1961 2290 pos-

1222 2304 1294 2331 sunt
1308 2304 1337 2331 et
1352 2304 1499 2342 poterunt
1512 2300 1749 2343 quomodolibet
1766 2301 1796 2332 in
1810 2300 1959 2339 futurum,

1222 2362 1285 2384 non
1309 2352 1410 2384 solum
1436 2352 1474 2384 ad
1499 2362 1609 2385 eorum
1642 2353 1757 2393 instar,
1783 2353 1836 2385 sed
1867 2352 1958 2384 etiam

1222 2405 1435 2448 parisormiter
1466 2411 1495 2438 et
1525 2416 1622 2449 aeque
1655 2406 1871 2449 principaliter
1897 2405 1959 2445 uti,

1221 2458 1315 2500 potiri
1341 2462 1370 2492 et
1392 2458 1529 2501 gauderc
1549 2459 1669 2491 valeant
1697 2459 1726 2491 in
1752 2459 1898 2491 omnibus
1931 2465 1956 2490 et

1221 2522 1277 2555 per
1302 2511 1423 2553 omnia,
1456 2512 1658 2546 concedimus
1691 2518 1720 2544 et
1752 2512 1959 2554 indulgemus,

1222 2564 1335 2607 illaque
1360 2564 1476 2597 eisdem
1502 2565 1781 2598 con‘nnunieamus.

1981 1412 1992 1431 p
2001 1413 2053 1429 evm·
2065 1414 2075 1425 ,Δ

1980 1433 2098 1452 confirmari
2132 1439 2163 1452 nu-

1981 1460 2022 1479 lit-¹.

2036 1882 2160 1904 Huiusmodi

1977 1909 2067 1930 aluuuus
2079 1913 2161 1930 cetero-

1977 1943 2022 1957 runi
2052 1937 2162 1963 prnilegia

1977 1963 2082 1983 concedit.

1254 2627 1264 2653 t
1287 2627 1351 2654 Mate
1366 2627 1429 2654 edit
1448 2628 1527 2655 Main.
1546 2628 1624 2655 babet
1642 2627 1840 2655 descendentia
1857 2627 1955 2663 (1‹.T.).
