2248 3229
226 215 274 244 An·
289 215 318 244 C.
337 214 401 244 1631
450 207 514 242 240

303 1344 414 1374 Clausulas

229 1373 412 1398 praeservativae.

259 1662 355 1694 Qlausula
371 1662 415 1683 sub-

261 2036 419 2062 Exequutorum

237 2063 353 2089 deputatio.

423 275 516 311 quam
529 261 862 309 alias'quomodolibet,
875 269 934 306 pro
947 260 1164 305 redemptione

425 319 622 363 captivorum
646 317 749 359 legata
774 319 804 348 et
828 314 947 355 relicta,
964 324 1087 348 necnon
1104 314 1164 347 alia

424 379 640 415 quaecumque
663 368 812 409 subsidia,
837 367 868 400 in
891 367 1038 401 omnibus
1062 367 1165 401 civita-

425 425 516 465 tibus,
543 423 622 455 villis
647 427 678 455 et
701 421 837 454 castellis
861 421 893 454 in
918 431 1091 465 regnorum
1113 421 1164 454 Hi-

424 478 560 521 spaniae,
576 480 606 509 et
617 475 786 520 praecipue
798 475 983 518 Aragoniae,
996 476 1163 515 Navarrae,

425 529 582 562 Yalentiae
599 534 629 562 et
645 528 851 569 Catalauniae,
871 538 1033 571 quaerere,
1056 533 1163 572 petere

425 589 452 615 et
477 582 630 626 recipere,
650 582 752 614 libere
777 586 807 614 ct
830 581 913 614 licite
930 581 1052 625 possint
1068 587 1098 614 et
1117 592 1166 614 va-

425 637 507 668 lcant
528 635 713 678 (dummodo
738 639 843 667 tamen
868 634 899 667 in
924 634 1111 678 quaerendis
1136 640 1165 667 et

425 688 612 733 recipiendis
648 688 855 733 eleemosynis
887 688 1055 732 praedictis
1087 688 1165 721 nihil

424 754 442 775 a
466 743 615 776 fratribus
638 742 838 776 Discalceatis
862 742 1032 786 praedictis
1056 747 1166 776 contra

425 796 663 840 dispositionem
688 796 768 828 sacri
786 794 916 829 Concilii
929 794 1102 828 Tridentini
1119 806 1167 828 su-

424 860 482 894 per
505 849 668 894 prohibita
699 849 969 893 eleemosynarum
1001 854 1166 892 quaestua-

426 903 510 936 tione
527 903 764 945 committatur),
781 902 955 946 apostolica
971 902 1165 944 auctoritate,

426 961 535 990 tenore
559 955 788 1000 praesentium,
813 956 992 988 facultatem
1016 955 1164 989 concedi-

427 1020 496 1043 mus
517 1014 547 1042 et
562 1009 775 1053 impertimur.
795 1009 1014 1049 Deccrnentes,
1032 1008 1102 1041 illos
1119 1019 1168 1041 su·

426 1075 483 1108 per
500 1063 682 1108 praemissis
705 1074 723 1096 a
747 1073 917 1107 quoquam,
936 1062 1045 1106 quavis
1065 1067 1169 1096 aucto-

428 1118 518 1150 ritate
542 1116 718 1160 fungente¹,
736 1117 848 1160 quovis
871 1120 1045 1160 praetextu,
1063 1117 1168 1156 causa,

428 1170 476 1203 vel
493 1170 668 1210 occasione,
686 1168 911 1213 quoquomodo
932 1168 1089 1212 impediri,
1106 1179 1170 1201 mo-

428 1223 555 1264 lestari,
579 1223 628 1256 vel
652 1222 833 1267 perturbari
865 1222 1043 1255 nullatenus
1066 1231 1169 1265 posse,

428 1286 487 1310 nec
510 1275 641 1316 debere;

474 1331 490 1374 ξ
512 1329 543 1363 3.
568 1330 815 1373 praesentesque
846 1328 966 1362 litteras
991 1328 1116 1372 semper
1142 1332 1172 1362 et

428 1388 582 1428 perpetuo
606 1383 734 1424 validas,
758 1382 866 1416 firmas
890 1388 920 1416 et
943 1382 1086 1416 efficaces
1110 1381 1172 1415 exi-

429 1441 512 1470 stere
537 1441 568 1470 et
586 1437 671 1477 fore,
688 1436 869 1480 eisdemque
892 1436 1042 1469 fratribus
1058 1435 1172 1469 Discal-

429 1490 525 1523 ceatis
541 1490 573 1523 in
590 1490 737 1524 omnibus
753 1495 783 1523 et
799 1500 857 1534 per
870 1489 975 1523 omnia
991 1489 1172 1533 plenissime

430 1543 616 1587 suffragari,
642 1544 775 1588 illosque
809 1554 917 1576 earum
951 1542 1117 1577 commodo
1142 1547 1171 1576 et

431 1596 544 1631 effectu
566 1597 696 1642 pacifice
719 1597 782 1630 frui
808 1600 837 1631 et
861 1596 1014 1640 gaudere,

475 1651 491 1696 ἓ
514 1651 544 1684 4.
562 1651 676 1695 Sicque
699 1650 737 1684 ab
762 1650 908 1684 omnibus
933 1650 1064 1691 censeri,
1083 1655 1114 1683 et
1130 1650 1172 1682 ita

431 1715 488 1750 per
505 1715 721 1749 quoscumque
744 1704 863 1737 iudices
883 1704 1060 1737 ordinarios
1078 1707 1107 1738 et
1123 1703 1173 1737 de-

432 1759 567 1801 legatos,
584 1758 677 1792 etiam
698 1768 864 1791 causarum
881 1757 987 1801 palatii
1009 1757 1171 1801 apostolici

432 1811 601 1853 auditores,
630 1810 762 1844 iudicari
790 1815 820 1843 et
844 1809 967 1843 definiri
995 1809 1121 1851 dehere,
1138 1820 1173 1843 ac

433 1865 558 1899 irritum
572 1870 602 1899 et
617 1865 719 1906 inane,
738 1864 763 1896 si
783 1874 873 1897 secus
891 1874 985 1907 super
997 1863 1046 1896 his
1063 1874 1079 1896 a
1097 1874 1173 1907 quo-

433 1929 538 1963 quam,
548 1918 657 1963 quavis
671 1917 866 1957 auctoritate,
880 1917 1014 1950 scienter
1028 1917 1075 1950 vel
1090 1917 1175 1960 igno-

434 1977 551 2014 ranter,
573 1971 738 2015 contigerit
764 1970 920 2003 attentari.

478 2026 493 2070 ξ
517 2025 547 2060 5.
571 2025 724 2064 Quocirca
760 2022 991 2057 venerabilibus
1026 2022 1175 2056 fratribus

434 2078 680 2123 archiepiscopis
694 2082 725 2111 et
741 2077 897 2121 episcopis
914 2077 946 2109 in
965 2076 1055 2109 dictis
1068 2077 1175 2120 regnis

436 2132 622 2172 constitutis,
640 2141 674 2164 ac
692 2130 812 2164 dilectis
829 2130 902 2163 filiis
919 2130 1046 2163 illorum
1063 2130 1177 2163 officia-

435 2186 526 2227 libus,
539 2196 597 2230 per
609 2189 789 2230 praesentes
808 2183 1033 2218 committimus
1047 2188 1077 2216 et
1094 2193 1177 2216 man-

436 2241 558 2281 damus,
585 2243 739 2284 quatenus
763 2238 834 2282 ipsi,
854 2248 911 2282 per
937 2248 980 2278 se,
997 2237 1045 2270 vel
1070 2237 1176 2277 alium,

437 2304 492 2328 seu
516 2293 615 2333 aliOS,
646 2296 828 2336 praesentes
860 2291 980 2324 litteras
1010 2296 1040 2324 et
1071 2290 1102 2323 in
1134 2289 1177 2323 eis

437 2352 583 2381 contenta
595 2355 822 2390 quaecumque,
840 2344 893 2378 ubi
910 2348 940 2379 et
956 2343 1081 2388 quando
1101 2353 1179 2387 opus

436 2400 540 2441 suerit,
564 2409 600 2432 ac
624 2398 746 2443 quoties
769 2408 828 2442 pro
852 2402 941 2441 parte
964 2397 1098 2430 fratrum
1121 2396 1176 2430 Di-

439 2453 667 2486 scalceatorum
686 2450 921 2496 praedictorum
946 2449 1063 2484 fuerint
1078 2448 1180 2493 requi-

439 2506 499 2547 siti,
518 2505 700 2539 solemniter
722 2504 930 2549 publicantes,
946 2503 1055 2547 illique
1072 2507 1103 2536 et
1119 2502 1180 2535 illis

440 2560 472 2593 in
496 2559 677 2604 praemissis
712 2559 846 2593 efficacis
874 2557 1064 2592 defensionis
1088 2566 1180 2601 prae-

478 2625 489 2650 1
506 2622 576 2650 Male
592 2622 655 2650 edit.
671 2621 750 2650 Μαίη.
768 2621 832 2658 legit
846 2623 998 2657 ftmqentes
1011 2621 1052 2656 (R.
1065 2619 1113 2655 ἐκ).

998 212 1177 238 BULLARIUM
1200 211 1355 238 ROMANUM

1196 260 1276 294 sidio
1300 260 1499 302 assistentes,
1523 261 1637 297 faciant
1667 262 1851 298 auctoritate
1873 272 1931 299 no-

1196 315 1261 347 stra
1284 313 1353 347 illos
1377 313 1624 358 praemissorum
1649 317 1814 351 commodo
1839 323 1869 352 et
1892 319 1934 352 ef-

1197 367 1278 401 fectu
1302 368 1434 411 pacifice
1457 367 1519 401 frui
1544 373 1574 401 et
1597 369 1753 412 gaudere3
1777 380 1841 404 non
1865 382 1934 416 per-

1196 421 1354 454 mittentes
1371 421 1441 454 illos
1455 421 1592 465 desuper
1607 432 1625 454 a
1641 433 1809 466 quoquam,
1826 425 1936 468 quavis

1197 474 1396 516 auctoritate,
1419 474 1658 518 quomodolibet
1682 475 1819 509 indebite
1842 477 1936 511 mole-

1198 528 1288 568 stari,
1306 528 1555 562 contradictores
1575 529 1732 573 quoslibet
1755 535 1786 562 et
1804 530 1936 564 rebelles

1197 592 1254 625 per
1279 581 1458 622 sententiaS,
1476 592 1624 615 censuras
1648 587 1678 615 et
1701 593 1817 628 poenas
1842 584 1938 618 eccle-

1198 635 1346 675 siasticas,
1368 635 1490 679 aliaque
1515 641 1691 679 opportuna
1715 637 1793 670 iuris
1817 643 1847 670 et
1866 637 1937 671 facti

1198 688 1346 730 remedia,
1371 689 1580 732 appellatione
1603 690 1787 734 postposita,
1813 701 1937 735 compe-

1199 741 1324 782 scendo,
1353 742 1497 775 invocato
1523 742 1616 775 etiam
1641 743 1679 776 ad
1702 743 1784 785 hoc,
1809 744 1833 777 si
1858 755 1937 789 opus

1199 794 1302 835 suerit,
1320 795 1436 828 auxilio
1460 795 1581 828 brachii
1601 796 1760 829 secularis.

1244 848 1258 890 ἓ
1283 847 1312 880 6.
1337 848 1406 881 Non
1430 848 1572 881 obstante
1594 848 1665 892 piae
1688 849 1860 883 memoriae
1879 850 1939 884 Bo-

1200 900 1303 933 nil'acii
1332 901 1434 945 Papae
1463 902 1528 934 VIII
1558 902 1810 945 praedecessoris
1841 904 1941 937 nostri

1201 953 1239 986 de
1262 955 1334 996 una,
1353 960 1383 987 et
1410 955 1441 987 in
1466 955 1600 989 concilio
1625 955 1764 999 generali
1792 955 1876 989 edita
1903 956 1941 990 de

1201 1006 1324 1040 duabus
1348 1007 1449 1050 dietis,
1467 1008 1638 1042 dummodo
1658 1010 1740 1042 ultra
1763 1013 1827 1042 tres
1843 1009 1941 1043 dietas

1202 1060 1314 1104 aliquis
1338 1059 1522 1095 auctoritate
1546 1062 1759 1106 praesentium
1790 1062 1829 1095 ad
1855 1062 1939 1096 iudi-

1202 1113 1286 1146 cium
1309 1123 1372 1146 non
1405 1114 1564 1157 trahatur,
1596 1125 1633 1149 ac
1664 1115 1824 1159 praedicta
1855 1116 1943 1150 Nico-

1202 1167 1243 1199 lai
1260 1167 1513 1210 praedecessoris
1538 1173 1568 1201 et
1591 1169 1755 1212 quibusvis
1780 1169 1848 1203 aliis
1873 1180 1944 1204 con-

1203 1215 1417 1254 stitutionibus
1434 1226 1464 1254 et
1480 1221 1730 1256 ordinationibus
1754 1223 1943 1266 apostolicis,

1202 1282 1326 1305 necnon
1349 1272 1462 1306 domus
1481 1274 1511 1307 S.
1529 1274 1643 1308 Mariae
1665 1275 1866 1319 Captivorum
1890 1276 1945 1309 hu-

1204 1325 1340 1359 iusmodi
1365 1331 1396 1359 et
1419 1326 1503 1359 illius
1520 1326 1644 1360 Ordinis
1668 1327 1831 1371 praedicti,
1853 1329 1945 1363 etiam

1204 1378 1392 1420 iuramento,
1417 1379 1656 1413 confirmatione
1681 1381 1868 1424 apostolica,
1897 1382 1946 1415 vel

1205 1431 1314 1476 quavis
1333 1431 1483 1465 firmitate
1507 1432 1568 1466 alia
1591 1433 1760 1474 roboratis,
1776 1434 1898 1468 statutis
1917 1440 1947 1468 et

1205 1485 1499 1526 consuetudinibus,
1524 1486 1698 1529 privilegiis
1722 1497 1869 1532 quoque,
1893 1487 1944 1521 in-

1205 1538 1299 1572 dultis
1312 1544 1341 1572 et
1354 1539 1466 1572 litteris
1479 1540 1671 1584 apostolicis,
1681 1541 1738 1573 sub
1749 1541 1949 1585 quibuscum-

1206 1603 1267 1636 que
1280 1592 1443 1626 tenoribus
1460 1598 1490 1625 et
1506 1593 1627 1634 formis,
1644 1604 1680 1626 ac
1696 1604 1768 1627 cum
1785 1594 1947 1638 quibusvis

1206 1648 1300 1680 etiam
1325 1647 1598 1690 derogatoriarum
1623 1647 1841 1691 derogatoriis,
1867 1648 1965 1689 aliis-¹

1206 1711 1268 1744 que
1292 1701 1521 1734 efficacioribus
1538 1705 1567 1733 et
1583 1700 1717 1734 insolitis
1736 1701 1895 1742 clausulis,
1912 1711 1949 1735 ao

1207 1754 1403 1787 irritantibus
1432 1753 1564 1797 aliisque
1597 1753 1752 1795 decretis,
1778 1754 1810 1786 in
1833 1764 1949 1797 genere

1207 1807 1255 1840 vel
1274 1807 1305 1839 in
1331 1806 1446 1850 specie,
1467 1817 1503 1840 ac
1519 1806 1586 1839 aliis
1604 1806 1635 1838 in
1652 1806 1845 1839 contrarium
1862 1816 1950 1851 prae-

1208 1860 1377 1892 missorum
1403 1859 1640 1903 quomodolibet
1664 1859 1820 1892 concessis
1836 1869 1946 1900 „con-

1208 1913 1342 1946 firmatis
1378 1917 1408 1946 et
1436 1912 1618 1952 innovatis3
1643 1912 1757 1956 quibus
1781 1912 1949 1953 omnibus,

1209 1967 1330 1999 etiamsi
1356 1965 1394 1999 de
1425 1966 1486 1999 illis
1515 1965 1677 2010 specialis,
1698 1966 1866 2010 specifica,
1890 1976 1947 1999 ex-

1209 2030 1318 2064 pressa
1332 2025 1373 2052 -et
1397 2019 1565 2061 individua,
1589 2029 1625 2052 ac
1649 2018 1686 2052 de
1711 2019 1807 2052 verbo
1824 2019 1862 2052 ad
1879 2030 1950 2053 ver-

1210 2074 1296 2116 bum,
1315 2083 1378 2106 non
1398 2078 1502 2106 autem
1526 2083 1583 2116 per
1607 2072 1763 2106 clausulas
1788 2073 1951 2116 generales

1211 2127 1294 2160 idem
1308 2127 1523 2171 importantes,
1543 2126 1662 2160 mentio
1680 2136 1735 2159 seu
1748 2126 1875 2170 quaevis
1891 2126 1952 2159 alia

1212 2181 1371 2225 expressio
1396 2179 1540 2213 habenda
1564 2185 1616 2212 aut
1640 2180 1744 2224 aliqua
1767 2180 1827 2214 alia
1848 2180 1953 2225 exqui-

1211 2235 1269 2268 sita
1284 2235 1385 2268 forma
1405 2233 1444 2267 ad
1466 2234 1528 2267 hoc
1552 2233 1704 2267 servanda
1720 2234 1809 2277 foret,
1823 2234 1950 2268 illorum

1212 2289 1353 2322 omnium
1377 2292 1503 2322 tenores
1531 2288 1749 2332 praesentibus
1778 2298 1838 2332 pro
1861 2288 1953 2332 plene

1212 2345 1242 2376 et
1254 2341 1444 2375 sufficienter
1457 2340 1614 2385 expressis
1627 2341 1787 2382 habentes,
1800 2341 1861 2375 illis
1877 2340 1953 2374 alias

1213 2396 1243 2428 in
1261 2405 1317 2429 suo
1333 2394 1448 2429 robore
1464 2394 1690 2439 permansuris,
1706 2394 1766 2428 hac
1782 2394 1849 2428 vice
1865 2393 1953 2427 dum-

1213 2454 1296 2482 taxat
1323 2459 1358 2482 ac
1385 2448 1562 2493 specialiter
1586 2451 1616 2483 et
1639 2457 1786 2492 expresse
1813 2446 1950 2491 deroga-

1214 2513 1298 2543 mus;
1316 2502 1491 2546 ceterisque
1508 2501 1675 2536 contrariis
1691 2500 1953 2546 quibuscumque.

1259 2556 1273 2599 g
1294 2556 1322 2589 7.
1343 2556 1494 2589 Volumus
1510 2560 1626 2595 autem,
1641 2553 1726 2599 quod
1740 2553 1954 2598 praesentium
1968 2558 2152 2607 mg‘gggffiml'm'

1215 2609 1431 2654 transumptis,
1456 2609 1551 2643 etiam
1575 2607 1753 2652 impressis,
1778 2616 1873 2641 manu
1902 2606 1955 2640 ali-

1940 216 1990 245 An.
2009 217 2040 246 C.
2061 217 2126 246 1631

2023 863 2138 888 nerogatio

1957 890 2118 912 contrariorum.
