2248 3229
256 236 306 265 An.
321 236 352 265 C.
371 236 440 266 1637
487 228 549 263 568

282 1255 439 1282 Exequutorum

257 1283 373 1310 deputatio.

283 2480 443 2503 contravenien-

262 2508 312 2527 tium
328 2514 417 2534 poenae.

454 293 483 320 et
507 287 644 328 integros
677 285 805 318 effectus
834 284 940 318 sortiri
972 289 1002 317 et
1026 285 1170 318 obtinere
1186 312 1194 326 ,

453 351 488 372 ac
511 339 662 372 fratribus
693 337 925 379 Augustinianis
960 337 1128 381 praedictis
1161 338 1193 369 in

454 392 599 426 omnibus
613 396 642 424 et
655 401 712 434 per
725 390 829 423 omnia
846 391 1027 433 plenissime
1045 391 1194 433 suffraga-

454 445 490 483 ri,
504 454 625 477 necnon
642 444 680 475 ab
694 443 839 476 omnibus
857 448 886 476 et
903 443 1045 486 singulis,
1059 443 1097 476 ad
1114 454 1194 487 quos

453 500 571 540 spectat
599 500 628 528 et
652 496 683 528 in
710 496 851 530 futurum
869 496 1106 540 quomodolibet
1123 507 1193 540 spe-

453 549 558 589 ctabit,
576 549 710 582 firmiter
736 554 766 582 et
790 549 1011 582 inviolabiliter
1028 550 1192 583 observari

452 607 623 647 perpetuo3
649 603 756 646 sicque
779 603 818 635 ab
843 603 989 636 omnibus
1007 603 1140 643 censeri,
1164 608 1193 637 et

453 657 495 689 ita
513 666 570 700 per
594 666 811 700 quoscumque
829 656 947 689 iudices
971 656 1148 689 ordinarios
1165 662 1195 689 et

453 709 623 752 delegatos,
644 709 737 741 ctiam
759 719 925 742 causarum
950 710 1057 753 palatii
1074 716 1195 753 aposto-

454 762 505 795 lici
529 761 699 803 auditores,
716 773 751 795 ac
772 768 895 795 sanctae
913 763 1071 796 Romanae
1092 763 1195 796 Eccle-

455 816 518 848 siae
542 815 731 857 cardinales,
757 816 850 848 etiam
875 816 913 849 de
944 817 1041 849 latere
1064 817 1194 859 legatos,

455 875 484 902 et
508 869 594 902 Sedis
618 870 817 913 Apostolicae
841 870 989 912 nuncios,
1015 870 1131 913 ubique
1166 875 1195 903 et

455 922 485 957 in
512 922 621 966 quavis
645 923 790 956 instantia
808 923 939 956 iudicari
958 928 987 957 et
1003 923 1127 956 deliniri
1142 924 1194 956 de-

454 978 546 1017 bere;
567 988 603 1010 ac
627 977 753 1010 irritum
770 982 800 1010 et
823 978 925 1018 inane,
947 978 972 1010 si
992 988 1082 1011 secus
1101 989 1195 1021 super

454 1032 503 1064 his
528 1042 545 1064 a
568 1041 738 1075 quoquam,
756 1032 865 1075 quavis
882 1032 1078 1072 auctoritate,
1096 1033 1196 1065 scien-

454 1090 501 1118 ter
532 1085 579 1118 vel
610 1085 814 1128 ignoranter,
840 1085 1007 1127 contigerit
1031 1085 1195 1127 attentari,

454 1139 639 1173 auctoritate
663 1144 692 1171 et
722 1143 829 1172 tenore
859 1138 1028 1182 praedictis
1052 1138 1196 1172 decerni-

456 1203 525 1225 mus
547 1197 577 1225 et
600 1192 805 1225 declaramus.

499 1245 567 1290 53.
600 1246 752 1284 Quocirca
780 1245 952 1279 venerabili
985 1246 1073 1278 sratri
1110 1246 1194 1289 epis-

456 1310 536 1344 copo
561 1299 732 1341 Oriolensi,
758 1310 812 1332 seu
838 1299 951 1332 dilecto
981 1299 1047 1332 silio
1072 1299 1196 1332 officiali

456 1353 620 1393 Oriolensi,
642 1364 698 1397 per
717 1358 897 1396 praesentes
922 1353 1147 1386 committimus
1168 1358 1197 1385 et

457 1406 651 1448 mandamus,
677 1411 829 1449 quatenus
853 1406 929 1449 ipse,
955 1416 1013 1450 per
1033 1416 1075 1446 se,
1105 1407 1152 1438 vel
1169 1416 1198 1438 a-

456 1461 544 1501 lium,
559 1471 612 1493 seu
630 1461 717 1500 alios,
732 1465 913 1503 praesentes
927 1460 1045 1492 litteras
1063 1466 1092 1492 et
1109 1460 1139 1492 in
1153 1459 1196 1492 eis

457 1518 601 1547 contenta
614 1524 841 1557 quaecumque,
860 1513 912 1546 ubi
927 1518 956 1546 et
974 1513 1099 1556 quando
1117 1523 1196 1556 opus

457 1568 559 1608 fuerit,
585 1573 614 1600 ct
638 1567 759 1611 quoties
785 1578 844 1611 pro
868 1572 956 1611 parte
981 1567 1113 1599 fratrum
1139 1568 1197 1599 Au—

457 1621 708 1664 gustinianorum
720 1620 901 1653 huiusmodi
916 1620 1028 1653 suerint
1040 1620 1193 1664 requisiti,

457 1675 638 1708 solemniter
663 1674 868 1718 publicantes,
890 1673 1071 1717 eisdemque
1096 1673 1197 1706 fratri-

456 1728 515 1761 bus
539 1728 774 1770 Augustinianis
799 1728 829 1760 in
854 1729 1035 1771 praemissis
1062 1727 1195 1760 efficacis

457 1781 645 1814 defensionis
674 1781 829 1824 praesidio
863 1781 1061 1821 assistentes,
1086 1781 1198 1814 faciant

458 1834 642 1868 auctoritate
654 1836 762 1867 nostra
780 1835 952 1878 praemissa
969 1834 1073 1867 onmia
1091 1840 1121 1867 et
1135 1835 1197 1867 sin-

457 1888 530 1931 gula
555 1888 594 1920 ab
618 1887 665 1928 iis,
690 1887 727 1920 ad
752 1899 830 1931 quos
855 1894 973 1931 spectat
993 1894 1022 1921 et
1046 1899 1103 1932 pro
1123 1893 1196 1921 tem-

457 1952 533 1985 pore
559 1941 796 1985 quomodolibet
821 1941 981 1985 spectabit,
1007 1942 1197 1974 infuturum

458 1995 678 2027 inviolabiliter
694 1995 863 2035 observari,
878 1995 1067 2039 eosdemque
1084 1996 1197 2029 fratres

457 2048 699 2091 Augustinianos
717 2049 965 2092 praemissorum
985 2049 1151 2082 commodo
1169 2054 1197 2083 ct

458 2101 569 2135 effectu
593 2101 695 2145 quiete
721 2107 751 2134 et
766 2102 895 2145 pacifice
915 2102 975 2134 srui
1002 2107 1031 2134 et
1049 2103 1197 2145 gaudere,

457 2165 519 2188 non
543 2155 757 2198 permittentes
782 2155 850 2187 illos
874 2166 932 2198 per
960 2155 1094 2188 aliorum
1120 2167 1198 2199 quo-

459 2209 576 2242 rumvis
600 2209 751 2242 Ordinum
777 2214 807 2242 et
830 2209 1043 2242 institutorum
1068 2210 1195 2252 regula-

460 2274 519 2304 res,
534 2264 564 2296 in
578 2263 758 2307 praemissis
775 2264 886 2307 quovis
903 2267 1074 2307 praetextu,
1094 2265 1198 2304 causa,

459 2318 506 2350 vel
531 2318 707 2359 occasione,
727 2323 780 2350 aut
803 2318 878 2350 alias
899 2318 1137 2361 quomodolibet
1158 2318 1199 2350 in-

459 2371 563 2404 debite
588 2371 769 2413 molestari,
795 2371 995 2415 perturbari,
1021 2371 1199 2414 inquietari,

461 2426 508 2458 vel
534 2425 689 2469 impediri.

504 2479 518 2522 g
543 2478 572 2510 4.
597 2478 849 2512 Contradictores
868 2477 1024 2521 quoslibet
1049 2483 1079 2511 et
1102 2478 1201 2511 rebel-

461 2533 514 2573 les,
532 2536 585 2565 aut
602 2532 676 2564 alias
700 2532 732 2564 in
760 2532 941 2575 praemissis
958 2542 1020 2565 non
1045 2535 1200 2576 parentes,

456 2596 516 2626 *seu
533 2596 600 2619 sese
617 2587 855 2629 quomodolibet
869 2591 1073 2630 opponentes,
1094 2586 1200 2629 eisque

462 2639 623 2680 auxilium,
647 2640 813 2673 consilium
842 2640 889 2672 vel
913 2641 1050 2673 Pavorem
1076 2639 1200 2683 publice

1036 236 1215 261 BULLARIUM
1238 236 1392 261 ROMANUM

1227 285 1275 317 vet
1292 284 1424 326 occulte,
1442 284 1559 317 directe
1583 285 1631 318 vet
1655 285 1806 320 indirecte
1831 296 1963 330 quomo-

1227 337 1345 372 dolibet
1369 341 1573 381 praestantes,
1587 348 1644 382 per
1660 339 1838 381 sententias,
1858 349 1965 373 censu-

1227 401 1278 423 ras
1293 396 1323 424 et
1335 401 1453 434 poenas
1466 391 1702 432 ecclesiasticas,
1713 392 1835 437 aliaque
1851 404 1965 438 oppor-

1228 448 1303 476 tuna
1323 444 1400 476 iuris
1429 449 1459 477 et
1486 444 1558 478 sacti
1584 445 1733 486 remedia,
1757 447 1966 489 appellatione

1228 498 1401 541 postposita
1423 498 1665 542 compescendo,
1682 498 1893 542 legitimisque
1919 511 1966 533 su-

1227 561 1284 594 per
1317 550 1365 583 liis
1401 551 1553 584 habendis
1585 551 1715 585 servatis
1745 552 1945 596 processibus
1959 581 1966 595 ,

1229 605 1408 645 sententias,
1427 615 1575 638 censuras
1595 611 1624 638 et
1641 616 1757 650 poenas
1774 605 1856 650 ipsas
1873 606 1966 639 etiam

1229 657 1346 692 iteratis
1356 658 1476 691 vicibus
1490 659 1699 701 aggravando,
1714 659 1857 692 invocato
1873 659 1966 692 etiam

1229 711 1267 743 ad
1291 711 1362 752 hoc,
1379 712 1404 744 si
1428 722 1506 756 opus
1530 712 1633 753 suerit,
1651 712 1766 746 auxilio
1783 712 1904 746 brachii
1923 724 1968 746 se—

1229 764 1354 798 eularis.

1272 818 1288 861 §5
1312 817 1340 850 5.
1366 818 1434 851 Non
1464 818 1661 852 obstantibus
1693 819 1966 854 constitutionibus

1229 876 1257 904 et
1283 870 1535 904 ordinationibus
1555 873 1745 916 apostolicis,
1762 883 1798 906 ac
1817 883 1967 917 quorum-2

1230 924 1274 957 vis
1288 924 1450 965 ordinum,
1468 925 1759 968 congregationum,
1779 925 1967 970 illorumque

1229 977 1395 1010 domorum
1417 982 1447 1011 ct
1470 978 1613 1012 locorum
1638 979 1849 1022 regularium,
1875 979 1968 1012 etiam

1230 1031 1416 1072 iuramento,
1442 1032 1682 1066 confirmatione
1705 1033 1896 1077 apostolica,
1921 1034 1969 1067 vel

1229 1086 1338 1129 quavis
1357 1086 1506 1119 firmitate
1529 1087 1590 1119 alia
1615 1087 1781 1128 roboratis,
1795 1087 1916 1121 statutis
1940 1092 1971 1120 et

1230 1139 1519 1180 consuetudinibus,
1533 1140 1706 1184 privilegiis
1723 1151 1858 1184 quoque,
1872 1140 1970 1174 indul-

1232 1193 1270 1226 tis
1298 1198 1327 1226 et
1349 1193 1460 1226 litteris
1493 1193 1684 1237 apostolicis,
1710 1194 1771 1227 illis
1797 1204 1970 1238 eorumque

1230 1246 1447 1290 superioribus
1458 1250 1488 1280 et
1501 1247 1654 1291 personis,
1669 1257 1704 1280 ac
1716 1247 1878 1291 quibusvis
1890 1247 1969 1289 aliis,

1231 1299 1288 1332 sub
1313 1299 1564 1344 (piibuscumque
1590 1300 1863 1343 derogatoriarum
1883 1301 1971 1334 dero-

1231 1353 1371 1395 gatoriis‚
1397 1352 1528 1396 aliisque
1552 1353 1700 1394 decretis,
1726 1353 1757 1386 in
1781 1363 1898 1397 genere
1923 1354 1970 1387 vel

1232 1407 1261 1439 in
1287 1407 1400 1450 specie,
1419 1417 1455 1440 ac
1472 1407 1547 1440 alias
1564 1407 1596 1440 in
1621 1407 1815 1440 contrarium
1840 1417 1972 1451 quomo·

1231 1461 1348 1494 dolibct
1368 1461 1534 1503 concessis,
1553 1461 1746 1494 confirmatis
1763 1465 1792 1493 et
1805 1461 1969 1501 innovatis

1231 1514 1345 1558 quibus
1370 1514 1518 1547 omnibus
1543 1519 1572 1546 et
1596 1513 1737 1556 singulis,
1755 1523 1865 1547 eorum
1889 1518 1972 1547 teno-

1231 1579 1280 1601 res
1298 1568 1518 1612 pracsentibus
1531 1578 1591 1612 pro
1609 1567 1800 1601 sufficienter
1816 1568 1971 1612 expressis

1231 1621 1391 1661 habentes,
1405 1620 1465 1653 illis
1481 1621 1556 1653 alias
1575 1621 1606 1652 in
1622 1631 1679 1653 suo
1697 1621 1811 1654 robore
1824 1631 1970 1664 perman-

1231 1674 1332 1715 suris,
1357 1675 1415 1707 hac
1449 1674 1515 1706 vice
1544 1673 1705 1708 dumtaxat
1737 1673 1914 1717 specialiter
1939 1678 1970 1706 et

1231 1738 1379 1771 expresse
1399 1727 1598 1770 derogamus3
1617 1727 1791 1770 ceterisque
1805 1726 1971 1760 contrariis

1231 1781 1492 1826 quibuscumque.

1274 1835 1385 1867 Datum
1400 1835 1528 1873 Romae,
1542 1833 1625 1877 apud
1638 1833 1666 1866 S.
1685 1833 1822 1874 Petrum⁷
1847 1833 1904 1866 sub
1920 1843 1973 1865 an-

1230 1889 1305 1920 nulo
1324 1887 1500 1927 piscatoris,
1516 1887 1566 1920 die
1579 1897 1622 1920 xli
1637 1887 1769 1920 ianuarii
1782 1896 1970 1926 mccxxxvn,

1230 1942 1430 1986 pontificatus
1456 1941 1555 1974 nostri
1579 1951 1661 1974 anno
1686 1951 1751 1975 Χιν.

1267 2003 1325 2030 Dat.
1342 2002 1386 2030 die
1405 2003 1436 2030 12
1454 2003 1568 2030 ianuarii
1585 2002 1662 2037 1637,
1680 2002 1775 2038 pontif.
1794 2010 1863 2031 anno
1879 2010 1933 2030 xiv.

1540 2146 1667 2179 DLXlll.

1234 2229 1478 2271 Confirmcmlm·
1491 2227 1731 2260 constitutiones
1746 2226 1875 2270 colleyiz·
1886 2226 1973 2260 Nau-

1276 2281 1395 2314 bertini
1407 2280 1908 2315 Carmele'tarumParisiensz'um
1919 2289 1972 2312 an-

1279 2337 1388 2379 tiquae
1413 2332 1662 2368 observantiae¹.

1422 2415 1559 2442 Urbanus
1590 2415 1670 2448 Papa
1696 2414 1774 2448 VIII,

1349 2462 1385 2488 ad
1409 2462 1585 2494 perpetuam
1604 2460 1649 2487 rei
1672 2458 1851 2486 memoriam.

1278 2532 1311 2564 ln
1337 2540 1486 2574 supremo
1522 2530 1716 2574 apostolatus
1748 2529 1826 2562 solio
1851 2530 1970 2563 meritis

1215 2590 1217 2610 ²
1233 2585 1305 2618 licet.
1325 2584 1499 2628 imparibus
1516 2584 1668 2616 immensa
1686 2582 1903 2626 Redemptoris
1919 2593 1971 2616 no-

1215 2643 1217 2657 t

1272 2649 1280 2674 1
1305 2647 1340 2673 Ex
1362 2646 1468 2682 Regest.
1489 2645 1516 2673 in
1536 2646 1639 2673 Secret.
1660 2644 1736 2672 Brev.

1979 236 2028 265 An.
2045 237 2075 264 C.
2095 237 2161 266 1637

2048 830 2164 851 Contrariis

1982 856 2076 883 derogat.

2014 2534 2152 2555 Prooemium.
