2248 3229
493 227 556 262 760
1039 238 1214 263 BULLARIUM
1239 239 1391 264 nominum

445 290 633 325 Dioecesani
657 290 726 323 iura
751 298 768 323 a
794 289 934 324 Concilio
956 290 1141 326 Tridentino
1166 296 1285 326 asserta
1310 294 1394 327 circa
1418 297 1652 328 sacramentum
1676 296 1891 338 poenitentiae
1915 305 1977 331 ser·

534 347 662 383 vantur,
692 344 725 374 ii
756 352 775 374 α
800 346 830 375 ct
854 342 880 375 b.

443 397 613 430 Dohanerii
645 396 782 428 officium
814 396 973 439 quondam
997 398 1029 431 In
1055 397 1138 431 Urbe
1163 400 1357 441 institutum,
1383 399 1446 432 302
1471 399 1506 439 b3
1532 399 1571 433 ab
1596 398 1722 434 Urbano
1747 400 1817 434 VIII
1841 403 1976 446 suppri-

531 450 636 488 mitur,
664 447 740 480 ibid.

442 502 553 536 Donati
579 503 610 535 in
635 500 757 536 Ordine
782 500 836 534 SS.
861 502 1021 538 Trinitatis
1046 504 1289 548 Redemptionis
1307 507 1505 549 captivorum
1530 516 1592 540 non
1617 506 1753 551 amplius
1777 507 1973 551 admittendi,

528 555 591 587 4253
617 566 654 595 (⁶3
688 560 718 589 et
751 558 806 601 qni
837 559 958 601 recepti
983 558 1120 600 fuerunt,
1146 560 1266 603 possint
1290 559 1329 593 ad
1354 558 1497 594 habitum
1522 560 1655 594 fratrum
1685 560 1836 596 laicorum
1860 561 1973 606 redigi,

529 607 607 641 ibid.

435 931 669 968 Ecclesiasticis
693 934 784 976 regni
808 932 958 967 Potoniae
988 933 1069 968 facta
1101 933 1233 968 facultas
1265 934 1444 969 subsidium
1475 934 1545 979 regi
1576 935 1760 979 praestandi
1790 946 1848 981 pro
1878 938 1969 981 regni

525 985 781 1027 necessitatibus,
809 986 870 1019 445
896 997 925 1020 a.

434 1038 668 1075 EcclesiasticIs
693 1042 825 1074 vetitum
856 1050 895 1074 ne
927 1041 958 1074 in
992 1041 1136 1075 ecclesus
1172 1041 1222 1075 vel
1255 1041 1388 1075 aedibus
1420 1043 1485 1075 suis
1522 1041 1630 1086 legant
1660 1042 1813 1077 lectiones
1843 1042 1967 1087 legum,

524 1093 713 1134 medicinae,
739 1094 788 1126 vel
814 1093 945 1127 aliarum
971 1096 1085 1128 artIum
1110 1097 1188 1138 ipsis
1213 1095 1460 1138 prohibitarum,
1482 1096 1523 1128 59
1545 1095 1571 1128 b.

432 1145 615 1181 Elborensis
642 1148 902 1190 archiepiscopus
934 1156 1045 1180 causas
1077 1147 1172 1181 babet
1203 1157 1274 1182 cum
1306 1149 1482 1184 Ordinibus
1514 1149 1703 1184 milliaribus
1733 1150 1966 1193 portugalliae,

523 1201 584 1233 260
603 1201 634 1241 b;
661 1201 700 1234 de
725 1201 864 1234 iudicum
890 1202 1105 1234 nominatione
1132 1211 1187 1243 pro
1213 1202 1250 1233 iis
1275 1201 1481 1242 deliniendis,
1507 1201 1584 1234 ibid.

432 1252 593 1288 Electores
626 1255 708 1287 sacri
741 1254 886 1287 Romanii
917 1255 1052 1297 imperii,
1079 1255 1139 1287 556
1167 1266 1202 1295 (13
1229 1255 1352 1288 litterae
1376 1255 1415 1288 ad
1447 1265 1501 1289 eos
1529 1254 1620 1289 datae
1645 1255 1685 1290 de
1713 1257 1903 1292 necessitate
1935 1260 1967 1292 et

521 1307 620 1340 forma
646 1306 786 1350 eligendi
814 1315 923 1349 regem
950 1307 1172 1349 Romanorum,
1200 1308 1275 1341 ibid.

430 1358 581 1394 Emanuel
616 1359 806 1393 Philibcrtns
831 1360 1009 1393 sabaudiae
1035 1360 1099 1394 dux
1120 1365 1151 1395 et
1176 1362 1417 1396 Pedeinoiitium
1442 1363 1603 1406 princeps,
1628 1362 1688 1396 466
1716 1363 1749 1401 b;
1775 1362 1830 1396 diu
1854 1364 1967 1398 transit

517 1415 752 1458 possessionem
778 1414 959 1457 Crepacorii
990 1416 1158 1448 comitatus
1189 1415 1401 1449 Vei-cellensis
1434 1417 1613 1457 dioecesis,
1639 1420 1669 1449 et
1699 1420 1808 1460 postea
1843 1416 1966 1451 iuribus

519 1469 654 1511 cognitis
679 1467 806 1500 dimittit
831 1471 862 1501 ot
892 1467 1046 1501 relaxavit
1075 1468 1171 1502 Besso
1203 1469 1377 1503 marchioni
1403 1469 1586 1507 iusseram,
1614 1468 1690 1502 ibid.

429 1519 587 1564 EpiScopi‚
613 1522 638 1554 si
664 1520 742 1554 ultra
768 1530 822 1553 sex
849 1530 974 1553 menses
999 1523 1064 1554 suis
1089 1531 1106 1554 a
1131 1522 1334 1556 dioecesibus
1359 1522 1472 1564 absint,
1498 1527 1641 1567 quartam
1667 1527 1787 1567 partem
1808 1524 1965 1558 fructuum

515 1575 682 1614 amittunt,
708 1574 770 1607 457
789 1575 822 1613 ἐκ
850 1578 917 1617 post
941 1574 1019 1607 alios
1049 1584 1109 1608 sex
1129 1586 1253 1609 menses
1270 1577 1364 1610 aliam
1390 1580 1534 1621 quartam
1561 1581 1694 1620 partem,
1720 1576 1812 1616 ibid.;
1837 1579 1864 1611 si
1890 1586 1965 1611 vero

517 1627 622 1661 adnue
645 1628 762 1661 fuerint
787 1631 998 1669 contumaces,
1024 1638 1041 1661 a
1066 1628 1207 1662 Romano
1230 1629 1379 1664 Pontitice
1407 1632 1485 1673 ipsis
1509 1632 1626 1673 privari
1653 1634 1785 1673 possunt
1808 1630 1964 1673 ecclesiis,

518 1680 616 1719 ibid.;
643 1691 752 1714 omnes
778 1681 848 1724 lege
875 1682 1066 1716 residentiae
1091 1682 1242 1726 obligari,
1261 1686 1354 1717 etiam
1390 1684 1585 1724 cardinales,
1610 1684 1671 1717 458
1705 1694 1740 1722 (ι;
1773 1693 1833 1716 non
1866 1693 1965 1718 excu-

516 1739 625 1768 santur
649 1737 708 1768 nisi
735 1734 898 1768 absentiae
924 1746 1019 1769 causa
1044 1738 1074 1769 in
1100 1739 1225 1779 scriptis
1249 1737 1422 1780 approbata
1449 1737 1553 1776 fuerit,
1581 1736 1669 1776 i'bi'd.;
1694 1736 1841 1770 omnibus
1867 1738 1963 1770 etiam

516 1787 743 1825 cardinalibuz,
762 1790 937 1831 precipitur
954 1793 986 1822 ut
1004 1790 1082 1822 infra
1103 1789 1199 1823 breve
1219 1793 1344 1833 teinpus
1362 1791 1591 1833 praescriptum
1612 1789 1650 1822 ad
1669 1799 1742 1822 suas
1759 1789 1913 1823 ecclesias
1930 1799 1964 1823 se

519 1841 692 1880 conterent,
719 1841 781 1874 458
803 1852 822 1873 α
842 1845 872 1874 et
893 1842 926 1879 ὸς
952 1851 1010 1874 nec
1028 1842 1101 1875 inde
1120 1842 1285 1875 discedere
1303 1845 1373 1876 sine
1392 1843 1517 1875 licentia
1536 1843 1668 1876 Romani
1687 1842 1857 1884 pontilicis,
1874 1842 1962 1883 ibicl.;

516 1898 641 1936 tempus
667 1893 830 1927 absentiae
856 1894 1005 1928 desinitur
1030 1906 1085 1938 pro
1113 1897 1290 1929 visitatione
1316 1897 1461 1931 liminum
1487 1896 1749 1940 apostolicorum,
1780 1896 1831 1930 vel
1863 1896 1963 1931 cardi-

518 1947 643 1981 nalibus
668 1949 699 1980 in
727 1949 891 1981 mentione
917 1948 1007 1981 Sedis
1032 1948 1242 1992 Apostolicae,
1269 1951 1328 1983 461
1357 1962 1387 1983 a.

428 2000 657 2044 Epis‹·oporum
685 2000 856 2034 familiares
881 2003 1009 2045 quinam
1037 2011 1106 2034 esse
1133 2012 1193 2036 non
1228 2005 1368 2046 possint,
1404 2003 1465 2037 506
1494 2007 1524 2037 et
1548 2014 1608 2048 seq.

426 2053 574 2097 Episcopi
600 2053 741 2087 nonnulli
768 2056 858 2097 regni
884 2054 1005 2088 Galliae
1032 2057 1094 2088 vita
1120 2059 1149 2089 et
1175 2056 1315 2090 moribus
1342 2056 1620 2100 reprehensibiles,
1646 2057 1709 2090 697
1733 2066 1794 2101 seq.

424 2105 601 2151 Episcopus
627 2111 728 2150 potest
753 2107 831 2141 duos
857 2108 1045 2142 cathedralis
1066 2109 1221 2144 ecclesiae
1247 2110 1296 2143 vel
1322 2110 1507 2152 collegiatae
1533 2119 1700 2144 canonicos
1726 2120 1781 2154 pro
1806 2109 1962 2144 dioecesis

514 2163 696 2195 visitatione
721 2171 895 2200 assumere,
922 2165 974 2207 qui
1001 2165 1126 2197 interim
1151 2163 1271 2198 fructus
1296 2164 1499 2208 praebendae
1527 2174 1600 2198 suos
1625 2164 1750 2205 faciant,
1776 2165 1899 2198 amissis
1919 2163 1963 2198 di-

513 2215 755 2249 stributionibus
780 2216 990 2260 quotidianis,
1018 2215 1095 2249 ibid.

425 2267 575 2303 Ernestus
601 2269 791 2302 A‹tatnei-iii‚·
816 2269 987 2303 cardinalis
1012 2270 1051 2303 ab
1077 2269 1219 2304 Harrach
1238 2270 1393 2304 ecclcsiae
1412 2271 1581 2314 Pragensis
1597 2269 1741 2315 praesul,
1759 2270 1799 2304 70
1818 2271 1850 2307 b:
1871 2270 1961 2305 Facta

514 2323 543 2355 ei
570 2326 707 2364 potestas
734 2323 928 2365 transigendi
963 2333 1032 2356 cum
1060 2323 1260 2357 Fordinando
1286 2326 1474 2367 imperatore
1496 2335 1593 2368 super
1618 2324 1708 2358 bonis
1734 2323 1960 2358 ecclesiasticis

513 2384 594 2419 quae
626 2375 698 2408 olim
732 2378 762 2409 in
796 2386 893 2419 regno
926 2376 1096 2410 Boliemiae
1134 2376 1286 2410 baeretici
1318 2382 1534 2422 occuparunt,
1567 2377 1661 2417 ibi'cl.;
1687 2381 1856 2412 transactio
1885 2378 1961 2412 inita

512 2428 648 2461 retertur
673 2432 703 2462 et
727 2430 948 2464 contii-matur,
975 2430 1034 2463 331
1064 2434 1093 2463 ei
1118 2440 1181 2474 seq.

427 2479 589 2523 Espernon
618 2481 700 2523 (Dux
727 2482 779 2523 dr)
808 2482 877 2515 ride
902 2482 1062 2526 Aloysius.

425 2532 578 2567 Exaltatio
593 2537 629 2568 iis
656 2536 685 2568 S.
712 2535 821 2569 Crucis
846 2539 981 2570 societas
999 2541 1087 2571 extra
1107 2548 1210 2571 muros
1231 2539 1367 2572 civitatis
1385 2538 1574 2573 ParIsiensis
1596 2543 1711 2579 erecta,
1733 2539 1797 2574 429
1813 2550 1833 2572 α
1851 2542 1881 2572 et
1895 2549 1957 2584 seq.

513 2587 633 2621 Statuta
660 2600 714 2632 pro
739 2592 807 2622 eius
834 2593 986 2633 regimine
1013 2592 1106 2630 edita,
1134 2591 1210 2624 iliid.
1236 2591 1470 2626 Conlirinantur
1494 2593 1533 2626 ab
1560 2592 1685 2627 Urbano
1710 2593 1804 2637 Papa,
1831 2592 1892 2627 435
1910 2592 1938 2625 b.

425 2638 675 2676 Exoneratorum
699 2642 884 2686 cymbarum
910 2644 949 2677 de
975 2643 1058 2678 Urbe
1083 2645 1233 2679 sodalitas
1257 2649 1288 2679 et
1311 2649 1436 2689 statuta,
1462 2646 1526 2680 635
1551 2646 1567 2679 b
1592 2650 1623 2680 et
1645 2656 1706 2690 seq.
