2248 3229
159 225 211 256 ΑΒ.
228 226 256 254 c.
279 226 347 254 1636
393 216 456 250 5602

181 1408 239 1429 Nunc
249 1406 347 1434 oppidum

164 1434 281 1456 Mercalelh
310 1434 348 1456 [r-

164 1461 242 1484 baniae
249 1477 254 1487 ,

356 274 520 308 ecclesiam
547 272 758 305 cathedralem
784 270 954 304 Urbaniam
980 280 1097 302 nuncu-

355 332 460 372 patam
485 337 521 360 ex
546 325 676 359 ecclesia
702 325 730 357 S,
761 322 977 366 Christophori
1002 322 1096 355 abha-

357 381 417 414 tiae
441 383 639 423 nuncupatae
664 377 760 411 Castri
779 375 936 416 Durantis‚
954 379 984 409 et
1003 376 1098 408 eccle-

357 434 433 467 siam
459 432 669 466 cathedralem
694 431 723 464 S.
750 430 858 472 Angeli
884 432 1097 473 nuncupatam

358 498 394 520 ex
419 485 550 520 ecclesia
574 484 902 527 archipresbyteratus
926 482 1098 526 nuncupati

358 539 463 585 oppidi
478 540 506 572 S.
521 538 631 581 Angeli
646 538 676 569 in
694 537 778 569 Vade
799 536 829 569 in
846 535 1008 580 provincia
1025 537 1099 568 Mas-

358 604 409 627 sae
422 592 591 625 Trabariae
606 590 786 635 provinciae
804 589 1019 623 Urbinatensis
1036 599 1100 622 ere-

358 646 508 685 xerimus,
530 650 561 677 et
584 655 642 687 pro
671 643 806 676 dioecesi
830 645 1028 687 episcopatus
1046 643 1100 676 Ur-

358 700 468 734 baniae
482 698 659 732 districtum
675 697 920 731 ecclesiasticum
935 697 1036 729 dictae
1050 696 1101 728 al]-

358 754 462 786 batiae
489 762 573 785 nunc
605 761 792 795 suppressae
821 751 850 785 S.
880 750 1099 794 Christopliori

359 806 624 849 assignaverimus
642 806 787 848 (excepto
805 804 965 837 territorio
983 814 1038 836 seu
1058 803 1101 836 di-

361 860 471 894 strictu
495 859 524 893 S.
550 858 670 901 Angeli‚
688 858 771 902 quod
792 869 852 902 pro
872 857 1007 891 dioecesi
1023 857 1102 890 eius-

360 913 430 946 dem
455 913 655 957 episcopatus
679 912 707 945 S.
734 911 842 954 Angeli
860 910 1100 954 assignavimus)

360 967 549 1010 easdemque
566 966 714 999 ecclesias
734 965 929 999 cathedrales
947 965 1102 999 Urbaniae

361 1026 391 1054 et
404 1021 432 1054 S.
443 1020 553 1064 Angeli
570 1020 609 1052 ad
621 1020 754 1053 invicem
768 1030 867 1064 aeque
882 1019 1100 1064 principaliter

361 1080 480 1108 erectas
503 1074 708 1114 univerimus,
725 1084 783 1116 pro
800 1083 862 1105 uno
880 1073 1027 1116 episcopo
1048 1072 1101 1116 qui

362 1128 458 1161 verbo
482 1133 513 1160 et
537 1128 682 1170 exemplo
708 1127 937 1170 disciplinaque
961 1126 1103 1159 ecclesia-

362 1182 438 1215 stica
462 1181 596 1225 populos
620 1180 853 1224 praedictarum
879 1179 1039 1212 civitatum
1061 1179 1103 1211 in-

363 1235 463 1268 vicem
494 1235 652 1268 unitarum
686 1240 830 1278 pasceret
860 1238 890 1267 et
913 1234 1102 1275 instrueret,

362 1294 457 1333 prout
473 1289 504 1321 in
524 1288 635 1322 litteris
653 1288 833 1331 apostolicis
853 1288 990 1332 desuper
1014 1297 1104 1331 expe-

363 1343 435 1376 ditis
458 1343 551 1375 latius
576 1342 753 1375 continetur
767 1341 792 1373 ¹:

408 1398 422 1441 g
447 1396 475 1429 2.
502 1397 627 1438 Verum,
649 1396 732 1439 quia,
748 1400 782 1427 ut
806 1395 996 1439 accepimus,
1014 1404 1104 1438 prae-

363 1451 463 1484 dictae
480 1450 639 1483 dioeceses
652 1460 715 1482 non
730 1450 863 1482 multum
883 1450 1005 1493 amplae
1023 1454 1104 1491 sunt,

364 1510 394 1537 et
418 1514 518 1548 prope
542 1504 611 1536 illas
643 1508 747 1536 extant
778 1508 881 1535 terrac
912 1513 966 1535 seu
991 1502 1105 1546 oppida

364 1557 532 1592 Mercatelli
557 1562 587 1589 et
611 1557 766 1597 Lamolae,
784 1568 875 1600 quae,
893 1568 964 1589 cum
985 1556 1055 1599 sint⁷
1072 1562 1106 1589 ut

364 1611 591 1655 praetenditur,
616 1611 732 1643 nullius
757 1610 918 1650 dioecesis,
944 1610 1058 1642 melius
1074 1610 1106 1642 in

365 1664 580 1709 spiritualibus
611 1664 650 1696 ab
683 1664 831 1708 episeopo
863 1674 957 1707 quani
982 1664 1020 1695 ab
1045 1663 1106 1697 alio

365 1719 506 1751 inferiori
538 1723 686 1762 poterunt
718 1718 905 1761 gubernari:
932 1717 1002 1750 ideo
1027 1727 1105 1757 nos,

366 1772 504 1805 volentes
528 1772 687 1804 dioeceses
705 1771 880 1815 praedictas
898 1771 1059 1814 ampliare,
1078 1776 1108 1804 et

367 1825 498 1858 subditis
522 1826 736 1868 praestiturum
762 1830 920 1857 terrarum
945 1835 1001 1857 seu
1021 1824 1108 1868 oppi-

366 1879 480 1911 dorum
504 1878 672 1911 Mercatelli
694 1882 724 1911 et
747 1878 908 1917 Lamolae,
934 1888 1107 1921 eorumque

367 1931 522 1974 gubernio
555 1936 584 1964 et
619 1931 766 1974 regimini
799 1931 902 1974 quoad
933 1931 1107 1974 spiritualia

368 1985 543 2025 consulere,
562 1990 749 2028 tenoresque
764 1990 793 2017 et
807 1984 994 2027 compendia
1011 1984 1110 2016 indul-

369 2043 472 2071 torum
493 2043 523 2070 et
546 2037 794 2081 privilegiorum,
813 2037 905 2070 eliam
924 2036 1110 2081 apostolico-

369 2103 450 2133 rum,
475 2092 591 2125 eisdem
617 2092 710 2124 terris
731 2102 785 2124 seu
806 2091 940 2134 oppidis,
966 2095 1027 2124 tam
1052 2101 1108 2134 per

369 2146 715 2180 RomanosPontifices
751 2146 1011 2189 praedecessores
1046 2155 1108 2178 no—

370 2207 461 2242 stros,
478 2211 572 2245 quam
597 2210 654 2244 per
671 2210 888 2243 quoscumque
905 2199 983 2232 alios
1007 2199 1109 2232 euius-

371 2266 505 2299 cumque
529 2253 708 2297 dignitatis,
734 2254 827 2285 etiam
860 2253 1110 2294 ecclesiasticae,

372 2314 484 2349 status,
513 2308 629 2351 gradus
644 2334 651 2347 ,
676 2307 865 2340 conditionis
890 2312 919 2339 et
943 2307 1110 2350 qualitatis,

372 2363 465 2395 etiam
490 2361 616 2406 speciali
640 2363 715 2394 nota
735 2361 856 2403 dignos,
874 2360 1112 2404 quomodolibet

374 2420 403 2448 et
422 2415 695 2458 quandocumque,
713 2416 806 2448 causa
822 2414 1051 2458 quantumlibet
1066 2424 1113 2446 ra-

374 2469 524 2511 tionabili,
545 2469 717 2509 [arei-ahili,
735 2469 861 2513 publica
886 2472 915 2502 et
938 2469 1000 2513 pia,
1018 2468 1111 2501 etiam

375 2523 406 2555 in
430 2533 563 2567 corpore
588 2523 665 2556 iuris
690 2523 814 2563 clausa,
843 2522 935 2557 etiam
960 2522 1010 2556 hic
1035 2532 1109 2566 spe-

413 2640 424 2666 1
443 2638 514 2670 Quas
524 2639 582 2667 vide
593 2639 621 2666 in
635 2639 687 2667 loc.
701 2639 746 2667 cit.
758 2639 785 2666 in
796 2639 859 2667 nota
873 2639 906 2666 ad
918 2639 1020 2666 rubric.
1034 2638 1111 2674 (ar).

934 221 1111 246 ssULLAan
1137 220 1291 245 ROMANUM

1131 268 1251 302 cialiter
1276 269 1479 313 exprimenda
1497 274 1527 303 et
1551 269 1727 314 inserenda,
1745 281 1870 307 conces-

1132 333 1240 357 sorum
1265 328 1294 356 et
1318 328 1546 366 emanatorum,
1573 335 1608 357 ac
1633 326 1727 358 etiam
1750 327 1869 370 pluries

1131 377 1381 420 approbatorum
1406 382 1437 410 et
1461 377 1730 419 confirmatorum,
1753 389 1788 412 ac
1811 391 1870 413 usu

1133 431 1225 462 etiam
1243 430 1461 473 antiquissimo
1479 435 1688 474 receptorum,
1706 442 1764 474 pro
1780 433 1871 475 plene

1133 483 1290 526 expressis
1316 488 1346 515 ct
1369 483 1494 517 insertis
1510 484 1670 524 habentes,
1695 489 1783 517 motu
1803 496 1872 528 pro-

1132 536 1212 579 prio,
1230 538 1379 579 certaque
1404 536 1532 569 scientia
1557 547 1592 570 ac
1618 540 1739 571 matura
1756 537 1873 570 delibe-

1133 589 1254 622 ratione
1278 589 1417 630 nostris,
1446 589 1547 632 deque
1570 590 1761 634 apostolicae
1784 594 1872 634 pole-

1134 642 1220 674 statis
1234 642 1438 685 plenitudine,
1456 642 1598 675 eamdem
1617 648 1733 676 terram
1751 653 1807 676 seu
1823 654 1874 687 op-

1134 695 1244 739 pidum
1260 696 1440 738 Mercatelli‚
1462 696 1666 740 eiusdemque
1686 697 1874 739 districtum,

1134 749 1237 793 quoad
1262 749 1510 783 iurisdictionem
1536 750 1791 792 ecclesiasticam,
1818 762 1875 794 per

1134 803 1442 848 archipresbyterum
1467 803 1616 836 ecelesiae
1632 804 1816 847 collegiatae
1832 804 1875 837 di-

1135 861 1202 890 ctae
1228 861 1330 890 terrae
1347 857 1498 890 hactenus
1519 857 1659 890 exerceri
1683 857 1818 899 solitam,
1836 858 1876 891 ei-

1136 910 1206 943 dem
1222 910 1358 943 dioeeesi
1384 910 1533 943 ecclesiae
1551 910 1707 943 Urbaniae
1720 916 1876 955 perpetuo

1136 964 1203 997 sine
1236 964 1367 997 alicuius
1399 963 1594 1008 praeiudicio
1627 964 1823 998 annectimus
1848 971 1878 999 et

1136 1018 1388 1061 incorporamus,
1406 1017 1549 1050 eamdem
1565 1017 1814 1052 iurisdictionem
1832 1030 1878 1052 ec-

1137 1071 1344 1104 clesiasticam
1379 1082 1474 1115 super
1505 1071 1646 1104 ecclesiis
1678 1077 1708 1105 et
1735 1073 1879 1116 personis

1137 1125 1390 1168 quibuscumque
1415 1125 1555 1158 eiusdem
1572 1130 1676 1159 terrae
1692 1136 1747 1159 seu
1771 1126 1878 1170 oppidi

1136 1179 1304 1213 Mercatelli
1330 1179 1460 1223 eiusque
1484 1179 1644 1213 districtus
1669 1180 1809 1213 exerceri
1830 1191 1879 1214 so-

1137 1233 1235 1273 litam,
1253 1238 1283 1266 et
1299 1232 1375 1265 alias
1392 1232 1629 1276 quomodolibet
1653 1233 1816 1277 praedicto
1833 1244 1880 1267 ar-

1139 1286 1380 1331 chipresbytero
1405 1291 1655 1330 competentem,
1680 1287 1783 1321 eidem
1814 1288 1880 1332 epi-

1139 1340 1281 1384 scopatui
1314 1340 1464 1373 ecclesiae
1491 1340 1647 1373 [maniae
1677 1345 1708 1373 et
1732 1341 1880 1385 episcopo

1139 1394 1296 1437 praefatae
1321 1393 1472 1426 ecclesiae
1496 1403 1579 1427 nunc
1604 1398 1635 1427 et
1658 1404 1717 1438 pro
1738 1399 1880 1439 tempore

1140 1446 1283 1479 existenti
1308 1447 1401 1480 etiam
1430 1452 1585 1491 perpetuo
1616 1447 1726 1481 damus
1746 1453 1777 1481 et
1800 1458 1877 1482 cone

1140 1500 1290 1542 cedimus,
1320 1505 1498 1544 statumque
1524 1505 1554 1533 et
1578 1501 1744 1534 essentiam
1765 1502 1882 1535 nullius

1140 1553 1292 1587 dioecesis
1317 1553 1409 1586 etiam
1434 1558 1588 1597 perpetuo
1614 1554 1762 1596 tollimus,
1787 1555 1882 1588 extin-

1140 1608 1268 1651 guimus
1293 1613 1320 1640 et
1346 1607 1559 1650 abrogamus,
1589 1608 1795 1652 eamdemque
1820 1614 1880 1642 ter-

1141 1672 1208 1694 ram
1234 1671 1289 1694 seu
1313 1661 1465 1704 oppidum
1489 1661 1668 1703 Mercatelli,
1689 1662 1793 1705 quoad
1818 1663 1882 1707 spi-

1141 1715 1265 1748 ritualia
1290 1719 1320 1747 et
1344 1714 1403 1746 alia
1431 1714 1469 1747 ad
1500 1714 1603 1748 forum
1636 1715 1882 1749 ecclesiasticum

1142 1767 1336 1812 spectantia,
1362 1767 1461 1800 eidem
1499 1768 1691 1812 episcopatui
1729 1768 1883 1802 Urbaniae

1142 1833 1200 1866 pro
1218 1832 1291 1855 suae
1305 1821 1457 1855 dioecesis
1475 1821 1677 1865 ampliatione
1690 1822 1883 1864 subiicimus,

1143 1876 1280 1919 exceptis
1297 1881 1400 1908 tamen
1419 1875 1480 1908 illis
1497 1886 1549 1908 sex
1567 1875 1708 1909 ecclesiis
1723 1877 1884 1920 parochia-

1142 1929 1235 1970 libus,
1255 1939 1334 1973 quae
1359 1927 1457 1962 sitae¹
1484 1933 1556 1962 sunt
1580 1929 1612 1962 in
1636 1930 1801 1974 temporali
1825 1935 1886 1964 ter-

1143 1983 1265 2026 ritorio,
1281 1983 1355 2016 olim
1370 1988 1472 2016 terrae
1486 1993 1541 2016 seu
1554 1983 1671 2027 oppidi,
1684 1994 1767 2017 nunc
1780 1989 1886 2017 autem

1144 2037 1302 2080 praefatae
1327 2037 1460 2070 civitatis
1485 2037 1512 2069 S.
1539 2037 1659 2080 Angeli,
1684 2047 1761 2081 quas
1786 2039 1885 2071 eccle-

1144 2091 1215 2131 sias,
1240 2101 1413 2134 earumque
1434 2091 1600 2135 parochias
1621 2096 1650 2124 et
1666 2091 1885 2135 parochianos,

1144 2154 1267 2177 necnon
1291 2144 1484 2188 praedictam
1516 2148 1631 2178 terram
1657 2155 1712 2178 seu
1736 2145 1884 2189 oppidum

1145 2198 1300 2241 Lamolae,
1323 2198 1481 2231 eiusdem⁴²
1501 2198 1677 2232 districtum
1702 2200 1914 2238 ecclesiasti-1>

1145 2264 1227 2293 cum,
1252 2262 1288 2285 ac
1313 2252 1562 2286 iurisdictionem
1588 2253 1830 2286 ecclesiasticam
1855 2245 1914 2286 in‘c1

1903 2300 1911 2312 5

1902 2191 1914 2205 u

1146 2306 1228 2339 illius
1245 2310 1275 2340 et
1293 2306 1418 2339 illarum
1436 2306 1583 2339 ecclesias
1600 2311 1630 2339 et
1653 2317 1806 2350 personas
1830 2317 1888 2351 per
1902 2319 1937 2339 cn.

1146 2361 1291 2393 ahbatem
1317 2371 1372 2393 seu
1405 2359 1710 2393 commendatariurn
1747 2361 1887 2394 exerceri

1147 2415 1269 2447 solitam
1278 2413 1298 2455 ³,
1317 2413 1499 2458 eidemque⁴
1515 2413 1650 2448 dioecesi
1671 2414 1822 2449 ecclesiae
1841 2424 1888 2448 ca-

1183 2506 1192 2531 1
1212 2504 1282 2531 Male
1299 2504 1364 2532 edit.
1381 2504 1460 2532 Main.
1478 2504 1543 2538 legit
1556 2505 1614 2532 sita
1628 2505 1666 2539 (a.
1683 2505 1732 2540 τ.).

1182 2549 1198 2576 2
1214 2549 1315 2576 Forsan
1331 2549 1475 2585 legendum
1490 2549 1608 2584 eiusque
1625 2550 1659 2584 (R.
1676 2550 1726 2583 Τ.).

1183 2593 1198 2621 3
1215 2593 1281 2620 Male
1297 2594 1361 2620 edit.
1377 2593 1456 2620 Main.
1472 2594 1538 2628 legit
1551 2594 1669 2621 solitum
1684 2596 1722 2624 (n.
1740 2593 1789 2627 τ.).

1183 2638 1198 2664 la
1213 2638 1350 2674 Simplicet
1364 2637 1508 2674 legendum
1523 2638 1614 2666 eidem
1631 2638 1666 2673 (a.
1681 2638 1729 2671 T.).

1882 223 1932 252 An.
1953 224 1983 252 C.
2001 224 2068 253 1636

1922 2157 1947 2178 Et
1959 2160 2034 2180 terram
2044 2160 2086 2181 La-

1914 2186 1969 2205 ioliie
2004 2187 2086 2212 episco-

1916 2214 1959 2233 ,uui
1976 2214 1998 2234 S.
2012 2214 2085 2237 Auaeli

1918 2239 1971 2259 unad
2001 2240 2087 2260 iurisdi-

1916 2266 1992 2286 tiaifflm
2017 2266 2086 2287 eccla-

1915 2293 2011 2313 iusticam
2026 2293 2086 2314 addi-
