2248 3229
248 245 298 274 An.
314 245 340 271 C.
366 245 431 272 1634

477 236 540 269 460

447 293 669 326 monitionibus
687 296 717 325 et
733 291 936 325 dilationibus
958 297 990 324 ut
1007 291 1184 335 praefertur

446 357 481 379 ex
505 355 588 378 nunc
619 344 813 388 assignamus
827 372 834 385 ,
865 344 982 388 pariter
1015 355 1047 377 se
1079 344 1184 377 itineri

445 398 652 437 committere,
669 401 699 429 et
712 396 749 429 ad
763 397 912 430 ecclesias
936 397 1000 430 sive
1024 396 1184 430 dioeceses

445 452 503 485 sibi
518 451 702 485 commissas
720 450 757 483 ad
776 451 983 495 personaliter
1000 451 1030 483 in
1049 451 1093 484 eis
1110 450 1185 483 resi-

444 504 580 537 dendum
600 504 756 543 conferre;
771 509 801 537 et
817 504 1001 549 respective,
1018 509 1183 548 postquam

444 557 584 590 residere
601 557 785 601 inceperint,
800 558 839 590 ab
855 558 915 591 illis
931 568 995 591 non
1012 557 1184 597 discedere,

443 610 502 642 nisi
535 610 663 644 obtenta
699 610 787 654 prius
819 621 836 643 a
867 611 958 644 nobis
982 616 1012 644 et
1044 611 1185 653 Romano

444 665 593 698 Pontifice
624 676 682 710 pro
715 670 857 710 tempore
881 666 1032 699 existente
1060 666 1185 699 licentia

444 719 593 763 praefata.

490 773 504 816 ξ
524 772 575 805 10.
596 774 619 805 Α
641 783 775 817 quarum
797 783 969 817 poenarum
988 773 1114 806 incursu
1133 783 1185 807 no-

363 826 548 872 ⁴numi-lumus
573 837 666 871 posse
690 827 825 871 aliquem
857 837 888 859 se
920 837 1070 861 excusare
1095 837 1185 871 prae-

310 870 314 881 “
366 869 428 935 ᾄιῑιῖῖνῖἒ
445 884 529 912 textu
544 883 573 913 et
585 879 705 914 ratione
726 880 952 924 cuiuscumque
977 880 1094 913 servitii
1110 890 1185 924 quo-

444 932 613 965 modolibet
626 933 767 977 praestiti
778 938 808 965 et.
818 933 995 977 praestandi
1006 944 1064 977 pro
1076 943 1185 976 geren-

444 985 490 1018 dis
508 991 535 1018 et
558 986 726 1019 tractandis
751 987 885 1030 negotiis
910 997 1183 1030 quorumcumque

443 1038 640 1082 principum,
664 1039 757 1072 etiam
783 1040 994 1084 imperatoris,
1018 1045 1047 1073 et
1072 1049 1183 1083 regum

444 1097 497 1124 aut
521 1092 842 1136 rerumpublicarum,
868 1103 1039 1136 regnorum
1060 1103 1095 1126 ac
1115 1103 1184 1137 pro-

444 1145 627 1186 vinciarium
645 1156 702 1179 nec
715 1146 837 1180 ratione
857 1147 1022 1180 cuiuslibet
1035 1147 1183 1180 iussionis

444 1199 491 1230 vel
524 1198 662 1231 mandati
691 1209 800 1231 eorum
829 1200 875 1232 vel
908 1209 1016 1232 earum
1043 1200 1183 1244 quando-

444 1262 579 1295 cumque
603 1250 673 1286 facti
699 1252 744 1284 vel
771 1252 918 1293 faciendi;
944 1263 1000 1286 nec
1027 1253 1120 1287 etiam
1138 1264 1184 1286 ra-

443 1305 526 1338 tione
544 1305 801 1350 prosequutionis
822 1316 877 1339 seu
897 1306 1088 1340 defensionis
1106 1317 1182 1351 qua—

443 1369 651 1402 rumcumque
676 1358 777 1392 litium
799 1370 853 1392 seu
876 1361 1182 1401 controversiarum,

443 1412 537 1444 etiam
562 1412 862 1453 ecclesiasticarum
889 1414 934 1446 vel
961 1413 1087 1447 ineundi
1113 1414 1180 1447 soe—

443 1465 537 1505 deris,
562 1471 614 1498 aut
639 1466 865 1509 cuiuscumque
895 1467 1023 1500 alterius
1047 1467 1182 1510 negotii,

444 1519 536 1552 etiam
562 1520 739 1562 gravissimi
765 1526 794 1553 et
819 1521 945 1564 speciali
966 1522 1125 1555 mentione
1142 1521 1185 1554 di-

443 1573 506 1615 gni,
528 1573 689 1614 tractandi,
707 1573 753 1606 vel
772 1574 936 1608 distantiae
956 1575 1111 1615 locorum,
1133 1581 1185 1607 aut

443 1625 603 1660 brevitatis
617 1627 769 1670 temporis
782 1627 837 1670 (ob
852 1639 946 1671 quam
963 1638 1026 1661 non
1043 1628 1185 1661 videatur

443 1679 634 1723 expectanda
648 1679 735 1713 Sedis
748 1681 944 1724 Apostolicae
958 1681 1082 1715 licentia
1096 1692 1185 1725 prae-

443 1733 514 1774 sata,
540 1738 706 1777 antequam
721 1745 737 1766 a
754 1734 818 1767 suis
844 1735 984 1768 ecclesiis
1009 1742 1038 1768 et
1063 1735 1185 1769 dioece-

444 1786 530 1819 sibus
550 1787 733 1831 discedant),
751 1793 803 1820 aut
820 1788 941 1821 ratione
957 1788 1184 1832 cuiuscumque

444 1839 571 1872 alterius
596 1850 707 1873 causae
732 1841 779 1872 vet
805 1841 988 1881 occasionis,
1014 1841 1106 1874 etiam
1132 1852 1185 1885 pu-

444 1891 552 1934 blicae,
578 1893 623 1925 vel
645 1893 720 1926 alias
744 1894 924 1927 favorabilis
941 1899 972 1927 et
989 1905 1086 1939 aeque
1104 1895 1184 1938 piae,

444 1945 536 1978 etiam
562 1946 728 1980 cuiuslibet
747 1947 889 1980 utilitatis
905 1947 969 1980 sive
991 1948 1184 1981 necessitatis

445 1999 647 2033 ecclesiarum
669 2003 698 2034 et
716 2010 926 2043 personarum
948 2001 1183 2044 (praeterquam

444 2053 618 2096 personalis
644 2053 880 2087 interessentiae
907 2055 937 2086 in
963 2054 1089 2098 synodis
1113 2065 1186 2098 pro-

444 2106 628 2139 vincialibus
653 2107 700 2140 vel
725 2107 1024 2151 congregationibus
1049 2118 1103 2141 seu
1137 2119 1184 2140 as-

445 2161 592 2193 sembleis
616 2161 824 2204 generalibus,
850 2161 882 2193 in
906 2161 1020 2205 quibus
1043 2162 1186 2195 ecclesia-

445 2214 511 2248 stiei
526 2214 715 2247 intervenire
729 2216 839 2255 solent,
850 2215 896 2248 vel
911 2215 1031 2248 ratione
1045 2216 1186 2248 muneris

445 2272 497 2302 aut
520 2268 712 2312 reipublicae
745 2269 838 2301 officii
871 2269 1105 2313 episcopatibus
1138 2268 1183 2300 vel

446 2322 586 2355 ecclesiis
611 2323 783 2356 maioribus
808 2323 954 2367 praefatis
975 2322 1122 2363 adiuncti,
1136 2333 1186 2355 cu-

446 2375 493 2408 ius
518 2375 638 2409 ratione
671 2376 708 2409 ad
741 2381 861 2409 certum
889 2379 1012 2420 tempus
1038 2375 1185 2419 occupari

446 2429 566 2470 solent,
599 2436 627 2462 et
660 2434 732 2464 tunc
764 2441 823 2474 pro
855 2436 997 2474 tempore
1023 2439 1086 2473 quo
1115 2428 1185 2460 illae

446 2483 601 2527 sinodus,
627 2485 888 2528 congregationes
917 2489 946 2516 et
973 2483 1184 2522 assembleae,

446 2537 692 2582 exercitiumque
719 2538 858 2571 muneris
877 2548 931 2571 seu
953 2537 1048 2570 officii
1068 2535 1184 2580 publici

445 2591 520 2634 ipsis
544 2592 684 2626 ecclesiis
709 2592 856 2632 adiuncti,
878 2591 965 2625 actu¹
983 2590 1183 2629 duraverint,

483 2654 494 2679 1
513 2653 578 2680 Male
593 2654 656 2681 edit.
674 2654 752 2681 Main.
770 2655 834 2689 legit
848 2658 928 2682 actus
943 2654 981 2689 (R.
998 2654 1046 2688 Τ.).

1028 244 1210 269 nULLAntUM
1231 244 1384 268 ROMANUM

1218 291 1331 335 quibus
1353 291 1458 331 finitis,
1485 296 1571 325 recto
1596 293 1719 325 tramite
1744 292 1781 325 ad
1806 291 1952 325 ecclesias

1217 344 1372 387 praefatas
1396 344 1454 376 sihi
1480 344 1663 377 commissas
1687 355 1719 378 se
1739 345 1881 379 conferre
1898 345 1951 378 de-

1217 397 1333 440 beant).
1356 397 1418 430 Nec
1443 397 1535 430 etiam
1561 408 1577 429 a
1601 397 1762 440 praedicta
1787 399 1952 432 residentia

1219 454 1248 482 et
1262 459 1433 493 poenarum
1444 450 1655 494 praefatarum
1670 449 1796 483 incursu
1810 452 1954 484 volumus

1218 503 1360 536 excusari
1385 504 1414 536 S.
1441 503 1474 536 R.
1500 503 1532 536 Ε.
1559 503 1732 536 cardinales
1751 513 1832 536 nunc
1851 509 1880 536 et
1895 515 1954 548 pro

1218 562 1359 601 tempore
1384 557 1549 591 existentes
1574 557 1664 590 alicui
1682 558 1892 601 praefatarum
1910 568 1955 591 ec-

1218 610 1383 643 clesiarum
1416 611 1601 660 praefectos
1621 621 1674 644 scu
1706 610 1954 655 praeficiendOS,

1218 664 1338 698 etiamsi
1364 670 1524 708 tamquam
1551 665 1580 697 in
1606 664 1715 697 ordine
1740 665 1863 709 priores
1894 665 1951 696 ali-

1218 729 1310 762 quem
1325 729 1361 751 ex
1376 718 1467 751 dictis
1491 718 1589 751 titulis
1614 718 1843 762 episcopalibus
1857 728 1956 762 prope

1218 773 1333 805 Urbem
1349 773 1395 805 vel
1414 773 1444 805 in
1458 773 1523 806 eius
1549 772 1691 806 districtu
1716 772 1956 806 consistentibus

1219 826 1378 860 obtineant
1403 832 1433 859 et
1458 827 1664 870 imposterum
1691 826 1902 865 obtinuerint,
1927 831 1952 856 et

1219 880 1248 912 in
1262 880 1430 924 praedictis
1445 880 1678 924 episcopatibus
1693 879 1870 911 titularibus
1881 878 1954 911 Urbi

1218 934 1369 978 proximis
1394 933 1577 975 resederint,
1603 934 1648 965 vel
1664 933 1694 965 in
1712 933 1852 965 Romana
1870 931 1956 964 curia

1218 987 1248 1019 in
1269 987 1333 1020 suis
1358 987 1454 1019 titulis
1477 986 1662 1030 respective,
1688 985 1782 1018 etiam
1806 985 1896 1018 nohis
1921 995 1955 1017 ac

1218 1041 1365 1074 Romanis
1378 1040 1582 1073 Pontificibus
1596 1039 1832 1072 successoribus
1841 1039 1956 1072 nostris

1217 1094 1396 1137 scientibus,
1420 1094 1596 1127 videntibus
1612 1098 1639 1126 et
1658 1092 1895 1137 quomodolibet
1914 1098 1957 1125 to-

1217 1148 1389 1181 lerantibus
1413 1158 1534 1182 moram
1556 1147 1718 1187 traxerint,
1745 1147 1786 1179 ita
1811 1151 1845 1178 ut
1870 1145 1955 1178 nulla

1217 1203 1324 1234 nostra
1338 1212 1373 1234 ac
1390 1202 1604 1234 Romanorum
1627 1199 1813 1233 Pontificum
1836 1208 1957 1231 succes-

1217 1265 1324 1288 sorum
1349 1261 1528 1289 nostrorum
1555 1253 1773 1293 conniventia,
1800 1252 1957 1286 taciturni-

1219 1311 1288 1349 tate,
1313 1314 1342 1340 et
1367 1307 1404 1340 ad
1429 1316 1700 1351 quarumcumque
1718 1305 1913 1339 functionum
1927 1310 1954 1337 et

1217 1367 1343 1395 actuum
1376 1362 1602 1405 pontificalium
1637 1360 1728 1393 etiam
1757 1359 1955 1403 publicorum

1217 1421 1246 1448 et
1271 1416 1457 1449 solemnium
1483 1414 1753 1449 celebrationem¹
1778 1413 1956 1458 receptione

1218 1475 1247 1502 et
1271 1469 1460 1503 admissione
1484 1479 1623 1513 unquam
1650 1467 1729 1501 tueri
1756 1477 1787 1500 se
1812 1467 1941 1511 possint.

1263 1524 1277 1566 ξ
1301 1523 1351 1555 Μ.
1378 1523 1413 1555 Et
1446 1533 1503 1566 pro
1533 1522 1779 1566 praemissorum
1813 1526 1842 1553 et
1867 1520 1960 1553 infra-

1218 1577 1410 1621 scriptorum
1437 1576 1606 1610 inviolabili
1628 1575 1846 1609 observatione
1873 1584 1958 1608 com-

1219 1630 1371 1663 mittimus
1400 1634 1430 1664 et
1458 1629 1642 1662 mandamus
1670 1629 1784 1662 dilecto
1812 1628 1878 1661 filio
1907 1638 1957 1660 ca-

1220 1692 1324 1716 merae
1348 1683 1538 1727 apostolicae
1556 1682 1693 1725 generali
1719 1681 1853 1715 auditori
1875 1691 1957 1713 nunc

1219 1742 1247 1769 et
1268 1747 1327 1780 pro
1347 1741 1488 1779 tempore
1505 1735 1658 1771 existenti,
1679 1741 1831 1779 quatenus
1850 1739 1958 1767 contra

1218 1800 1327 1823 omnes
1342 1795 1371 1823 et
1388 1790 1529 1832 singulos
1542 1789 1729 1833 praedictos,
1748 1794 1809 1821 tam
1828 1789 1858 1820 in
1876 1788 1958 1820 Urbe

1218 1854 1310 1888 quam
1337 1844 1410 1876 alibi
1436 1848 1678 1883 commorantes,
1705 1848 1734 1875 et
1764 1842 1795 1874 in
1820 1842 1883 1874 suis
1908 1852 1957 1874 ec—

1218 1897 1320 1930 clesiis
1333 1907 1388 1930 seu
1406 1896 1604 1929 dioecesibus
1624 1906 1687 1928 non
1703 1895 1885 1934 residentes,
1903 1904 1958 1937 per

1218 1949 1396 1982 affixionem
1429 1949 1466 1982 ad
1499 1950 1601 1981 valvas
1634 1948 1781 1980 basilicae
1810 1948 1838 1980 S.
1866 1947 1957 1985 Petri,

1218 2014 1253 2036 ac
1279 2004 1309 2035 in
1333 2004 1399 2036 acie
1419 2003 1527 2047 Campi
1553 2003 1673 2043 Florae,
1695 2007 1733 2042 et,
1752 2001 1854 2045 quoad
1871 2011 1959 2044 prae-

1219 2061 1320 2089 sentes
1346 2057 1377 2088 in
1403 2057 1541 2089 Romana
1566 2056 1670 2095 Curia,
1695 2055 1732 2087 ad
1758 2054 1959 2088 abundantio—

1219 2120 1286 2143 rem
1311 2110 1473 2152 cautelam,
1491 2109 1583 2142 etiam
1601 2109 1685 2141 domi
1711 2108 1839 2140 dimissa
1857 2108 1958 2151 copia,

1218 2163 1382 2207 procedat;
1401 2169 1440 2204 et,
1458 2163 1591 2196 constito
1616 2163 1684 2203 sibi,
1702 2167 1851 2206 quantum
1877 2161 1961 2194 suffi-

1219 2227 1290 2249 cere
1315 2217 1480 2259 videbitur,
1506 2216 1693 2258 summarie,
1718 2216 1905 2259 simpliciter
1929 2221 1956 2247 et

1219 2270 1258 2302 de
1284 2270 1387 2313 plano,
1405 2271 1469 2303 sola
1495 2269 1624 2303 veritate
1651 2270 1798 2313 inspecta,
1816 2274 1843 2301 et
1864 2278 1957 2300 manu

1219 2323 1321 2366 regia,
1347 2323 1384 2355 de
1410 2323 1664 2357 contraventione
1693 2328 1723 2355 et
1747 2320 1957 2355 inobedientia

1218 2377 1376 2420 praefatis,
1401 2387 1500 2421 usque
1525 2377 1563 2409 ad
1588 2376 1773 2410 sententiam
1804 2374 1957 2407 exclusive

1219 2430 1385 2474 procedat,
1404 2436 1433 2463 et
1450 2430 1562 2463 deinde
1580 2430 1670 2463 nobis
1687 2435 1714 2462 et
1730 2431 1870 2463 Romano
1883 2428 1958 2460 Pon-

1219 2483 1292 2515 tifici
1311 2494 1369 2527 pro
1395 2489 1535 2527 tempore
1550 2483 1691 2517 existenti
1710 2483 1832 2521 reserat,
1849 2486 1882 2513 ut
1901 2491 1957 2513 nos

1219 2547 1253 2569 ac
1277 2537 1437 2569 Romanus
1463 2536 1601 2569 Pontifex
1626 2547 1683 2579 pro
1708 2541 1850 2577 tempore
1876 2535 1955 2566 exis-

1218 2594 1284 2624 tens
1308 2591 1339 2623 in
1364 2591 1550 2623 consistorio
1574 2590 1612 2622 ad
1637 2589 1820 2623 sententiam
1851 2588 1954 2621 decla-

1255 2655 1263 2679 t
1284 2653 1477 2680 Coniunctione
1493 2656 1519 2680 et
1534 2652 1653 2680 delemus
1669 2659 1701 2679 ex
1716 2651 1834 2678 Cherub.
1854 2652 1890 2686 (n,
1905 2653 1956 2686 T.).

1977 243 2020 268 Νη.
2036 242 2062 268 C.
2087 242 2150 269 tritt

2012 1526 2157 1552 lixequutores

1974 1554 2062 1579 deputat
2108 1558 2157 1572 cmi-

1975 1583 2005 1600 tra
2018 1583 2157 1605 transgressi*-

1975 1613 2006 1627 res
2022 1612 2068 1626 eum
2091 1606 2157 1626 sacul-

1974 1636 2017 1653 tate
2029 1632 2156 1658 procedendi

1974 1666 2039 1685 usquc
2061 1659 2088 1679 ad
2110 1664 2157 1679 sen-

1974 1686 2060 1706 tentiam
2088 1685 2157 1705 exrtu-

1974 1719 2026 1733 sive.
