2248 3229
51 237 100 266 An.
116 236 145 265 C.
168 235 235 264 ¹636

94 1474 185 1499 [irrogat
200 1474 236 1495 ob·

53 1503 164 1522 ulantibus.

83 2381 203 2402 Ezordtum.

857 234 999 259 URBANUS
1025 233 1081 258 vm
1106 233 1153 258 ΙΨ.

248 285 314 319 sore
332 286 504 325 censentes,
520 283 800 329 supplicationibus
813 293 923 317 eorum
941 294 993 317 no-

249 338 332 371 mine
351 337 442 372 nobis
462 348 557 382 super
582 338 642 372 hoc
659 337 821 371 humiliter
837 338 992 382 porrectis

249 390 398 431 inclinati,
423 390 479 424 tibi
505 401 562 436 per
585 396 766 436 praesentes
787 390 990 434 iniungimus,

250 448 283 478 ut
301 444 408 478 loanni
434 445 590 489 Baptistae
615 445 786 487 cardinali,
815 444 990 489 ceterisque

249 497 458 530 nationalibus
482 497 661 542 praedictis,
680 498 710 530 in
727 498 810 530 alma
836 497 919 530 Urbe
936 507 992 530 no-

249 552 332 591 stra,
357 556 387 584 et
411 551 480 584 loco
504 551 542 583 ad
572 551 602 583 id
631 551 752 584 decenti
778 561 813 584 ae
838 560 991 593 congruo,

250 614 344 637 unam
376 604 560 644 ecelesiam,
592 604 783 646 oratorium,
815 603 991 648 hospitale,

249 667 371 691 necnon
391 657 561 700 collegium
585 657 785 691 alumnorum
810 667 868 701 pro
893 656 992 690 natio-

250 710 342 743 nibus
366 710 507 744 eiusdcm
538 711 719 755 provinciae
750 710 905 744 Marchiae
935 710 993 743 sub

250 763 505 798 denominatione
529 765 629 797 almae
654 766 771 798 Domus
795 764 993 799 beatissimae

250 817 388 860 Virginis
412 817 450 850 de
469 818 602 852 Laureto
616 818 752 851 nationis
769 818 910 858 Picenae,
927 817 993 850 sine

251 876 355 904 tamen
369 871 502 904 alicuius
515 872 718 916 praeiudicio,
729 882 763 905 ac
774 871 904 905 servatis
918 871 994 904 alins

250 925 422 967 servandis,
440 925 645 959 construendi
669 929 699 960 et
722 925 918 965 aedificandi,
939 934 994 957 seu

251 979 392 1013 construi
416 984 446 1012 et
470 979 630 1012 aedificari
648 979 781 1012 faciendi
799 979 858 1022 (ita
879 982 993 1019 tamen,

251 1038 284 1066 ut
307 1032 493 1066 donationes
517 1038 546 1066 ct
571 1033 671 1076 legata
688 1042 772 1065 nune
796 1037 825 1065 et
842 1042 900 1076 pro
921 1036 995 1066 tem-

251 1097 329 1131 pore
353 1087 432 1119 t'acta
457 1092 487 1119 et
511 1086 653 1120 facienda
677 1086 827 1120 ecclcsiae
852 1086 994 1119 beatissi—

252 1150 320 1173 mae
351 1140 466 1173 Mariae
499 1141 690 1173 Lauretanae
725 1138 817 1174 Urbis
853 1143 994 1184 spectare

251 1194 386 1227 debeant
409 1193 448 1226 ad
472 1193 638 1227 ecelesiam
654 1193 854 1226 beatissimae
880 1194 994 1227 Mariae

252 1248 443 1281 Lauretanae
464 1246 634 1288 Pistorum,
655 1247 713 1280 nisi
739 1251 857 1281 constet
882 1247 920 1280 dc
946 1257 995 1280 vo-

252 1302 370 1335 luntate
393 1302 578 1335 donantium
599 1301 645 1334 vel
670 1302 842 1344 legantium
864 1302 894 1334 in
915 1302 995 1335 savo-

253 1366 318 1389 rem
344 1355 494 1389 ecclesiae
518 1354 654 1388 nationis
675 1355 819 1399 Picenae)
836 1355 993 1388 licentiam

253 1414 282 1442 et
299 1409 476 1442 facultatem
495 1409 680 1442 auctoritate
704 1411 812 1442 nostra
830 1409 993 1442 concedas.

297 1463 312 1506 g
336 1462 366 1495 3.
392 1463 459 1496 Non
492 1462 688 1495 obstantibus
719 1462 995 1496 constitutionibus

253 1522 283 1549 et
306 1515 558 1549 ordinationibus
594 1515 793 1559 apostolicis,
819 1516 995 1560 ceterisque

252 1570 418 1603 contrariis
435 1569 683 1614 qubuscumque.

296 1624 407 1656 Datum
416 1623 542 1665 Romae,
553 1623 672 1667 apudS.
684 1623 821 1666 Petrum,
833 1623 890 1656 sub
901 1634 995 1657 annu-

253 1678 282 1711 lo
290 1677 526 1717 Piscatoris,die
542 1688 617 1711 xxx1
628 1677 805 1711 decembris
819 1688 994 1719 nocxxxw,

253 1730 452 1775 pontificatus
476 1730 575 1764 nostri
592 1740 674 1764 anno
687 1741 751 1764 xlv.

290 1792 347 1820 Dat.
363 1792 406 1820 die
421 1793 450 1821 31
469 1792 620 1820 decembris
638 1793 714 1828 1636,
736 1793 829 1829 pontif.
851 1801 921 1821 auno
938 1801 993 1821 xiv.

569 1909 681 1942 DLXII.

255 1980 463 2024 Confirmatio
492 1980 610 2013 decreti
620 2006 628 2021 ,
656 1980 822 2021 videlicet,
859 1991 991 2025 praece-

297 2033 443 2066 dentiam
470 2034 505 2066 ιή
523 2034 778 2076 processionibus
805 2034 840 2066 in
865 2034 994 2067 civitate

299 2086 462 2120 Oriolensi
480 2091 654 2130 competere
666 2087 927 2130 Auyttste'm'ctm's
945 2098 996 2120 su—

296 2151 357 2184 pra
370 2141 401 2173 F
401 2140 605 2174 rancisccmos
619 2140 808 2173 Recollcctos
823 2145 851 2173 ct
866 2141 995 2174 Discat-

298 2198 410 2227 centos.

460 2266 596 2294 urbanus
617 2266 695 2300 Papa
715 2266 797 2299 VIII,

379 2310 415 2338 ad
431 2314 606 2345 perpetuam
625 2311 669 2339 rei
690 2311 871 2339 memoriam.

301 2373 343 2407 Ex
362 2365 553 2406 incumbenti
570 2373 661 2407 nobis
675 2373 838 2418 apostolici
858 2373 997 2407 muneris

255 2427 360 2461 debito
378 2426 415 2460 ad
431 2437 466 2460 ea
483 2427 596 2460 mentis
613 2433 738 2461 nostrae
759 2427 857 2461 aciem
874 2428 998 2461 assidue

256 2481 468 2519 intendimus,
491 2491 547 2525 per
575 2491 654 2525 quae
687 2481 907 2516 christifideles
940 2481 998 2514 sub

255 2535 341 2568 suavi
358 2534 520 2578 religionis
538 2535 612 2578 iugo
629 2535 788 2569 Altissimo
803 2535 998 2576 famulantes,

256 2588 385 2623 sublatis
409 2588 589 2631 obstaculis,
615 2588 644 2621 in
669 2589 783 2633 quietis
808 2589 947 2633 et·pacis
971 2599 1000 2622 a-

257 2643 427 2677 moenitate
451 2648 522 2677 vota
551 2653 607 2677 sua
632 2643 764 2677 Domino
789 2642 938 2685 reddant,
963 2654 999 2678 ae

1673 221 1737 255 567

1026 281 1218 317 felicioribus
1238 280 1333 316 invia
1359 280 1577 315 mandatorum
1604 280 1671 315 eius
1697 291 1767 326 pro-

1026 337 1129 370 ficiant
1148 335 1358 370 incrementis.

1070 391 1085 433 g
1115 390 1139 422 l.
1165 390 1272 433 Nuper
1301 389 1457 433 siquidem
1488 399 1504 422 a
1535 387 1767 423 venerabilibus

1783 231 1832 259 An.
1847 231 1875 259 C.
1898 232 1964 260 1637

1809 403 1919 424 Dei-retum
1934 409 1967 423 sa-

1782 435 1831 450 crae
1847 430 1966 455 Cauni-ega-

1026 443 1176 477 sratribus
1201 443 1317 476 nostris
1341 443 1370 477 S.
1388 444 1422 476 R.
1441 443 1472 476 E.
1495 442 1707 476 cardinalibus
1724 453 1768 476 sa·
1782 456 1845 477 nom»
1860 459 1943 477 uiuum.

1026 496 1087 529 cris
1105 496 1218 529 ritibus
1231 496 1417 540 praepositis
1434 497 1589 529 emanavit
1605 496 1767 530 decretum

1027 549 1144 583 tenoris
1161 549 1392 593 subsequentis,
1411 550 1569 583 videlicet:

1070 603 1144 637 Orta
1169 603 1384 637 controversia
1409 603 1493 637 eirca
1516 603 1768 647 praecedentiam

1028 656 1057 689 in
1075 656 1331 700 processionibus
1351 656 1432 689 inter
1452 657 1614 700 regulares
1631 657 1769 690 Recolle-

1027 715 1094 744 ctos
1122 716 1294 743 conventus
1318 710 1347 744 S.
1372 711 1479 744 Annae
1506 715 1537 744 ct
1560 710 1770 744 Discalceatos

1027 765 1056 797 S.
1081 763 1227 807 Gregorii
1260 764 1384 798 Ordinis
1417 764 1515 799 sancti
1547 764 1706 798 Francisci
1730 764 1769 797 de

1027 817 1232 851 Observantia
1257 817 1390 851 civitatis
1405 817 1577 852 Oriolensis
1596 827 1633 851 ex
1657 819 1720 851 una
1740 823 1770 851 et

1028 871 1190 914 regulares
1215 876 1386 904 conventus
1411 871 1440 904 S.
1457 871 1624 915 Augustini
1644 870 1769 905 Ordinis

1028 924 1240 958 Eremitarum
1254 924 1352 958 sancti
1364 926 1529 969 Augustini
1544 925 1685 959 eiusdem
1699 926 1771 959 civi-

1029 979 1098 1012 tatis
1114 979 1258 1023 partibus
1273 989 1308 1012 ex
1325 979 1440 1013 altera:
1459 989 1548 1013 sacra
1567 980 1685 1013 rituum
1700 991 1771 1014 con-

1028 1033 1181 1076 gregatio,
1199 1033 1301 1066 citatis
1325 1033 1450 1077 saepius
1474 1038 1504 1066 et
1527 1033 1641 1067 auditis
1658 1034 1771 1068 utrius-

1029 1096 1089 1130 que
1100 1086 1198 1130 partis
1211 1086 1484 1130 procuratoribus,
1498 1091 1528 1119 et
1538 1088 1671 1131 utraque
1682 1092 1771 1131 parte

1029 1140 1228 1181 informante,
1239 1139 1370 1180 censuit,
1384 1139 1422 1172 ad
1436 1140 1622 1173 relationem
1635 1140 1771 1174 eminen-

1029 1193 1138 1226 tissimi
1153 1198 1182 1226 et
1195 1193 1449 1226 reverendissimi
1467 1193 1586 1227 domini
1603 1193 1771 1228 cardinalis

1030 1247 1182 1291 Verospii,
1203 1246 1456 1291 praecedentiam
1481 1252 1511 1279 et
1530 1246 1708 1290 digniorem
1728 1247 1772 1281 lo·

1011 1327 1013 1333 .
1029 1311 1100 1333 eum
1118 1300 1148 1332 in
1170 1300 1426 1344 processionibus
1444 1305 1505 1333 tam
1523 1300 1659 1344 publicis
1676 1311 1770 1345 quam

1030 1354 1158 1398 privatis
1169 1357 1348 1398 competere
1366 1359 1395 1387 et
1409 1354 1519 1387 deberi
1535 1355 1771 1398 Augustinianis

1029 1417 1125 1451 supra
1146 1407 1370 1441 Franciscanos
1390 1407 1583 1441 Rccollcctos
1606 1413 1636 1441 et
1658 1408 1772 1443 Discal-

1029 1467 1142 1504 reatos,
1165 1462 1250 1495 iuxta
1274 1461 1511 1506 dispositionem
1533 1461 1639 1495 Bullae
1655 1462 1772 1506 Grego-

1030 1516 1067 1549 rii
1093 1515 1181 1558 Xlll,
1203 1526 1283 1559 quae
1309 1515 1417 1559 incipit
1444 1514 1610 1560 Exposcit,
1638 1516 1696 1549 sub
1721 1516 1771 1549 die

1030 1579 1070 1602 xv
1097 1568 1162 1601 iulii
1194 1578 1359 1602 nanxxm
1388 1568 1518 1601 editam:
1544 1572 1574 1603 et
1603 1569 1682 1610 hoc,
1707 1570 1772 1602 sive

1029 1622 1103 1655 dicti
1121 1622 1288 1655 Recollecti
1307 1627 1334 1655 et
1354 1621 1535 1655 Discalceati
1553 1621 1583 1655 in
1602 1622 1772 1666 praedictis

1030 1675 1285 1720 processionibus
1310 1675 1454 1709 incedant
1479 1675 1687 1718 coniunctim,
1708 1676 1771 1710 sive

1029 1729 1166 1762 divisim:
1192 1734 1221 1761 ct
1249 1729 1290 1762 ita
1319 1729 1526 1773 imposterum
1560 1730 1642 1763 inter
1673 1729 1772 1763 dictas

1029 1789 1133 1827 partes
1159 1783 1190 1816 in
1214 1782 1338 1816 civitate
1363 1783 1516 1817 Oriolensi
1542 1784 1660 1817 servari
1685 1794 1772 1816 man-

1028 1836 1128 1869 davit:
1148 1836 1264 1880 quibus
1281 1840 1449 1880 propterea
1466 1836 1496 1869 in
1509 1837 1692 1880 praemissis
1705 1847 1773 1881 per-

1029 1894 1157 1935 petuum
1174 1890 1332 1924 silentium
1348 1890 1508 1935 imposuit.
1523 1891 1578 1924 Dic
1593 1900 1635 1926 xx
1652 1891 1772 1925 decem-

1029 1945 1094 1978 bris
1111 1955 1282 1978 uncxxxvl.

1074 1998 1089 2042 ἓ
1112 1998 1141 2031 02.
1168 1999 1240 2039 Nos,
1259 2008 1321 2042 quo
1338 1998 1501 2032 decretum
1521 1998 1703 2033 huiusmodi
1724 1999 1773 2033 fir-

1031 2052 1110 2085 mius
1135 2052 1301 2094 subsistat,
1334 2053 1538 2097 exactiusque
1563 2053 1601 2086 ab
1626 2054 1773 2088 omnibus

1030 2105 1225 2145 observetur,
1251 2105 1327 2138 illud
1349 2116 1421 2139 cum
1447 2106 1593 2140 omnibus
1617 2112 1646 2140 ct
1670 2107 1775 2151 singu-

1031 2159 1072 2191 lin
1091 2159 1121 2191 in
1138 2170 1175 2192 eo
1193 2159 1347 2192 contentis
1364 2164 1394 2192 et
1419 2160 1586 2204 expressis,
1600 2161 1774 2205 apostoliea

1030 2212 1226 2253 auctoritate,
1249 2218 1357 2246 tenore
1375 2214 1600 2257 praesentium,
1621 2220 1774 2259 perpetuo

1031 2266 1244 2310 approbamus
1268 2271 1298 2299 et
1323 2266 1566 2309 confirmamus,
1591 2268 1699 2312 illique
1729 2269 1774 2302 in-

1032 2320 1186 2353 violabilis
1206 2320 1397 2364 apostoticae
1416 2321 1574 2355 firmitatis
1584 2322 1684 2355 robur
1696 2323 1773 2356 adii-

1031 2374 1152 2415 cimus,
1178 2385 1213 2407 ac
1239 2384 1348 2407 omnes
1379 2379 1411 2407 et
1443 2375 1584 2418 singulos
1609 2381 1671 2409 tam
1697 2376 1774 2410 iuris

1031 2438 1124 2472 quam
1151 2428 1222 2461 sacti
1248 2428 1398 2469 desectus,
1422 2429 1448 2461 si
1473 2429 1525 2472 qui
1546 2429 1682 2473 desuper
1695 2441 1774 2475 quo-

1032 2481 1203 2515 modolibet
1228 2481 1471 2522 intervenerint,
1496 2482 1689 2526 supplemus.
1715 2483 1775 2517 De-

1032 2540 1196 2569 cernentcs
1214 2534 1289 2568 illud
1311 2545 1433 2569 necnon
1450 2540 1632 2579 praesentes
1656 2536 1776 2571 litteras

1032 2600 1157 2634 semper
1181 2594 1211 2622 ct
1235 2594 1388 2634 perpetuo
1413 2589 1514 2622 valida
1539 2589 1630 2623 firma
1655 2594 1685 2624 et
1709 2590 1774 2625 effi-

1033 2643 1118 2677 cacia
1143 2643 1276 2678 existere
1302 2648 1331 2677 ct
1356 2643 1433 2686 sore,
1454 2653 1592 2689 suosque
1615 2644 1774 2689 plenarios

1833 2010 1971 2031 Consti-matur

1788 2037 1815 2059 ab
1831 2037 1924 2059 Urbano.
