2248 3229
105 213 155 242 An.
175 213 205 241 C.
223 212 290 242 ¹538

143 1178 199 1199 tlt-³³
216 1182 290 1199 novem

107 1205 201 1226 decium
228 1210 291 1232 super

107 1231 210 1253 {ruent-iu
264 1232 291 1252 ad

106 1258 217 1279 nonnulla!
243 1263 291 1278 con·

107 1291 244 1309 justumne(
261 1288 291 1304 at·

107 1310 221 1332 lii-cutibus,
255 1318 291 1332 uu-

107 1338 173 1364 punit.

138 2395 184 2418 Non
194 2396 296 2418 cib-tuu-

112 2422 151 2444 hm
167 2424 215 2443 ..lm
230 2429 297 2444 cuer·-

113 2449 243 2476 bu⁵‚qu1'.iu«
252 2456 296 2470 suc·

113 2477 219 2499 cumbunt,

910 213 1051 238 vnnxxus

302 261 456 302 similiter,
481 261 599 296 fructus
619 271 728 295 omnes
751 261 799 295 vel
825 262 950 295 illorum
974 264 1058 306 par-Y

301 321 364 350 tem
389 316 459 349 loco
483 316 668 360 pensionum
689 326 874 355 annuarum,
903 316 949 348 vel
970 325 1042 359 pen-

302 369 406 402 siones
426 374 457 402 et
473 369 539 402 alia
556 369 737 402 huiusmodi
759 369 827 402 iura
843 380 878 403 ex
894 379 1042 415 quacum—

302 432 363 466 que
387 422 570 456 auctoritate
594 423 776 466 apostolica,
801 422 831 454 in
857 426 922 456 toto
946 422 993 454 vel
1011 422 1041 454 in

302 480 400 519 parte,
425 480 582 508 reservata
607 475 795 508 habentibus
820 480 848 507 et
873 474 1040 515 habituris,

303 528 368 560 sive
392 528 598 569 secularibus,
616 527 680 560 sire
697 538 971 571 quorumcumque
989 527 1042 561 Or·
1058 560 1060 569 ,

303 580 411 613 diuum
428 607 436 620 ,
473 580 754 622 congregationum
793 586 823 613 et
859 580 1041 612 militiarum

303 633 514 676 praefatorum
531 632 738 675 regularibus,
753 638 783 666 et
800 633 838 665 ab
857 633 932 676 ipsis
949 633 1041 665 etiam
1060 634 1061 638 ’

303 685 454 724 ecclesiis,
465 685 619 728 capitulis,
631 685 846 725 conventibus,
863 684 1042 725 Ordinibus,
1060 710 1061 715 ,

304 739 611 782 congregationibus,
637 741 791 783 personis,
816 739 967 781 collegiis,
990 739 1044 772 mi-

304 792 389 833 litiis,
414 793 525 825 massis
549 798 579 826 et
604 793 680 826 locis
704 792 861 836 praetatis,
887 803 1062 836 quacum-t

303 856 364 890 que
383 845 576 890 amplissima
597 852 625 879 et
643 846 824 879 firmissima
849 846 1044 889 exemptione
1060 867 1063 874 =

304 904 333 932 et
361 899 557 932 immunitate
581 899 668 939 reali,
692 899 849 942 personali
866 899 914 931 vet
939 899 1043 940 mixta,

304 953 431 997 antiqua
448 959 478 986 et
496 952 748 994 immemorabili,
767 952 898 996 pacifica
921 958 951 985 et
975 962 1045 985 con-

304 1007 402 1045 tinua,
419 1006 512 1040 etiam
529 1017 566 1039 ex
584 1007 672 1039 titulo
687 1005 886 1049 quantumvis
899 1015 1044 1045 oneroso,

304 1059 449 1100 suffultis,
475 1059 669 1103 integraliter
693 1063 722 1093 et
746 1069 818 1092 eum
844 1058 957 1091 effectu
980 1069 1041 1091 nu-

305 1112 471 1145 merandas
495 1111 718 1156 persolvendas
751 1117 781 1144 et
805 1111 1044 1155 consignandas.

351 1167 367 1209 ἓ
393 1165 422 1199 5.
448 1165 593 1205 Ulterius,
618 1164 805 1209 supradictis
824 1176 860 1197 ex
881 1165 992 1206 causis,
1011 1175 1046 1198 ac

306 1219 452 1263 exemplo
475 1218 642 1253 Clementis
667 1224 697 1251 et
721 1218 805 1251 Pauli
835 1228 871 1251 ac
901 1218 1065 1261 Gregoriit

306 1272 587 1317 praedecessorum
601 1272 816 1316 praefatorum
833 1271 970 1310 adducti,
984 1282 1048 1304 mo-

307 1331 350 1366 tu,
369 1325 499 1360 scientia
522 1331 552 1358 et
576 1325 737 1368 potestatis
756 1324 949 1368 plenitudine
966 1324 1065 1357 simi-·

307 1379 409 1420 libus,
442 1379 634 1423 imponimus
668 1384 698 1411 et
733 1378 900 1411 indicimus
934 1388 1045 1411 novem

307 1431 446 1465 decimas
470 1432 612 1465 omnium
638 1436 668 1463 et
691 1441 966 1474 quorumcumque
987 1431 1048 1463 sru-

307 1490 424 1526 ctuum,
439 1484 617 1517 reddituum
631 1489 661 1516 et
677 1488 884 1527 proventuum
903 1483 940 1516 ad
953 1483 1048 1517 Cassi-

307 1537 460 1578 nensium,
478 1537 553 1570 alias
574 1537 603 1569 S.
622 1528 756 1569 Iustinae
773 1536 811 1569 de
834 1536 946 1577 Padua,
964 1537 1049 1569 Late-

307 1590 499 1630 ranensium,
509 1589 788 1629 Carthusiensiuni,
802 1589 913 1622 Montis
927 1588 1047 1629 Oliveti,

307 1643 336 1677 S.
363 1641 540 1683 salvatoris,
561 1641 855 1681 Camaldulensium,
880 1642 909 1675 S.
934 1642 1048 1674 Mariae

307 1696 402 1729 Vallis
427 1695 611 1737 Unibrosae,
631 1694 660 1727 S.
686 1694 812 1737 Georgii
838 1695 869 1727 in
893 1694 971 1737 Alga
996 1695 1049 1727 Ve-

306 1749 474 1788 netiarum,
498 1747 760 1788 Caelestinorum,
785 1747 1048 1788 Cisterciensium,

309 1801 490 1846 provinciae
520 1800 727 1834 Lonibardiae
755 1800 988 1842 Crucit'erorum
1019 1807 1067 1834 et·

309 1856 338 1890 S.
364 1855 544 1899 Hieronymi
569 1853 830 1896 congregationes
845 1881 852 1895 ‚
877 1864 1049 1898 earumque

310 1909 516 1949 monasteria,
548 1908 718 1941 abbatiales
746 1908 793 1940 vel
827 1909 1050 1941 conventuales

309 1967 362 1995 aut
377 1962 454 1994 alias
471 1971 604 2001 mensas,
621 1961 789 2004 prioratus,
806 1961 1049 2004 praeceptorias,

310 2015 565 2059 praeposituras,
586 2008 749 2046 ‘beneficia
780 2019 811 2046 et
834 2013 952 2054 officia,
978 2024 1049 2046 cum

309 2071 387 2102 cura
411 2074 441 2101 et
465 2068 531 2101 sine
555 2069 642 2108 curti,
665 2067 824 2109 membra,
849 2067 997 2109 grangias
1021 2072 1051 2100 et

311 2176 522 2216 consistentia,
550 2175 661 2219 quovis
686 2174 780 2208 modo
799 2173 1049 2218 'pertinentium‘

311 2229 495 2267 solvendas,
520 2233 550 2261 et
577 2238 635 2272 per
660 2227 743 2271 ipsas
768 2228 1068 2270 congregationes„

312 2283 504 2327 earumque²
528 2282 719 2326 superiores,
745 2281 890 2322 abbates,
916 2281 1050 2324 priores,

313 2337 522 2380 praepositos,
539 2339 720 2376 conventus,
739 2334 875 2378 capitula
899 2339 928 2367 et
948 2344 1052 2378 perso-

313 2400 367 2423 nas
385 2390 481 2428 (ultra
498 2388 637 2421 subsidia
660 2388 772 2421 Montis
797 2387 978 2431 Religionis,
997 2398 1051 2421 seu

313 2443 614 2488 quadringentorum
649 2442 782 2475 millium
815 2447 998 2482 scutorum,
1023 2446 1052 2474 et

313 2502 442 2541 quartae
456 2496 555 2541 partis
567 2495 752 2529 eorumdem
771 2495 939 2538 fruetuum,
953 2494 1054 2528 reddi-

351 2570 360 2596 1
380 2567 448 2595 Mate
463 2567 528 2594 edit.
544 2566 623 2594 Main.
640 2566 704 2601 legit
716 2566 897 2601 pertinentia
914 2566 1008 2602 (n.·r.).

348 2612 366 2640 2
383 2612 454 2640 Male
469 2611 534 2639 edit.
550 2611 632 2639 Main.
649 2610 714 2646 legit.
728 2619 884 2646 eorumque
898 2611 939 2646 (n.
954 2611 1002 2646 T.).

1075 213 1131 237 vut
1157 212 1204 237 1³1².

1075 267 1162 294 tuum
1188 265 1217 294 et
1239 263 1448 304 proventuum
1470 261 1500 291 et
1523 255 1582 290 alia
1606 265 1711 295 onera,
1731 266 1810 299 quae

1076 325 1131 358 per
1155 313 1266 348 Sedem
1290 311 1503 356 Apostolieam
1521 311 1565 344 eis
1589 309 1736 354 imposita
1760 314 1811 342 aut

1075 369 1150 400 alias
1170 367 1362 412 persolvunt,
1383 376 1438 398 seu
1462 365 1640 409 persolvere
1659 363 1813 407 promise-

1076 421 1171 464 runt')
1181 421 1324 453 similiter
1334 418 1545 452 numerandas
1552 423 1582 450 et
1591 415 1812 461 persolvendas

1076 479 1105 508 et
1118 473 1346 517 consignandas
1359 472 1531 506 secundum
1552 481 1660 504 verum
1675 480 1812 503 annuum

1077 527 1215 559 valorem
1241 526 1411 565 fructuum,
1429 525 1607 558 reddituum
1631 529 1662 557 et
1679 520 1814 567 proven-

1077 586 1164 612 tuum
1189 579 1412 622 praelhtorum.
1438 579 1474 611 El.
1497 577 1535 610 ad
1560 578 1644 610 hune
1668 576 1812 610 effectum

1715 196 1777 231 687
1824 206 1872 234 An.
1894 205 2008 235 01638

1871 589 1913 609 Nec
1928 587 2014 613 privile-

1078 633 1165 673 (licet
1189 632 1287 665 t'elicis
1319 631 1545 665 recordationis
1570 631 1643 664 Pius
1667 631 1750 674 Papa
1774 630 1814 670 V,
1831 619 1997 642 ⁸¹¹⁵⁰⁰”“³‘¹'³‘

1077 686 1235 719 nonnullis
1249 691 1321 718 tunc
1336 685 1438 718 causis
1451 684 1613 726 adductus,
1624 689 1653 716 et
1663 683 1815 725 Clemens,

1078 750 1199 779 necnon
1227 740 1362 779 Paulus,
1386 749 1422 772 ae
1450 738 1618 772 novissime
1646 737 1816 781 Gregorius

1079 793 1337 837 praedecessores
1351 792 1480 836 praefati
1494 791 1586 824 ctiam
1603 801 1639 824 ex
1657 791 1726 823 aliis
1743 796 1817 824 tune

1079 846 1234 890 expressis
1267 845 1369 878 causis
1400 844 1525 878 easdem
1557 843 1817 887 congregationes

1079 909 1096 932 a
1119 898 1251 931 decimis
1275 909 1371 942 super
1403 898 1556 931 fructibus
1584 903 1614 931 et
1643 897 1818 930 redditibus

1079 951 1298 984 ecclesiasticis
1314 951 1460 995 deinceps
1479 951 1579 984 ubivis
1599 950 1692 984 etiam
1717 950 1747 983 in
1765 950 1818 984 do-

1081 1005 1176 1038 minio
1193 1005 1383 1037 Venetorum
1403 1010 1433 1037 et
1450 1015 1486 1037 ex
1506 1014 1704 1048 quacumque
1723 1005 1816 1037 causa

1080 1058 1277 1102 imponendis
1302 1058 1418 1090 liberas
1442 1063 1472 1090 et
1496 1057 1651 1090 immunes
1675 1057 1817 1100 fecerint)

1081 1110 1149 1154 pari
1168 1115 1267 1151 motu,
1281 1110 1421 1152 scientia,
1438 1109 1633 1149 auctoritate,
1647 1113 1677 1142 et
1693 1109 1731 1141 de
1747 1119 1819 1152 apo-

1081 1164 1208 1197 stolicae
1232 1163 1393 1207 potestatis
1418 1162 1621 1207 plenitudine,
1638 1162 1741 1206 quoad
1757 1162 1820 1195 sru-

1081 1222 1158 1257 ctus,
1172 1217 1314 1250 redditus
1337 1222 1368 1249 et
1391 1221 1563 1260 proventus
1587 1215 1625 1248 ad
1646 1216 1727 1259 ipsas
1747 1225 1820 1248 con-

1081 1270 1280 1313 gregationes
1305 1276 1335 1302 et
1358 1269 1531 1313 quamlibet
1547 1279 1655 1302 earum
1681 1269 1711 1301 in
1735 1269 1818 1302 dicto

1081 1324 1221 1357 dominio
1248 1324 1435 1357 Venetorum
1460 1327 1653 1367 spectantes,
1677 1322 1820 1355 immuni-

1083 1381 1168 1419 tates,
1185 1377 1412 1420 exemptiones,
1425 1387 1461 1409 ac
1477 1387 1586 1410 omnes
1606 1379 1637 1409 et
1656 1386 1822 1419 quoscum-

1081 1441 1141 1473 que
1162 1434 1353 1472 eontraetus,
1379 1429 1563 1473 scripturas,
1587 1429 1821 1470 conventiones,

1082 1484 1318 1523 transactiones,
1343 1482 1545 1523 concordias,
1569 1488 1679 1526 pacta,
1705 1482 1821 1516 instru-

1083 1542 1196 1576 menta,
1220 1536 1447 1578 obligationes,
1471 1535 1564 1568 etiarn
1590 1535 1620 1568 in
1643 1535 1745 1568 forma
1771 1546 1821 1569 ca-

1083 1600 1187 1622 merae
1201 1590 1400 1633 apostolicae,
1415 1593 1444 1623 ct
1460 1589 1636 1622 iuramento
1651 1589 1697 1622 vet
1713 1590 1835 1633 quavis'

1082 1643 1143 1675 alia
1172 1643 1321 1676 firmitate
1350 1642 1507 1684 roborata,
1532 1642 1717 1685 praesertim
1742 1642 1823 1675 inter

1084 1696 1170 1728 Pium
1197 1701 1227 1728 et
1247 1695 1450 1735 Clementem,
1475 1706 1510 1728 ac
1535 1695 1676 1735 Paulum,
1700 1705 1822 1728 necnon

1083 1749 1273 1792 Gregorium
1308 1749 1568 1793 praedecessores
1604 1749 1759 1793 praefatos
1793 1755 1824 1782 et

1083 1813 1241 1835 cameram
1265 1803 1469 1846 apostolicam
1495 1806 1525 1835 et
1548 1812 1607 1846 pro
1632 1803 1668 1835 ea
1688 1802 1717 1835 S.
1736 1802 1769 1835 R.
1789 1803 1821 1835 Ε.

1083 1855 1293 1888 camerarium
1312 1856 1358 1888 rel
1377 1855 1607 1888 thesaurarium
1633 1855 1822 1898 generalem,

1083 1908 1199 1942 aliosve
1222 1919 1439 1953 quoscumque
1464 1914 1538 1941 tunc
1562 1908 1729 1942 existentes
1746 1914 1776 1941 et
1792 1920 1824 1941 e-

1084 1962 1205 1994 iusdem
1237 1973 1382 1995 camerae
1415 1962 1594 2003 ministros,
1623 1963 1823 2006 quantumvis

1084 2015 1189 2057 ampla
1205 2020 1235 2047 ct
1252 2015 1417 2048 sufficienti
1435 2015 1580 2047 facultate
1596 2014 1635 2047 ad
1653 2014 1824 2058 praemissa

1066 2081 1068 2104 ε
1085 2067 1225 2100 facienda
1241 2068 1395 2108 sutt'ultos,
1409 2078 1445 2100 ex
1465 2069 1538 2107 una,
1560 2073 1590 2100 et
1609 2068 1824 2110 congregatio-

309 2123 369 2155 alia
394 2123 462 2156 loca
487 2122 547 2155 illis
570 2132 711 2161 annexa,
741 2121 772 2153 in
803 2120 886 2154 dicto
910 2120 1069 2154 dominio*

1084 2131 1138 2154 nes
1155 2121 1366 2154 ultimodictas
1388 2121 1577 2165 illarumque
1600 2126 1824 2164 procuratores

1085 2185 1120 2207 ex
1141 2174 1240 2206 altera
1264 2174 1418 2218 partibus,
1432 2184 1468 2207 ac
1488 2175 1594 2208 omnia
1610 2180 1641 2207 et
1659 2185 1825 2219 quaecum-

1085 2239 1144 2272 que
1166 2229 1341 2272 privilegia,
1366 2228 1503 2267 indulta,
1524 2227 1694 2268 libertates,
1719 2239 1824 2261 exem-

1085 2281 1218 2325 ptiones,
1233 2281 1445 2313 immunitates
1459 2281 1517 2314 liae
1529 2280 1567 2314 de
1583 2283 1674 2313 causa
1694 2281 1723 2313 in
1741 2281 1825 2314 liunc

1066 2344 1183 2377 ,usque
1207 2333 1290 2366 diem
1315 2333 1432 2367 eisdem
1458 2333 1771 2376 congregationibus,
1797 2344 1826 2367 e-

1086 2387 1159 2419 tiam
1177 2397 1212 2420 cx
1233 2388 1327 2419 causa
1344 2386 1483 2419 et'titulo
1501 2396 1646 2425 oneroso,
1664 2396 1822 2428 concessa,

1086 2440 1143 2472 bac
1168 2439 1234 2472 viee
1257 2439 1419 2473 dumtaxat
1442 2444 1471 2472 et
1495 2449 1532 2472 ex
1558 2439 1661 2472 causis
1685 2439 1826 2482 supradi-

1085 2493 1142 2526 ctis
1166 2493 1405 2537 suspendimus,
1433 2503 1469 2526 ac
1499 2492 1575 2537 ipsis
1599 2492 1822 2536 congregatio-

1123 2613 1132 2638 1
1153 2609 1219 2637 Male
1235 2609 1299 2637 edit.
1316 2609 1395 2637 tttain.
1410 2609 1475 2646 legit
1486 2609 1685 2645 permiserunt
1699 2609 1738 2645 (n.
1754 2610 1803 2644 τ.).
