2248 3229
113 197 163 225 An.
179 197 210 226 C.
230 197 296 227 1636

110 1327 220 1358 Clausulas
231 1334 294 1355 prac-

110 1358 227 1376 setvattus
261 1364 270 1376 ι

110 1381 213 1408 vomuit.

924 196 1066 222 unaaaus

311 256 347 279 ac
369 243 475 279 omnia
499 244 574 287 alia,
602 254 681 289 quae
706 245 744 278 ad
769 245 910 279 eiusdem
936 246 1051 280 montis

311 298 476 331 utilitatem
500 298 728 343 providamque
751 298 956 333 directionem
981 310 1053 344 per-

311 351 411 384 tinere
430 351 647 395 cognoverint,
667 352 849 396 peragendi,
871 364 942 386 cum
960 353 1052 386 facul-

311 409 372 438 tate
389 404 482 438 etiam
511 405 716 438 secretarium
741 411 770 438 et
794 406 1051 439 ratiocinatorem

310 468 366 490 seu
386 457 606 502 computistam
631 457 705 490 dicti
730 458 854 499 montis,
873 468 945 490 cum
970 468 1052 491 emo-

311 511 458 544 lumentis
483 521 541 555 per
562 510 767 544 secretarium
785 516 814 543 et
831 511 1050 555 computistam

312 565 427 599 montis
451 564 710 598 communitatum
735 564 893 598 secundae
921 569 1050 598 erectio-

311 618 363 651 m's
381 617 462 661 exigi
483 617 591 658 solitis,
616 617 655 650 ad
679 627 789 650 eorum
815 617 919 658 vitam,
943 622 974 652 et
999 618 1052 652 do-

311 681 367 704 nec
391 670 546 711 vixerint,
571 674 599 704 et
624 675 720 715 prout
745 670 822 715 ipsis
847 671 960 704 melius
987 671 1051 715 pla-

310 723 411 757 cuerit
435 729 465 757 et
485 723 651 764 videbitur,
672 723 808 767 eligendi
825 727 854 758 et
870 724 1050 768 deputandi:

309 777 537 822 depositarium
562 788 638 811 vero
662 777 736 810 dicti
763 777 878 811 montis
901 777 1050 811 dilectum

311 831 408 864 tilium
433 831 581 864 loannem
609 830 812 864 Franciscum
841 831 1051 872 Sacchettum,

309 884 410 918 donec
434 884 556 926 vixerit,
574 883 641 917 eius
666 884 729 917 viia
753 884 896 925 durante,
921 885 974 928 qui
1005 890 1051 918 ta-

311 948 381 971 men
406 937 444 971 de
468 937 618 972 solvendo
648 937 805 971 montistis
829 938 903 971 dicti
935 938 1051 971 montis

310 991 422 1025 debitis
447 991 589 1025 terminis
606 997 636 1025 et
656 991 852 1036 temporibus
871 992 993 1025 fructus
1010 993 1052 1026 lo-

311 1055 421 1079 corum
457 1055 536 1089 quae
566 1045 740 1086 obtinebit,
769 1045 885 1078 exactis
913 1046 961 1078 vel
988 1055 1052 1079 non

311 1098 426 1132 exactis
442 1098 718 1142 assignationibus,
738 1103 768 1132 et
784 1109 985 1143 quocumque
998 1099 1052 1132 im-
1068 1073 1071 1119 Ι

311 1151 490 1197 pedimento
515 1158 655 1187 cessante
679 1158 710 1186 et
732 1163 796 1186 non
825 1154 988 1195 obstante,
1019 1165 1051 1188 se

311 1206 454 1250 obligare
483 1210 624 1240 teneatur
645 1211 675 1239 et
703 1206 826 1247 debeat,
851 1207 997 1251 eligimus
1022 1213 1069 1240 et

310 1259 506 1304 deputamus.

354 1312 414 1358 ἓθ.
433 1313 654 1355 Decernentes,
676 1319 858 1357 praesentes
879 1314 999 1347 litteras
1013 1314 1051 1347 ad

288 1365 295 1371 '
310 1366 416 1400 omnia
439 1370 469 1401 et
493 1367 616 1410 singula
644 1367 822 1401 necessaria
846 1372 875 1402 et
902 1368 1052 1412 requisita

310 1420 450 1464 legitime
474 1421 664 1454 sufficientes
699 1431 767 1454 esse
792 1427 854 1454 tam
880 1422 910 1454 in
936 1422 1070 1462 iudicio!

309 1484 404 1518 quam
429 1479 517 1508 extra
541 1474 632 1518 plene
656 1479 686 1507 et
709 1474 908 1518 probandum
929 1480 957 1508 et
975 1475 1053 1508 veri-

309 1521 478 1569 ficandum,
498 1538 556 1561 nec
580 1528 709 1561 alterius
734 1528 929 1572 probationis
953 1528 1052 1562 admi-

310 1580 451 1614 niculum
474 1580 614 1625 requiri,
645 1580 835 1625 easdemque
871 1586 1052 1625 praesentes

309 1634 428 1668 litteras
450 1634 538 1668 nullo
563 1644 701 1678 unquam
727 1640 868 1679 tempore
885 1635 923 1668 de
944 1636 1053 1669 subre-

310 1687 427 1732 ptionis
450 1688 499 1721 vel
524 1687 719 1732 obreptionis
736 1688 810 1722 vitio
828 1693 881 1721 aut
905 1689 1051 1722 intentio-

310 1740 358 1774 nis
377 1746 505 1775 nostrae
529 1741 577 1774 vel
598 1741 659 1775 alio
677 1741 788 1786 quovis
805 1741 927 1775 defectu
942 1742 1051 1786 (etiam

310 1805 347 1828 ex
370 1804 408 1828 eo
438 1794 523 1838 quod
547 1795 791 1829 communitates
815 1800 845 1829 et
869 1796 1053 1830 universita-

311 1853 355 1881 tes
368 1847 558 1892 praedictae,
575 1853 629 1881 aut
644 1849 696 1882 alii
713 1849 905 1894 quicumque
918 1850 949 1882 in
966 1860 1052 1894 prae-

311 1901 414 1935 missis
439 1901 487 1934 ius
511 1907 541 1934 et
564 1901 714 1936 interesse
744 1902 850 1936 forsan
881 1902 1051 1944 habentes,

311 1965 366 1989 :cu
389 1954 507 1989 habere
531 1954 784 1999 praetendentes,
802 1955 901 1990 vocati
922 1966 976 1989 seu
1001 1966 1053 1989 au-

309 2009 376 2050 diti,
393 2013 447 2042 aut
470 2009 554 2053 quod
572 2008 658 2053 ipsae
675 2009 797 2042 litterae
822 2009 852 2042 in
873 2009 982 2042 eadem
1001 2020 1052 2042 ca-

311 2064 397 2096 mera
421 2061 592 2106 apostolica
617 2061 792 2103 admissae,
813 2067 843 2095 et
868 2062 898 2094 in
923 2062 990 2095 eius
1015 2062 1051 2094 li-

310 2116 376 2149 bris
399 2116 586 2159 registratae
617 2115 746 2148 minime
771 2115 905 2158 suerint,
938 2116 985 2148 vel
1015 2125 1051 2148 ex

309 2170 369 2203 alia
393 2170 503 2214 quavis
527 2171 621 2203 causa
655 2170 855 2214 quantumvis
887 2169 1028 2212 legitima
1043 2197 1050 2210 ‚

310 2223 434 2267 urgenti
459 2228 489 2256 et
512 2222 656 2264 iuridica‚
680 2223 773 2256 etiam
800 2223 978 2256 necessario
1003 2234 1052 2255 ex-

310 2275 498 2321 primenda),
519 2277 632 2317 notari,
660 2276 851 2321 impugnari,
877 2276 1069 2318 invalidari,

310 2329 349 2363 :id
372 2329 524 2364 terminos
542 2329 619 2362 iuris
639 2329 757 2370 reduci,
776 2329 807 2362 in
832 2329 880 2362 ius
906 2330 953 2362 vel
980 2320 1069 2383 con-J

311 2383 496 2417 troversiam
528 2383 692 2424 revocari,
724 2388 777 2416 aut
806 2383 958 2417 adversus
982 2383 1067 2417 illas

309 2436 531 2481 quodcumque
555 2436 653 2478 iuris,
678 2426 749 2469 lacti
780 2437 826 2469 vel
851 2437 970 2480 gratiae
995 2448 1046 2470 rc-

310 2490 447 2524 medium
471 2489 658 2534 impetrari,
690 2500 745 2523 seu
775 2489 869 2523 etiarn
902 2491 1067 2530 intentari¹

310 2553 410 2587 posse,
428 2543 476 2576 vel
489 2542 616 2583 debere,
630 2542 796 2587 minusque
813 2542 871 2575 sub
888 2543 1049 2585 similium,

310 2597 358 2630 vel
374 2596 573 2630 dissimilium
591 2597 763 2640 gratiarum
785 2597 1048 2642 revocationibus,
1064 2628 1066 2631 ,

393 2660 470 2688 Bau.
492 2660 575 2687 Rom.
597 2674 629 2680 -
649 2659 707 2687 Vol.
730 2658 804 2687 XIV.
965 2660 998 2686 70

1090 196 1146 221 v111
1171 197 1220 222 rr.

1087 245 1358 291 suspensionibus,
1375 245 1625 287 limitationibus,
1643 246 1830 280 reductioni-

1086 299 1166 340 bus,
1198 303 1251 332 aut
1276 298 1344 332 aliis
1377 299 1544 333 contrariis
1568 299 1829 344 dispositionibus

1087 353 1329 396 comprehendi,
1360 353 1414 386 sed
1439 363 1566 397 semper
1591 353 1629 385 ab
1654 353 1715 386 illis
1740 363 1829 387 exec-

1086 411 1164 449 ptas,
1182 412 1221 447 et,
1243 406 1365 449 quoties
1390 406 1442 439 illa
1467 407 1667 448 emanabunt,
1690 407 1780 440 toties
1797 407 1828 439 in

1087 459 1256 502 pristinum
1281 464 1310 492 ct
1341 470 1413 492 eum
1445 460 1476 492 in
1501 471 1564 504 quo
1597 466 1686 494 erant
1713 466 1828 494 statum

1068 553 1070 559 Ι
1087 512 1254 553 restitutas
1273 513 1425 556 repositas
1446 519 1475 546 et
1492 514 1643 558 plenarie,
1660 514 1753 547 etiam
1771 515 1829 547 sub

1068 563 1285 610 'quacumque
1310 566 1478 610 posteriori
1503 567 1584 607 data,
1610 568 1828 610 reintegratus,

1086 629 1121 651 ac
1145 619 1182 651 de
1207 629 1289 652 novo
1313 629 1494 661 concessas,
1520 631 1555 653 ac
1580 631 1705 664 semper
1730 620 1829 653 maio-

1087 682 1153 704 rem
1178 672 1251 712 vim,
1280 672 1379 705 robur
1403 678 1433 705 et
1457 673 1627 706 efficaciam
1653 674 1772 707 habere
1800 680 1829 707 et

1085 724 1243 766 obtinere,
1269 735 1305 758 ac
1329 725 1354 757 si
1379 725 1417 758 de
1444 727 1670 759 venerabilium
1695 728 1828 759 fratrum

1085 783 1268 811 nostrorum
1293 778 1322 811 S.
1348 779 1382 811 [l.
1403 779 1437 811 E.
1463 779 1668 813 cardinalium
1697 780 1828 813 consilio

1086 837 1116 864 et
1129 840 1269 872 assensu,
1287 837 1316 864 et
1331 831 1482 865 innostro
1500 834 1688 866 consistorio
1706 838 1828 866 secreto

1087 885 1198 925 editae,
1218 886 1317 918 sactae.
1341 890 1372 918 et
1396 891 1557 919 emanatae
1582 887 1727 926 fuissent,

1131 939 1146 981 ἓ
1182 939 1210 971 7.
1247 938 1361 982 Sicque
1397 944 1525 972 et·non
1562 940 1651 972 aliter
1691 952 1748 984 per
1783 951 1829 973 ca-

1087 992 1270 1033 merarium,
1291 1002 1414 1025 necnon
1438 993 1505 1025 vice
1530 993 1764 1034 camerarium,
1793 1004 1829 1026 ac

1086 1045 1227 1078 eiusdem
1253 1056 1396 1079 camerae
1425 1046 1656 1080 thesaurarium
1682 1052 1712 1079 et
1736 1047 1829 1080 cleri-

1086 1110 1139 1133 cos
1163 1099 1389 1143 praesidentes,
1414 1105 1444 1133 et
1469 1110 1685 1144 quoscumque
1711 1100 1830 1134 iudices

1086 1152 1264 1186 ordinarios
1284 1158 1314 1185 et
1337 1153 1497 1195 delegatos
1511 1182 1518 1195 ,
1544 1153 1637 1186 etiam
1663 1163 1829 1186 causarum

1085 1206 1191 1250 palatii
1216 1206 1389 1249 apostolici,
1410 1216 1445 1239 ac
1470 1206 1499 1240 S.
1525 1207 1558 1239 R.
1585 1207 1617 1239 E.
1643 1207 1828 1249 cardinales,

1086 1260 1180 1293 etiam
1205 1260 1243 1293 de
1268 1261 1364 1293 latere
1382 1260 1512 1303 legatos,
1526 1261 1649 1293 sublata
1666 1260 1710 1293 cis
1728 1266 1759 1293 et
1778 1272 1829 1294 eo-

1085 1324 1156 1346 rum
1180 1314 1309 1347 cuilibet
1339 1314 1449 1357 quavis
1481 1313 1571 1346 aliter
1601 1313 1759 1347 iudicandi
1790 1314 1829 1347 sa-

1086 1368 1201 1401 cultatc
1225 1372 1255 1400 et
1279 1367 1473 1407 auctoritate,
1492 1367 1623 1400 iudicari
1650 1372 1680 1399 et
1704 1367 1829 1400 definiri

1086 1418 1212 1461 debere,
1231 1431 1354 1454 necnon
1379 1420 1504 1453 irritum
1522 1424 1552 1454 et
1576 1420 1677 1462 inane,
1695 1420 1720 1453 si
1739 1431 1830 1454 secus

1086 1485 1180 1518 super
1198 1475 1245 1507 his
1269 1485 1286 1506 a
1311 1484 1480 1519 quoquam,
1499 1473 1608 1516 quavis
1633 1473 1828 1515 auctoritate,

1086 1518 1220 1561 scienter
1256 1528 1304 1561 vcl
1341 1527 1544 1570 ignoranter,
1577 1527 1746 1571 contigerit
1777 1532 1826 1559 at—

1087 1581 1210 1614 tentari.

1130 1635 1144 1679 ἓ
1169 1633 1198 1667 8.
1231 1635 1300 1671 Non
1324 1634 1520 1668 obstantibus
1550 1635 1750 1678 praemissis,
1775 1646 1828 1678 ac,

1085 1694 1239 1732 quatenus
1263 1699 1343 1732 opus
1368 1688 1417 1728 sit,
1433 1689 1542 1721 nostra
1568 1689 1679 1732 regula
1703 1688 1742 1722 de
1767 1699 1830 1723 non

1086 1742 1224 1776 tollendo
1249 1741 1318 1774 iure
1342 1741 1495 1785 quaesito,
1516 1747 1638 1775 necnon
1663 1742 1757 1774 etiam
1781 1753 1830 1775 su-

1085 1806 1141 1840 per
1164 1796 1248 1829 bono
1273 1795 1428 1838 regimine
1453 1795 1632 1828 reddituum
1659 1796 1831 1828 communi·

1086 1854 1183 1882 tatum
1209 1854 1238 1882 et
1263 1848 1503 1881 universitatum
1528 1849 1772 1892 praedictarum,
1795 1860 1831 1882 ac

1087 1902 1131 1936 Pii
1149 1902 1186 1935 IV
1207 1902 1307 1935 nostri
1333 1901 1588 1946 praedecessoris
1605 1902 1643 1935 de
1662 1902 1830 1945 registran-

1085 1955 1144 1996 dis,
1155 1961 1185 1988 et
1198 1955 1361 1998 quibusvis
1374 1955 1442 1988 aliis
1456 1955 1731 1988 constitutionibus
1743 1962 1772 1989 et
1784 1966 1831 1989 or—

1086 2009 1299 2042 dinationibus
1312 2009 1504 2052 apostolicis,
1518 2009 1611 2042 etiam
1626 2009 1663 2042 de
1681 2009 1771 2043 bonis
1784 2020 1832 2043 ea-

1087 2061 1231 2095 rumdem
1257 2062 1518 2095 communitatum
1536 2068 1566 2095 et
1591 2062 1829 2096 universitatum

1085 2126 1148 2149 non
1170 2115 1342 2149 alienandis
1367 2126 1424 2148 nec
1449 2115 1647 2158 obligandis,
1668 2121 1721 2149 aut
1746 2117 1830 2161 quod

1086 2170 1117 2202 in
1149 2169 1276 2202 illorum
1306 2169 1547 2202 alienationibus
1574 2174 1603 2202 ct
1628 2169 1829 2213 obligationi-

1085 2223 1143 2256 bus
1177 2228 1281 2255 certac
1310 2222 1524 2256 solemnitates
1549 2223 1719 2256 servandae
1749 2224 1828 2266 sint,

1085 2286 1207 2309 necnon
1225 2276 1407 2309 earumdem
1434 2276 1696 2309 communitatum
1714 2282 1743 2310 et
1764 2279 1829 2311 uni-

1086 2329 1268 2362 versitatum
1301 2329 1444 2369 statutis‚
1474 2329 1746 2370 ordinationibus,
1772 2341 1825 2364 re-

1086 2383 1334 2422 lbimationibus,
1360 2393 1481 2416 necnon
1508 2383 1724 2416 instrumentis
1740 2411 1747 2424 ,
1772 2394 1827 2417 seu

1085 2437 1248 2481 scripturis
1269 2437 1531 2480 quilmseumcpie,
1551 2437 1630 2470 inter
1651 2437 1828 2480 praedictas

1084 2490 1325 2525 couununitates
1346 2495 1375 2523 et
1400 2490 1619 2523 universitates
1643 2501 1680 2523 ex
1706 2492 1768 2523 una
1799 2498 1827 2525 et

1084 2545 1211 2589 quosvis
1245 2549 1436 2577 mercatores
1471 2554 1527 2576 seu
1563 2544 1640 2576 alias
1675 2554 1827 2587 personas

1084 2608 1298 2641 quascumque
1317 2602 1405 2641 parte
1431 2607 1466 2630 ex
1491 2597 1600 2638 altera,
1619 2607 1713 2641 super
1731 2597 1828 2630 extin-

1738 188 1803 223 553
1848 199 1938 228 mre.
1960 199 2028 228 1636

1889 952 1924 974 Sic
1940 951 2029 974 iudicari

1845 979 1896 1000 vult.

1917 1645 2030 1667 Contrariis

1845 1671 1940 1699 derogat.
