2248 3229
264 245 313 272 An.
329 245 359 271 c.
378 245 444 273 1638
490 235 553 269 648

297 1526 388 1552 nerngat
405 1528 440 1548 ob-

256 1553 367 1574 stantibus.

461 293 522 326 alia
554 293 661 336 quavis
687 292 780 325 causa
802 292 847 324 vel
874 296 1051 334 praetextu,
1073 291 1110 323 de
1128 292 1201 323 sub-

461 345 612 389 reptionis
645 345 691 376 vel
725 343 939 387 obreptionis,
965 353 1018 376 seu
1051 343 1201 377 nullitatis

462 399 545 440 vitio,
563 403 614 430 aut
632 397 812 430 intentionis
829 401 965 436 nostrae,
983 397 1031 429 vel
1049 396 1109 429 alio
1128 407 1202 440 quo-

462 452 507 483 vis
532 451 654 483 defectu
678 449 791 489 notari,
817 449 1004 492 impugnari,
1030 449 1076 482 vel
1102 455 1200 482 retra-

461 504 548 544 ctari,
574 503 604 535 in
630 504 676 535 ius
706 503 754 535 vel
779 502 1026 536 controversiam
1048 505 1200 543 revocari,

460 562 512 589 aut
530 557 680 589 adversus
699 556 766 588 illas
786 556 1009 600 quodcumque
1027 557 1113 596 iuris,
1134 567 1202 599 gra-

463 611 520 644 tiae
555 610 602 642 vel
638 609 710 642 sacti
740 609 914 642 remedium
940 609 1124 653 impetrari,
1149 615 1201 643 aut

460 662 589 696 concedi
606 672 707 706 posse,
725 662 779 694 sed
805 672 931 705 semper
952 662 1078 703 validas,
1094 662 1201 695 firmas

460 719 489 749 et
513 716 654 748 efficaces
675 715 817 756 existere,
837 726 972 758 suosque
995 716 1154 759 plenarios
1171 722 1200 749 et
1217 727 1218 766 ᾗ

458 769 599 812 integros
624 768 752 801 effectus
777 768 882 801 sortiri
913 774 943 802 et
974 770 1139 811 obtinere,
1164 780 1200 803 ac
1217 769 1366 801 delicet:

457 823 496 854 ab
518 822 666 854 omnibus
683 821 905 854 inviolabiliter
923 822 1086 855 observari
1105 828 1134 856 et
1151 823 1200 855 ad-
1216 847 1218 858 .

1216 874 1282 908 *rei
1306 877 1503 909 memoriam.
1528 877 1612 910 Nihil
1638 877 1668 909 in
1693 888 1880 922 unaquaque
1905 879 1976 912 reli-

1215 928 1321 971 *giosa
1344 929 1471 969 familia,
1490 928 1577 963 etc.².

458 876 599 919 impleri;
625 876 731 918 sicque
757 886 814 919 per
839 886 1057 919 quoscumque
1082 876 1199 909 iudices

458 929 636 961 ordinarios
661 934 690 961 et
714 928 884 971 delegatos,
909 929 1072 973 dictaeque
1101 940 1200 963 came—

458 992 510 1015 rae
523 982 738 1026 praesidentes
752 983 883 1015 clericos
902 987 931 1015 et
949 983 1025 1016 alios
1039 984 1198 1024 officiales,

457 1036 611 1069 ac‘etiam
636 1047 802 1069 causarum
828 1037 933 1080 palatii
959 1037 1123 1081 apostolici
1145 1048 1198 1069 au-

457 1089 584 1130 ditores
602 1094 631 1124 et
646 1090 674 1123 S.
690 1090 723 1122 R.
742 1090 774 1122 E.
793 1090 977 1131 cardinales,
996 1091 1089 1123 etiam
1104 1091 1140 1123 de
1157 1091 1198 1123 la-

457 1147 523 1175 tere
539 1144 668 1186 legatos,
690 1144 810 1176 sublata
829 1144 873 1176 eis
898 1149 927 1176 et
943 1154 1054 1177 eorum
1071 1144 1199 1177 cuilibet

457 1197 565 1240 quavis
599 1197 689 1230 aliter
724 1197 881 1230 iudicandi
913 1202 943 1230 et
971 1198 1216 1242 interpretandi,

1214 1249 1291 1281 'tiae
1317 1255 1345 1281 et
1371 1250 1428 1282 sub
1446 1251 1780 1285 excommunicationis
1807 1252 1887 1285 latae
1903 1263 1973 1285 sen—

456 1250 602 1282 facultate
619 1255 649 1282 et
665 1251 861 1291 auctoritate,
878 1250 1010 1283 iudicari
1028 1255 1057 1285 et
1073 1251 1197 1284 definiri

457 1303 582 1343 debere,
606 1303 795 1347 irritumspie
820 1308 849 1337 et
874 1304 976 1345 inane,
995 1305 1019 1337 si
1045 1315 1134 1337 secus
1151 1316 1198 1338 su-

455 1367 512 1400 per
536 1357 585 1389 his
609 1367 626 1389 a
651 1368 830 1402 quoquam,
855 1358 964 1401 quavis
993 1358 1216 1402 auctoritato„

456 1410 591 1443 scienter
616 1411 663 1443 vel
688 1411 880 1453 ignoranter,
906 1411 1072 1454 contigerit
1097 1417 1197 1445 atton-

456 1463 524 1496 tari.

501 1517 516 1560 ξ
540 1516 568 1550 5.
594 1517 661 1550 Non
692 1517 889 1551 obstantibus
923 1518 1198 1552 constitutionibus

456 1574 485 1603 et
503 1570 753 1603 ordinationibus
771 1572 960 1614 apostolicis,
982 1582 1027 1612 ac,
1045 1578 1198 1616 quatenus

455 1634 534 1667 opus
551 1623 599 1664 sit,
620 1623 720 1656 dictae
738 1624 881 1665 civitatis,
898 1625 990 1658 etiam
1009 1625 1196 1665 iuramento,

456 1677 695 1710 confirmatione
720 1678 913 1721 apostolica,
939 1679 986 1711 vel
1011 1679 1119 1722 quavis
1148 1679 1198 1711 fir-

456 1730 562 1762 mitate
587 1730 647 1762 alia
677 1730 843 1771 roboratis,
859 1731 981 1765 statutis
1005 1736 1035 1765 et
1058 1741 1194 1765 consue-

456 1783 626 1824 tudinibus,
652 1784 826 1827 privilegiis
851 1795 990 1828 quoque,
1016 1785 1142 1818 indultis
1168 1790 1197 1817 et

456 1837 569 1869 litteris
587 1837 767 1880 apostolicis
786 1838 816 1870 in
834 1839 1027 1871 contrarium
1048 1839 1197 1882 praemis-

457 1901 563 1923 sorum
575 1891 809 1935 quomodolibet
818 1892 983 1934 concessis,
993 1892 1196 1933 confirmatis,

456 1944 637 1987 approbatis
650 1950 679 1976 et
695 1944 864 1984 innovatis3
879 1945 991 1988 quibus
1009 1946 1153 1978 omnibus
1168 1950 1197 1979 et

457 1997 598 2039 singulis,
615 1997 742 2029 illorum
764 2003 888 2030 tenores
906 1999 1122 2041 praesentibus
1138 2009 1196 2042 pro

456 2050 547 2093 plene
562 2055 591 2082 et
612 2050 802 2083 sufficienter
819 2051 976 2094 expressis
994 2062 1029 2084 ac
1045 2051 1082 2084 de
1100 2052 1195 2085 verbo

456 2104 493 2136 ad
512 2104 643 2138 verbum
664 2104 788 2137 insertis
809 2104 970 2145 habentes,
992 2105 1051 2137 illis
1072 2106 1148 2138 alliis
1166 2106 1196 2138 in

457 2169 512 2191 suo
526 2158 640 2191 robore
657 2158 882 2201 permansuris,
896 2159 933 2191 ad
948 2159 1195 2202 praemissorum

456 2211 613 2252 effectum,
631 2212 688 2244 hae
707 2212 771 2244 vice
797 2212 956 2246 dumtaxat
976 2213 1154 2256 specialiter
1167 2218 1197 2245 et

457 2275 603 2309 expresse
620 2265 820 2308 derogamus3
839 2266 1013 2310 ceterisque
1031 2266 1196 2299 contrariis

456 2319 715 2362 quibuscumque.

500 2372 611 2404 Datum
630 2373 756 2412 Romae,
771 2372 853 2416 apud
870 2372 898 2405 S
913 2372 1051 2413 Petrum,
1070 2372 1127 2405 sub
1145 2383 1196 2405 an—

456 2426 530 2459 nulo
540 2426 717 2467 piscatoris,
731 2426 781 2459 dic
793 2427 982 2470 xx‘iiiaprilis
993 2437 1195 2468 mcxxxviii,
1212 2434 1214 2455 ἐ

457 2481 657 2524 pontificatus
674 2481 773 2514 nostri
791 2492 872 2514 anno
898 2492 950 2516 xv,

493 2543 550 2570 Dat.
572 2543 615 2571 die
637 2544 669 2571 18
689 2544 780 2580 aprilis
802 2544 879 2578 1038,
901 2544 996 2579 pontif.
1019 2552 1089 2572 anno
1111 2550 1154 2570 XV.

1015 243 1193 268 BULLARIUM
1219 243 1372 268 ROMANUM

1559 293 1643 326 DCII.

1235 361 1456 405 Privileqium
1488 373 1548 405 pro
1582 364 1834 406 Conyreyatione
1870 366 1976 400 Cassi-

1280 416 1374 448 nensz'
1386 419 1496 448 contra
1514 416 1714 459 appellantes
1727 421 1756 450 et
1770 418 1941 451 ambientes
1952 418 1970 450 ¹.

1423 494 1560 521 Urbanus
1591 496 1672 529 Papa
1698 496 1775 529 VIII,

1351 540 1386 565 ad
1410 543 1586 573 perpetuam
1606 540 1651 566 rei
1674 541 1854 568 memoriam.

1279 610 1294 652 g
1318 609 1346 642 1.
1373 609 1455 642 Alias
1480 620 1497 642 a
1520 610 1618 642 felicis
1643 610 1868 644 recordationis
1891 611 1971 645 Gre-

1235 662 1326 704 gorio
1352 663 1450 706 Papae
1470 663 1537 695 XIII
1558 663 1802 706 praedecessore
1819 670 1927 698 nostro
1945 675 1975 697 e-

1236 720 1402 747 manarunt
1418 716 1540 749 litterae
1557 716 1675 750 tenoris
1688 717 1918 762 subsequentis,
1933 719 1975 751 vi-

1281 823 1456 866 Gressorz'us
1480 824 1575 866 Papa
1598 824 1697 864 XIII,
1726 825 1767 857 acl
1784 829 1975 869 perpetuam

1278 982 1292 1025 ξ
1316 981 1345 1014 ⁵2.
1371 982 1446 1015 Cum
1472 986 1593 1023 autem,
1619 983 1699 1016 sicut
1730 983 1861 1017 dilectus
1891 984 1974 1018 filius

1233 1041 1421 1078 procurator
1434 1037 1590 1079 generalis
1603 1037 1702 1070 dictae
1716 1038 1974 1081 Congregationis

1232 1089 1322 1121 nobis
1339 1099 1439 1133 nuper
1453 1090 1565 1133 exponi
1582 1090 1664 1131 fecit,
1682 1091 1747 1134 ipse
1763 1092 1974 1134 praeinsertas

1232 1141 1351 1174 litteras
1376 1153 1434 1185 per
1457 1153 1514 1176 nos
1532 1143 1724 1185 confirmari,
1742 1154 1864 1177 necnon
1883 1155 1973 1188 prae-

1233 1200 1368 1239 ceptum,
1386 1197 1469 1240 quod
1487 1197 1518 1229 in
1538 1197 1651 1230 virtute
1677 1203 1800 1232 sanctae
1825 1198 1974 1232 obedien-

1233 1303 1347 1335 tentiae
1378 1306 1479 1347 poena
1511 1304 1542 1337 in
1577 1305 1759 1339 huiusmodi
1792 1305 1903 1339 litteris
1936 1306 1971 1338 sit

1232 1357 1390 1399 praelatis,
1408 1357 1461 1400 qui
1479 1368 1538 1401 pro
1556 1362 1697 1401 tempore
1712 1358 1858 1401 regimini
1872 1359 1974 1392 dictae

1232 1409 1491 1452 Congregationis
1513 1410 1654 1454 deputati
1678 1415 1780 1452 erunt,
1804 1422 1844 1444 ne
1867 1422 1974 1445 mona-

1233 1463 1308 1496 chos
1325 1463 1363 1496 ad
1380 1464 1474 1496 alias³
1490 1464 1694 1508 praelaturas,
1712 1465 1888 1508 dignitates,
1906 1476 1974 1508 gra-

1233 1515 1301 1557 dus,
1327 1516 1614 1550 administrationes
1639 1520 1667 1551 et
1692 1518 1751 1550 alia
1777 1518 1874 1561 ipsius
1894 1518 1972 1551 Con-

1233 1569 1426 1612 gregaiionis
1451 1570 1553 1603 officia
1585 1570 1756 1614 precibus,
1788 1571 1899 1605 litteris
1924 1573 1971 1604 vel

1232 1623 1392 1655 favoribus
1417 1623 1607 1667 principum,
1627 1624 1674 1656 vel
1690 1624 1904 1667 praelatorum
1923 1635 1972 1657 ex-

1233 1679 1278 1709 tra
1310 1676 1467 1718 gremium
1496 1676 1596 1709 dictae
1623 1676 1882 1719 Congregationis
1912 1678 1972 1710 exi-

1232 1729 1378 1761 stentium
1399 1729 1524 1761 adducti
1548 1739 1739 1773 promovere
1758 1736 1970 1773 praesumant,

1232 1782 1270 1814 ad
1295 1782 1372 1815 alios
1405 1793 1545 1826 quosque
1571 1787 1600 1815 et
1625 1783 1765 1825 singulos
1790 1783 1918 1817 abbates
1943 1789 1972 1816 ct

1231 1836 1410 1879 superiores
1431 1846 1705 1879 quorumcumque
1722 1836 1823 1869 dictae
1839 1836 1973 1879 Congre-

1232 1890 1366 1932 gationis
1391 1889 1678 1930 monasteriorum,
1710 1890 1763 1933 qui
1795 1890 1972 1933 praedictos

1231 1943 1402 1975 monachos
1427 1943 1465 1975 ad
1490 1943 1653 1984 rectorias‚
1678 1943 1855 1984 vicariatus,
1876 1944 1971 1976 admi-

1230 1996 1431 2029 nistrationes
1445 2001 1474 2028 et
1487 1996 1624 2029 cuiusvis
1641 1996 1765 2039 generis
1779 1996 1891 2037 officia,
1908 2002 1970 2029 tam

1231 2050 1406 2093 spiritualia
1431 2060 1525 2093 quam
1551 2050 1756 2093 temporalia,
1790 2050 1828 2082 ab
1853 2050 1970 2083 eisdem

1231 2103 1429 2136 monasteriis
1456 2103 1674 2147 dependentia,
1700 2103 1847 2147 precibus
1872 2110 1903 2137 et
1927 2105 1970 2136 fa-

1231 2157 1360 2189 voi-ibus
1384 2156 1579 2196 huiusmodi,
1604 2156 1808 2200 deputabunt,
1834 2157 1970 2197 extendi,

1231 2210 1422 2254 cosdemque
1447 2209 1618 2243 monachos
1641 2209 1679 2242 ad
1705 2210 1822 2242 similes
1847 2210 1968 2243 favores

1213 2269 1431 2297 recurrentes
1455 2263 1565 2297 eadem
1590 2264 1692 2307 poena
1718 2263 1808 2306 ligari
1833 2274 1970 2296 summo-

1230 2328 1305 2362 pere
1330 2318 1505 2351 desideret:

1275 2372 1289 2415 ξ
1303 2371 1332 2404 3.
1351 2372 1423 2411 Nos,
1440 2381 1604 2415 prospero,
1622 2369 1766 2414 felicique
1781 2370 1882 2404 dictae
1895 2370 1971 2404 Con-

1230 2425 1423 2469 gregationis
1448 2425 1601 2468 gubernio
1623 2430 1653 2457 et
1680 2424 1827 2468 regimini
1848 2434 1970 2468 peram-

1267 2518 1276 2542 1
1306 2515 1399 2542 Plures
1423 2515 1520 2542 summi
1544 2514 1683 2541 Pontifieis
1707 2513 1968 2549 Congregationibus

1230 2560 1425 2587 monachorum
1441 2560 1640 2595 prohibuerunt
1654 2559 1811 2594 dignitatum
1827 2558 1968 2585 ambitum.

1265 2605 1280 2631 ΞΖ
1295 2605 1439 2640 Reliquum
1455 2605 1537 2632 habes
1552 2605 1579 2631 in
1595 2608 1658 2631 tom.
1675 2611 1731 2638 viu,
1748 2612 1808 2639 pag.
1825 2603 1858 2630 66
1873 2604 1966 2638 (n.·r.).

1264 2649 1280 2675 3
1297 2649 1399 2677 Forsan
1414 2649 1557 2684 legendum
1573 2649 1688 2683 aliquas
1703 2651 1743 2682 (a.
1757 2647 1806 2681 T.).

1981 248 2034 273 An.
2052 247 2079 274 C.
2100 247 2169 275 1638

2015 628 2107 648 Litterae
2124 626 2183 649 Cres
2230 612 2233 635 ἶ

1989 655 2041 680 gom
2057 654 2109 675 xm.
