2248 3229
116 228 165 255 An.
183 227 211 256 C.
234 227 302 256 1639

142 769 236 792 innituit
247 769 299 790 duos

115 802 154 828 pro
175 796 300 825 definitores

116 829 136 845 in
144 823 259 851 provinciis
270 823 299 844 ut·

115 850 262 872 tumentem«.

143 1837 261 1857 Fran-mssa
270 1836 306 1855 ol·-

122 1863 202 1885 urs-:ut
213 1862 306 1883 mandat.

137 2103 203 2123 Aliter
218 2102 308 2123 initu-an

125 2135 167 2150 non
178 2134 250 2159 *pm-se
273 2129 309 2150 de·

124 2159 199 2177 cornu.

167 2476 312 2504 exequutores

127 2503 222 2530 «lupum.
230 2506 251 2524 et
261 2508 313 2530 poe-
349 2522 355 2527 ‚

128 2535 167 2551 nan
206 2532 279 2551 contra
283 2530 312 2550 sa·

128 2555 234 2578 cientibus
245 2556 312 2578 utun.

923 227 1065 252 uneauus
1091 226 1146 251 vm
1169 227 1217 251 rr.
1736 215 1798 248 747
1845 223 1893 250 An.
1910 222 1938 249 c.
1962 223 2028 250 1639

314 274 487 308 vinciarum
513 275 701 309 definitoriis
723 274 956 315 desiderentur;
973 274 1057 319 quod
1090 274 1215 308 Ordinis
1229 274 1259 307 iu
1273 273 1387 307 virtute
1400 278 1524 307 sanctae
1538 271 1734 307 obedientiae
1745 281 1833 316 prae-

314 329 340 362 si
365 329 534 372 contingat,
557 335 600 370 ut,
613 329 667 373 qui
691 329 750 362 erit
774 329 900 372 dignior
923 334 954 362 et
978 339 1053 373 per·
1090 327 1223 371 cipimus
1239 332 1269 360 et
1290 327 1486 367 mandamus,
1504 331 1537 359 ut
1553 330 1734 370 praesentes
1750 324 1831 358 litte-

314 387 428 426 petuus
460 382 491 415 in
525 381 706 416 definitorio
734 382 916 416 huiusmodi
950 382 1056 425 vigore
1091 391 1140 414 ras
1164 386 1194 414 et
1220 381 1249 413 in
1270 380 1314 414 eis
1332 385 1478 414 contenta
1502 388 1720 424 quaecumque
1736 388 1754 411 a
1769 377 1831 411 sibi

313 435 879 480 praesentiumlitterarumassistens,
894 435 955 469 alio
968 435 1057 470 titulo
1090 434 1223 468 subditis
1243 434 1399 476 omnibus,
1417 433 1455 467 ad
1475 444 1555 477 quos
1575 437 1693 477 spectat
1718 435 1747 466 et
1771 441 1831 476 pro

314 487 352 522 de
378 488 488 522 eodem
513 488 693 523 definitorio
717 489 838 530 existat,
863 489 985 533 sibique
1011 489 1058 521 ius
1091 492 1232 532 tempore
1256 488 1412 533 spectabit
1437 486 1683 532 quomodolibet,
1700 485 1758 519 sub
1783 495 1832 518 ex-

315 540 345 573 in
377 541 453 574 illud
485 541 682 585 ingrediendi
719 548 895 586 competat,
923 548 995 575 tunc
1027 517 1384 575 iniconnnunicationis
1419 540 1666 585 privationisque
1701 548 1830 572 suorum

316 594 383 628 eius
406 595 510 629 locum
535 596 604 640 ipso
629 596 709 630 sacto
735 596 923 640 subrogatus
948 596 987 629 sit
1007 595 1058 628 ille
1091 595 1267 629 officiorum
1300 600 1330 628 et
1361 594 1446 627 vocis
1478 593 1596 627 activae
1629 597 1658 625 et
1690 591 1831 636 passivae

315 654 404 692 pater
421 649 610 692 provinciae,
628 650 680 693 qui
698 649 797 682 eidem
816 649 966 693 dignitate
984 659 1057 693 pro·
1090 648 1200 692 poenis
1225 659 1262 682 eo
1287 648 1354 692 ipso
1380 647 1588 686 incurrendis,
1613 645 1736 679 debitae
1761 654 1832 678 exe-

316 702 418 736 ximus
434 703 537 736 suerit.
1091 702 1234 746 quutioni
1259 701 1443 735 demandari
1476 711 1511 734 ac
1537 698 1758 733 inviolabiliter
1781 697 1834 732 ob-

360 756 375 800 §
398 756 427 789 ⁹2.
449 757 552 796 Quare
577 768 643 799 nos,
657 757 852 792 attendentes
876 758 913 791 ea
937 757 1058 791 ratione
1092 755 1208 788 servari
1235 758 1345 789 curent
1369 758 1399 788 et
1419 754 1542 787 saciant.

315 809 351 841 et'
361 809 592 844 multitudinem
618 816 743 855 patrum
759 811 940 855 provinciae
957 811 1058 843 aul'er-
1136 808 1151 852 ἓ
1175 808 1204 842 6.
1222 808 1290 841 Non
1312 807 1518 847 obstantibus,
1533 805 1635 849 quoad
1661 803 1834 849 praemissa

315 862 352 903 ri,
369 873 405 896 ae
429 862 467 896 de
495 863 542 903 iis,
559 864 612 907 qui
637 875 695 908 pro
721 864 802 897 felici
821 864 1057 908 provinciarum
1092 861 1263 902 dumtaxat,
1284 861 1415 906 praefati
1439 859 1584 902 Gregorii
1613 857 1835 903 praedeeesso-

315 914 495 950 huiusmodi
521 917 694 950 directione
719 923 749 950 et
775 917 930 960 gubernio
955 926 1058 950 neces·
1093 915 1136 948 ris
1170 915 1302 954 litteris,
1335 914 1467 958 aliisque
1499 911 1774 946 constitutionibus
1805 915 1836 943 et

316 969 390 1002 sarii
415 975 496 1011 sunt,
513 970 705 1003 sufficienter
729 970 900 1014 provideri,
918 980 953 1002 ac
971 979 1060 1013 prae-
1093 968 1344 1002 ordinationibus
1373 966 1571 1011 apostolicis,
1598 971 1628 999 et
1656 965 1781 999 Ordinis
1806 969 1836 997 et

316 1021 470 1056 dictarum
496 1023 641 1067 Gregorii
667 1023 919 1067 praedecessoris
944 1022 1056 1056 buius-
1093 1021 1327 1066 provinciarum
1352 1019 1544 1060 huiusmodi,
1562 1019 1656 1052 etiam
1681 1018 1837 1052 iuramen-

317 1076 402 1110 modi
427 1076 604 1109 litterarum
630 1082 755 1109 tenores
784 1081 811 1108 et
837 1075 945 1108 datas·
973 1085 1061 1119 prae-
1095 1080 1144 1116 to,
1169 1075 1409 1108 confirmatione
1434 1073 1630 1118 apostolica,
1656 1073 1702 1105 vel
1727 1071 1837 1116 quavis

317 1129 456 1164 sentibus
470 1140 530 1174 pro
544 1129 701 1173 expressis
714 1135 743 1162 et
763 1129 886 1162 insertis
901 1128 1059 1169 habentes,
1095 1128 1241 1161 firmitate
1274 1128 1335 1161 alia
1362 1127 1519 1161 roboratis
1534 1154 1541 1167 ,
1566 1126 1689 1159 statutis
1713 1131 1744 1158 et
1767 1135 1837 1158 con-

318 1189 405 1217 motu
430 1183 571 1227 proprio,
594 1188 623 1216 et
649 1193 684 1216 ex
703 1184 788 1216 certa
814 1182 944 1215 scientia
961 1188 1060 1215 matu-
1095 1181 1322 1221 suetudinibus,
1347 1179 1520 1224 privilegiis
1549 1189 1684 1223 quoque,
1710 1177 1838 1211 indultis

319 1238 416 1281 reque
441 1236 667 1269 deliberatione
687 1235 815 1275 nostris,
833 1235 1059 1269 institutionem
1095 1241 1125 1268 et
1156 1235 1267 1269 litteris
1291 1233 1483 1278 apostolicis,
1509 1232 1626 1265 eisdem
1667 1231 1776 1265 Ordini
1809 1237 1838 1263 et

318 1300 372 1323 seu
397 1290 627 1324 restitutionem
654 1289 889 1333 praedictorum
923 1288 1060 1322 duorum
1096 1288 1288 1332 provinciis,
1314 1287 1504 1330 illorumque
1529 1285 1757 1330 superioribus,
1783 1284 1839 1317 fra-

318 1348 442 1387 patrum
462 1342 641 1388 provinciae
658 1342 921 1386 pro'delinitoriis
938 1342 1062 1385 prox-in·
1096 1342 1196 1375 tribus
1221 1346 1250 1374 et
1274 1341 1420 1385 personis
1444 1340 1620 1384 quibusvis,
1637 1339 1696 1372 sub
1712 1338 1839 1383 quibus-

318 1398 437 1430 ciarum
461 1397 707 1442 praedictarum,
726 1396 755 1428 in
774 1396 858 1429 dicto
881 1395 1061 1428 definitorio
1096 1406 1231 1439 cumque
1242 1394 1404 1428 tenoribus
1415 1399 1444 1427 et
1454 1393 1574 1434 formis,
1585 1404 1620 1426 ac
1631 1403 1701 1426 eum
1713 1391 1840 1435 quibus-

318 1451 456 1494 generali
486 1455 519 1482 ut
544 1451 720 1494 praefertur
741 1450 864 1490 saetam,
889 1449 1061 1493 apostolica
1096 1449 1141 1481 ris
1170 1449 1263 1482 etiam
1300 1447 1574 1490 derogatoriarum
1613 1446 1839 1489 derogatoriis,

318 1503 515 1543 auctoritate,
534 1507 640 1537 tenore
655 1503 879 1547 praesentium,
897 1502 1063 1536 conlirma-
1097 1503 1228 1546 aliisque
1242 1501 1473 1535 efficacioribus
1490 1505 1520 1534 et
1537 1500 1669 1533 insolitis
1681 1499 1839 1541 clausulis,

320 1568 389 1590 mus
417 1563 445 1590 et
478 1557 713 1601 approbamus,
740 1556 847 1600 illique
873 1555 1062 1589 inviolabilis
1098 1566 1132 1589 ae
1160 1556 1356 1589 irritantibus
1373 1559 1403 1588 et
1427 1554 1495 1587 aliis
1512 1553 1656 1595 decretis,
1673 1553 1702 1586 in
1723 1562 1838 1596 genere

319 1611 510 1656 apostolicae
536 1610 693 1643 firmitatis
714 1609 811 1642 robur
835 1608 1010 1649 adiicimus,
1027 1619 1062 1641 ae
1099 1609 1144 1641 vel
1170 1610 1199 1642 in
1217 1609 1331 1653 specie,
1345 1619 1379 1641 ae
1398 1607 1473 1641 alias
1490 1607 1520 1640 in
1539 1606 1732 1640 contrarium
1750 1615 1842 1650 prae-

319 1675 428 1699 omnes
461 1670 490 1697 et
522 1664 663 1707 singulos
689 1669 750 1696 tam
777 1663 852 1696 iuris
873 1673 966 1708 quam
993 1662 1062 1695 faeti
1099 1663 1279 1703 missorum,
1297 1662 1390 1695 etiam
1408 1666 1514 1701 motu,
1533 1660 1663 1693 seientia
1681 1663 1711 1694 el
1727 1659 1842 1692 delibe-

319 1719 469 1756 del'eetus,
490 1717 586 1761 siqui
607 1717 742 1761 desuper
767 1716 1001 1760 quomodolibet
1023 1718 1065 1750 iu-
1099 1717 1219 1749 ratione
1241 1715 1406 1756 similibus,
1421 1713 1659 1758 quomodolibet
1674 1713 1841 1753 concessis,

323 1772 524 1811 terrenerint,
548 1771 740 1816 supplemus.
817 1781 823 1787 ·
1099 1769 1294 1803 confirmatis
1318 1774 1348 1802 et
1369 1767 1542 1806 innovatis;
1563 1766 1677 1811 quibus
1695 1766 1842 1799 omnibus

367 1826 382 1869 g
405 1825 434 1859 3.
458 1826 668 1859 Decernentes
693 1825 743 1857 illa
769 1830 795 1858 et
823 1830 1003 1868 praesentes
1020 1825 1065 1857 lit·
1099 1828 1130 1855 et
1164 1822 1314 1865 singulis,
1351 1821 1472 1854 etiamsi
1508 1819 1546 1853 de
1578 1819 1638 1852 illis
1668 1829 1843 1862 eorumque

324 1884 406 1913 teras
433 1878 559 1918 validas,
581 1878 689 1911 sirmas
713 1883 742 1911 et
766 1879 908 1912 efficaces
932 1879 1065 1912 existere
1100 1877 1171 1910 totis
1183 1876 1344 1909 tenoribus
1358 1874 1512 1919 specialis,
1526 1873 1683 1918 specifica,
1697 1883 1844 1917 expressa

323 1938 354 1966 et
378 1933 454 1972 sore,
475 1942 510 1964 ae
529 1931 569 1964 ab
593 1931 739 1963 omnibus
754 1958 761 1971 ,
783 1931 820 1963 ad
846 1942 925 1975 quos
949 1936 1065 1975 spectat
1100 1934 1129 1964 et
1147 1930 1306 1963 individua
1323 1940 1358 1962 ac
1378 1929 1416 1962 de
1437 1927 1534 1961 verbo
1557 1927 1595 1960 ad
1616 1927 1757 1969 verbum,
1782 1936 1844 1960 non

324 1991 354 2019 et
378 1985 529 2030 spectabit
554 1985 583 2017 in
610 1985 758 2025 suun-um,
778 1984 998 2018 inviolabiliter
1014 1985 1067 2018 ob-
1100 1989 1203 2017 autem
1215 1994 1272 2028 per
1286 1983 1442 2016 clausulas
1455 1981 1618 2024 generales
1633 1980 1715 2013 idem
1729 1980 1845 2023 impor-

324 2039 455 2080 servari,
1101 2042 1210 2080 tantcs,
1225 2037 1342 2070 mentio
1353 2034 1494 2068 facienda
1508 2038 1587 2067 esset
1599 2039 1651 2066 aut
1668 2033 1772 2077 aliqua
1784 2033 1844 2065 alia

369 2094 384 2137 ἓ
408 2083 437 2126 ΙᾹ.
469 2092 582 2136 Sieque
613 2102 669 2135 per
700 2101 914 2136 quoscumque
949 2092 1066 2125 iudices
1101 2090 1254 2134 exquisita
1272 2090 1373 2122 forma
1393 2089 1431 2121 ad
1453 2089 1512 2121 boc
1530 2087 1681 2120 servanda
1699 2087 1788 2127 soret,
1806 2086 1844 2118 il-

325 2146 501 2180 ordinarios
522 2151 552 2178 ct
575 2145 752 2188 delegatos,
779 2145 870 2178 etiam
898 2155 1064 2178 causarum
1101 2144 1204 2177 lorum
1244 2142 1386 2176 omnium
1419 2147 1449 2174 et
1483 2141 1682 2183 singulorum
1719 2145 1844 2173 tenores

325 2199 430 2243 palatii
463 2197 627 2242 apostolici
661 2197 842 2238 auditores,
873 2198 1003 2231 iudicari
1037 2203 1066 2230 et
1101 2196 1319 2241 praesentibus
1343 2206 1403 2240 pro
1420 2195 1512 2238 plene
1530 2199 1560 2226 et
1584 2194 1777 2226 sufficienter
1794 2203 1845 2225 ex-

325 2253 448 2286 definiri
475 2252 606 2291 debere,
629 2262 663 2284 ac
682 2251 805 2284 irritum
823 2256 852 2283 et
873 2251 963 2284 inane
981 2251 1068 2294 quid-
1102 2250 1219 2295 pressis
1237 2249 1396 2290 babentes,
1416 2248 1476 2280 illis
1496 2247 1572 2280 alias
1590 2246 1621 2279 in
1645 2257 1702 2280 suo
1727 2245 1843 2280 robore

325 2307 400 2351 quid
425 2316 514 2340 secus
537 2315 632 2349 super
655 2305 704 2338 bis
729 2316 745 2338 a
763 2315 933 2349 quoquam,
959 2305 1067 2348 quavis
1101 2302 1335 2348 permansuris,
1360 2301 1398 2334 ad
1423 2299 1671 2345 praemissorum
1685 2298 1842 2340 effectum,

325 2360 531 2399 auctoritate,
556 2359 690 2392 scienter
716 2359 760 2390 vel
789 2358 980 2401 ignoranter,
999 2368 1068 2391 eon·
1102 2357 1281 2402 specialiter
1306 2362 1336 2389 et
1359 2365 1506 2399 expresse
1532 2353 1734 2397 derogamus;
1762 2358 1844 2387 cete-

327 2414 431 2458 tigerit
448 2413 602 2448 attentari.
1104 2412 1208 2455 risque
1225 2410 1391 2444 contrariis
1407 2408 1667 2453 quibuscumque.

371 2468 434 2511 §fr
459 2467 612 2507 Quocirca
635 2465 757 2499 dilectis
782 2465 853 2498 siliis
879 2465 1022 2498 ministro
1040 2469 1069 2499 et
1148 2466 1162 2509 ξ
1187 2465 1215 2498 7.
1243 2465 1390 2498 Volumus
1422 2468 1542 2504 autem,
1568 2467 1601 2496 ut
1632 2460 1845 2506 praesentium

329 2522 445 2556 vicario
469 2532 522 2554 seu
545 2519 761 2554 commissario
778 2519 978 2562 generalibus
995 2519 1068 2552 dicti
1103 2518 1318 2562 transumptis,
1344 2517 1436 2551 etiam
1463 2516 1642 2560 impressis,
1667 2525 1761 2548 manu
1786 2514 1844 2547 ati-

367 2594 377 2620 ¹
400 2594 466 2621 Male
491 2598 548 2620 tum
575 2592 638 2619 edit.
667 2591 745 2618 Maia.
774 2595 831 2618 tum
857 2591 922 2618 edit.
949 2590 1068 2618 Cherub.
1103 2572 1192 2606 cums
1205 2571 1319 2606 ”marii
1337 2571 1453 2616 pUbliCi
1474 2569 1671 2614 SUbSCPiPUSr
1692 2573 1722 2603 θῑ
1738 2568 1844 2612 SigiUO

329 2639 430 2669 liabent
449 2638 594 2668 tenoribus
613 2640 640 2666 et
659 2636 735 2665 datis
755 2638 792 2671 (a.
809 2636 858 2669 τ.).
1103 2637 1257 2671 personae
1283 2626 1313 2659 in
1338 2625 1489 2669 dignitate
1506 2624 1719 2659 ecelesiastica
1736 2622 1847 2658 consti-

1876 817 1968 844 Doregat
1986 822 2034 837 enn-

1849 845 1927 865 trariis.

1899 2468 2044 2494 'rr-’insumptis

1861 2494 1920 2516 croili
1935 2494 2001 2516 iubet.
