2248 3229
58 232 109 260 sn.
125 231 154 260 c,
176 228 242 261 {63¹1
863 230 1006 258 massus
1030 230 1086 258 vm
1111 232 1158 258 ιψ.
1188 230 1191 231 ’
1675 222 1732 258 624
1783 233 1836 261 An.
1856 233 1885 261 c.
1902 230 1970 262 {637

255 278 496 323 latere'legatos
511 278 547 314 ac
571 278 714 320 nuncios,
738 285 768 314 et
792 279 868 314 alios
885 281 994 325 quavis
1010 289 1013 322 ξ
1028 282 1079 320 sis,
1100 287 1130 315 et
1153 282 1182 316 S.
1208 281 1300 322 Petri,
1325 290 1360 314 ac
1384 280 1415 314 in
1440 280 1506 315 acie
1526 281 1634 325 Campi
1658 281 1770 315 Florae

77 718 192 740 commu·
204 719 238 739 «te-

55 748 123 771 rant.

80 2311 155 2332 Forma
171 2310 238 2336 publi>

54 2342 153 2359 ‘thoul’-

254 338 408 377 potestate
424 333 600 376 fungentes,
620 334 744 367 sublata
764 334 809 367 eis
832 339 862 367 et
883 326 1012 367 eorum‘

255 386 382 420 cuilibet
401 387 509 430 quavis
534 387 625 420 aliter
650 387 806 421 iudicandi
831 388 877 420 ct'
902 388 995 432 inter-

253 440 396 484 pretandi
411 441 555 474 facultate
569 447 599 474 ct
612 441 808 481 auctoritate,
820 440 951 474 iudicari
964 445 993 473 et
1010 463 1011 466 κ

253 493 376 527 definiri
401 494 526 535 debere,
553 495 675 529 irritum
701 505 826 538 quoque
844 499 873 527 ct
894 495 1012 538 inane„

253 547 278 579 si
303 558 393 581 secus
426 558 520 591 super
548 548 596 580 liis
628 558 645 580 a
677 558 838 591 quoquam
854 574 861 587 ,
885 543 1012 594 quavisf

253 601 449 641 auctoritate,
470 601 605 634 scienter
623 601 668 634 rel
687 602 878 644 ignoranter,
898 600 995 633 conti-

254 655 335 696 gerit
350 654 506 694 attentari,
523 654 732 687 decernimus.

298 707 313 750 ἓ
337 706 389 739 Η.
404 707 472 740 Non
496 706 690 739 obstantibus
707 706 897 750 praemissis,
923 716 1012 738 neem

254 770 317 794 non
342 760 511 804 praedictis
528 788 535 800 ,
559 761 691 804 aliisque
721 759 996 794 constitutionibus

254 820 283 847 et
295 814 547 848 ordinationibus
560 815 751 859 apostolicis,
765 825 800 848 ae
814 814 907 847 ctiam
927 823 996 847 can-

255 867 399 900 cellariae
415 873 540 901 nostrae
558 868 686 911 regulis,
700 868 792 901 ctiam
811 868 862 900 itta
878 867 916 900 de
933 877 994 899 non

255 920 392 954 tollendo
403 921 470 954 iure
483 921 634 964 quaesito,
645 932 691 960 ac,
702 921 794 954 etiam
810 920 996 959 iuramento,

255 973 494 1007 confirmatione
507 974 691 1018 apostolica,
711 974 756 1007 rel
774 973 883 1017 quavis
899 973 998 1005 tirmi-

255 1033 316 1061 tate
327 1028 388 1060 alia
398 1027 565 1069 roboratis,
579 1028 700 1061 statutis
717 1033 745 1061 et
763 1027 996 1061 consuetudini-

254 1081 334 1122 bus,
359 1081 451 1115 etiam
477 1081 794 1122 immemorabilibus,
819 1081 996 1126 privilegiis

254 1145 380 1178 quoque
394 1161 402 1174 ‚
427 1134 555 1167 indultis
586 1140 617 1167 et
648 1135 760 1167 litteris
792 1134 994 1178 apostolicis,

254 1187 427 1230 quibusvis,
444 1186 501 1221 sub
515 1186 766 1231 quibuscumque
780 1187 943 1220 tenoribus
960 1197 995 1220 ac

255 1240 374 1281 formis,
387 1245 417 1273 et
437 1251 508 1273 cum
529 1240 700 1284 quibusvis,
718 1241 810 1273 etiam
833 1240 997 1284 derogato-

254 1293 373 1326 riarum
387 1293 607 1337 derogator-HS,
621 1293 751 1337 aliisque
764 1293 995 1327 efficacioribus
1011 1333 1013 1336 Α

1012 1339 1146 1382 'Campi
1163 1339 1293 1378 Florae,
1319 1349 1378 1383 per
1402 1349 1459 1372 nos
1486 1339 1660 1383 Ioseplmnz
1688 1340 1773 1383 Maf-

255 1351 285 1378 ct
312 1346 446 1380 insolitis
476 1346 644 1387 clausulis,
679 1346 937 1390 irritantilmsque
966 1351 995 1379 et

255 1399 324 1432 aliis
354 1399 510 1440 decretis,
540 1400 571 1432 in
596 1410 712 1442 genere
738 1401 784 1432 vel
809 1400 840 1432 in
870 1400 972 1444 specie
988 1428 995 1440 ‚

254 1453 347 1486 etiarn
373 1459 471 1493 motu,
495 1453 636 1493 scientia,
656 1453 882 1487 deliberatione
899 1457 927 1487 ct
945 1464 997 1497 po-

255 1507 374 1540 testatis
398 1506 592 1550 plenitudine
617 1506 781 1547 similibus,
806 1507 898 1540 ctiam
925 1517 1012 1540 con-,

254 1561 461 1602 sistorialiter‚
479 1571 515 1593 ac
539 1560 615 1592 alias
641 1560 671 1592 in
696 1561 888 1594 contrarium
908 1560 1013 1604 prae-'

255 1613 424 1646 missorum
450 1613 689 1656 quomodolibet
714 1614 888 1655 concessis,
914 1624 1012 1654 con—‚

254 1666 387 1699 firmatis
411 1672 442 1699 et
466 1666 630 1706 innovatis
651 1676 686 1699 ac
703 1667 796 1699 etiam
822 1667 897 1706 illis,
915 1677 994 1710 quae

254 1719 348 1752 iidem
368 1719 629 1764 praedecessores
649 1719 747 1752 nostri
767 1719 936 1752 volucrunt
959 1730 994 1752 ac

253 1783 311 1806 nos
339 1773 432 1806 etiam
458 1773 615 1806 voluimus
640 1773 670 1805 in
695 1773 864 1817 praedictis
884 1773 996 1806 consti-

254 1825 426 1859 tutionibus
442 1835 504 1859 non
529 1825 667 1865 obstare3
686 1826 802 1869 quibus
819 1825 994 1866 omnibus²,

254 1878 380 1912 illorum
413 1878 553 1911 omnium
585 1884 615 1911 et
648 1879 844 1922 singulorum
871 1883 1013 1913 tenores.

254 1931 347 1964 etiam
372 1932 542 1975 ampliores
566 1931 784 1975 praesentibus
813 1942 871 1975 pro
903 1932 993 1975 plene

253 1990 284 2017 et
308 1985 500 2018 sufficienter
527 1986 683 2029 expressis
711 1996 747 2019 ac
771 1985 809 2018 de
835 1985 931 2019 verbo
956 1986 1013 2028 ad,

253 2037 384 2071 verbum
401 2038 526 2072 insertis
545 2039 705 2080 babentes,
723 2039 783 2071 illis
799 2039 874 2072 alias
891 2039 920 2072 in
938 2050 995 2073 suo
1011 2053 1013 2085 ᾗ

253 2091 370 2125 robore
394 2093 619 2136 permansuris,
643 2092 681 2125 ad
704 2092 899 2136 praedictum
921 2093 995 2126 ell'c-

254 2150 350 2185 ctum,
369 2146 546 2189 specialiter
563 2151 593 2179 et
618 2156 764 2189 expresse
793 2145 994 2189 derogamus,

254 2207 290 2231 ac
316 2197 502 2241 derogatum
530 2209 598 2232 esse
626 2199 792 2238 volumus,
818 2199 1013 2247 ceterisque}

254 2251 420 2284 contrariis
437 2251 700 2296 quibuscumque.

256 2519 286 2552 in
298 2519 395 2552 valvis
413 2519 614 2552 basilicarum
628 2519 656 2552 S.
672 2519 795 2552 loannis
813 2520 996 2553 Lateranen-

291 2593 301 2617 t
321 2590 421 2618 Par-tic.
438 2594 464 2617 et
479 2598 528 2617 nos
543 2590 666 2617 addimus
679 2592 720 2623 (rt.
734 2591 780 2622 τ.).

289 2635 305 2662 2
321 2633 407 2662 Verba
422 2635 526 2669 quibus
540 2635 671 2662 oinnihus
687 2643 736 2662 nos
751 2634 875 2662 addimus
890 2635 928 2669 (n.
945 2635 993 2670 τ,).

1028 335 1194 377 alligantur
1219 340 1249 367 et
1273 334 1485 379 publicentur,
1502 344 1582 378 quae
1599 334 1644 368 sic
1661 334 1771 368 affixae

1028 391 1057 421 ct
1081 387 1257 431 publicatae
1283 397 1392 420 omnes
1417 391 1446 421 et
1470 388 1611 431 singulos
1635 387 1771 421 afficiant

1028 446 1058 473 ct
1077 446 1208 480 arctent,
1226 441 1357 485 perinde
1375 451 1410 474 ac
1427 441 1452 474 si
1473 441 1641 485 unicuique
1660 451 1770 474 eorum

1029 493 1238 536 personaliter
1261 494 1420 527 intimatae
1440 500 1470 527 et
1495 494 1670 528 notificatae
1695 493 1771 526 suis-

1029 552 1106 579 sent.

1072 599 1183 632 Datum
1205 600 1332 641 Romae,
1355 601 1439 644 apud
1468 602 1496 635 S.
1524 601 1652 635 lilariam
1678 601 1772 634 Maio-

1029 662 1094 685 rcm
1110 680 1117 693 ‚
1142 653 1200 686 sub
1231 654 1347 687 annulo
1377 654 1554 695 piscatoris,
1581 655 1631 687 die
1655 664 1689 688 111
1713 664 1770 688 no-

1029 707 1166 740 vembris
1204 717 1400 747 mncxxxvu,
1437 708 1638 752 pontificatus
1671 708 1770 742 nostri

1029 770 1111 793 anno
1137 771 1186 793 xv.

1067 821 1124 849 Dat.
1141 822 1184 850 die
1203 823 1220 850 3
1240 824 1393 852 novembris
1411 824 1489 859 ¹637,
1505 825 1600 861 pontif.
1618 831 1690 853 anno
1705 832 1750 852 xv.

1070 912 1172 945 Anno
1196 923 1217 945 α
1237 913 1410 946 nativitate
1426 913 1562 947 Domini
1578 915 1684 948 nostri
1698 914 1773 948 Iesu

1031 964 1156 999 Christi
1179 975 1366 1006 nncxxxvn,
1391 967 1570 1000 indictione
1591 977 1619 1009 v,
1644 967 1774 1011 pontisi-

1029 1021 1120 1050 catus
1137 1018 1347 1052 Sanctissimi
1366 1019 1501 1052 Domini
1517 1021 1621 1052 nostri
1636 1020 1773 1053 Domini

1032 1071 1158 1104 Urbani
1184 1072 1296 1105 divina
1319 1073 1528 1116 providentia
1544 1074 1656 1117 Papae
1682 1073 1772 1112 VIII,

1029 1135 1116 1157 anno
1135 1126 1205 1158 eius
1229 1136 1282 1167 xv,
1309 1126 1362 1158 <tie
1386 1137 1458 1160 vero
1483 1137 1492 1159 1
1517 1126 1702 1167 decembris,
1718 1137 1774 1159 su-

1029 1179 1195 1222 pradictae
1224 1179 1352 1212 litterae
1376 1179 1496 1223 affioeae
1527 1185 1555 1213 et
1586 1179 1773 1224 publicatae

1028 1232 1162 1274 fuerant
1183 1233 1219 1264 in
1236 1232 1339 1265 valvis
1363 1233 1573 1266 basilicarum
1589 1233 1620 1267 S.
1636 1233 1772 1268 Ioannis

1029 1285 1270 1326 Lateranensis,
1291 1291 1320 1318 et
1344 1286 1376 1319 S.
1400 1286 1504 1327 Petri,
1529 1292 1627 1331 atque
1651 1287 1687 1319 in
1704 1287 1773 1320 acie

1027 1394 1138 1435 saenm
1161 1396 1189 1425 et
1209 1393 1392 1425 Antonium
1409 1392 1559 1425 Bardum
1580 1393 1771 1436 apostolicos

1029 1456 1184 1478 cursores.

1162 1508 1336 1542 Domxicrs
1355 1509 1528 1551 Maestus,
1547 1519 1630 1552 mag.
1649 1519 1770 1543 cursor.

1317 1660 1494 1694 DLxxxvt.

1032 1737 1123 1778 Quod
1138 1739 1295 1772 moniales
1309 1750 1477 1773 conversae
1492 1738 1627 1774 Ordinis
1643 1744 1774 1773 sanctae

1076 1791 1190 1825 Clarae
1224 1793 1415 1825 monasterii
1446 1792 1476 1826 S.
1502 1792 1652 1825 Marcelli
1675 1793 1773 1827 Pari-

1073 1845 1189 1878 siensis
1213 1845 1348 1878 debeant
1368 1846 1575 1878 manuteneri
1594 1846 1631 1878 in
1652 1856 1773 1890 posses-

1073 1898 1162 1931 sione
1182 1897 1326 1942 eliyencli
1351 1897 1586 1932 abbatissam¹.

1225 1979 1359 2006 Urbanus
1386 1979 1465 2012 Papa
1489 1978 1574 2011 VIII,

1174 2023 1210 2049 ad
1230 2023 1364 2050 futuram
1383 2023 1427 2050 rei
1447 2023 1629 2051 memoriam.

1074 2092 1088 2135 ,ξ
1113 2092 1141 2125 1.
1169 2092 1256 2133 Cum,
1277 2093 1357 2126 sicut
1381 2093 1512 2126 dilectae
1537 2093 1567 2126 in
1592 2093 1715 2127 Christo
1739 2093 1771 2127 si-

1030 2145 1088 2178 liae
1113 2146 1265 2179 moniales
1294 2157 1464 2180 conversae
1495 2147 1678 2180 monasterii
1703 2157 1771 2181 mo-

1029 2199 1158 2232 nialium
1174 2207 1297 2233 sanctae
1310 2201 1416 2234 Clarae
1430 2200 1554 2234 Ordinis
1568 2201 1664 2234 sancti
1678 2200 1771 2234 Fran-

1011 2251 1013 2292 ζ
1030 2252 1104 2285 cisci
1122 2253 1170 2286 siti
1189 2253 1220 2285 in
1230 2253 1382 2286 suburbio
1396 2253 1425 2287 S.
1438 2254 1574 2287 Marcelli
1589 2254 1770 2287 Parisiensis

298 2304 314 2348 ἓ
337 2304 389 2338 12.
409 2305 455 2345 Et,
474 2311 507 2338 ut
523 2306 560 2338 ad
581 2306 723 2340 omnium
749 2307 890 2340 notitiam
909 2317 996 2351 prae·
1012 2335 1013 2348 ἶ

254 2363 357 2391 sentes
375 2363 405 2391 et
430 2358 459 2390 in
481 2359 525 2392 eis
542 2365 688 2392 contenta
708 2370 926 2404 quaecumque
947 2354 1013 2393 de-'

255 2412 388 2453 veniant,
414 2413 569 2452 volumus,
594 2414 677 2457 quod
702 2413 829 2446 caedem
858 2425 915 2457 per
938 2414 1013 2450 ali-,

255 2476 349 2510 quem
375 2476 429 2498 seu
454 2466 576 2509 aliquos
601 2476 637 2499 ex
671 2466 855 2499 cursoribus
879 2455 1013 2500 nostris¹

1030 2306 1088 2338 sub
1113 2306 1268 2348 gubernio
1293 2307 1424 2339 fratrum
1450 2306 1604 2340 Minorum
1630 2307 1769 2340 eiusdem

1030 2359 1154 2393 Ordinis
1180 2360 1379 2392 existentium
1413 2360 1504 2393 nobis
1528 2370 1632 2404 nuper
1656 2362 1769 2404 exponi

1031 2413 1181 2452 fecerunt,
1195 2413 1270 2445 alias
1287 2413 1401 2446 dilecta
1420 2413 1449 2445 in
1466 2413 1589 2447 Christo
1609 2413 1673 2446 filia
1689 2414 1771 2457 Mag-

1030 2466 1139 2498 clalena
1157 2466 1310 2506 Rcbours,
1324 2466 1399 2499 dicti
1418 2467 1599 2500 monasterii
1614 2466 1771 2500 abbatissa

1066 2547 1076 2573 1
1105 2545 1268 2573 lluiusmodi
1290 2546 1402 2573 Constit.
1428 2546 1470 2573 vel
1490 2546 1583 2573 similis
1604 2546 1721 2574 habetur
1742 2546 1769 2574 in

1030 2594 1096 2618 tom.
1113 2598 1127 2616 v
1149 2591 1213 2618 edit.
1231 2591 1355 2626 Lugdun.
1373 2591 1492 2618 Cherub.
1514 2591 1560 2618 sed
1580 2590 1686 2618 diversa
1705 2599 1768 2627 syn-

1011 2643 1012 2646 *
1029 2635 1082 2662 taxi
1097 2636 1215 2662 exarata.
1232 2635 1271 2662 lbi
1285 2635 1391 2670 incipit,
1407 2635 1548 2671 Exposita
1566 2638 1606 2670 (n.
1622 2639 1671 2670 ¹12).

1849 2101 1971 2123 Montanum

1787 2128 1893 2149 instantia.
