2248 3229
99 249 149 278 An.
165 249 194 277 C.
216 248 284 277 1634

296 297 407 342 poenis
432 297 503 341 ipso
528 297 608 332 sacto
638 297 847 338 incurrendis,
873 302 1037 331 teneantur

297 350 455 384 conficere
480 351 662 392 inventaria,
677 351 707 383 in
724 351 838 395 quibus
863 351 1039 384 cuiuscum-

297 413 358 447 que
372 404 497 446 generis
512 414 562 436 res
577 404 715 445 omnino,
737 405 889 447 pecuniae
903 410 933 437 et
946 404 1037 444 bona,

297 467 377 500 quae
401 457 527 499 habent,
560 468 654 501 qnam
680 457 920 501 diligentissime
949 468 1038 502 prae-

298 510 416 554 sci·Ipta
441 511 522 550 sint;
555 521 653 554 eaque
684 511 813 544 abbates
845 517 875 544 et
907 511 1037 555 praelati

298 565 468 609 supradicti
480 565 615 609 praesidi
630 571 659 598 ct
674 566 896 606 visitatoribus,
912 575 1039 609 praeses

299 624 403 651 autem
428 624 458 652 et
482 619 659 652 visitatores
672 619 891 653 definitoribus
916 618 1039 652 tradere

299 677 483 712 teneantur,
508 673 692 717 reponenda
717 679 746 706 et
770 672 983 707 conservanda
1008 672 1039 704 in

299 727 394 769 capsa
419 726 558 767 triclavi;
584 727 773 770 supradicti¹
793 726 968 759 visitatores
984 735 1039 757 an-

299 782 362 811 tem
387 784 417 812 et
441 779 624 813 definitores
649 780 681 812 in
705 780 763 813 hac
780 790 827 820 re,
847 779 933 812 iuxta
952 788 1041 822 prae-

300 833 452 877 scriptum
475 834 554 867 sacri
572 834 701 868 Concilii
717 833 901 874 Tridentini,
927 843 1040 866 curare

300 887 469 928 debebunt,
493 894 528 921 ut
552 889 799 932 uniuscuiusque
822 887 963 930 religiosi
989 898 1040 919 su-

300 940 402 984 pellex
425 941 518 974 statui
542 942 758 985 paupertatis,
788 951 882 985 quam
907 940 1041 984 professi

301 1000 383 1035 sunt,
408 995 582 1035 conveniat,
606 994 747 1038 nihilque
773 993 925 1037 superflui
948 994 980 1026 in
1004 995 1041 1027 ea

302 1047 351 1088 sit,
375 1048 453 1081 nihil
477 1049 581 1091 etiam,
606 1048 690 1092 quod
707 1047 920 1081 necessarium
935 1047 983 1088 sit,
997 1047 1042 1080 eis

302 1100 485 1144 denegetur.

347 1155 407 1188 vlt.
434 1155 575 1189 visitatio
600 1156 835 1200 provinciarum
858 1160 892 1188 ut
914 1155 996 1188 serio
1014 1158 1044 1188 et

302 1208 470 1252 diligenter
489 1209 652 1252 habeatur,
667 1209 799 1244 debeant
816 1210 944 1243 omnmo
958 1219 1044 1253 prae-

303 1272 351 1295 ses
377 1267 406 1295 et
430 1262 607 1297 visitatores
631 1263 737 1296 omnia
764 1267 792 1297 et
818 1263 943 1306 singula
975 1273 1042 1295 mo-

302 1316 439 1348 nasteria
461 1317 669 1360 personaliter
693 1328 795 1361 perse
809 1317 893 1360 ipsos
907 1316 1043 1357 visitare,

304 1374 333 1402 et
357 1369 389 1402 in
413 1380 604 1413 unoquoque
618 1381 674 1414 per
691 1375 812 1403 tantum
837 1376 961 1414 tempus
977 1380 1045 1414 per-

305 1432 457 1463 manere,
487 1427 639 1467 quantum
672 1424 885 1457 necessarium
916 1423 975 1456 erit
1007 1423 1045 1455 ad

138 1164 168 1186 De
184 1164 287 1185 visitatio-

101 1192 288 1218 nibusprovincia·

103 1226 148 1240 runi
172 1221 193 1240 ot
217 1224 286 1239 mona-

103 1247 222 1267 storiarum.

304 1476 514 1510 visitationem
540 1477 633 1521 plene
657 1482 687 1510 et
711 1483 857 1511 accurate
882 1476 1047 1521 perficien-

304 1529 393 1570 dam;
426 1529 560 1574 ideoque
593 1531 824 1564 visitationibus
858 1530 1046 1574 peragendis

304 1582 497 1627 deputentur
521 1594 645 1617 menses
668 1585 787 1628 aprilis,
813 1584 886 1617 maii
905 1589 934 1618 et
959 1583 1045 1623 iunii,

303 1647 367 1671 non
391 1637 533 1671 obstante
558 1638 764 1682 dispositione
787 1638 1045 1672 constitutionum

304 1691 335 1723 in
360 1691 418 1724 hac
442 1697 540 1736 parte.
572 1692 755 1726 Visitatores
785 1697 888 1727 autem
918 1698 1047 1725 utantur

305 1746 465 1779 communi
496 1748 626 1789 mensa,
661 1752 691 1780 et
721 1747 836 1790 frugali
871 1747 953 1780 victu
986 1747 1047 1779 sint

305 1799 464 1840 contenti,
488 1799 634 1844 idemque
659 1806 801 1833 servetur
836 1800 869 1833 in
900 1800 1044 1833 comitiis.

306 1852 500 1897 Praecipitur
524 1864 598 1887 vero
623 1854 654 1886 in
678 1854 791 1888 virtute
824 1860 948 1888 sanctae
973 1855 1047 1887 obe-

305 1905 450 1949 dientiae,
470 1912 513 1948 ut,
534 1912 597 1940 tam
623 1908 688 1951 ipse
712 1918 840 1952 praeses
860 1912 890 1942 et
910 1909 1047 1942 visitato-

306 1970 366 2001 res,
383 1971 478 2004 quam
496 1971 606 1994 eorum
625 1962 767 1994 conversi
785 1967 814 1994 et
831 1962 948 2003 famuli,
969 1962 1046 1994 nihil

306 2014 435 2047 omnino
448 2015 624 2059 percipiant
640 2025 656 2047 a
674 2015 815 2057 visitatis,
832 2016 924 2048 etiam
938 2020 1047 2059 sponte

306 2067 382 2100 dare
401 2068 592 2109 volentibus3
618 2069 702 2112 qnod
734 2069 759 2101 si
791 2069 968 2113 praesidem
993 2080 1047 2102 seu

307 2120 482 2155 visitatores
506 2121 675 2166 quidquam
690 2122 857 2166 accepisse,
878 2127 930 2155 aut
948 2133 964 2155 a
979 2133 1049 2156 con-

307 2175 406 2207 versis
434 2180 464 2208 et
493 2175 634 2216 famulis,
671 2176 756 2225 ipsis·
775 2176 961 2215 scientibus,
991 2186 1047 2208 ac-

309 2233 434 2271 ceptum
458 2228 553 2261 fuisse
577 2229 744 2272 probatum
770 2229 875 2270 suerit,
896 2229 1049 2262 inhabiles

309 2281 370 2314 sint
394 2281 426 2313 in
457 2287 645 2326 perpetuum
675 2282 714 2315 ad
745 2283 995 2326 praesidentatus
1020 2288 1049 2315 et

308 2335 520 2368 visitatoratus
544 2335 662 2376 officia3
688 2339 718 2370 et
738 2336 944 2369 nihilominus
968 2346 1046 2369 con-

309 2389 402 2429 versi,
420 2389 473 2434 qui
498 2390 686 2433 acceperint,
711 2391 848 2433 graviter
867 2391 1049 2435 puniantur,

310 2447 340 2475 et
363 2443 471 2476 famuli
503 2443 620 2487 absque
651 2453 707 2488 spe
738 2444 857 2477 reditus
882 2455 899 2476 a
923 2445 1049 2478 servitio

311 2496 413 2530 statim
439 2496 613 2530 eiiciantur.

113 2553 296 2609 nosseiflffiffi'mss
355 2550 430 2583 vlu.
445 2550 558 2591 Abbas,
571 2551 660 2595 prior
673 2556 704 2584 et
720 2551 876 2586 reviseres
891 2557 1051 2597 computo-

112 2608 224 2630 nistrorum
239 2614 296 2630 eom·
311 2614 382 2636 rum
400 2609 564 2637 teneantur
579 2605 711 2648 singulis
728 2606 887 2639 mensibus
909 2606 1051 2639 revidere

349 2669 359 2693 1
374 2667 470 2702 Aptius
481 2667 534 2694 inl.
547 2667 641 2703 parall.
655 2668 769 2696 tm'clavi
779 2669 946 2704 supradicta
958 2669 1049 2704 (uxr).

906 249 1047 274 URBANUS
1072 249 1128 273 vm
1152 249 1201 273 PP.

1715 237 1779 271 363
1824 247 1877 273 An.
1897 245 2012 274 (3.1634

1073 302 1221 342 computa
1238 302 1300 330 tam
1316 296 1471 331 cellerarii
1485 305 1579 341 qnam
1596 296 1731 330 aliorum
1749 307 1813 330 oni-
1827 312 1891 339 puis
1925 309 2013 334 singulis.

1072 352 1159 384 nium
1174 351 1401 391 ministrorum,
1416 351 1468 395 qui
1487 350 1692 384 substantiam
1710 360 1814 383 mona·
1828 336 1934 384 BITIJII?
1964 341 2013 356 ω’

1073 405 1158 437 sterii
1179 405 1414 444 administrant;
1440 405 1555 447 singuli
1580 409 1684 437 autem
1702 414 1814 438 eorum

1073 458 1219 491 adnotent
1239 459 1268 490 in
1286 459 1467 501 particulari
1485 458 1633 491 schedula
1647 458 1751 491 onmia
1768 468 1815 490 su-

1073 511 1213 555 pradicta
1242 516 1404 555 computa,
1429 512 1607 555 dictamque
1634 511 1816 544 schedulam

1073 575 1169 608 penes
1193 576 1225 598 se
1250 565 1439 607 eustodifflit,
1466 570 1494 598 et
1520 570 1660 609 tempore
1687 565 1814 609 capituli

1075 618 1259 661 consignent
1284 619 1437 660 discreto,
1465 624 1494 651 ut
1521 618 1638 651 (leserat
1662 619 1700 651 ad
1726 619 1814 662 capi-

1076 672 1183 705 tulum.
1211 672 1297 711 Quod
1323 672 1347 704 si
1371 672 1467 705 abbas
1493 673 1593 706 facere
1624 672 1816 714 neglexerit,

1075 725 1112 757 de
1130 725 1211 757 mala
1231 725 1502 759 administratione
1516 730 1678 769 suspectus
1695 735 1819 758 censea-

1076 784 1136 819 tur,
1154 779 1195 811 ita
1213 784 1246 812 ut
1263 780 1412 813 adversus
1437 791 1509 813 eum
1535 779 1664 823 procedi
1690 779 1798 823 possit.

1119 833 1167 865 lx.
1193 833 1341 866 Conversi
1366 834 1510 877 deputari
1544 843 1606 866 non
1636 833 1756 877 possint
1780 832 1819 865 ad

1075 885 1362 919 administrationes
1387 893 1475 919 extra
1500 886 1688 920 monasteria
1709 885 1749 918 ad
1773 887 1818 919 os-

1076 938 1181 971 ficium
1207 939 1503 981 sulmellerariatns,
1537 946 1589 973 aut
1621 940 1658 972 ad
1693 940 1819 972 servitia

1076 993 1277 1036 particularia
1303 993 1473 1035 abbatum,
1498 994 1557 1027 nisi
1583 997 1652 1037 post
1675 994 1819 1037 quintum

1075 1047 1279 1091 professionis
1304 1057 1421 1080 annum
1439 1047 1642 1091 completum:
1660 1047 1714 1090 qui
1730 1057 1820 1080 secus

1077 1101 1212 1145 aliquem
1239 1101 1445 1145 deputaverit,
1471 1112 1547 1135 voce
1573 1101 1672 1135 activa
1700 1101 1730 1134 in
1751 1111 1821 1145 pro·

1078 1155 1162 1189 ximo
1188 1156 1324 1199 capitulo
1349 1160 1463 1189 careat.

1123 1209 1154 1242 X.
1170 1209 1292 1242 Nemini
1307 1210 1547 1250 monachorum,
1562 1209 1614 1243 sed
1631 1209 1819 1254 praesertim
1871 1219 1932 1240 Exim
1947 1225 2019 1241 mona-

1079 1263 1256 1296 iunioribus
1288 1273 1350 1297 non
1376 1263 1611 1305 sacerdotibus,
1637 1264 1701 1297 ullo
1725 1249 2017 1297 inodoifftfssnl‘u'hfoe‘·

1079 1317 1171 1349 detur
1206 1317 1331 1349 licentia
1367 1317 1590 1360 permanendi,
1616 1316 1820 1350 recreationis

1080 1370 1182 1413 gratia
1199 1371 1230 1402 in
1251 1371 1322 1404 Ioco
1336 1371 1366 1403 in
1380 1381 1442 1414 quo
1457 1371 1495 1403 sit
1512 1371 1556 1404 eis
1572 1370 1821 1414 pernoctandum

1081 1428 1167 1457 extra
1193 1425 1382 1458 monasteria
1395 1425 1443 1457 vel
1460 1425 1528 1457 loca
1546 1425 1821 1457 monasteriorum.

1081 1477 1250 1520 Praelatus‚
1264 1478 1316 1521 qui
1331 1478 1481 1511 adversus
1501 1478 1561 1511 hoc
1577 1478 1737 1511 licentiam
1752 1489 1822 1511 con-

1081 1531 1219 1571 cesserit,
1233 1531 1271 1563 ab
1286 1531 1388 1565 officio
1402 1542 1460 1576 per
1479 1542 1532 1564 sex
1550 1542 1673 1565 menses
1695 1541 1823 1575 suspen-

1081 1584 1181 1617 datur.

1126 1638 1177 1671 XI.
1192 1639 1365 1673 Abbatibus
1386 1639 1536 1680 emeritis,
1549 1639 1601 1683 qui
1624 1650 1661 1672 ex
1681 1639 1821 1682 legitima
1850 1647 2022 1670 Aummmemr-

1081 1694 1175 1725 causa
1199 1693 1453 1726 renunciaverint
1477 1693 1631 1736 dignitati,
1647 1693 1748 1734 liceat,
1769 1677 2021 1729 lio-{¹13³.¹⁴⁰“'¹”''‘¹¹“

1080 1746 1167 1779 noris
1191 1746 1292 1789 gratia
1316 1746 1436 1779 abbatis
1460 1747 1586 1780 nomine
1604 1747 1719 1787 vocari,
1736 1747 1822 1791 quod

1081 1801 1248 1833 maluerint
1273 1800 1538 1834 monasteriorum
1556 1811 1614 1844 pro
1630 1801 1822 1834 habitatione

1081 1859 1225 1898 tempore
1260 1854 1508 1889 renunciationis
1539 1859 1569 1887 et
1602 1854 1822 1887 celebrationis

1081 1907 1209 1951 capituli
1227 1907 1285 1940 sibi
1303 1908 1430 1951 eligere,
1447 1908 1563 1941 habere
1581 1918 1769 1941 conversum
1784 1907 1823 1939 ad

1082 1961 1207 1994 servitia
1233 1961 1291 1994 sibi
1311 1961 1505 2006 deputatum,
1530 1967 1560 1994 et
1585 1961 1688 2006 quoad
1706 1962 1822 1995 victum

1082 2020 1112 2047 et
1135 2014 1280 2047 vestitum
1305 2015 1426 2048 censeri
1450 2014 1537 2047 vice¹
1562 2015 1721 2048 abbatum.

1126 2068 1189 2100 XII.
1200 2068 1320 2101 Nemini
1333 2068 1547 2111 praelatorum
1561 2068 1663 2109 liceat,
1672 2068 1822 2112 pecunias

1083 2121 1347 2154 monasteriorum
1373 2121 1508 2164 exigere,
1534 2126 1588 2154 aut
1604 2131 1746 2164 erogare,
1771 2126 1825 2154 aut

1083 2184 1134 2207 eas
1152 2174 1263 2218 quovis
1281 2174 1375 2207 modo
1396 2180 1601 2216 contrectare,
1625 2186 1728 2219 neque
1748 2175 1823 2207 item

1084 2228 1115 2261 in
1146 2228 1241 2262 rebus
1273 2229 1538 2262 monasteriorum
1566 2229 1741 2263 dividendis
1772 2235 1825 2261 aut

1083 2282 1268 2315 necessariis
1297 2283 1520 2326 comparandis
1543 2294 1602 2327 per
1626 2294 1658 2317 se
1683 2284 1767 2327 ipsos
1791 2293 1824 2315 se

1085 2336 1272 2378 immiscere,
1297 2336 1351 2369 sed
1372 2347 1408 2369 ea
1428 2337 1533 2370 omnia
1555 2347 1612 2380 per
1632 2336 1823 2378 cellerarios,

1084 2396 1136 2423 aut
1160 2390 1238 2423 alios
1263 2390 1423 2424 ministros
1448 2391 1486 2423 ad
1511 2401 1590 2435 quos
1621 2401 1659 2424 ex
1678 2390 1826 2424 constitu-

1085 2444 1204 2477 tionum
1229 2444 1426 2488 praescripto
1451 2444 1569 2485 attinet,
1594 2443 1685 2477 siant:
1712 2444 1766 2489 qui
1785 2448 1827 2478 ta-

1085 2508 1156 2530 men
1187 2497 1343 2530 cellerarii
1375 2502 1405 2530 et
1436 2497 1571 2530 ministri
1602 2502 1768 2530 teneantur
1793 2497 1826 2529 in

1085 2551 1264 2585 huiusmodi
1282 2551 1378 2585 rebus
1390 2551 1578 2595 peragendis
1595 2562 1725 2585 suorum
1739 2561 1827 2595 prae-

1085 2606 1219 2638 latorum
1230 2605 1405 2649 praeceptis
1420 2605 1558 2647 obedire,
1571 2616 1630 2639 nec
1641 2605 1824 2649 quidquam,

1123 2670 1132 2696 1
1154 2668 1180 2695 In
1197 2668 1246 2697 loc.
1264 2669 1358 2704 pai-all.
1377 2672 1417 2697 est
1435 2669 1499 2698 iure
1515 2677 1562 2705 pro
1578 2670 1635 2698 vice
1647 2669 1686 2704 (a.
1704 2670 1751 2705 T.).

1860 843 1890 865 De
1905 843 2019 866 conversis.

1861 2076 2022 2098 Cettirariorum

1838 2110 1919 2125 munus.
