2248 3229
232 203 280 232 An.
298 204 325 232 C.
349 204 416 233 1634
460 196 526 230 444

258 743 351 764 lunula-4
368 748 414 769 prr-

231 773 253 790 ut
270 776 288 790 in
305 771 398 790 ruia-aci.

430 248 549 298 (quod¹
581 254 701 288 debitus
736 255 859 288 virtutis
893 255 994 288 honos
1025 255 1165 288 eiusdem

430 307 554 340 Ordinis
578 307 810 351 provinciarum
835 307 1005 351 Hispaniae
1031 313 1062 341 et
1084 308 1167 341 Lusi-

430 360 530 393 taniae
554 360 796 404 professoribus,
814 360 866 404 qui
890 360 921 394 in
942 361 1060 395 artibus
1078 366 1107 394 et
1123 371 1167 395 sa-

429 424 500 447 crae
513 414 689 456 theologiae
713 413 893 447 huiusmodi
913 415 1022 448 studiis
1039 426 1165 448 cursum

429 467 638 510 perfecerunt,
657 471 687 499 et
710 467 785 500 alias
809 467 895 510 digni
914 473 944 501 et
964 467 1068 501 idonei
1085 474 1166 509 sunt,

429 519 559 552 sublatis
592 520 736 564 expensis
766 521 966 563 huiusmodi,
991 522 1167 565 habeatur)

429 572 590 605 humiliter
611 573 780 617 supplicari
795 574 904 615 fecisti,
921 579 955 608 ut
968 585 1063 619 super
1080 585 1168 619 prae-

430 626 534 659 missis
547 632 725 670 opportune
739 627 905 671 providere
922 627 960 660 de
976 628 1167 671 benignitate

429 680 600 723 apostolica
621 679 835 723 dignaremur.

473 733 529 776 gl.
545 733 606 766 Nos
620 733 726 776 igitur,
740 739 769 766 te
784 744 819 767 ac
831 734 1065 778 provinciarum
1079 744 1169 778 prae-

429 785 583 819 dictarum
616 786 659 819 tui
684 786 809 820 Ordinis
839 787 1019 821 huiusmodi
1042 788 1165 831 profes-

430 850 518 873 sores
542 839 729 883 specialibus
747 841 905 874 favoribus
924 846 954 874 et
971 841 1080 885 gratiis
1100 851 1169 885 pro-

430 894 519 939 sequi
543 893 693 936 volentes,
711 898 801 938 teque
816 900 845 928 et
864 905 975 928 eorum
995 895 1169 938 singulares

429 958 580 992 personas
603 959 620 982 a
645 948 807 992 quibusvis
825 949 1168 989 excommunicationis,

430 1001 644 1046 suspensionis
668 1007 698 1035 et
721 1002 889 1043 interdicti,
914 1003 1044 1047 aliisque
1070 1002 1168 1036 eccle-

430 1055 561 1089 siasticis
586 1055 763 1096 sententiis,
784 1055 925 1089 censuris
949 1061 979 1088 et
1002 1056 1129 1099 poenis,
1153 1066 1170 1088 a

430 1108 499 1142 iure
523 1109 571 1143 vel
596 1109 634 1142 ab
658 1109 797 1152 homine,
816 1109 923 1153 quavis
941 1109 1104 1143 occasione
1121 1109 1168 1142 vel

432 1165 525 1196 causa
549 1163 640 1203 latis,
665 1163 689 1196 si
714 1163 829 1207 quibus
856 1162 1095 1206 quomodolibet
1122 1163 1169 1195 in-

430 1216 536 1249 nodati
560 1216 700 1258 existitis,
721 1216 759 1249 ad
785 1216 930 1249 effectum
956 1215 1169 1259 praesentium

431 1269 590 1302 dumtaxat
607 1269 875 1312 consequendum,
890 1269 1000 1302 harum
1019 1269 1099 1302 serie
1119 1269 1171 1301 ab·

430 1313 641 1355 solventes'et
662 1322 821 1355 absolutos
837 1322 904 1355 fore
924 1327 1096 1363 censentes,
1113 1323 1170 1355 hu-

429 1375 567 1409 iusmodi
591 1376 872 1419 supplicationibus
896 1376 1050 1417 inclinati,
1067 1376 1104 1409 de
1122 1387 1171 1409 vc—

429 1429 620 1462 nerabilium
656 1430 788 1462 fratrum
828 1435 1009 1463 nostrorum
1046 1435 1170 1463 sanctae

430 1482 589 1515 Romanae
613 1483 769 1516 Ecclesiae
801 1483 1006 1516 cardinalium
1035 1484 1170 1526 negotiis

429 1537 623 1579 regularium
653 1537 905 1581 praepositorum
936 1538 1086 1578 consilio⁷
1116 1538 1170 1570 tibi

431 1591 577 1624 omnibus
591 1596 621 1623 et
641 1591 771 1634 singulis
784 1591 857 1624 dicti
871 1590 996 1624 Ordinis
1006 1597 1037 1624 et
1048 1592 1172 1635 provin-

431 1644 551 1676 ciarum
568 1644 800 1688 praedictarum
818 1645 1053 1688 professoribus
1067 1645 1169 1688 (quos,

431 1696 582 1729 absolutis
606 1707 662 1741 per
685 1707 739 1730 eos
755 1707 860 1739 cursu,
878 1697 1005 1732 lecturis
1022 1698 1070 1730 vel
1087 1708 1172 1730 exer-

432 1750 513 1783 citiis
544 1751 721 1783 litterarum
748 1762 763 1783 a
789 1751 990 1794 regularibus
1014 1751 1087 1785 dicti
1119 1750 1172 1784 Or-

432 1803 512 1836 dinis
529 1804 676 1837 institutis
702 1810 734 1837 ut
758 1805 933 1848 praefertur
951 1805 1120 1849 requisitis,
1142 1810 1171 1838 ct

432 1858 561 1890 servatis
586 1858 660 1891 alias
685 1858 863 1899 servandis,
891 1858 923 1890 in
948 1858 1057 1891 eadem
1083 1860 1171 1891 sacra

431 1911 591 1954 theologia
615 1911 771 1944 creaveris
795 1916 825 1944 et
854 1911 1062 1955 institueris),
1087 1912 1170 1955 quod

432 1964 476 1996 illi
493 1964 525 1996 in
539 1965 700 2008 praedicto
714 1964 847 2007 collegio
869 1969 993 1997 sanctae
1007 1965 1171 1997 Theresiae

432 2018 660 2051 Salamantinae
692 2030 763 2052 cum
800 2018 946 2061 rigoroso
976 2018 1117 2051 examine
1142 2023 1172 2050 et

432 2071 659 2115 approbatione
692 2072 868 2115 regentium
899 2077 928 2104 et
952 2072 1085 2105 aliorum
1111 2082 1172 2104 ma-

432 2125 604 2168 gistrorum
636 2126 775 2159 eiusdem
806 2126 951 2168 collegii,
977 2136 1013 2159 ac
1042 2126 1172 2158 servatis

432 2179 501 2212 aliis
526 2179 756 2213 conditionibus
789 2180 874 2212 iuxta
902 2179 1059 2222 regularia
1083 2179 1170 2213 insli-

431 2236 498 2266 tuta
513 2233 693 2266 huiusmodi
718 2233 902 2266 necessariis
917 2244 934 2266 a
954 2232 1171 2277 superioribus

433 2286 571 2320 eiusdem
597 2287 720 2330 collegii
745 2287 916 2330 magisterii
943 2287 1007 2320 sive
1032 2287 1172 2320 doctora—

432 2345 482 2374 tus
509 2341 541 2374 in
573 2341 681 2374 effidem
718 2342 804 2374 sacra
840 2341 999 2384 theologia
1032 2341 1169 2374 lauream

1003 208 1182 233 BULLARIUM
1204 208 1358 234 ROMANUM

1199 257 1344 295 sentium,
1363 256 1540 290 facultatem
1561 258 1761 291 concedimus
1779 262 1809 291 et
1824 257 1936 302 imper-

1201 310 1306 342 timur.
1340 309 1548 343 Decernentes
1573 310 1697 344 irritum
1721 317 1752 344 et
1776 311 1886 352 inane,
1912 311 1936 343 si

1200 373 1289 397 secus
1311 373 1404 407 super
1419 363 1469 396 liis
1485 373 1502 396 a
1518 373 1687 407 quoquam,
1706 365 1814 407 quavis
1830 371 1936 398 aucto-

1200 415 1300 457 ritate,
1325 415 1459 449 scienter
1483 416 1531 449 vel
1556 416 1748 460 ignoranter,
1772 417 1938 461 contigerit

1200 469 1354 502 attentari.
1393 482 1397 486 ·

1245 522 1260 565 §s
1285 522 1313 555 ΕΞ.
1339 522 1408 556 Non
1424 522 1620 556 obstantibus
1638 522 1890 557 costitutionibus
1908 529 1938 556 et

1201 575 1450 609 ordinationibus
1481 576 1661 620 apostolicis
1673 604 1680 618 ,
1708 587 1743 610 ac
1755 604 1762 618 ,
1786 582 1938 621 quatenus
1954 563 1978 583 ἀρ’

1201 640 1281 673 opus
1302 630 1349 670 sit,
1370 629 1494 663 Ordinis
1518 635 1548 663 et
1571 631 1805 674 provinciarum
1829 630 1938 663 huius‘

1202 682 1296 723 modi,
1310 683 1402 716 etiam
1416 683 1602 725 iuramento,
1617 684 1854 718 confirmatione
1867 694 1939 728 apo-

1202 736 1322 777 stolica,
1338 737 1385 769 vel
1404 737 1512 780 quavis
1532 737 1679 772 firmitate
1696 738 1757 771 alia
1772 737 1938 778 roboratis,

1202 790 1323 823 statutis
1334 794 1363 824 et
1378 791 1667 833 consuetudinibus,
1680 792 1851 836 privilegiis
1865 802 1940 837 quo-

1202 855 1273 888 que,
1291 845 1419 878 indultis
1443 849 1474 880 et
1492 845 1604 880 litteris
1621 846 1802 890 apostolicis
1821 846 1853 879 in
1869 856 1940 880 con-

1202 897 1333 930 trarium
1349 899 1595 942 praemissorum
1613 899 1851 943 quomodolibet
1866 909 1940 932 con-

1203 951 1317 991 cessis,
1343 951 1536 985 confirmatis
1569 957 1599 985 et
1630 953 1802 998 innovati&
1827 952 1940 996 quibus

1202 1005 1349 1038 omnibus
1374 1010 1403 1038 et
1421 1005 1562 1048 singulis,
1580 1016 1690 1039 eorum
1708 1011 1832 1039 tenores
1854 1016 1941 1050 prae·

1203 1058 1340 1092 sentibus
1364 1070 1423 1103 pro
1447 1060 1638 1093 sufficienter
1664 1060 1818 1104 expressis
1849 1063 1880 1094 et
1902 1059 1939 1092 ad

1203 1112 1332 1145 verbum
1365 1113 1490 1146 insertis
1521 1113 1691 1156 habentes,
1721 1113 1781 1146 illis
1810 1113 1886 1146 alias
1910 1112 1940 1145 in

1202 1175 1260 1199 suo
1283 1166 1399 1200 robore
1423 1167 1648 1211 permansuris,
1674 1167 1733 1200 hac
1757 1167 1823 1200 vice
1848 1167 1940 1199 dum-

1203 1225 1282 1253 taxat
1308 1221 1485 1264 specialiter
1510 1226 1541 1254 et
1564 1232 1711 1265 expresse
1735 1221 1940 1264 derogamus;

1203 1274 1378 1317 ceterisque
1403 1275 1568 1308 contrariis
1592 1275 1851 1319 quibuscumque.

1246 1327 1357 1361 Datum
1383 1329 1517 1369 Romae,
1543 1329 1625 1373 apud
1648 1329 1676 1361 S.
1702 1329 1829 1362 Mariam
1854 1328 1943 1362 Maio-

1203 1391 1281 1421 rem,
1298 1381 1355 1415 sub
1371 1383 1486 1416 annulo
1499 1383 1676 1423 piscatoris,
1692 1382 1741 1415 die
1760 1392 1835 1416 xxx-1
1848 1392 1943 1424 augu-

1204 1434 1241 1468 sti
1259 1445 1431 1475 MDCXXXIV,
1449 1436 1652 1479 pontificatus
1666 1435 1764 1470 nostri
1784 1446 1866 1468 anno
1886 1445 1941 1469 ΧΠ.

1240 1497 1297 1525 Dat.
1320 1498 1363 1526 die
1382 1498 1416 1525 26
1436 1499 1540 1534 augusti
1564 1498 1641 1534 1634,
1663 1499 1756 1534 pontif,
1774 1507 1843 1526 anno
1859 1505 1906 1526 xit.
1983 1488 1988 1490 ’

1505 1652 1636 1685 CDXCV.

1205 1732 1331 1766 Nuncio
1356 1733 1529 1776 apostolico
1548 1733 1637 1777 apud
1659 1733 1880 1767 Wladc'slaum
1895 1733 1946 1766 JV

1248 1786 1406 1819 Polom'ae
1438 1797 1541 1830 reyem
1565 1788 1651 1829 facta
1678 1791 1818 1829 potestas
1843 1787 1938 1819 eccle-

1248 1840 1388 1872 siasticis
1413 1840 1506 1882 requi
1541 1839 1685 1872 eiusdem
1706 1839 1939 1882 permittendi,

1247 1897 1284 1925 ut
1308 1893 1377 1935 reqt'
1401 1892 1583 1926 subsidium
1604 1897 1771 1936 praestare
1790 1895 1910 1936 queant
1923 1891 1942 1923 ¹.

1204 1982 1373 2010 Venerabili
1388 1981 1476 2009 fratri
1487 1982 1636 2009 Honorato
1653 1981 1878 2016 archiepiscopo
1891 1981 1944 2008 La-

1239 2027 1378 2060 rissensi⁷
1398 2027 1474 2061 apud
1495 2026 1704 2054 charissimum
1725 2026 1755 2053 in
1775 2026 1892 2053 Christo
1910 2025 1943 2052 fi-

1240 2072 1313 2099 lium
1346 2074 1482 2099 nostrum
1514 2070 1710 2098 wladislaum
1744 2070 1884 2100 Poloniae
1913 2073 1944 2096 et

1240 2115 1364 2144 Sveciae
1387 2123 1487 2150 regem
1513 2115 1663 2143 illustrem
1687 2117 1791 2143 nostro
1817 2117 1849 2142 et
1868 2114 1960 2147 Apes

1241 2161 1365 2189 stolicae
1385 2160 1471 2188 Sedis
1489 2160 1609 2193 nuncio,

1399 2214 1534 2240 Urbanus
1564 2213 1642 2247 Papa
1671 2213 1748 2240 VIII.

1236 2306 1243 2308 ν
1422 2276 1606 2303 Venerabilis
1621 2276 1722 2311 frater,

1240 2321 1368 2348 salutem
1391 2323 1422 2348 et
1441 2320 1638 2354 apostolicam
1656 2319 1907 2348 benedictionem.

1944 208 1993 236 An.
2013 209 2043 236 C.
2067 208 2134 237 1634

1999 536 2136 557 oustanubus

1249 2393 1263 2436 ξ
1287 2392 1315 2424 l.
1334 2393 1420 2434 Cum,
1441 2393 1519 2425 sicut
1544 2393 1734 2436 accepimus,
1753 2392 1858 2425 dilecti
1886 2390 1942 2424 filii
1958 2399 2142 2447 refrfieiffiigffiig

1204 2447 1307 2480 clerus
1320 2446 1408 2489 regni
1426 2446 1582 2489 Poloniae,
1600 2446 1731 2490 provide
1745 2445 1944 2479 consideran·
1959 2442 2046 2500 qlssipgd
2095 2453 2143 2494 reg}

1204 2505 1249 2533 tes
1268 2510 1401 2544 regnum
1427 2500 1530 2544 ipsum
1556 2499 1704 2543 gravibus
1729 2499 1766 2532 ad
1791 2507 1942 2542 praesens
1958 2485 2015 2554 {iffi
2034 2485 2142 2532 fflffliii-

433 2394 592 2438 suscipere
604 2395 704 2428 libere
718 2400 748 2428 et
764 2395 847 2427 licite
861 2395 981 2438 possint
998 2399 1027 2427 et
1040 2394 1170 2434 valeant,

433 2449 616 2483 auctoritate
647 2450 755 2483 nostra
788 2448 977 2482 concedendi
1010 2452 1039 2482 et
1062 2448 1169 2481 indul-

434 2503 536 2545 gendi,
555 2504 725 2547 apostolica
739 2504 934 2543 auctoritate,
953 2508 1060 2535 tenore
1078 2511 1169 2545 prae-

470 2619 481 2645 1
498 2617 600 2654 Nempe
616 2622 656 2654 ut,
672 2619 718 2647 sed
734 2619 850 2655 syntaxis
865 2626 919 2646 non
935 2618 1059 2648 absoluta
1077 2617 1168 2654 (ἣπκ),
1238 2616 1251 2643 1
1274 2616 1310 2644 Ex
1331 2616 1437 2652 Regest.
1459 2617 1485 2642 in
1506 2616 1607 2644 Secret.
1629 2614 1705 2643 Brev.
