2248 3229
110 226 162 255 An.
179 227 207 254 C.
227 227 294 255 1638

0 670 19 713 33

133 872 214 894 enum·
229 873 290 894 hunus

106 898 271 920 constitutionis.

133 1085 255 1106 Decimus)
263 1085 290 1105 de

105 1117 146 1138 qua
159 1117 179 1132 in
195 1112 287 1133 rubrica.

137 2145 251 2172 Tamum}
255 2150 274 2166 tu

100 2179 145 2194 rum
160 2173 218 2194 tides.

922 231 1063 254 trinnis

309 274 450 319 expediri
477 276 644 317 mandavit,
660 283 755 321 prout
778 278 960 322 expeditum
984 279 1068 331 suit,
1067 286 1068 301 ¹

309 327 426 361 tenoiis
446 334 479 362 ut
503 329 593 362 infra.

506 391 536 424 C.
559 391 656 435 episc.
682 392 827 426 Portuen.
853 393 937 426 card.
963 393 1046 427 Pius.

398 452 481 486 Loco
506 456 529 494 †
552 453 656 496 sigilli.

308 532 503 573 Declaratim
513 534 599 577 quod
609 544 672 567 non
683 537 725 567 sit
737 535 952 568 ieiunandum
963 537 998 568 in
1010 536 1051 568 υί-
1066 559 1067 579 2

351 586 434 629 qitid
447 587 555 619 sancti
566 587 703 620 Ioannis
722 588 902 631 Baptistae,
918 587 1067 632 quando

351 639 511 682 contmyit
534 650 569 672 m
591 639 643 673 die
660 640 878 674 solemnitatis
900 634 1067 686 Cor-'ports

353 691 509 725 eluisti&

515 755 651 783 Urbanus
672 756 750 790 Papa
770 757 846 790 vlu,

430 800 467 827 ad
486 803 662 834 perpetuam
684 800 729 828 rei
745 801 928 828 memoriam.

1089 231 1143 254 vni
1169 232 1216 255 [Ψ.
1732 221 1796 255 673

1127 280 1239 312 Datum
1265 279 1391 319 Romae,
1416 278 1500 323 apud
1524 278 1553 312 S.
1578 278 1706 312 Mariam
1731 278 1828 312 Maio-

1084 343 1161 372 rem,
1172 332 1230 365 sub
1241 332 1356 365 annulo
1370 331 1547 373 Piscator-is,
1557 331 1607 364 die
1618 341 1675 364 xm
1688 331 1827 365 octobris

1084 396 1283 428 mcxxxviii,
1301 386 1503 430 pontificatus
1518 385 1619 418 nostri
1639 395 1722 418 anno
1738 394 1802 418 xvt.

1065 444 1069 510 I
1121 448 1177 476 Dat.
1197 448 1240 476 die
1254 448 1288 476 13
1305 448 1423 476 octobris
1443 448 1519 482 1638,
1540 447 1634 484 pontif.
1656 455 1725 475 anuo
1745 448 1800 475 xvi.

1389 591 1513 625 Dcxxl.

1066 672 1193 715 Confir
1197 674 1297 705 insitio
1315 672 1444 705 litter-wi
1448 683 1502 704 um
1515 673 1773 716 μοηίιΙῘειαντιιη,
1790 684 1826 706 ac

1125 726 1318 769 ρι’·αεεειὶιιη
1335 725 1439 759 Pauli
1460 725 1494 765 V,
1515 726 1600 758 circu
1617 725 1760 769 officium
1774 736 1825 759 ca-

1125 779 1254 821 pitanei
1270 779 1390 812 Portus
1410 777 1662 812 Ariminense's¹.

352 862 430 895 Cum
451 862 576 895 menne
602 862 790 906 quandoque
813 862 921 921 pqsgn
947 866 981 896 ut
1006 862 1049 895 vj-
1066 859 1067 887 1
1118 858 1242 886 Dilectis
1258 858 1330 886 fitiis
1347 858 1554 886 communitati
1570 861 1601 886 et
1619 858 1789 888 homintbus

306 915 381 957 gilia
405 915 502 948 sancti
529 915 652 948 loannis
669 915 824 959 Baptistae
847 915 878 948 in
898 915 981 949 diem
1006 916 1049 949 se-

306 973 388 1001 stum
406 968 614 1014 solemnitatis
627 968 814 1001 sanctissimi
829 969 978 1013 Corporis
990 969 1048 1003 Do-

306 1022 382 1054 mini
408 1022 513 1055 Nostri
531 1022 600 1055 lesu
620 1021 733 1056 Christi
751 1021 880 1054 incidat:

350 1075 365 1119 g
391 1075 420 1108 Ἰ.
442 1076 514 1116 Nos,
531 1075 727 1108 attendentes
747 1074 830 1108 diem
855 1076 968 1109 festum
994 1076 1048 1110 hu-

305 1129 457 1171 iusmodi,
487 1139 550 1173 quo
574 1128 651 1161 tanti
676 1128 868 1163 Sacramenti
894 1129 1064 1163 institutio

1195 902 1330 930 civitatis
1350 906 1471 930 nostrae
1491 903 1706 936 Ariminensis.

1277 956 1413 984 Urbanus
1435 957 1513 990 Papa
1533 957 1613 985 VIII.

1353 1010 1466 1037 Dilecto
1484 1010 1526 1037 fili
1544 1032 1550 1043 ,

1117 1055 1247 1082 salutem
1267 1056 1298 1082 et
1316 1054 1515 1088 apostoticam
1535 1055 1786 1083 benedictionem.

1124 1125 1299 1160 Constantis
1330 1130 1452 1159 vestrae
1484 1125 1557 1158 fidei
1589 1131 1619 1159 et
1648 1125 1823 1160 devotionis

304 1185 428 1216 summa
447 1183 541 1216 totius
557 1182 665 1226 populi
683 1182 845 1215 christiani
864 1183 980 1216 laetitia
1001 1194 1047 1217 re·
1080 1189 1155 1223 erga
1178 1189 1236 1212 nos
1261 1184 1291 1212 et
1314 1178 1527 1222 Apostolicam
1552 1178 1665 1212 Sedem
1690 1179 1820 1212 sinceri-

304 1237 437 1278 colitur
464 1247 480 1270 e
510 1236 738 1281 piincipatibus
770 1237 842 1269 anni
873 1238 917 1270 ses
921 1238 1046 1271 tivitati-
1062 1238 1136 1276 tas,
1153 1243 1248 1276 quam
1273 1232 1380 1266 multis
1401 1232 1462 1264 iam
1483 1231 1602 1265 dudum
1627 1233 1822 1276 argumentis

303 1290 362 1323 bus
387 1264 531 1331 existere,
556 1295 735 1334 pr'0pletea‚
756 1290 795 1323 de
819 1291 1063 1324 reneiabilium
1062 1283 1319 1341 compiobastis‚
1333 1296 1390 1319 nos
1404 1285 1533 1326 inducit
1546 1289 1590 1326 ut,
1611 1286 1691 1319 votis
1711 1286 1822 1320 vestris

303 1344 436 1377 t‘iwatium
461 1354 518 1376 nos
507 1348 644 1377 troium
665 1350 790 1377 sanetae
810 1344 969 1378 Romanae
992 1345 1063 1378 Ec
1062 1324 1215 1384 benigne
1240 1345 1421 1382 annuentes,
1446 1350 1501 1373 ios
1526 1340 1714 1384 specialibus
1738 1340 1823 1374 sav-0

303 1396 415 1430 clesiae
432 1396 668 1430 cardinalium
655 1398 752 1430 s·ae1is
777 1397 889 1431 ritibus
913 1409 1063 1446 praepo
1062 1394 1166 1427 tibus
1182 1398 1211 1428 ῡῑ
1231 1394 1339 1437 gratiis
1359 1368 1494 1427 libenter
1514 1403 1754 1437 prosequamini

303 1450 436 1483 sitorum
457 1450 598 1490 consilio,
619 1450 766 1494 deinceps
791 1452 950 1495 perpetuis
966 1452 1063 1493 futu-,³
1123 1449 1137 1491 ἓ
1162 1448 1190 1480 ’1.
1219 1448 1296 1481 Cum
1330 1447 1456 1490 itaque,
1487 1447 1569 1480 sieut
1599 1447 1690 1480 nobis
1720 1457 1822 1491 nuper

302 1503 346 1536 ris
371 1503 581 1547 temporibus,
606 1503 729 1547 quoties
753 1504 891 1547 vigiliam
918 1505 1044 1548 praedi·
1060 1525 1061 1530 ,
1078 1501 1192 1544 exponi
1217 1500 1344 1541 fecistis,
1369 1500 1450 1533 inter
1475 1500 1534 1532 alia
1559 1500 1746 1544 privilegia,
1772 1500 1820 1533 in-

302 1562 383 1590 ctam
405 1557 435 1590 in
460 1556 578 1590 dictum
596 1556 679 1590 diem
705 1558 817 1590 festum
838 1558 1044 1592 solemnitatis
1077 1555 1179 1597 dulia,
1202 1554 1439 1595 concessiones,
1466 1553 1639 1594 facultateS‚
1670 1554 1821 1587 immuni-

301 1610 488 1644 sanctissimi
517 1610 667 1654 Corporis
692 1610 815 1644 Domini
840 1612 943 1646 Nostri
976 1613 1044 1646 lesu
1077 1613 1165 1648 tates,
1190 1607 1416 1651 exemptiones,
1442 1607 1602 1640 libertates
1627 1612 1657 1640 et
1683 1607 1821 1650 gratias,

300 1663 414 1698 Christi
439 1663 579 1697 incidere
604 1663 780 1706 contigerit,
798 1674 862 1698 non
879 1675 946 1698 esse
971 1666 1045 1699 ieiu-
1078 1662 1165 1696 vobis
1190 1666 1376 1705 vestraeque
1401 1661 1518 1694 civitati
1547 1666 1578 1694 et
1609 1661 1693 1694 illius
1723 1661 1821 1705 magi-

300 1716 458 1757 nandum‚
483 1726 585 1760 neque
610 1727 627 1749 a
652 1717 800 1750 cainibus
824 1718 1043 1752 abstinendum
1077 1721 1122 1749 str
1124 1715 1236 1756 uibus,
1261 1715 1459 1756 officialibus,
1485 1719 1550 1748 tum
1571 1719 1682 1758 portus
1707 1720 1821 1749 castro-

301 1771 332 1803 in
357 1770 407 1804 die
431 1771 509 1803 sesto
526 1770 719 1811 huiusmodi,
739 1771 793 1804 sed
809 1771 1061 1824 anticipandum
1078 1780 1148 1803 rum
1179 1769 1395 1811 nundinariis,
1422 1774 1487 1801 tum
1519 1768 1673 1802 aedilibus
1697 1774 1727 1802 et
1750 1769 1820 1802 aliis

302 1823 453 1856 ieiunium
470 1823 520 1856 die
537 1823 716 1857 immediate
731 1824 936 1866 antecedenti,
952 1836 1042 1859 nem-
1059 1822 1187 1875 quotis
1211 1822 1340 1855 nomine
1364 1797 1567 1865 nimcupatis,
1593 1831 1715 1855 necnon
1736 1821 1820 1854 circa

300 1887 339 1919 pe
363 1876 442 1911 seii-'t
466 1878 589 1920 quarti,
607 1887 644 1920 pi
647 1882 701 1909 out
717 1887 838 1910 ieiunat
841 1883 910 1911 etur
926 1878 957 1911 in
975 1879 1043 1923 ipsa
1059 1862 1310 1909 iurisdictiones
1335 1875 1500 1908 consulum
1517 1874 1619 1907 dictae
1639 1874 1773 1907 civitatis
1789 1879 1820 1907 et

302 1929 418 1973 vigilia,
430 1929 602 1973 apostolica
619 1930 814 1971 auctoritate,
833 1936 941 1965 tenore
957 1943 1044 1976 piae.
1059 1930 1242 1984 ,consulum
1265 1929 1489 1971 nundinaium,
1514 1928 1674 1968 aedilium,
1698 1928 1817 1971 capita--

300 1983 446 2023 sentium,
464 1983 630 2015 statuimus
655 1988 683 2015 et
708 1983 900 2017 ordinamus
919 1984 953 2018 ln
973 1996 1044 2019 con-

301 2037 432 2069 trarium
458 2036 644 2069 sicientibus
664 2046 727 2070 non
741 2037 803 2070 'sob
807 2037 943 2071 [antibus
967 2039 1061 2092 qui-

300 2091 505 2133 buscumque.

344 2144 359 2187 ἓ
383 2143 412 2176 ΕΞ.
441 2143 591 2176 Volumus
619 2148 743 2183 autem,
768 2148 801 2176 ut
829 2143 1061 2187 praesentium]

301 2196 514 2240 transumptis,
533 2197 626 2229 etiam
651 2196 821 2240 impressis,
841 2208 933 2231 manu
951 2198 1044 2231 alicn-

301 2250 348 2283 ius
372 2250 486 2283 notarii
510 2249 629 2294 publici
653 2250 839 2294 subscriptis
855 2279 862 2291 ,
886 2257 915 2284 et
939 2252 1042 2294 sigillo

300 2313 452 2347 personae
474 2303 504 2336 in
520 2303 671 2345 dignitate
695 2304 905 2338 ecclesiastica
930 2306 1043 2338 consti-

302 2361 383 2391 tutae
398 2357 536 2397 munssis,
554 2357 662 2390 eadem
677 2368 807 2401 prorsus
828 2357 905 2391 sides
926 2359 1042 2402 ubique

299 2410 496 2450 adhibeatur,
509 2421 588 2454 quae
602 2411 818 2454 praesentibus
839 2411 1042 2445 adhiberetur

299 2464 417 2497 eisdem
454 2463 587 2505 litteris,
617 2463 642 2496 si
675 2464 777 2497 forent
808 2464 962 2498 exhibitae
994 2466 1041 2499 vel

299 2521 450 2552 ostensae.

335 2588 346 2614 1
364 2588 439 2616 Circa
455 2589 506 2616 hoc
522 2588 606 2616 habes
622 2588 778 2616 immediate
796 2597 877 2624 supra
901 2589 1040 2617 decretum

298 2641 392 2661 saci-ae
407 2633 507 2660 rituum
523 2633 755 2668 Congregationis.

387 2687 465 2714 Butt.
487 2688 570 2714 lium.
588 2703 619 2706 —
642 2688 698 2714 t'ot.
715 2687 753 2713 X!
763 2687 788 2714 V.
956 2687 990 2714 85

1076 1983 1124 2016 nei
1160 1988 1280 2027 portus,
1313 1988 1343 2015 et
1374 1982 1510 2015 aliorum
1543 1992 1820 2025 quorumcumque

1059 2055 1060 2058 =
1076 2036 1265 2076 officiorum,
1277 2047 1294 2069 a
1307 2036 1438 2070 diversis
1451 2036 1600 2069 Romanis
1614 2035 1818 2069 Pontificibus

1059 2081 1375 2134 praedecessoribus
1392 2089 1518 2129 nostris
1537 2098 1572 2121 ac
1589 2088 1677 2121 Sedis
1690 2089 1819 2132 Aposto-

1077 2143 1154 2176 licae
1179 2143 1217 2175 de
1241 2143 1339 2175 latere
1364 2142 1489 2185 tegatis,
1516 2142 1711 2185 vicelegatis,
1732 2153 1819 2186 prae-

1076 2196 1206 2236 sidibus,
1231 2196 1425 2236 camerariis,
1451 2196 1676 2229 commissariis
1701 2201 1730 2229 et
1748 2196 1819 2229 visi-

1076 2249 1230 2282 tatoribus
1250 2249 1430 2293 apostolicis
1445 2249 1682 2293 quomodolibet
1696 2259 1819 2282 conces-

1076 2314 1125 2335 sas
1149 2308 1179 2336 et
1203 2313 1362 2342 concessa,
1387 2313 1422 2335 ac
1439 2313 1456 2335 a
1474 2302 1571 2335 felicis
1589 2301 1818 2336 recordationis

1078 2356 1171 2390 Paulo
1196 2356 1278 2400 Papa
1297 2356 1318 2387 V
1333 2356 1425 2388 etiam
1445 2355 1688 2399 praedecessore
1708 2360 1817 2388 nostro

1077 2420 1132 2454 per
1156 2409 1308 2453 quasdam
1335 2419 1406 2442 suas
1430 2409 1550 2441 litteras
1572 2409 1663 2452 (quas
1687 2418 1744 2441 nos
1761 2418 1818 2452 per

1077 2468 1200 2496 nostras
1225 2463 1256 2495 in
1280 2462 1375 2495 simili
1401 2464 1502 2495 forma
1537 2461 1644 2495 Brevis
1669 2461 1719 2494 die
1743 2471 1816 2495 xxiv

1075 2516 1265 2561 septembris
1288 2525 1417 2550 nocxxv
1435 2515 1595 2560 expeditas
1611 2515 1730 2549 litteras
1745 2524 1817 2549 con-

1112 2635 1120 2660 1
1142 2633 1178 2660 Ex
1195 2633 1301 2668 Regest.
1320 2633 1346 2660 in
1361 2633 1462 2660 Secret.
1480 2632 1556 2660 Brev.

1842 231 1891 259 An.
1912 232 1940 259 C.
1960 232 2026 260 1638

1866 1143 2006 1166 Prooemium.

1864 1463 1950 1484 Summa
1966 1464 2022 1485 litto-

1837 1495 1906 1511 rarum
1924 1490 1984 1511 Pauli
2005 1490 2021 1511 V

1836 1516 1893 1537 circa
1929 1516 2022 1538 oninium

1837 1543 1943 1569 capitanei
1973 1548 2022 1570 por-

1837 1572 1869 1591 tus
1879 1570 2021 1592 Ariminensis.
