2248 3229
0 815 10 891 -us
6 769 15 788 v·

140 213 195 242 An.
210 212 239 242 C.
263 211 331 242 1636

166 698 279 720 Nonnullae
295 699 324 728 ρι-

139 725 274 752 ‹ultanum-i
283 731 326 745 ma-

140 753 179 773 iori
217 752 324 778 poeniten-

139 778 208 800 uanis
222 778 324 799 Lauren-

139 805 172 825 nis
211 805 324 826 communi-

139 831 226 852 undu.

163 1929 321 1957 Siquid-:mab-

135 1956 230 1977 solvendi
243 1963 256 1977 a
267 1957 322 1977 ca-i-

133 1983 173 2004 bo·
195 1986 321 2007 reservatis,

135 2012 229 2036 exceptu
243 2009 321 2036 aliqui·

135 2035 181 2057 bus.

950 209 1093 236 URBANUS

339 258 582 306 approbationis
601 259 721 294 litteras
745 263 886 305 patentes
910 259 949 293 ab
969 259 1079 293 eodem
1096 263 1098 283 ἵ

340 313 452 348 maiori
480 313 725 358 poenitentiario
754 313 945 353 obtinuerit;
976 312 1080 346 decla-

339 372 446 401 rantes
469 372 596 401 nostrae
621 367 734 400 mentis
751 377 786 400 ac
805 366 985 401 intentionis
1002 376 1079 408 esse,

339 425 374 454 ut
398 420 530 465 praefati
554 425 660 454 rector
676 425 705 453 et
724 420 957 465 poenitentiarii
975 420 1035 452 sint
1051 424 1080 452 et
1097 415 1099 456 ζ

340 484 407 507 esse
433 479 620 507 censeantur
643 468 795 518 deputati,
813 484 848 506 ac
871 473 1080 517 imposterum

339 527 540 572 deputentur,
558 527 596 560 ad
613 531 723 561 nulum
741 532 770 560 et
788 528 979 560 voluntatem
994 536 1082 570 prae-
1098 555 1099 558 ,

340 580 414 615 dicti
438 580 567 614 maioris
590 590 673 614 nunc
709 586 741 613 et
769 591 828 624 pro
853 586 996 625 tempore
1021 580 1082 613 exi-

341 633 449 666 stentis
473 633 717 677 poenitentiarii.

384 687 400 730 g
423 685 454 720 3.
479 686 683 730 lndulgemus
709 697 794 730 vero,
820 693 853 720 ut
878 687 960 721 idem
981 687 1082 720 maior

339 739 599 784 poenitentiarius
623 740 771 784 praefatis
794 741 911 774 rectori
931 746 960 774 et
977 739 1099 784 poeni-1

340 792 494 826 tentiariis
509 803 568 838 pro
585 798 729 837 tempore
746 793 950 828 existentibus
974 804 1083 827 conce·
1098 813 1099 817 =

339 845 414 879 dere
433 846 533 890 possit
546 846 645 889 (salva
664 851 769 880 tamen
784 846 930 880 facultate
947 846 1080 880 addendi

339 903 368 932 et
385 898 547 932 minuendi
565 899 826 944 quotiescumque
846 899 949 933 eidem
969 900 1081 934 maiori

338 952 580 996 poenitentiario
604 963 689 986 nunc
712 958 742 986 ct
765 964 824 997 pro
850 958 992 998 tempore
1015 953 1081 987 exi-

338 1005 430 1040 stenti
454 1005 606 1050 placuerit
621 1032 630 1047 ,
654 1005 739 1039 iuxta
764 1011 869 1039 tamen
892 1007 1027 1040 formam
1052 1012 1082 1040 et

339 1063 482 1092 tenorem
507 1058 684 1092 litterarum
709 1064 892 1093 nostrarum
917 1070 1013 1104 super
1037 1060 1080 1093 sa-

338 1112 507 1146 eultatibus
531 1112 672 1146 eiusdem
697 1112 828 1146 maioris
847 1113 1099 1157 poenitentiarii*

337 1175 396 1210 per
417 1176 475 1199 nos
503 1165 680 1207 editarum,
705 1171 739 1199 ut
769 1167 960 1211 praefertur)
989 1178 1081 1201 usum

337 1219 522 1263 virgarum¹
555 1220 676 1254 valeant
708 1220 740 1253 in
770 1221 840 1255 foro
872 1221 1099 1255 conscientiae*

337 1276 468 1314 tantum,
485 1278 515 1307 et
539 1273 572 1306 in
595 1273 664 1318 ipsa
681 1273 841 1310 dumtaxat
859 1275 991 1308 ecclesia
1006 1275 1083 1308 Lau-

338 1328 458 1370 retana‚
481 1336 540 1371 per
563 1337 596 1360 se
620 1327 706 1371 ipsos
729 1328 824 1368 solos,
841 1327 1015 1369 absolvere,
1031 1339 1083 1362 au-

337 1379 403 1413 dita
426 1379 515 1424 prins
539 1380 760 1414 sacramentali
785 1386 815 1414 et
839 1381 871 1414 in
895 1386 967 1414 actu
983 1381 1082 1426 ipsius

338 1433 574 1467 sacramentalis
609 1434 836 1475 confessionis,
867 1445 1082 1479 quascumque

336 1497 488 1531 personas
505 1486 563 1520 sibi
581 1487 776 1528 confitentes,
793 1487 886 1521 etiam
906 1489 1081 1532 regulares,

337 1541 564 1585 cuiuscumque
584 1541 645 1574 sint
665 1541 799 1584 Ordinis,
814 1543 1079 1585 congregationis,

336 1599 390 1628 aut
413 1593 562 1635 instituti,
586 1594 709 1627 etiamsi
733 1605 771 1627 ex
793 1600 962 1639 praecepto
987 1607 1080 1640 supe-

337 1647 470 1688 riorum,
486 1647 533 1681 vel
551 1657 663 1681 eorum
680 1648 968 1690 constitutionibus,
986 1650 1079 1684 etiam

335 1712 354 1734 a
377 1700 458 1735 Sede
481 1701 662 1745 Apostoliea
693 1701 896 1746 approbatis,
921 1703 969 1736 vel
1003 1703 1080 1736 alias

337 1765 372 1788 ex
398 1754 520 1788 indulto
544 1754 727 1799 apostolico,
749 1759 836 1790 extra
852 1757 1015 1800 propriam
1034 1768 1080 1790 re-

337 1807 488 1851 ligionem
504 1813 635 1852 peccata
651 1818 707 1841 sua
724 1808 868 1843 confiteri
892 1810 1081 1854 prohibean-

337 1866 398 1895 tur.

382 1916 397 1959 g
420 1914 450 1948 Ιι.
472 1915 549 1948 ltem
573 1915 675 1949 maior
694 1915 956 1960 poenitentiarius
973 1917 1035 1952 illis
1051 1929 1080 1952 e-

337 1967 413 2001 tiam
426 1968 602 2002 'concedere
625 1969 724 2012 possit
741 1969 920 2002 facultatem
938 1975 971 2003 ut
988 1981 1079 2014 prae-

336 2022 436 2055 fertur
467 2021 648 2056 absolvendi
675 2032 692 2054 a
720 2021 972 2067 quibuscumque
1003 2025 1080 2057 casi-

335 2075 405 2116 bus,
430 2075 525 2108 etiam
549 2074 621 2108 Sedi
645 2075 854 2119 Apostolicae,
875 2086 910 2109 ac
935 2076 1030 2110 etiam
1047 2078 1080 2110 in

336 2128 424 2161 Bulla
447 2127 568 2162 Coenae
592 2127 716 2162 Domini
734 2129 911 2171 reservatis,
932 2129 1080 2164 iniunctis

337 2185 440 2215 tamen
467 2181 658 2215 salutaribus
691 2181 915 2226 poenitentiis,
947 2183 1079 2227 aliisque

335 2235 373 2268 de
401 2235 468 2269 iure
492 2234 710 2278 injungendis,
734 2235 943 2280 infrascriptis
975 2242 1097 2271 tamen*

336 2288 491 2333 exceptis:

380 2353 400 2376 1.
429 2342 621 2386 Haereticis,
647 2343 694 2376 vel
719 2343 928 2377 schismaticis
953 2344 1097 2388 nianise-3

336 2397 402 2438 stis,
427 2402 479 2430 aut
503 2396 730 2438 condemnatis,
755 2407 810 2430 seu
835 2396 867 2431 in
891 2396 1008 2431 iudicio
1028 2398 1080 2432 de-

335 2450 416 2491 latis,
441 2461 477 2484 ac
501 2449 708 2492 denunciatis,
733 2460 855 2484 necnon
879 2451 928 2492 iis,
946 2451 998 2495 qui
1024 2452 1079 2485 ha-

372 2532 381 2558 1
400 2531 490 2558 Verba
504 2530 696 2566 praecedentia
708 2539 791 2557 usum
807 2530 956 2566 vii-qurum
972 2539 1026 2559 non
1042 2532 1080 2559 in·
1096 2552 1097 2559 1

335 2575 442 2611 telligo;
457 2580 485 2603 et
500 2579 608 2610 praeter
622 2574 754 2610 syntaxim
765 2579 842 2608 sunt,
860 2575 891 2602 iis
907 2577 1080 2611 praetermis-

335 2619 372 2648 sis
387 2620 449 2648 heic
464 2621 569 2648 videtur
583 2621 680 2648 deesse
695 2620 828 2656 particula
842 2624 873 2650 ut
887 2623 925 2652 (a.
941 2622 989 2655 τ.).

421 2674 501 2704 Bull.
521 2674 604 2703 Rom.
626 2689 659 2694 —
678 2673 736 2702 Vol.
752 2673 828 2701 XIV.
974 2674 1008 2702 67

1117 209 1175 235 vm
1197 209 1247 235 1²1⁸.

1115 258 1190 294 bent
1215 257 1396 302 complices,
1414 257 1552 291 fautores
1569 256 1618 290 vel
1634 260 1858 301 receptatores,

1115 312 1236 346 etiamsi
1262 312 1379 346 mortui
1409 311 1548 353 fuerint,
1572 310 1619 344 vel
1651 310 1773 344 etiamsi
1801 310 1858 343 ha-

1097 365 1208 411 jbeant
1233 366 1316 399 solos
1341 365 1501 406 conscios3

1160 428 1191 452 11.
1218 419 1266 459 lis,
1292 419 1345 462 qui
1371 419 1506 451 scienter
1534 419 1681 462 legerunt
1703 417 1752 451 vel
1776 417 1855 451 reti-

1116 477 1253 504 nuerunt
1277 472 1376 505 libros
1401 472 1577 505 haereticos
1609 472 1657 504 vel
1691 471 1858 514 sortilegos

1116 525 1180 558 sire
1198 525 1462 567 neg-romanticos,
1476 525 1617 568 aliosque
1635 525 1734 558 libros
1750 530 1859 558 contra

1116 577 1211 611 sidem
1229 578 1415 611 catholicam
1441 578 1489 610 vel
1514 578 1717 611 christianam
1735 578 1859 622 religio-

1116 641 1198 672 nem,
1224 632 1249 664 si
1274 632 1335 675 ipsi
1361 632 1392 664 in
1417 631 1532 665 iudicio
1552 632 1646 664 delati
1672 632 1743 672 sint,
1760 637 1813 665 aut
1833 631 1859 665 si

1118 685 1252 718 habeant
1276 685 1447 728 complices
1472 685 1519 717 vel
1544 686 1692 725 fautores,
1716 684 1770 728 qui
1794 694 1859 718 non

1116 738 1230 781 degant
1262 742 1315 771 aut
1344 738 1407 770 nati
1439 748 1502 770 non
1534 738 1595 770 sint
1619 738 1651 770 in
1675 737 1859 781 regionibus

1116 791 1218 834 palam
1244 790 1384 831 infectis,
1413 801 1469 824 seu
1499 791 1530 823 in
1561 790 1675 834 quibus
1710 791 1858 824 haereses

1098 843 1245 888 1‚i1npune
1269 849 1466 886 grassantum

1160 907 1204 930 111.
1230 898 1387 941 Apostatis
1410 909 1429 930 a
1452 897 1514 931 fide
1539 897 1718 939 christiana,
1736 897 1790 942 qui
1809 907 1859 942 pa-

1116 951 1178 984 lam
1204 951 1314 984 habitu
1339 951 1388 984 vel
1412 945 1483 984 actu
1508 962 1541 984 se
1565 952 1710 993 iudaeos,
1735 957 1858 992 turcas,

1117 1005 1368 1045 mahometanos‚
1393 1005 1441 1037 vel
1466 1004 1610 1038 infideles
1625 1005 1759 1048 professi
1774 1009 1857 1045 sunt,

1116 1064 1169 1091 aut
1193 1058 1310 1092 habent
1333 1059 1514 1102 complices,
1538 1058 1688 1100 fautores,
1712 1069 1768 1092 seu
1787 1067 1859 1092 con-

1116 1112 1213 1152 scios;

1160 1176 1201 1200 iv.
1228 1165 1278 1207 lis,
1303 1166 1356 1210 qui
1381 1165 1519 1199 officium
1546 1170 1670 1199 sanctae
1687 1165 1860 1210 inquisitio-

1115 1219 1185 1262 nis,
1210 1225 1263 1253 aut
1287 1220 1431 1254 locorum
1463 1219 1647 1254 Ordinarios
1671 1220 1749 1253 illud
1773 1230 1859 1254 exer-

1116 1279 1231 1314 centes,
1256 1284 1292 1307 ac
1317 1273 1469 1315 vicarios,
1494 1284 1550 1307 seu
1572 1284 1683 1317 eorum
1709 1273 1859 1308 officiales

1116 1327 1147 1360 in
1172 1327 1435 1360 concernentibus
1466 1327 1610 1371 ipsorum
1636 1326 1786 1367 officium,
1806 1331 1860 1361 aut

1115 1381 1382 1424 exequutionem,
1407 1381 1455 1413 vel
1487 1386 1581 1414 testes
1611 1380 1644 1412 in
1676 1379 1858 1414 huiusmodi

1115 1433 1218 1467 causis
1242 1433 1473 1478 impediverint,
1498 1443 1554 1466 seu
1577 1433 1755 1478 respective
1777 1433 1858 1467 facto

1115 1493 1168 1520 aut
1192 1488 1290 1521 verbo
1316 1487 1523 1528 offenderint,

1158 1551 1188 1574 v.
1214 1540 1414 1585 Principibus
1439 1545 1469 1573 et
1499 1539 1566 1573 aliis
1598 1539 1742 1585 personis
1769 1540 1859 1574 iuris-

1114 1595 1284 1629 dietionem
1317 1599 1347 1628 et
1378 1595 1427 1628 ius
1459 1594 1583 1638 imperii
1616 1594 1732 1628 vicario
1763 1595 1857 1628 etiam

1114 1649 1241 1683 nomine
1266 1649 1454 1682 habentibus
1477 1659 1600 1682 necnon
1632 1648 1776 1692 personis
1801 1649 1858 1683 do-

1114 1702 1297 1742 miniorum,
1314 1713 1370 1735 seu
1390 1702 1699 1745 rerumpublicarum
1725 1701 1858 1735 admini-

1113 1755 1318 1796 strationem,
1344 1755 1535 1799 gubernium
1565 1755 1613 1787 vel
1638 1755 1780 1798 regimen
1806 1755 1858 1788 ha-

1113 1809 1271 1851 bentibus,
1296 1808 1344 1841 rel
1368 1808 1486 1841 habere
1510 1808 1620 1849 solitis,
1644 1818 1767 1842 necnon
1793 1819 1857 1842 ma-

1113 1862 1319 1906 gistralibus,
1344 1872 1380 1895 ac
1404 1861 1498 1895 etiam
1524 1862 1700 1906 episcopis,
1724 1862 1858 1907 aliisque

1114 1916 1262 1961 praelatis
1282 1915 1501 1960 superioribus
1525 1920 1555 1948 et
1579 1915 1793 1957 inferioribus,
1811 1926 1859 1950 or-

1113 1969 1267 2002 dinariam
1281 1969 1531 2002 iurisdictionem
1550 1969 1738 2002 habentibus
1754 1969 1786 2002 in
1803 1980 1859 2014 pu-

1113 2022 1204 2054 blicis
1219 2021 1228 2038 ¹
1253 2022 1387 2064 casibus,
1413 2021 1535 2055 etiamsi
1561 2026 1635 2054 tunc
1658 2021 1753 2055 Sedes
1777 2023 1857 2066 Apo-

1096 2085 1097 2095 *
1114 2075 1224 2108 stolica
1236 2080 1370 2117 vacaret,
1381 2079 1434 2108 aut
1454 2075 1603 2108 Summus
1627 2075 1769 2109 Pontifex
1786 2085 1857 2120 pro-

1114 2135 1185 2174 pter
1208 2130 1434 2172 infirmitatem,
1460 2131 1594 2164 aliamve
1611 2139 1737 2164 causam
1754 2131 1798 2166 ita
1813 2132 1858 2166 fo-

1114 2189 1162 2217 ret
1185 2184 1376 2232 impeditus,
1400 2189 1435 2217 ut
1465 2184 1610 2218 celeriter
1641 2184 1762 2218 consuli
1793 2195 1856 2219 non

1113 2242 1236 2282 posset;

1158 2301 1199 2324 ri.
1226 2290 1276 2331 lis,
1300 2291 1355 2336 qui
1379 2300 1437 2335 per
1461 2301 1503 2330 sc,
1529 2291 1577 2324 vel
1600 2301 1658 2335 per
1676 2291 1784 2332 alium,
1801 2297 1856 2325 aut

1113 2345 1202 2386 alios,
1227 2344 1266 2378 de
1288 2344 1384 2378 rebus
1408 2344 1598 2379 christianae
1614 2344 1806 2389 reipublicae
1825 2349 1857 2380 et

1114 2398 1286 2432 catholicae
1310 2398 1474 2441 religionis
1498 2403 1612 2432 statum
1638 2398 1856 2432 concernenti-

1113 2452 1171 2484 bus
1196 2451 1227 2484 in
1259 2451 1512 2484 christifidelium
1545 2456 1598 2484 aut
1627 2449 1854 2485 catholicorum

1115 2505 1288 2550 pernicicm
1305 2508 1335 2538 et
1351 2504 1501 2537 damnum
1527 2504 1775 2546 mahometanos‚
1793 2509 1856 2538 tur-

1148 2577 1161 2603 1
1179 2576 1272 2604 Nescio
1286 2584 1319 2604 au
1335 2575 1482 2612 legendum
1493 2576 1654 2612 praedictis
1669 2583 1717 2612 pro
1728 2576 1856 2612 publicis

1113 2622 1150 2656 (n.
1167 2622 1216 2656 iz).

1768 198 1832 233 529
1877 207 1927 237 An.
1943 207 1972 236 c.
1991 206 2060 236 ¹686
