2248 3229
223 210 273 235 An.
291 208 318 235 c.
342 208 409 236 1634
453 199 518 233 458

250 271 275 291 Et
288 278 338 291 sess.
351 278 406 294 xxm,

223 304 240 319 c.
250 301 346 321 uetsess.
355 304 407 322 xxiv,

224 331 270 350 cap.
280 331 314 345 xii.
324 325 353 345 De
363 325 405 350 Res.

224 351 262 371 >uh
274 351 310 371 Pio
322 352 355 373 IV.
372 352 407 376 qui

224 378 287 397 etiam
325 378 407 398 addidit

231 405 402 424 tjvii—titutwnfflu

224 432 251 450 hi·
275 431 395 451 indicatam.

259 1925 280 1944 ΕΙ
296 1930 367 1944 sums:
383 1924 414 1944 ire

232 1951 343 1975 Giepwnius
372 1950 415 1971 xm

232 1977 346 1997 dochum-n
395 1984 415 1997 e-

232 2004 281 2023 tiam
331 2004 415 2023 :vini-«re

233 2030 254 2050 S.
273 2030 294 2049 Η,
313 2030 333 2051 Ε,
348 2031 415 2050 curili·

233 2057 297 2077 uates.

467 258 481 301 ξ,
505 257 533 290 Q,
568 256 684 290 Deinde
718 255 775 290 sub
805 255 903 288 felicis
933 253 1161 288 recordationis

423 310 476 343 Pio
501 310 537 342 IV
562 309 654 342 etiam
671 307 913 352 praedecessore
930 312 1038 341 nostro
1052 307 1160 340 eadem

423 363 558 407 synodus
577 361 756 403 declaravit,
774 372 882 394 omnes
899 360 1017 394 eisdem
1034 361 1162 404 patriar—

423 415 575 456 chalibus,
600 413 840 458 primatialibus,
865 414 1116 457 metropolitanis
1133 420 1159 447 et

422 467 654 500 cathedralibus
680 466 819 500 ecclesiis
843 467 1039 511 praefectos,
1068 467 1161 500 etiam

422 521 445 552 si
471 520 498 553 S.
526 521 559 553 R.
586 520 617 553 E.
643 518 820 553 cardinales
837 521 950 560 forent,
971 520 1106 563 obligari
1124 521 1161 553 ad

422 573 620 618 personalem
644 572 847 606 residentiam
882 573 913 605 in
942 574 999 606 sua
1030 573 1162 607 ecclesia

422 628 468 661 vel
494 626 630 660 dioecesi
655 626 839 667 faciendam,
857 636 914 661 nec
931 627 1041 660 abesse
1060 638 1162 671 posse,

421 682 479 715 nisi
504 680 544 714 ob
568 680 725 723 legitimas
749 691 857 714 causas
872 707 879 721 ,
905 681 935 713 in
960 680 1084 724 scriptis
1109 691 1162 725 ap-

421 734 609 779 probandas.
635 734 672 768 Et
694 734 726 766 in
752 734 937 767 eorumdem
963 734 1087 767 concilii
1110 734 1163 768 de-

423 793 583 822 cretorum
597 786 838 831 exequutionem
853 787 935 820 idem
950 787 1023 821 Pius
1033 787 1164 831 IVprae-

423 842 569 874 decessor
593 851 650 885 per
674 850 746 874 suas
766 841 823 874 sub
840 840 969 885 plumbo
984 840 1040 874 sub
1057 840 1163 875 datum

424 906 469 929 vu
495 893 643 928 kalendas
661 894 837 928 decembris
862 905 979 929 MDinv
1005 894 1164 938 expeditas

422 948 564 983 litteras¹
591 948 713 981 monuit
737 947 864 982 eosdem
893 948 1039 992 praefatis
1064 948 1163 982 eccle-

424 1004 476 1037 siis
500 1004 699 1047 praefectos,
732 1002 762 1035 in
796 1002 909 1035 virtute
941 1007 1065 1035 sanctae
1090 1002 1163 1035 obe-

424 1056 568 1099 dientiae,
593 1067 637 1098 ac,
664 1057 744 1089 ultra
768 1066 886 1100 poenas
910 1056 941 1089 in
967 1055 1077 1089 eodeni
1094 1066 1164 1088 con-

424 1110 496 1144 cilio
521 1113 696 1149 contentam,
721 1109 779 1142 sub
804 1109 988 1153 privationis
1013 1120 1122 1142 eorum
1147 1120 1163 1141 a

423 1163 577 1207 regimine
603 1168 633 1196 et
657 1162 928 1196 administratione
948 1163 1088 1206 ipsarum
1113 1173 1163 1196 ec-

424 1217 591 1250 clesiarum
622 1228 657 1250 ac
694 1215 871 1249 amissionis
904 1216 1087 1249 facultatum
1120 1221 1164 1249 te-

424 1271 525 1304 standi
551 1276 580 1303 et
604 1269 789 1314 disponendi
814 1269 946 1313 aliisque
970 1270 1080 1314 poenis
1109 1281 1165 1303 suo

425 1330 454 1357 et
474 1323 607 1358 Romani
628 1322 788 1356 Pontificis
805 1322 937 1356 arbitrio
957 1322 1166 1367 imponendis,

425 1377 583 1410 mandavit
608 1376 736 1417 eisdem,
754 1381 787 1409 ut
806 1376 836 1409 in
854 1375 994 1410 ecclesiis
1018 1376 1166 1420 praefatis

426 1432 554 1474 omnino
591 1429 798 1474 personaliter
833 1428 973 1463 residere
1004 1429 1164 1463 deberent.

426 1485 576 1528 Denique,
591 1484 708 1517 certior
721 1483 819 1517 factus
836 1483 921 1527 quod
938 1482 1027 1516 multi
1045 1493 1167 1516 eorum-

427 1538 497 1572 dem
508 1538 740 1582 praefectorum
750 1536 1071 1578 erantinobedientes,
1081 1541 1167 1570 motu

427 1602 483 1625 suo
503 1591 634 1636 proprio
648 1590 807 1624 commisit
823 1600 966 1624 camerae
978 1590 1168 1634 apostolicae

428 1645 563 1680 auditori
588 1644 748 1688 generali,
775 1648 808 1678 ut
839 1648 949 1677 contra
974 1643 1044 1677 illos
1069 1654 1167 1687 usque

428 1701 465 1734 ad
491 1699 675 1733 sententiam
700 1698 897 1742 procederet,
922 1703 951 1731 et
974 1697 1030 1731 sibi
1055 1697 1167 1731 deinde

429 1755 577 1794 referret,
609 1752 647 1785 ad
678 1752 824 1786 effectum
849 1752 880 1784 in
906 1762 958 1785 eos
984 1751 1167 1795 privationis

430 1814 459 1841 et
483 1805 686 1851 depositionis
699 1805 884 1839 sententiam
902 1805 933 1838 in
950 1816 1005 1838 suo
1021 1805 1169 1839 consisto-

430 1862 477 1895 rio
498 1866 619 1895 secreto
639 1859 871 1904 pronuntiandi.

475 1917 491 1957 g
509 1913 538 1948 3.
560 1913 740 1947 Successive
757 1912 808 1946 alii
826 1912 918 1947 etiam
943 1912 1074 1946 Romani
1095 1913 1170 1946 Pon-

432 1968 530 2001 tifices
544 1972 653 2001 contra
666 1976 729 2000 non
749 1966 921 2000 residentes
934 1965 1056 1999 diversa
1069 1966 1169 2000 edicta

432 2021 591 2066 publicari
610 2021 761 2060 fecerunt3
776 2031 812 2053 ac
826 2020 895 2064 piae
908 2019 1080 2053 memoriae
1098 2019 1169 2054 Gre-

431 2074 539 2118 gorius
552 2073 618 2108 XIII
632 2073 725 2108 etiam
750 2073 975 2117 praedecessor
993 2078 1099 2106 noster
1114 2084 1170 2117 per

431 2139 522 2162 suum
547 2128 708 2161 decretum
727 2125 966 2161 consistoriale²
989 2126 1168 2171 declaravit,

430 2183 554 2216 decreta
580 2182 719 2216 eiusdem
737 2181 862 2215 concilii
887 2181 925 2214 de
950 2181 1109 2226 personali
1126 2192 1170 2214 re-

430 2236 560 2270 sidentia
597 2236 629 2268 in
661 2235 802 2269 ecclesiis
829 2234 997 2279 praedictis
1029 2234 1170 2268 facienda

430 2290 523 2323 etiam
548 2289 579 2322 in
604 2289 632 2322 S.
658 2289 692 2322 R.
714 2289 746 2322 E.
765 2287 976 2322 cardinalibus
997 2287 1102 2322 locum
1120 2288 1170 2322 ha-

430 2344 519 2386 bere,
544 2353 747 2387 quocumque
772 2342 862 2377 titulo
887 2342 948 2375 illis
971 2347 1169 2386 praeessent,

431 2398 470 2431 ita
489 2402 521 2430 ut
538 2407 555 2429 a
572 2401 661 2430 reatu
686 2401 716 2430 et
738 2395 848 2440 poenis
873 2396 904 2428 in
928 2395 1011 2429 dicto
1037 2395 1169 2429 concilio

431 2450 552 2484 statutis
576 2460 640 2484 non
665 2454 901 2491 excusarentur,
926 2449 983 2483 nisi
1013 2449 1170 2483 absentiae

432 2515 524 2537 causa
549 2504 580 2536 in
605 2502 729 2548 scriptis
746 2503 918 2547 approbata
942 2503 1045 2543 fuerit;
1071 2503 1170 2537 scien-

469 2576 480 2602 1
499 2574 563 2602 Vide
577 2575 629 2602 loc.
647 2575 692 2602 cit.
709 2578 773 2603 tom.
792 2581 837 2610 vn,
853 2582 914 2610 pag.
931 2573 981 2602 332
997 2577 1034 2607 (a.
1050 2574 1098 2606 τ.).

468 2620 483 2646 ⁶2
499 2619 574 2651 Quod
595 2628 648 2647 non
664 2623 727 2655 puto
744 2627 802 2647 esse
819 2620 844 2647 in
864 2619 1000 2648 Bullarz‘o
1017 2621 1052 2653 (n.
1070 2618 1120 2653 τ.).

997 206 1176 231 BULLARIUM
1199 206 1354 230 Romnum

1894 190 1898 194 ’
1944 204 2127 233 An.c.1634

1193 253 1297 296 tiaque
1322 254 1368 286 vel
1394 254 1572 287 tolerantia¹
1595 265 1658 288 non
1687 257 1849 288 excusaret
1865 264 1930 287 eos—

1193 306 1264 339 dem
1282 306 1455 339 cardinales
1470 316 1527 339 nec
1544 307 1620 340 alios
1637 308 1812 353 episcopos.

1238 361 1253 404 §
1269 360 1298 393 4.
1324 360 1440 394 Similis
1457 371 1584 404 quoque
1601 361 1773 395 memoriae
1789 362 1930 396 Clemens
1979 373 2074 402 cumen<
2085 373 2129 393 vin

1195 415 1276 458 Papa
1301 414 1365 447 VIII
1387 414 1479 447 etiam
1496 414 1721 458 praedecessor
1745 419 1851 449 noster
1874 426 1930 459 per
1946 400 2129 455 Γιῗὲῗῖῗέσωιᾞῖᾋῖ

1196 467 1295 500 simile
1325 468 1541 502 consistoriale
1572 466 1757 502 decretum³
1792 478 1850 511 pro
1881 468 1932 502 ob-
1947 452 2130 500 {ifams‘ifg'¹''⁵‘⁸⁸

1196 521 1351 554 servantia
1374 521 1561 554 residentiae
1577 520 1751 565 personalis
1767 521 1806 553 ab
1823 520 1932 556 eodem

1197 574 1330 608 concilio
1356 573 1516 608 ordinatae
1547 574 1665 607 addidit
1688 584 1821 618 poenam
1846 574 1933 607 inha-

1196 628 1324 661 bilitatis
1340 627 1378 661 ad
1396 627 1532 661 maiores
1554 627 1721 671 dignitates
1741 632 1771 661 et
1787 626 1933 661 ecclesias

1196 680 1398 722 obtinendas,
1424 686 1519 725 prout
1543 681 1573 713 in
1597 681 1744 725 praefatis
1774 680 1934 714 conciliis⁸

1196 746 1231 768 ac
1255 734 1367 768 litteris
1391 734 1579 779 apostolicis,
1601 733 1933 778 consistorialibusque

1196 788 1330 822 decretis
1354 789 1446 821 latius
1471 789 1655 823 continetur.

1241 842 1301 885 55.
1332 843 1471 885 Cumque
1499 842 1593 874 etiam
1622 852 1679 875 nos
1703 842 1804 875 edicta
1824 846 1934 875 contra

1198 905 1258 929 non
1270 895 1441 928 residentes
1454 895 1576 939 saepius
1591 894 1745 938 publicari
1758 894 1934 936 fecerimus,

1198 954 1227 982 ct
1241 952 1343 983 tamen
1358 949 1536 993 praeteritis
1550 948 1710 982 mensibus
1722 948 1829 992 aliqui,
1841 948 1934 982 etiam

1197 1003 1225 1035 S.
1252 1003 1285 1036 H.
1312 1003 1343 1035 E.
1378 1002 1571 1044 cardinales,
1602 1001 1851 1046 metropolitanis
1881 1012 1935 1035 seu

1198 1055 1431 1089 cathedralibus
1447 1055 1588 1089 ecclesiis
1600 1066 1637 1089 ex
1651 1055 1853 1089 concessione
1865 1065 1936 1099 apo-

1199 1108 1308 1142 stolica
1328 1108 1485 1152 praefecti,
1503 1119 1577 1142 suae
1593 1108 1794 1151 obligationis
1811 1108 1849 1141 ad
1866 1118 1935 1152 per-

1199 1162 1338 1195 sonalem
1374 1162 1575 1196 residentiam
1613 1162 1644 1195 in
1681 1162 1725 1195 eis
1761 1161 1936 1196 faciendam

1200 1216 1413 1259 immemores,
1431 1216 1462 1249 in
1486 1227 1582 1259 grave
1605 1216 1781 1249 animarum
1807 1225 1935 1249 suarum

1199 1268 1419 1302 detrimentum
1452 1279 1488 1302 ac
1520 1269 1624 1302 ovium
1654 1269 1714 1302 sibi
1746 1268 1935 1302 creditarum

1200 1321 1440 1366 praeiudicium,
1464 1322 1502 1355 ab
1527 1322 1646 1355 eisdem
1671 1322 1810 1356 ecclesiis
1830 1322 1938 1356 abesse

1200 1375 1419 1409 continuarent
1432 1376 1540 1419 (etiam
1554 1376 1613 1409 sub
1631 1381 1794 1420 praetextu
1808 1386 1938 1409 suorum

1200 1430 1362 1463 titulorum
1399 1430 1626 1472 cardinalatus,
1657 1430 1843 1474 praesertim
1873 1429 1938 1474 epi-

1201 1483 1373 1527 scopalium
1409 1494 1507 1528 prope
1544 1483 1659 1517 Urbem
1695 1494 1750 1517 seu
1784 1483 1816 1531 in
1848 1482 1939 1517 Urbis

1201 1537 1344 1572 districtu
1357 1537 1531 1581 respective
1545 1537 1795 1578 consistentium,
1813 1542 1842 1571 et
1856 1537 1940 1581 quod

1202 1591 1232 1624 in
1249 1590 1360 1624 eadem
1377 1590 1459 1625 Urbe
1479 1590 1511 1623 in
1528 1596 1697 1635 conspectu
1715 1596 1745 1624 et
1761 1590 1938 1634 praesentia

1201 1646 1307 1678 nostra
1331 1654 1454 1678 moram
1468 1644 1653 1687 traherent),
1669 1654 1736 1685 nos,
1754 1654 1812 1687 pro
1830 1648 1939 1677 nostro

1201 1698 1350 1742 pastorali
1375 1697 1490 1738 debito,
1515 1697 1631 1730 nedum
1656 1697 1833 1730 animarum
1854 1707 1940 1741 prae-

1203 1752 1346 1792 fatarum,
1370 1752 1424 1785 sed
1448 1752 1541 1785 etiam
1565 1752 1767 1785 ecclesiarum
1791 1750 1941 1784 indemni-

1203 1805 1255 1838 tati
1280 1805 1447 1849 providere
1472 1806 1621 1846 volentes,
1639 1805 1669 1838 in
1690 1804 1877 1838 consistorio
1890 1814 1943 1838 no-

1203 1864 1268 1893 stro
1284 1864 1405 1892 secreto
1422 1858 1660 1899 declaravimus,
1677 1857 1803 1892 eosdem
1818 1863 1942 1892 sanctae

1203 1913 1359 1946 Romanae
1384 1912 1543 1946 Ecclesiae
1568 1911 1762 1954 cardinales,
1795 1912 1849 1955 qui
1881 1911 1942 1945 illis

1203 1965 1342 1999 ecclesiis
1368 1965 1617 2009 metropolitanis
1649 1971 1680 1998 et
1711 1964 1941 1999 cathedralibus

1204 2024 1389 2063 praeerant,
1423 2024 1452 2051 et
1482 2018 1564 2062 apud
1598 2029 1649 2052 eas
1674 2028 1737 2052 non
1761 2018 1943 2053 resederant

1204 2082 1261 2106 nec
1285 2071 1483 2113 residebant,
1514 2082 1574 2106 non
1604 2071 1715 2106 fecisse
1745 2082 1803 2105 nec
1839 2072 1942 2106 facere

1203 2126 1327 2160 illarum
1342 2126 1462 2160 fructus
1483 2136 1565 2167 suos,
1584 2126 1677 2159 etiam
1696 2126 1752 2159 sub
1769 2129 1942 2170 praetextu,

1203 2180 1286 2224 quod
1311 2179 1404 2214 alicui
1429 2191 1465 2213 ex
1491 2179 1580 2213 dictis
1606 2180 1745 2214 ecclesiis
1777 2180 1940 2225 episcopa-

1204 2235 1295 2275 libus,
1320 2233 1434 2278 quibus
1452 2233 1625 2267 cardinales
1643 2234 1674 2266 in
1691 2233 1801 2268 ordine
1819 2234 1942 2278 priores

1204 2288 1288 2321 esse⁴
1302 2287 1411 2329 solent,
1428 2287 1636 2332 praesideant,
1650 2292 1680 2320 et
1694 2287 1735 2320 ibi
1752 2287 1799 2320 vel
1816 2287 1847 2320 in
1860 2286 1941 2320 Urbe

1205 2345 1462 2382 commorentur,
1495 2346 1547 2374 aut
1588 2340 1723 2374 cuiusvis
1759 2340 1940 2375 tolerantiae

1205 2395 1251 2428 vel
1269 2393 1432 2436 facultatis,
1451 2399 1672 2438 praeterquam
1689 2405 1745 2438 per
1762 2393 1858 2426 Breve
1875 2404 1941 2437 spe-

1986 853 2023 873 Hic
2039 852 2134 874 Pontifex

1950 880 2018 899 edicta
2030 879 2133 905 publicari

1951 907 1989 926 una
2002 912 2048 926 eum
2059 906 2134 932 poenis

1950 933 2010 953 iussit
2061 934 2134 953 contra

1951 966 1989 979 nun
2005 958 2134 981 residentes.

1950 988 1970 1006 et
1993 991 2029 1006 eos
2055 986 2135 1006 monuit

1951 1015 1973 1032 ut
1992 1012 2020 1032 ad
2041 1011 2134 1033 resideti—

1951 1041 2000 1059 uam
2016 1040 2134 1065 pergerent.

1243 2485 1250 2509 t
1270 2482 1445 2518 Subintellige
1463 2482 1585 2510 Romani
1602 2482 1748 2517 Pontificis
1762 2482 1798 2517 (a.
1815 2482 1861 2515 T.).

1239 2527 1255 2553 ⁹2
1270 2527 1344 2555 Istud
1360 2535 1468 2563 quoque
1483 2526 1559 2554 deest
1577 2529 1614 2560 (a.
1630 2530 1676 2560 T.).

1239 2572 1253 2599 3
1269 2572 1333 2606 Leg.
1350 2572 1471 2600 concilio
1488 2572 1529 2599 vel
1543 2571 1660 2599 concilii
1675 2571 1793 2599 decretis
1806 2571 1844 2605 (n.
1857 2571 1903 2604 τ.).

1239 2618 1253 2644 t
1270 2617 1372 2645 Forsan
1387 2616 1532 2652 legendum
1543 2623 1675 2651 praeesse
1693 2622 1726 2650 μὴ
1744 2615 1791 2649 τ.).
