2226 3235
10 71 34 1147 ξ

10 2253 41 3235 Μγψςῃψςῆςὶε«τττψππεψπεν-«ετ--ΜπῆἾ-*Ὗι
13 2131 26 2174 ἀ·
18 2083 22 2085 .
27 2035 29 2038 .
13 2000 21 2003 ¹

187 911 323 933 Prome-toros

137 938 275 960 concordiae.

942 211 1085 237 cassans

335 257 576 292 Mediolanensis
598 257 761 302 praesules
793 268 848 292 seu
878 259 1094 294 administra-i

336 316 420 345 tores
444 321 482 344 cx
505 313 583 353 una,
607 321 730 345 necnon
753 312 952 356 praepositos
976 316 1005 346 et
1030 323 1078 345 ca-

334 364 466 398 nonicos
491 375 527 398 ex
553 365 623 408 alia,
643 375 679 398 ac
695 365 840 399 abbatem
860 372 889 399 et.
906 367 1077 400 monachos

336 418 486 451 ecclesiae
510 418 539 452 S.
565 418 724 453 Ambrosii
748 419 1004 460 Mediolanensis‚
1029 419 1077 453 Ci-

336 471 516 505 sterciensis
540 471 679 513 Ordinis,
705 482 740 505 ex
766 473 888 517 reliqua
914 473 1075 517 partibus,

336 525 390 568 qui
408 535 468 569 pro
485 531 629 570 tempore
645 526 818 570 respective
836 527 974 568 suerunt,
993 526 1031 559 lis
1049 531 1077 558 et

337 589 431 613 causa
441 590 495 612 seu
503 580 695 623 quaestionis
705 580 836 614 materia
846 580 967 614 ratione
977 580 1077 613 dictae

337 633 486 666 ecclesiae
503 633 531 667 S.
550 634 718 675 Ambrosii,
737 645 772 668 ac
790 635 872 667 illius
892 634 1022 667 dominii
1048 638 1077 667 et

336 696 422 727 usuS,
435 696 559 720 necnon
577 687 874 722 administrationis¹
890 692 951 721 tam
970 687 1001 720 in
1019 686 1078 731 spi-

336 739 504 774 ritualibus
517 751 610 785 quam
629 741 660 774 in
674 741 901 786 temporalibus
915 741 1077 782 intentata,

337 797 368 825 et
383 792 421 826 ad
439 792 516 827 haec
541 805 641 838 usque
665 800 807 839 tempora
825 804 940 837 magno
957 803 1079 826 earum-

337 846 408 880 dem
432 847 569 891 partium
595 848 760 892 dispendio
784 852 944 892 protracta
967 847 1077 887 suerit;

381 899 396 944 ἓ
420 900 451 933 2.
475 900 615 944 Cumque
638 912 740 946 nuper
765 901 896 934 dilectus
920 900 1003 934 filius
1027 910 1079 933 uo-

337 959 402 987 ster
418 954 597 988 Fridericus
611 955 640 989 S.
654 956 770 988 Mariae
781 955 973 998 Angelorum
991 965 1078 999 pres-

337 1006 428 1051 byter
452 1007 621 1041 cardinalis
644 1008 874 1048 Borromaeus,
899 1008 1078 1052 praedictae

338 1061 490 1094 ecclesiae
510 1059 748 1095 Mediolanensis
772 1071 809 1095 ex
830 1062 1031 1096 concessione
1049 1066 1078 1094 et

338 1113 570 1158 dispensatione
600 1115 771 1159 apostolica
805 1115 952 1159 praesul,
977 1115 1024 1147 liti
1050 1119 1080 1147 ct

339 1177 451 1201 causae
473 1167 643 1212 praedictis
667 1168 762 1202 finem
780 1169 949 1213 aliquando
966 1168 1079 1201 amica-

338 1220 444 1254 biliter
453 1221 573 1265 imponi
582 1221 786 1263 desideraret,
800 1227 829 1255 et
842 1222 973 1256 dilectus
984 1223 1077 1255 etiam

337 1273 421 1307 filius
433 1274 563 1308 Cosmus
580 1275 756 1320 Reynonus‚
770 1275 910 1309 eiusdem
928 1276 1078 1309 ecclesiae

338 1327 366 1360 S.
385 1327 542 1362 Ambrosii
566 1327 674 1369 abbas,
695 1334 724 1362 et
749 1329 779 1362 in
800 1329 886 1362 Italia
907 1339 1078 1372 congrega-

337 1380 432 1414 tionis
448 1381 663 1415 Cisterciensis
680 1392 817 1426 praeses,
834 1382 886 1426 pio
903 1382 1007 1415 dilecti
1022 1383 1077 1415 filii

338 1435 437 1468 nostri
461 1435 619 1468 Francisci
644 1435 672 1468 S.
697 1436 837 1478 Agathae
861 1435 983 1469 diaconi
1008 1447 1076 1469 car-

337 1486 450 1521 dinalis
473 1487 636 1521 BarberIni
653 1488 834 1532 nuncupati,
852 1489 952 1521 nostri
969 1499 1079 1522 secun-

337 1541 411 1574 dum
436 1551 564 1574 carnem
588 1552 624 1574 ex
648 1541 746 1574 fratre
771 1551 923 1584 germano
942 1542 1077 1586 nepotis,

337 1594 463 1629 hortatu
488 1593 643 1636 inductus,
666 1604 857 1638 propensam
882 1595 949 1628 eius
969 1595 1006 1628 ad
1023 1595 1078 1628 hu-

337 1647 473 1681 iusmodi
497 1648 698 1682 concordiam
714 1649 907 1682 voluntatem
928 1650 1078 1683 ostendis-

337 1706 399 1742 set;
423 1702 528 1735 dilecti
546 1702 691 1736 similiter
714 1703 771 1736 filii
794 1704 893 1737 nostri
920 1704 1076 1737 Robertus

339 1755 417 1788 tituli
428 1755 459 1788 S.
471 1756 620 1789 Praxedis
632 1757 797 1802 presbyter
808 1757 975 1791 cardinalis
986 1758 1077 1791 L'bal-

337 1807 445 1849 dinus,
470 1808 595 1842 Ordinis
618 1809 831 1844 Cisterciensis
856 1811 939 1855 apud
964 1821 1022 1844 nos
1047 1816 1077 1843 et

336 1860 417 1895 hanc
431 1867 571 1895 sanctam
585 1862 695 1896 Sedem
709 1869 880 1907 protector,
894 1869 925 1897 et
937 1865 1077 1898 Theodo-

336 1925 391 1948 rus
408 1914 436 1948 S.
454 1915 589 1948 Caesarii
603 1915 754 1950 diaeonus
773 1917 940 1950 cardinalis
956 1918 1076 1951 Trivul-

336 1968 398 2002 tius
413 1974 622 2013 nuncupatuS,
636 1979 653 2002 a
665 1969 757 2003 nobis
773 1981 869 2014 super
885 1971 945 2004 hoc
962 1972 1077 2015 specia-

336 2021 408 2055 liter
427 2021 577 2066 deputati,
602 2022 694 2056 nobis
719 2027 750 2057 et
773 2023 883 2057 eodem
908 2024 1076 2058 Francisco

337 2074 488 2108 cardinali
512 2075 732 2117 annuentibus,
763 2080 864 2110 totum
894 2077 1075 2111 huiusmodi

335 2129 497 2172 negotium
522 2129 643 2162 dilectis
658 2130 732 2163 filiis
758 2130 919 2173 magistris
943 2131 1074 2165 Martino

336 2182 456 2216 Aliforo
480 2187 510 2216 et
532 2183 668 2216 Antonio
692 2183 851 2217 Torniello
881 2184 912 2216 in
940 2187 1075 2229 utraque

336 2235 499 2279 signatura
521 2238 631 2270 nostra
653 2237 877 2270 referendariis
901 2237 1073 2272 discutien-

324 2289 412 2323 vdum
436 2290 667 2331 commiserint;
687 2291 817 2335 praefati
835 2302 910 2325 vero
926 2293 1078 2327 Martinus

337 2349 368 2377 et
390 2343 542 2377 Antonius
566 2344 674 2387 plures
697 2355 792 2388 super
815 2345 943 2388 negotio
967 2346 1076 2379 huius-

337 2396 422 2431 modi
435 2402 584 2430 tractatus
598 2398 829 2441 (praesentibus
841 2398 951 2432 eodem
965 2399 1078 2433 Cosmo

337 2460 373 2484 ac
396 2450 518 2485 dilectis
548 2451 668 2494 pariter
698 2451 772 2484 filiis
798 2452 913 2485 Ioanne
941 2453 1078 2497 Baptista

338 2504 481 2546 Besufio,
506 2504 658 2539 canonico
682 2504 926 2547 Mediolanensi,
955 2516 1078 2541 necnon

374 2576 385 2602 l
402 2574 480 2610 Male,
495 2579 526 2603 ut
540 2579 617 2611 puto,
632 2575 698 2603 edit.
712 2574 792 2603 Main.
807 2575 872 2611 legit
885 2577 1078 2607 administra-

337 2620 414 2648 tione
427 2620 466 2656 (n.
481 2623 530 2654 12).

1109 211 1165 236 vm
1187 212 1235 236 Pr.

1110 260 1302 304 Hieronymo
1314 259 1488 303 Rampono,
1502 264 1613 292 nostro
1626 264 1656 292 et
1672 259 1759 292 Sedis
1773 260 1852 303 Apo-

1110 313 1237 346 stolicae
1254 312 1387 354 notario,
1403 312 1447 346 uti
1471 312 1601 356 praefati
1618 312 1769 345 Friderici
1788 323 1852 345 car-

1109 366 1221 399 dinalis
1238 377 1273 400 ac
1287 366 1472 401 dilectorum
1490 367 1582 400 ctiam
1606 366 1743 399 tiliorum
1765 376 1852 409 prae-

1110 420 1203 464 positi
1229 425 1259 453 et
1279 421 1502 454 canonicorum
1532 420 1671 453 eiusdem
1701 420 1850 453 ecclesiae

1110 473 1139 507 S.
1165 474 1323 506 Ambrosii
1360 474 1619 518 procuratoriluts
1652 473 1850 518 respective,

1110 536 1232 559 necnon
1255 526 1409 560 Malthace
1434 528 1565 561 Morctto
1586 527 1726 560 eiusdem
1751 528 1851 560 Theo-

1111 580 1180 613 dori
1199 581 1366 614 cardinalis
1379 581 1535 625 auditore)
1549 582 1587 615 de
1604 582 1687 615 illius
1705 581 1852 615 mandato

1111 633 1298 676 habuerint,
1331 635 1520 679 negotioque
1553 635 1620 679 ipso
1649 640 1771 667 mature
1804 634 1852 667 di—

1111 697 1228 729 seusso7
1243 698 1278 730 ae
1293 687 1366 720 visis
1380 688 1527 721 omnibus
1541 692 1569 721 et
1583 689 1715 731 singulis
1729 688 1852 721 iuribus

1111 745 1142 772 et
1158 741 1361 784 processibus
1379 751 1435 785 per
1452 742 1617 774 Martinum
1636 746 1667 774 et.
1684 741 1852 774 Antonium

1112 803 1235 826 necnon
1255 794 1443 828 Malthaeum
1469 795 1635 838 praefatos,
1661 800 1700 835 et,
1725 794 1853 827 nomine

1112 847 1252 880 eiusdem
1269 847 1397 880 Roberti
1412 848 1589 889 cardinalis,
1605 848 1753 881 dilectum
1772 847 1854 880 simi-

1112 900 1184 933 liter
1208 900 1307 933 filium
1334 901 1536 934 Franciscum
1562 901 1702 934 Nerlium
1720 901 1787 933 eius
1804 911 1854 933 au-

1112 953 1269 995 ditorem,
1295 959 1323 986 et
1356 954 1435 988 sacta
1466 965 1524 998 per
1548 965 1601 987 eos
1625 965 1734 987 omnes
1764 954 1854 986 dictis

1112 1007 1250 1040 Roberto
1275 1013 1305 1040 et
1329 1007 1496 1041 Theodoro
1528 1007 1740 1041 cardinalibus
1774 1008 1854 1041 rela-

1113 1062 1207 1103 tione,
1221 1062 1410 1106 habitisque,
1428 1062 1532 1106 primo
1550 1073 1656 1096 coram
1675 1062 1741 1106 ipso
1759 1061 1855 1094 Theo-

1112 1115 1200 1157 (loro7
1219 1121 1249 1148 et
1264 1116 1440 1148 successive
1461 1126 1568 1149 coram
1589 1126 1626 1149 eo
1647 1120 1676 1147 et
1693 1115 1854 1162 praedicto

1112 1169 1252 1202 Roberto
1269 1169 1490 1210 cardinalibus,
1509 1180 1604 1213 super
1623 1169 1783 1202 nonnullis
1808 1178 1855 1201 ca-

1112 1222 1250 1266 pitibus,
1275 1234 1411 1266 quorum
1438 1223 1588 1256 resolutio
1620 1223 1745 1255 illorum
1771 1233 1851 1266 pru-

1112 1276 1234 1309 dentiae
1259 1282 1289 1309 et
1313 1277 1428 1309 iudicio
1453 1277 1561 1310 relicta
1586 1277 1697 1317 suerat,
1722 1276 1854 1310 diversis

1112 1330 1421 1373 congregationibus,
1442 1331 1578 1371 tandem,
1595 1331 1781 1364 auctoritate
1806 1341 1855 1364 eo-

1111 1383 1255 1416 rumdem
1270 1384 1399 1416 Roberti
1414 1389 1441 1416 et
1456 1375 1613 1417 Theodori
1634 1384 1853 1424 cardinalium,

1111 1442 1139 1469 et
1161 1436 1192 1468 in
1209 1447 1320 1470 eorum
1339 1438 1528 1480 praesentia,
1546 1436 1690 1470 sucrunt¹
1708 1438 1790 1470 inter
1807 1437 1853 1470 di-

1112 1495 1177 1523 ctas
1200 1497 1305 1534 partes
1323 1491 1381 1524 sub
1397 1491 1446 1524 die
1461 1502 1514 1526 xx1
1531 1492 1647 1524 mensis
1665 1491 1853 1535 septembris

1111 1544 1255 1588 proxime
1279 1545 1440 1589 praeteriti
1474 1546 1597 1578 firmata
1623 1551 1651 1579 et
1676 1545 1853 1590 subscripta

1110 1598 1331 1632 transactionis
1357 1598 1422 1632 sive
1447 1599 1634 1632 concordiae
1656 1599 1791 1643 capitula
1808 1604 1852 1631 te-

1110 1651 1197 1684 noris
1222 1652 1457 1695 subsequentis,
1483 1652 1643 1686 videlieet:

1155 1705 1169 1749 g
1193 1704 1222 1738 3.
1250 1706 1404 1750 Capitale
1429 1707 1617 1740 concordiae
1642 1706 1743 1739 initae
1766 1706 1853 1739 inter

1110 1760 1403 1793 enm'nentz'ssianum
1429 1765 1456 1793 et
1478 1760 1785 1793 reverendissimum
1803 1759 1853 1793 do„

1110 1813 1239 1846 mimmz
1269 1813 1474 1846 Friderz'cum
1506 1814 1709 1847 cardinalem
1734 1814 1852 1848 Borro-

1111 1877 1261 1908 mcwttm,
1286 1866 1469 1900 Mediolani
1492 1867 1795 1912 arch[episcopam,
1824 1871 1853 1899 et

1109 1921 1295 1963 capitulum
1309 1921 1491 1964 praepositi
1505 1925 1533 1953 ct
1549 1922 1781 1954 canom'corztm
1807 1932 1852 1955 ec-

1110 1973 1224 2005 clesiae
1236 1973 1425 2017 colleqiatae
1442 1978 1470 2006 cl
1486 1974 1629 2018 insz'gynis
1641 1975 1673 2007 S.
1687 1975 1855 2008 Ambrosii

1110 2026 1314 2067 Mediolani,'
1326 2038 1363 2060 ac
1379 2027 1526 2060 abbatem
1544 2032 1572 2060 cl
1590 2029 1760 2061 monachos
1774 2029 1855 2061 eius-

1110 2080 1182 2112 dem
1206 2080 1355 2113 ecclesiae
1368 2091 1404 2113 ac
1418 2082 1619 2121 monasterii,
1643 2092 1727 2125 qaae
1746 2082 1853 2125 infra-

1110 2134 1227 2177 scripti
1250 2145 1361 2167 eorum
1386 2135 1534 2178 deputati·
1561 2136 1801 2169 inviolabililer
1825 2141 1853 2169 et

1112 2187 1193 2220 bonci
1216 2187 1279 2229 fide
1303 2188 1469 2221 observare
1490 2189 1700 2232 promittant,
1730 2200 1782 2224 xxl
1805 2201 1851 2223 se-

1107 2241 1265 2284 ptembris
1285 2251 1419 2275 MDcxxx.

1155 2294 1301 2327 Canoniei
1326 2299 1387 2327 tam
1413 2295 1501 2328 horis
1533 2295 1655 2328 diurnis
1680 2307 1773 2339 quam
1799 2307 1850 2329 ve-

1111 2347 1259 2390 spertinis
1282 2353 1448 2381 teneantur
1478 2349 1600 2392 ingredi
1632 2350 1765 2382 chorum
1794 2360 1852 2394 per

1110 2401 1277 2434 dimidium
1294 2401 1391 2435 horae
1405 2407 1571 2447 antequam
1591 2403 1787 2445 ingrediatur
1805 2414 1853 2437 ca-

1110 2455 1244 2498 pitulum
1269 2456 1549 2500 metropolitanae,
1577 2459 1699 2489 servata
1726 2467 1852 2501 semper

1148 2538 1157 2562 t
1175 2536 1335 2571 Legendum
1350 2536 1419 2563 soret
1433 2537 1555 2572 fuerent,
1571 2545 1635 2564 nam
1650 2545 1682 2564 ex
1698 2538 1853 2573 praemissis

1109 2578 1199 2606 adhuc
1213 2579 1344 2615 perdurat
1358 2588 1489 2614 suspensa
1502 2581 1620 2615 syntaxis
1635 2581 1757 2616 pendens
1768 2589 1782 2608 e
1793 2590 1853 2618 par-

1109 2623 1191 2651 ticula
1203 2632 1269 2651 cum
1287 2624 1324 2658 (n.
1342 2623 1390 2658 τ.).

1749 202 1811 236 179
1858 211 1907 237 An.
1927 211 1955 238 c,
1978 212 2048 240 1630

1893 1715 1990 1740 Capituta
2002 1720 2051 1736 con·

1868 1742 1962 1762 cordiae,
