2248 3229
428 236 488 267 786

473 296 562 331 urbis
594 294 804 328 tribunalibus
830 297 861 326 et
886 292 1047 326 iudicibus
1071 302 1123 325 co-

472 348 645 393 gnoscendi
677 356 788 380 causas
819 346 999 379 criminales
1027 354 1123 388 super

473 402 595 435 delictis
615 408 874 444 quarumcunque
905 408 1121 442 personarum.

472 457 628 498 privative
661 452 765 496 quoad
797 452 891 493 alios,
927 461 988 484 non
1019 452 1124 494 priva-

473 510 536 542 tive
555 507 658 552 quoad
683 506 932 549 gubernatorem
950 504 1042 538 Urbis
1067 514 1124 547 pro

473 566 612 604 tempore
638 562 838 600 existentem,
857 559 914 592 sed
931 558 1124 591 cumulative

474 624 544 647 cum
570 624 624 652 eo,
650 622 800 646 concessa
821 612 1047 655 intelligantur,
1078 612 1124 643 16.

385 667 504 709 CCClX„
531 666 673 699 Facultas
691 666 770 698 lulio
789 665 916 698 Buratto
942 664 1124 698 fortalitium

473 718 568 752 Forte
596 718 723 751 [rhomo
748 718 842 761 vulgo
875 717 1126 761 nuncupandum

474 772 660 805 conceditur
685 771 865 812 extruendi,
897 772 943 803 Π,

386 825 498 858 CCCX.
525 824 729 858 Confirmatio
759 824 1011 857 declaratIonum
1043 824 1127 856 circa

476 878 639 911 facultates
665 877 841 910 collectoris
859 876 1072 919 Por-tugalliae
1097 880 1127 910 et

475 932 683 964 commissarii
710 932 880 970 cruciatae,
915 932 962 962 19.

387 985 514 1019 cccxl.
526 984 669 1018 Facultas
683 983 811 1016 Nicolao
825 983 1036 1025 tjiuidobagno
1050 991 1128 1016 mar-

479 1038 585 1071 chioni
609 1036 810 1077 illontisbclli,
836 1036 939 1070 Caroli
964 1035 1129 1069 Barberini

478 1092 508 1124 in
534 1090 698 1134 provincia
724 1089 951 1123 Romandiolae
978 1089 1129 1122 locumte-

478 1146 582 1185 nenti‚
601 1145 769 1176 eveniente
794 1142 881 1176 obitu
903 1143 993 1175 ducis
1009 1141 1127 1183 Urbtni,

477 1207 546 1230 eam
577 1198 772 1240 provinciam
802 1195 923 1235 tuendi,
955 1198 983 1227 et
1010 1204 1067 1237 per
1095 1204 1129 1226 se

479 1249 527 1281 vel
554 1259 626 1282 suos
647 1250 807 1282 ministros
824 1257 919 1281 manu
937 1246 1055 1280 armata
1073 1246 1130 1280 du-

480 1306 583 1335 catum
610 1305 638 1334 et
663 1303 808 1334 cixitates
826 1299 1008 1334 huiusmodi
1026 1303 1129 1333 custo-

480 1355 598 1395 diendi,
627 1355 678 1387 ⁶22.

391 1408 535 1442 CCCXII.
568 1408 771 1441 ContirmatIo
804 1406 925 1439 decreti
954 1405 1130 1449 Congrega-

480 1464 572 1496 tionis
602 1462 734 1495 Concilii
764 1461 959 1501 Tridentini,
992 1470 1053 1504 quo
1080 1460 1132 1493 de-

479 1516 625 1555 claratur,
654 1516 938 1558 episcoposposse
965 1515 1009 1546 uti
1035 1512 1129 1556 opera

480 1568 613 1601 duorum
631 1569 866 1607 (tauromenium,
885 1568 953 1599 sive
970 1566 1131 1599 cathedra-

481 1621 518 1654 lis
544 1623 611 1654 sive
626 1621 812 1663 collegiatae
830 1619 996 1660 eeclesiae,
1012 1628 1130 1662 eosque

481 1676 607 1708 interim
638 1677 805 1717 percipere
830 1684 940 1717 posse,
970 1673 1045 1705 dum
1078 1682 1132 1705 va-

480 1732 551 1761 cant
576 1729 717 1771 episcopi
742 1729 881 1766 servitio,
905 1728 1024 1759 fruetus
1042 1735 1132 1768 prae-

481 1781 624 1821 bendae,
658 1782 814 1813 annuissis
854 1779 1131 1813 distributionibus

481 1834 684 1878 quotidianis,
711 1834 761 1866 223.

393 1887 549 1920 CCCXlll.
568 1887 769 1920 Confirmatio
788 1885 1029 1929 privilegiorum
1046 1889 1076 1918 et
1090 1886 1133 1918 in-

482 1940 640 1973 dultorum
657 1939 770 1973 Ordini
790 1939 920 1972 fratrum
939 1938 1051 1971 beatae
1069 1937 1132 1970 Ma-

482 1995 547 2026 riae
565 1993 604 2025 de
622 1992 771 2025 Mercede
796 1992 1037 2034 Redemptionis
1063 2000 1133 2034 cap-

482 2049 617 2080 tivorum
643 2056 877 2081 esmcessorum,
905 2046 954 2078 ⁴⁴24.

395 2099 550 2134 CCCXIV.
594 2099 886 2132 Excoinruunieatio
929 2102 1034 2131 contra
1079 2108 1133 2131 ex-

483 2153 642 2187 trahentes
668 2162 773 2185 sacras
794 2153 945 2196 reliquias
966 2155 1019 2184 aut
1038 2150 1133 2184 libros

482 2217 520 2240 ex
549 2206 682 2240 eeclesia
704 2211 733 2240 et
751 2205 939 2239 bibliotheca
958 2206 1084 2248 collegii
1103 2206 1133 2239 S.

482 2260 641 2293 Francisci
667 2260 706 2292 dc
729 2258 823 2292 Paula
842 2260 879 2292 ad
899 2260 1019 2292 Montes
1041 2257 1133 2291 [rbis

482 2313 612 2346 fratrum
647 2313 848 2346 illinimorum
880 2313 1016 2345 nationis
1050 2313 1130 2344 cite-

484 2368 576 2399 rioris
601 2366 775 2407 (elalabriae,
805 2367 854 2399 27.

397 2419 536 2453 CCCXV.
552 2420 694 2453 Fa‹·ultas
710 2422 893 2463 {nanim-iae
909 2418 1134 2453 ltomandiolae

488 2470 625 2513 praesidi
653 2471 837 2503 removendi
856 2472 971 2503 fiumen
992 2470 1134 2503 lilienum
1160 2471 1163 2512 Ι

486 2533 502 2555 a
528 2534 585 2556 suo
610 2534 712 2559 cursu,
736 2524 876 2568 illudque
903 2524 1071 2556 deri-»anili
1096 2524 1135 2557 ad

487 2576 553 2609 loca
579 2577 720 2609 bondeni
746 2581 775 2610 et
796 2576 998 2618 Gambarmii,
1026 2578 1075 2609 2³8.

400 2628 549 2662 cccxvi.
565 2629 766 2663 Confirmatio
783 2630 959 2663 litterarum
978 2629 1066 2663 l’auli
1082 2629 1136 2662 Pa-

974 242 1113 263 1111111111
1129 242 1147 262 ’.Ι
1176 238 1232 263 {se-,31
1246 241 1323 263 tYs'l

1264 302 1323 336 pae
1348 291 1383 333 V,
1411 291 1525 336 quibus
1553 291 1709 324 indultum
1739 291 1911 334 Hispaniae

1263 347 1331 388 regi
1357 345 1415 378 fuit
1435 353 1621 378 concessum
1646 343 1799 388 quasdam
1817 353 1912 386 pecu-

1265 400 1332 432 nias
1357 398 1395 431 ab
1421 397 1646 432 ecclesiasticis
1671 398 1762 439 regni
1786 396 1912 430 Siciliae

1267 451 1428 494 exigendi,
1454 451 1506 484 31.

1175 504 1339 540 CCCXVII.
1365 504 1508 538 Facultas
1533 503 1617 538 clero
1634 505 1725 547 regni
1749 503 1914 537 Sardiniae

1264 558 1397 602 parandi
1423 561 1492 591 octo
1516 559 1661 591 triremes
1692 556 1731 590 ad
1767 556 1911 590 eiusdem

1265 613 1355 654 regni
1381 611 1609 652 defensionem,
1636 610 1687 643 33.

1176 663 1358 698 cccxviii.
1373 663 1459 696 Nova
1478 664 1630 696 institutio
1645 661 1771 704 collegii
1785 659 1916 694 Fulden-

1264 720 1307 750 sis
1325 717 1364 751 ad
1381 717 1542 750 scholares
1555 715 1764 749 Germanicae
1781 716 1916 748 nationls

1265 771 1370 804 latinis
1387 771 1499 804 litteris
1517 769 1651 813 aliisque
1666 767 1852 802 liberalibus
1869 767 1915 801 di-

1265 825 1408 868 sciplinis
1433 823 1647 862 Instruendos,
1670 821 1731 856 una
1749 831 1820 855 eum
1840 831 1916 854 eon-

1265 887 1363 921 gruae
1389 877 1470 910 dotis
1495 877 1721 919 assignatione,
1741 884 1777 908 ae
1802 876 1917 918 gratia-

1266 941 1344 971 rum,
1371 929 1675 974 privilegiorumque
1712 929 1917 962 concessione

1267 988 1298 1017 et
1322 985 1518 1023 extensione,
1545 983 1596 1016 35.

1180 1037 1335 1072 CCCXIX.
1360 1037 1564 1070 Confirmatio
1589 1035 1711 1068 decreti
1742 1034 1919 1077 Congrega-

1267 1089 1361 1122 tionis
1387 1087 1425 1120 de
1444 1086 1651 1129 propaganda
1670 1085 1756 1126 Fide,
1775 1095 1836 1129 quo
1858 1089 1920 1118 sta-

1267 1142 1326 1174 tuit
1357 1142 1491 1173 leetores
1524 1143 1555 1172 et
1587 1139 1750 1172 studentes
1789 1137 1919 1172 Ordinis

1269 1195 1400 1227 fratrum
1436 1193 1591 1226 Minorum
1627 1194 1726 1225 sancti
1759 1191 1919 1224 Francisci

1269 1247 1308 1280 de
1334 1244 1545 1281 Observantia
1565 1245 1745 1288 linguarum
1762 1254 1824 1278 non
1850 1253 1919 1277 esse

1269 1303 1434 1344 exemptos
1473 1309 1490 1332 a
1526 1298 1745 1338 iurisdictione
1784 1297 1920 1330 ministri

1268 1355 1428 1397 generatis
1441 1356 1471 1386 et
1488 1352 1620 1385 aliorum
1633 1353 1833 1395 superiorum
1847 1361 1922 1394 quo-

1269 1407 1308 1440 ad
1334 1406 1535 1449 disciplinam
1552 1405 1745 1448 regularem,
1763 1414 1824 1448 quo
1844 1413 1919 1437 vero

1270 1460 1308 1494 ad
1335 1461 1542 1493 remotionem
1562 1468 1579 1492 a
1600 1457 1719 1491 lectura
1745 1461 1776 1491 et
1799 1457 1921 1498 studiis,

1269 1513 1405 1547 lectores
1431 1523 1492 1546 non
1517 1522 1608 1556 posse
1640 1513 1781 1545 amoveri
1813 1513 1923 1544 incon-

1270 1565 1349 1600 sulta
1367 1565 1454 1599 saera
1473 1564 1740 1608 Congregatione:
1759 1563 1922 1597 studentes

1271 1630 1347 1653 vero
1372 1629 1389 1652 a
1413 1619 1478 1652 solo
1498 1618 1641 1661 generali
1659 1621 1689 1650 et
1706 1618 1922 1649 commissario

1270 1675 1364 1706 etiam
1389 1673 1530 1715 generali
1554 1672 1668 1704 mutari
1700 1674 1731 1703 et
1762 1679 1778 1702 a
1809 1669 1920 1702 studiis

1270 1727 1429 1759 remoreri
1455 1734 1558 1768 posse,
1584 1725 1635 1757 41.

1184 1779 1321 1813 CCCXX.
1330 1779 1501 1812 Confirmat
1514 1777 1675 1810 decretum
1686 1784 1794 1809 sacrae
1805 1777 1923 1809 rituum

1273 1832 1546 1875 Congiegationis,
1564 1829 1648 1874 quod
1666 1831 1697 1862 in
1715 1828 1849 1862 ecclesia
1867 1828 1924 1862 Ca-

1274 1883 1406 1918 laritana
1431 1887 1577 1916 senetur
1601 1882 1640 1916 ad
1662 1891 1800 1923 unguem
1818 1891 1926 1914 caere-

1273 1937 1410 1970 moniale
1436 1938 1670 1979 episcoporum,
1696 1936 1747 1968 41.

1186 1990 1337 2025 CCCNXI.
1357 1990 1500 2023 Facultas
1518 1988 1691 2032 apostolico
1707 1987 1791 2031 apud
1813 1987 1922 2020 catho-

1275 2043 1371 2077 licum
1388 2052 1498 2086 regem
1516 2043 1632 2076 nuncio
1649 2040 1834 2074 conceditur
1852 2049 1924 2083 per-

1273 2096 1428 2137 mittendi,
1454 2099 1488 2129 ut
1512 2095 1648 2138 vectigal
1666 2104 1762 2137 super
1779 2103 1874 2126 carne
1895 2097 1922 2126 et

1273 2152 1346 2183 vino
1360 2151 1390 2182 in
1402 2148 1612 2191 Por-tugaltiae
1625 2157 1724 2191 regno
1735 2158 1791 2190 pro
1803 2146 1923 2180 summa

1272 2206 1535 2248 quatuorcentum
1568 2201 1652 2234 mille
1684 2205 1845 2234 scutorum
1869 2202 1926 2234 im-

1274 2258 1346 2299 poni
1377 2257 1491 2298 possit,
1518 2256 1613 2288 etiam
1639 2254 1678 2288 ab
1703 2254 1926 2287 ecclesiasticis

1273 2309 1529 2352 persolvendum,
1555 2309 1606 2341 43.

1185 2362 1358 2397 cccxxii.
1385 2361 1580 2397 Dectarano,
1606 2361 1690 2405 quod
1716 2371 1795 2404 opus
1826 2370 1927 2394 remo-

1275 2417 1367 2448 tionis
1383 2416 1521 2448 tluminis
1533 2415 1634 2448 Rheni
1649 2424 1666 2446 a
1680 2414 1747 2446 loco
1762 2413 1927 2455 Mirabelli,

1278 2469 1427 2512 illiusque
1452 2469 1608 2501 derivatio
1634 2470 1665 2500 in
1690 2468 1807 2501 flumen
1833 2467 1926 2507 Padi,

1276 2526 1430 2565 perpetuo
1456 2523 1517 2563 fiat,
1545 2522 1596 2554 liti.

1187 2576 1367 2610 CCCXXlll.
1393 2576 1562 2609 Concessio
1579 2574 1796 2618 indulgentiae
1822 2573 1927 2616 plena-

1276 2631 1341 2662 riae
1359 2639 1414 2671 pro
1433 2628 1594 2662 Ecclesiae
1612 2626 1855 2661 necessitatibus
1874 2635 1927 2659 va-
