2221 3224
193 195 241 224 An.
262 196 292 224 c.
309 196 376 225 1628
422 189 464 223 42

219 1329 340 1350 Exordium.

267 1914 377 1935 narratum

194 1946 267 1961 sacrae
301 1945 376 1962 rituum

195 1967 375 1993 CODsssCssallonh,

391 247 536 281 omnibus
552 251 582 280 et
598 246 740 290 singulis,
753 246 880 280 illorum
897 249 1021 279 tenores
1038 257 1127 289 prae-

391 300 530 333 sentibus
544 311 602 343 pro
614 300 706 343 plene
719 304 749 332 et
768 298 958 332 sufficienter
971 297 1127 342 expressis

390 362 427 384 ac
449 352 487 384 ad
506 353 636 385 verbum
654 351 778 385 insertis
794 351 955 392 habentes,
976 351 1037 384 illis
1053 351 1127 384 alias

391 406 422 437 In
439 415 495 437 suo
516 405 629 438 robore
647 404 871 448 permansuris,
884 404 923 436 ad
942 405 1128 448 praemisso-

390 470 461 492 rum
487 459 643 497 effectum,
662 458 718 491 hac
736 458 802 490 vice
823 457 984 490 dumtaxat
1008 458 1127 502 specia-

391 512 461 544 liter
486 516 514 545 et
539 521 684 554 expresse
716 511 922 553 derogamus,
951 510 1128 555 ceterisque

392 565 556 598 contrariis
580 564 840 607 quibuscumque.

435 619 545 651 Datum
575 618 710 658 Romae,
736 617 819 661 apud
848 617 876 650 S.
903 617 1046 658 Petrum,
1070 617 1128 650 sub

391 672 506 705 annulo
546 671 712 704 piscatoris
737 698 744 712 ,
784 671 834 704 die
874 681 915 705 xx
953 671 1128 705 decembris

393 735 566 765 rmexxvnt,
583 725 785 769 pontificatus
802 725 901 758 nostri
922 735 1003 758 anno
1020 735 1060 758 vr.

427 788 483 814 Dat.
503 787 544 815 die
559 787 593 815 20
608 786 763 814 decembris
782 786 859 821 1628,
874 786 969 822 pontif.
987 794 1056 814 anno
1073 793 1105 813 vt.

694 902 823 936 CCCXX.

393 975 569 1016 Confirmat
594 974 755 1007 decretum
779 984 889 1006 sacrae
909 974 1036 1006 rituum
1054 973 1130 1008 Con-

434 1029 650 1071 qreyationis,
676 1027 762 1071 quod
782 1028 818 1060 in
844 1027 975 1060 ecclesia.
990 1026 1130 1071 ²Galari-

437 1083 513 1114 ιαηιῑὶ
527 1086 670 1114 serretur
683 1081 725 1114 acl
737 1091 879 1124 unguem
897 1080 1130 1113 caeremoniale

435 1131 664 1177 episcciporum.

595 1206 731 1232 Urbanus
753 1205 831 1239 Papa
850 1205 925 1239 vm,

515 1252 550 1277 ad
565 1254 742 1284 perpetuam
761 1250 804 1277 rei
825 1249 1003 1277 memoriam.

436 1312 555 1356 Exponi
573 1312 663 1345 nobis
680 1322 781 1355 nuper
798 1312 938 1345 fecerunt
956 1312 1060 1345 dilecti
1074 1311 1129 1345 filii

392 1366 563 1410 capitulum
591 1371 617 1398 et
648 1365 789 1412 canonici
814 1365 963 1398 ecclesiae
987 1365 1132 1398 Calarita-

391 1430 459 1459 nae,
485 1420 569 1463 quod
593 1419 677 1461 alias,
696 1419 727 1451 in
744 1421 838 1451 causa
855 1429 909 1452 seu
927 1419 1029 1452 causis
1046 1419 1131 1452 diffe—

391 1474 564 1512 rentiarum
591 1473 670 1506 inter
694 1473 779 1516 ipsos
794 1483 830 1505 ex
857 1474 927 1514 una,
945 1483 980 1505 ac
1001 1472 1130 1506 dilectos

391 1528 483 1561 etiam
505 1527 587 1559 filios
604 1526 806 1559 beneficiatos
823 1525 963 1559 eiusdem
981 1526 1130 1559 ecclesiae

391 1593 427 1615 ex
451 1582 549 1613 altera
575 1580 726 1623 partibus,
753 1580 784 1612 in
808 1580 1053 1623 congregatione
1079 1591 1129 1614 ve-

390 1634 578 1668 nerabilium
615 1634 746 1666 fratrum
783 1639 965 1667 nostrorum
1002 1634 1130 1667 Sanctae

391 1689 549 1721 Romanae
570 1687 727 1719 Ecclesiae
748 1686 953 1719 cardinalium
979 1687 1075 1719 sacris
1092 1688 1132 1719 ri-

392 1741 473 1775 tibus
497 1740 751 1784 praepositorum
772 1739 997 1781 vertenfibus',
1013 1740 1051 1772 ab
1076 1740 1132 1773 eis-

392 1795 462 1827 dem
488 1794 698 1827 cardinalibus
724 1794 879 1826 emanavit
906 1794 1067 1826 decretum
1093 1798 1132 1828 te-

391 1849 477 1882 noris
499 1848 729 1891 subsequentis,
747 1848 908 1880 videlicet:

437 1903 452 1945 §
477 1902 505 1935 t.
532 1901 736 1934 Illustrissimi
758 1906 787 1934 et
812 1901 1074 1934 Reverendissimi
1092 1901 1132 1934 si-

393 1957 493 2000 gnori.
520 1957 577 1988 Per
591 1966 758 1999 comporre
771 1955 799 1987 le
814 1955 981 1987 differenze
1000 1955 1131 1997 vertenti

392 2011 422 2043 in
447 2015 556 2053 questa
580 2010 673 2042 Sacra
698 2008 948 2051 Congregatione
971 2012 1015 2042 tra
1040 2009 1061 2041 li
1087 2019 1133 2042 ca-

392 2064 496 2098 nonici
513 2075 528 2096 e
542 2064 677 2107 capitolo
691 2063 771 2095 della
784 2062 888 2095 chiesa
905 2063 934 2095 di
949 2063 1059 2096 Calleri
1076 2073 1133 2106 per

392 2129 452 2151 una
479 2123 577 2161 parte,
603 2128 619 2149 e
644 2118 665 2149 li
690 2116 867 2149 beneficiati
892 2116 972 2149 della
989 2116 1132 2149 medema

393 2171 497 2204 chiesa
529 2171 599 2203 dall’
614 2171 711 2211 altra,
742 2170 875 2213 piaeque
900 2170 959 2202 alle
987 2169 1131 2212 Signorie

394 2226 501 2258 Vostrc
516 2224 727 2257 Illustrissime
743 2224 773 2256 di
790 2224 925 2256 scrivere
939 2233 956 2255 a
977 2224 1131 2266 quell'Ar-

392 2276 564 2315 civescoro,
586 2276 642 2307 che
668 2275 749 2307 saria
773 2280 852 2307 stato
876 2275 955 2307 bene
973 2274 1002 2306 di
1020 2274 1067 2306 sar
1085 2285 1131 2307 os-

392 2340 516 2363 serrare
541 2334 657 2372 quanto
682 2329 853 2372 disponeret
872 2328 893 2360 il
918 2327 1128 2361 ceremoniale

392 2394 533 2416 romano.
560 2384 606 2415 Ma
629 2383 745 2426 perche
764 2383 804 2415 tal
824 2383 934 2415 lettera
959 2387 1128 2415 contenera

393 2437 458 2469 solo
476 2447 536 2468 una
554 2437 702 2480 semplice
720 2436 919 2469 inclinatione
937 2435 1019 2468 della
1035 2436 1128 2469 Sacra

393 2489 648 2532 Congregationc7
666 2499 729 2523 non
749 2489 858 2522 ordine
879 2499 897 2522 o
917 2493 1058 2533 precetto
1082 2489 1127 2521 al-

430 2561 441 2586 1
460 2560 524 2586 Male
540 2560 603 2587 edit,
617 2560 694 2587 Main.
709 2561 775 2595 legit
786 2563 935 2588 vertentes:
947 2564 1038 2596 posset
1049 2561 1127 2587 etiam

392 2604 445 2639 legi
461 2606 630 2637 vertentium
644 2613 738 2640 nempe
754 2605 983 2640 differentiarum
994 2606 1031 2641 (n.
1048 2608 1096 2641 T.).

967 198 1145 222 BULLARIUM
1170 198 1323 222 ROMANUM

1161 255 1258 288 cuno,
1283 246 1390 289 percio
1413 255 1477 279 non
1501 247 1518 279 e
1542 247 1603 279 mai
1629 252 1708 281 stato
1732 257 1841 281 messe·
1866 248 1897 281 in

1160 299 1372 338 essecutione3
1390 299 1470 332 onde
1494 299 1525 332 di
1549 310 1653 334 nuovo
1675 300 1859 344 supplicano
1876 301 1897 334 li

1161 351 1302 385 canonici
1319 352 1348 384 le
1373 352 1516 395 Signorie
1541 353 1651 386 Vostre
1674 353 1896 396 lllustrissime,

1161 405 1218 438 che
1243 405 1268 437 si
1293 405 1430 448 degnino
1452 406 1498 438 far
1514 405 1641 439 decreto
1664 407 1787 450 preciso
1805 417 1897 451 sopra

1161 459 1369 491 l'osservanza
1382 458 1412 490 di
1433 458 1517 491 detto
1533 460 1742 493 ceremoniale
1755 470 1898 500 romano,

1162 511 1322 544 conforme
1335 511 1364 543 la
1377 510 1603 545 Constitutione
1616 512 1647 544 di
1663 512 1820 545 Clemente
1834 512 1898 545 VIII

1161 574 1255 607 sopra
1278 564 1298 596 l’
1308 563 1535 607 approbatione
1552 564 1586 597 e¹
1604 565 1848 599 confermatione
1868 565 1899 597 di

1161 628 1245 650 esso:
1270 617 1331 651 Che
1350 621 1439 658 tutto,
1453 628 1516 651 ecc.

1205 670 1299 703 Sacra
1321 668 1442 703 'rituum
1465 669 1673 713 congregatio
1693 671 1851 704 mandavit
1870 677 1900 705 et

1162 724 1323 768 praecepit
1350 723 1382 756 in
1414 723 1547 756 ecclesia
1578 724 1753 758 Calai-itane
1782 725 1900 758 servari

1162 777 1200 810 ad
1234 787 1374 820 unguem
1408 776 1636 809 caeremoniale
1667 777 1898 822 episcoporum.

1161 831 1216 863 Die
1235 840 1299 863 xxx
1318 829 1506 873 septemb1is
1526 839 1700 863 nncxxvm.

1207 885 1221 928 g
1245 884 1274 917 2.
1298 884 1374 918 Cum
1392 888 1507 925 autem,
1525 883 1604 917 sicut
1620 884 1729 917 eadem
1748 885 1901 944 expositio

1163 938 1382 981 subiungebat,
1407 937 1579 982 capitulum
1597 942 1627 970 et
1651 938 1793 971 canonici
1811 948 1902 982 prae-

1163 991 1235 1025 dicti
1260 991 1433 1035 plurimum
1458 991 1594 1035 cupiant,
1612 991 1774 1025 decretum
1792 992 1901 1025 huius-

1163 1044 1258 1085 modi,
1271 1055 1328 1088 pro
1342 1044 1477 1077 firmiori
1490 1044 1573 1077 illius
1588 1045 1790 1078 subsistentia
1807 1042 1902 1078 invi'o-

1163 1097 1312 1142 labilique
1337 1097 1544 1139 observantia,
1569 1098 1759 1141 apostolicae
1775 1102 1901 1133 nostrae

1164 1151 1412 1185 confirmationis
1425 1151 1540 1185 robore
1552 1152 1758 1185 communiri:
1776 1163 1843 1193 nos,
1855 1163 1902 1185 ca-

1163 1205 1299 1249 pitulum
1316 1210 1346 1238 et
1366 1205 1534 1239 canonicos
1557 1206 1739 1239 huiusmodi
1756 1206 1900 1250 speciali-

1163 1258 1223 1290 bus
1239 1258 1397 1292 favoribus
1415 1264 1445 1291 et
1461 1258 1570 1301 gratiis
1586 1259 1735 1304 piosequi
1751 1260 1900 1302 volentes,

1163 1315 1194 1344 et
1210 1321 1321 1344 eorum
1339 1312 1514 1370 singulares
1537 1323 1713 1371 personas
1704 1323 1721 1344 a
1738 1312 1901 1356 quibusvis

1164 1353 1507 1405 excommunicationis,
1531 1365 1744 1409 suspensionis
1760 1371 1790 1398 et
1809 1366 1902 1399 intei-

1163 1418 1248 1460 dicti,
1266 1419 1396 1463 aliisque
1417 1420 1635 1454 ecclesiasticis
1653 1419 1824 1461 sententiis,
1835 1430 1903 1452 een-

1164 1472 1246 1505 suris
1257 1478 1286 1505 et
1300 1473 1420 1516 poenis,
1431 1484 1449 1505 a
1458 1473 1526 1506 iure
1540 1473 1587 1506 vel
1597 1473 1636 1505 ab
1646 1472 1784 1514 homine,
1794 1473 1903 1516 quavis

1164 1527 1327 1559 occasione
1352 1527 1399 1559 vel
1424 1528 1518 1565 causa
1544 1527 1625 1568 latis,
1642 1527 1667 1560 si
1687 1527 1802 1571 quibus
1818 1537 1899 1570 quo·

1164 1579 1335 1613 modolibet
1359 1580 1499 1613 innodati
1524 1580 1668 1622 existunt⁷
1695 1580 1733 1612 ad
1757 1579 1901 1613 effectum

1164 1633 1374 1676 praesentium
1393 1633 1552 1666 dumtaxat
1572 1633 1838 1677 consequendum,
1852 1633 1904 1666 ha-

1164 1697 1234 1719 rum
1259 1687 1340 1719 serie
1372 1686 1568 1719 absolventes
1594 1692 1624 1719 et
1648 1686 1805 1719 absolutas
1836 1687 1904 1719 sore

1164 1744 1335 1779 censentes,
1346 1739 1629 1783 supplicationibus
1641 1739 1767 1772 illorum
1777 1739 1904 1772 nomine

1164 1793 1255 1826 nobis
1280 1803 1377 1836 super
1398 1793 1459 1825 hoc
1482 1792 1646 1825 humiliter
1671 1793 1826 1836 porrectis
1849 1793 1900 1825 in-

1165 1846 1279 1888 clinati,
1294 1846 1525 1890 praeinsertum
1544 1847 1706 1879 decretum
1724 1846 1904 1880 huiusmodi

1165 1901 1336 1944 apostolica
1360 1900 1545 1933 auctoritate
1564 1905 1675 1933 tenore
1692 1901 1904 1944 praesentium

1165 1959 1317 1997 perpetuo
1338 1953 1554 1998 approbamus
1569 1958 1599 1986 et
1615 1953 1848 1995 confirmamuS,
1868 1954 1904 1986 il-

1166 2007 1249 2050 lique
1274 2006 1463 2040 inviolabilis
1480 2006 1670 2050 apostolicae
1687 2006 1844 2039 firmitatis
1858 2017 1905 2041 ro-

1165 2061 1225 2093 bur
1242 2060 1416 2100 adiicimus,
1441 2070 1477 2092 ac
1497 2070 1606 2092 omnes
1623 2063 1652 2093 et
1680 2059 1821 2101 singulos
1841 2064 1904 2093 tam

1166 2115 1242 2147 iuris
1269 2124 1362 2157 quam
1388 2113 1460 2146 sacti
1485 2113 1633 2153 desectus,
1652 2113 1677 2145 si
1697 2113 1750 2157 qui
1771 2113 1906 2158 desuper

1165 2167 1402 2212 quomodolibet
1426 2166 1671 2207 intervenerint,
1696 2167 1880 2210 supplemus
1897 2194 1904 2207 ,

1165 2222 1391 2264 decretumque
1427 2219 1608 2253 huiusmodi
1647 2230 1683 2253 ac
1723 2225 1905 2263 praesentes

1164 2275 1283 2308 litteras
1306 2273 1425 2315 valida,
1452 2273 1542 2305 firma
1567 2278 1596 2306 et
1621 2273 1758 2306 efficacia
1784 2284 1852 2306 esse
1876 2277 1906 2308 et

1164 2329 1240 2369 sore,
1254 2337 1389 2370 suosque
1401 2326 1560 2370 plenarios
1578 2331 1607 2359 et
1625 2326 1764 2370 integros
1777 2327 1906 2361 effectus

1163 2381 1270 2415 sortiri
1292 2386 1321 2413 et
1339 2380 1492 2420 obtinere,
1510 2390 1546 2413 ac
1563 2380 1593 2412 in
1608 2380 1748 2424 praefata
1773 2381 1905 2414 ecclesia

1162 2434 1202 2468 ab
1227 2433 1372 2467 omnibus
1398 2439 1427 2465 et
1453 2433 1583 2476 singulis
1608 2433 1647 2465 ad
1671 2443 1749 2476 quos
1778 2438 1905 2483 spectat,

1161 2493 1190 2523 ct
1214 2499 1273 2532 pro
1302 2492 1446 2531 tempore
1476 2487 1714 2530 quomodolibet
1740 2487 1903 2531 spectabit,

1160 2546 1312 2586 perpetuo
1338 2541 1517 2581 observari3
1544 2546 1574 2574 et
1596 2541 1639 2573 ita
1659 2551 1716 2584 per
1740 2551 1904 2584 quoscum-

1198 2607 1207 2631 1
1226 2603 1346 2632 Erronee
1361 2603 1425 2631 edit.
1442 2603 1521 2631 Main.
1538 2602 1604 2638 legit
1618 2604 1632 2631 ἑ
1647 2605 1684 2638 (R.
1699 2602 1748 2638 r.).

1909 200 1959 228 An.
1980 200 2010 228 G.
2027 199 2097 228 {628

1965 899 2100 921 Confirmatio

1917 925 2005 947 decreti.
