2248 3229
150 227 200 255 An.
222 228 249 253 C.
274 226 341 254 ¹639

178 714 276 734 tlhwula
291 714 334 733 ‹utr-

149 742 198 761 latii*

176 1245 257 1268 Lento
267 1245 292 1266 de
303 1246 333 1267 la-

149 1275 193 1292 ten·
205 1273 333 1293 [niuniu-n-

149 1300 166 1319 si
189 1302 209 1319 et
231 1300 333 1325 guberna-

149 1328 189 1346 tori
213 1326 236 1347 S.
262 1327 333 1349 Atiam-li

150 1359 169 1372 in
179 1352 238 1372 vad-1
249 1354 334 1373 mandat

150 1382 170 1399 ut
193 1380 230 1399 has
253 1380 333 1399 litteras

149 1407 258 1426 ιιΙι-Νιαῐι
303 1407 333 1427 ta-

149 1436 213 1454 snut.

962 227 1103 251 bnassus

347 285 417 308 sum
443 274 524 308 linea
548 274 730 309 huiusmodi
757 275 898 316 linietur,
923 287 981 320 pro
1007 288 1105 309 cour,

348 329 464 372 petenti
490 339 626 369 canone,
651 339 704 362 seu
730 329 897 373 pensione,
923 329 1106 373 solutaquei

348 381 452 413 debita
478 382 623 414 mercede
640 392 698 426 pro
719 382 885 423 laudemio,
904 382 1088 421 concedere,
1104 365 1107 406 i

349 440 377 466 et
401 434 438 467 de
464 435 524 468 illis
556 435 704 468 investire
735 436 863 469 omnino
894 435 1027 469 debeant
1059 441 1107 468 et¹

350 493 526 529 teneantur,
554 488 667 532 illaque
691 499 750 532 pro
774 500 807 522 se
832 489 968 522 retinere
992 489 1090 521 nulla-

351 547 440 574 tenus
464 541 594 584 possint.
619 542 791 585 apostolica
816 542 1019 582 auctoritate,
1046 548 1089 574 te-

350 604 427 627 nore
452 595 675 637 praesentium,
692 594 868 635 statuimus,
890 595 1036 627 volumus
1061 600 1087 627 et

350 647 543 680 ordinamus.

395 701 410 742 ᾗ
433 701 462 733 ἱ).
488 701 600 744 Sicque
626 701 847 734 inviolabiliter
863 701 1037 740 observari,
1055 712 1089 734 ac

351 765 408 798 per
420 765 640 799 quoscumque
659 755 778 788 iudices
798 755 975 788 ordinarios
992 761 1022 788 et
1041 755 1091 787 de-

352 808 479 850 legatos,
505 809 596 841 eliam
616 819 780 841 causarum
800 809 906 852 palatii
924 808 1089 852 apostolici

350 861 519 901 auditores,
545 872 579 895 ae
605 863 633 894 S.
656 863 689 895 R.
712 863 745 895 Ε.
771 862 966 900 cardinales,
995 862 1108 898 etiam.

349 915 388 947 de
413 916 509 948 latere
535 917 672 959 legatos,
698 917 838 960 aliosque
862 925 1089 959 quoscumque,

346 969 458 1012 quavis
482 970 667 1003 auctoritate
692 970 878 1012 fungentes,
903 968 1034 1001 iudicari
1061 974 1089 1000 et

348 1022 472 1055 deliniri
498 1023 626 1063 debere,
650 1022 838 1065 irritumque
867 1027 897 1054 et
924 1021 1032 1060 inane,
1065 1021 1088 1053 si

348 1086 438 1109 secus
463 1087 559 1120 super
582 1077 630 1110 bis
654 1087 672 1109 a
696 1086 854 1120 quoquam
870 1103 877 1115 ‚
902 1075 1011 1119 quavis
1035 1086 1090 1107 au-

349 1129 512 1171 ctoritate,
538 1130 674 1163 scienter
698 1130 745 1162 rel
771 1129 966 1172 ignoranter,
991 1128 1090 1161 conti-

349 1183 429 1225 gerit
449 1183 610 1223 attentari,
629 1182 840 1216 decernimus.

393 1236 408 1278 ἓ
432 1235 462 1269 3.
487 1236 640 1275 Quocirca
667 1236 788 1269 dilectis
812 1236 884 1269 liliis
908 1236 1013 1269 Status
1038 1245 1091 1267 no-

349 1290 405 1322 stri
432 1290 648 1323 Urbinatensis
671 1290 710 1322 de
734 1291 830 1323 latere
847 1290 959 1333 legato,
985 1289 1090 1321 eiusre

350 1343 540 1385 vicelegato,
566 1354 601 1376 ac
633 1343 837 1386 gubernatori
870 1343 1004 1376 civitatis
1028 1352 1087 1375 no-

349 1401 432 1429 strae
452 1396 480 1429 S.
502 1396 610 1439 Angeli
632 1397 662 1429 in
684 1397 776 1438 Vado,
795 1406 877 1429 nunc
894 1402 925 1429 et
941 1406 1000 1440 pro
1017 1401 1091 1428 tem-

350 1460 425 1493 pore
450 1450 664 1489 existentibus¹
677 1460 734 1494 per
748 1455 928 1493 praesentes
948 1449 1091 1482 commit-

350 1504 443 1536 timus
468 1509 497 1536 et
522 1504 725 1543 mandamus,
753 1507 908 1546 quatenus
932 1503 1013 1546 ipsi,
1038 1508 1089 1535 aut

349 1567 429 1589 unus
446 1567 568 1593 eorum,
585 1567 642 1600 per
667 1567 710 1596 se,
735 1557 781 1589 vel
807 1556 914 1596 alium,
931 1566 985 1588 seu
1002 1556 1089 1597 alios,

349 1615 528 1652 praesentes
553 1610 670 1643 litteras
683 1615 713 1642 et
731 1609 760 1641 in
778 1609 822 1642 eis
840 1614 985 1642 contenta
999 1619 1091 1652 quae-

348 1673 501 1706 cumque,
527 1663 578 1695 ubi
604 1668 634 1696 et
658 1662 784 1706 quando
809 1673 888 1706 opus
916 1662 1030 1702 suerit,
1054 1674 1089 1695 ac

347 1717 470 1759 quoties
493 1727 551 1760 pro
576 1721 664 1760 parte
686 1718 790 1749 vestra
811 1726 866 1749 seu
884 1716 1016 1749 alicuius
1044 1727 1090 1748 vc-

348 1774 447 1803 strum
474 1770 589 1804 suerint
612 1770 766 1813 requisiti,
791 1770 974 1803 solemniter
990 1769 1090 1813 publi-

348 1828 475 1862 cantes,
499 1833 535 1855 ac
560 1823 649 1855 robis
680 1823 710 1855 in
743 1822 923 1866 praemissis
954 1823 1089 1855 efficacis

348 1877 538 1910 detensionis
570 1876 727 1920 praesidio
751 1877 930 1909 assistentes
945 1905 952 1918 ,
976 1877 1089 1909 saciant

348 1931 533 1964 auctoritate
565 1933 672 1964 nostra
702 1936 882 1974 praesentes
912 1930 1030 1963 litteras
1059 1935 1086 1962 et

350 1984 379 2016 in
404 1984 448 2016 eis
476 1989 621 2017 contenta
654 1983 833 2015 liuiusmodi
858 1983 897 2014 ab
923 1983 1087 2024 omnibus,

347 2037 386 2069 ad
410 2047 489 2080 quos
514 2041 631 2080 spectat
656 2043 685 2069 et
709 2036 861 2080 spectabit
890 2036 1087 2079 quomodoli-

347 2090 399 2121 bet
423 2090 454 2122 in
479 2090 635 2130 futurum,
662 2089 881 2122 inviolabiliter
905 2088 1087 2126 observari3

348 2153 410 2176 non
442 2144 658 2187 permittentes
695 2154 748 2176 vos
784 2154 840 2186 per
872 2153 1088 2186 quoscumque

347 2202 457 2230 contra
483 2198 693 2241 praesentium
728 2203 868 2230 tenorem
894 2196 1088 2239 quomodoli-

348 2251 400 2283 bet
431 2251 615 2294 molestari,
648 2250 793 2294 impediri
827 2250 871 2282 vel
906 2250 1087 2293 inquietari;

349 2305 597 2339 contradictores
627 2305 787 2348 quoslibet
811 2309 841 2337 et
865 2304 999 2336 rebelles
1031 2314 1088 2347 per

348 2368 497 2391 censuras
521 2364 551 2391 et
576 2368 694 2402 poenas
711 2357 948 2399 ecclesiasticas,
966 2357 1088 2399 aliaque

348 2417 527 2455 opportuna
553 2412 629 2444 iuris
653 2416 683 2444 et
711 2411 781 2444 sacti
808 2410 956 2449 remedia,
981 2410 1086 2453 appel-

349 2465 463 2498 latione
487 2465 670 2509 postposita,
699 2463 947 2508 compescendo;
973 2474 1019 2503 ae,
1046 2464 1086 2496 le-

349 2518 467 2561 gitimis
492 2529 587 2563 super
611 2518 659 2551 bis
685 2517 838 2551 habendis
867 2517 1086 2561 processibus,

348 2575 534 2616 servantque
559 2574 658 2605 forma
675 2571 804 2606 Concilii
823 2571 1006 2611 Tridentini,
1020 2582 1087 2604 cen-

350 2638 437 2660 suras
462 2632 490 2660 et
516 2636 632 2670 poenas
657 2627 739 2670 ipsas
765 2625 882 2658 iteratis
901 2625 1019 2658 vicibus
1037 2636 1086 2668 ag-

1129 227 1182 251 rui
1208 226 1254 250 rr.
1767 221 1823 254 unt

1123 276 1299 316 gsrax'andffi
1327 275 1469 308 invocato
1494 273 1587 306 etiam
1606 273 1643 306 ad
1657 273 1727 312 boe,
1746 274 1768 305 si
1783 284 1863 316 opu*

1123 330 1226 369 suerit,
1251 329 1368 362 auxilio
1392 328 1513 361 brachii
1539 327 1698 360 secularis.

1168 384 1182 425 ξ
1214 383 1235 415 l.
1262 383 1329 415 Non
1362 381 1557 416 obstantibus
1588 381 1685 413 felicis
1709 381 1859 414 recorda-

1124 435 1216 469 tionis
1250 435 1397 468 Bonil'acii
1431 435 1530 478 Papae
1557 433 1618 466 Vlll
1653 433 1691 466 ‹le
1723 435 1808 472 una,
1833 439 1859 465 et

1124 489 1248 521 concilii
1266 488 1422 531 generalis
1447 488 1484 520 de
1509 487 1631 520 duabus
1647 487 1748 526 dietis,
1769 486 1862 519 dum-

1125 542 1218 574 modo
1244 542 1325 574 ultra
1347 547 1410 574 tres
1434 541 1532 573 dietas
1549 541 1662 584 aliquis
1679 540 1863 573 auctoritate

1124 595 1336 638 praesentium
1366 594 1404 627 ad
1436 594 1585 626 iudicium
1617 603 1680 626 non
1706 593 1863 630 trabatur,

1124 648 1254 691 aliisque
1272 647 1463 691 apostolicis,
1480 658 1514 679 ac
1533 647 1563 679 in
1584 646 1724 679 conciliis
1741 648 1865 679 unirer-

1124 701 1242 733 salibus
1266 700 1575 744 provincialibusque
1601 705 1631 732 et
1662 698 1864 743 synodalibus

1124 754 1225 791 editis,
1251 753 1451 796 generalibus
1476 753 1522 785 rel
1548 752 1752 795 specialibus,
1783 762 1861 784 con-

1124 807 1337 841 stitutionibus
1376 813 1402 839 et
1437 806 1709 845 ordinationibus,
1741 815 1862 838 necnon

1125 861 1309 903 quarumvis
1334 860 1550 899 ecelesiarum,
1571 859 1779 898 abbatiarum,
1797 869 1863 890 mo<

1125 914 1346 953 nasteriorum,
1361 914 1559 958 aliorumque
1574 914 1715 945 locorum
1728 912 1864 956 piorum,

1124 967 1422 1010 quomodocumque
1448 971 1712 1010 nuncupatorum,
1733 977 1769 998 ac
1793 977 1865 1009 qua-

1126 1022 1332 1065 litercumque
1356 1021 1631 1064 qualilicatorum‚
1657 1021 1750 1053 etiam
1788 1021 1865 1052 iura-

1126 1074 1489 1114 mento,confirmatione
1503 1075 1684 1117 apostolica,
1695 1074 1741 1106 vel
1757 1074 1866 1116 quavis

1125 1128 1273 1161 firmitate
1305 1128 1364 1160 alia
1394 1127 1568 1169 roboratis,
1594 1127 1716 1159 statutis
1741 1131 1769 1160 ct
1795 1137 1867 1159 con-

1125 1180 1354 1221 suetudinibus
1378 1181 1552 1224 privilegiis
1576 1191 1713 1225 quoque,
1739 1179 1866 1212 indultis

1125 1239 1155 1266 et
1179 1233 1292 1266 litteris
1315 1233 1496 1277 apostolicis
1511 1233 1540 1265 in
1567 1233 1759 1265 contrarium
1778 1243 1866 1276 prae-

1126 1287 1295 1320 missorum
1321 1287 1559 1331 quomodolibet
1588 1286 1766 1327 concessis,
1791 1296 1865 1318 con-

1126 1341 1274 1382 lirmatis,
1301 1340 1482 1383 approbatis
1507 1345 1536 1371 et
1561 1339 1728 1378 innovatis3
1753 1339 1866 1382 quibus

1125 1395 1273 1427 omnibus
1287 1399 1317 1426 et
1335 1394 1476 1436 singulis,
1495 1393 1620 1425 illorum
1641 1399 1764 1425 timores
1779 1403 1865 1436 prae-

1124 1447 1263 1481 sentibus
1286 1458 1344 1490 pro
1368 1447 1459 1490 plene
1479 1452 1510 1480 et
1529 1446 1719 1479 sullicienter
1739 1437 1866 1489 expres-

1125 1502 1166 1533 sis
1190 1512 1226 1534 ac
1250 1501 1289 1534 de
1314 1501 1411 1533 verbo
1435 1501 1472 1533 ad
1499 1501 1629 1533 verbum
1662 1499 1786 1534 insertis
1816 1500 1867 1532 ba-

1125 1555 1244 1594 bentes,
1269 1554 1330 1586 illis
1354 1554 1429 1586 alias
1455 1554 1485 1586 in
1510 1564 1567 1586 suo
1588 1553 1702 1586 robore
1724 1563 1866 1596 perman-

1124 1608 1217 1647 suris,
1230 1608 1268 1640 ad
1286 1608 1534 1651 praemissorum
1552 1608 1709 1647 ell'cctum,
1724 1607 1782 1639 bac¹
1800 1606 1865 1638 vice,

1124 1662 1286 1694 dumtaxat
1310 1661 1487 1705 specialiter
1511 1666 1542 1693 et
1566 1670 1711 1704 expresse.
1737 1660 1865 1702 deroga-

1125 1727 1209 1755 mus;
1235 1716 1411 1759 ceterisque
1425 1715 1590 1748 contrariis
1603 1715 1864 1757 quibuscumque,

1170 1769 1279 1801 Datum
1302 1770 1418 1802 llomae
1436 1768 1520 1812 apud
1537 1769 1566 1801 S.
1587 1768 1723 1807 l'etrum,
1742 1767 1799 1799 sul)
1816 1777 1865 1798 au-

1123 1822 1198 1854 nulo
1217 1822 1395 1863 piscatoris,
1414 1821 1463 1854 dic
1484 1831 1513 1853 vi
1532 1821 1663 1853 ianuarii
1689 1830 1863 1855 itincxxxix'.

1123 1875 1324 1918 pontificatus
1353 1874 1450 1908 nostri
1468 1884 1550 1906 anno
1575 1884 1639 1906 xvi.

1160 1936 1216 1964 nai.
1238 1937 1282 1963 die
1301 1938 1317 1963 6
1338 1936 1451 1963 ianuarii
1474 1937 1550 1971 1639,
1574 1937 1666 1971 pontis.
1688 1944 1759 1963 anno
1780 1943 1834 1961 xri.

1412 2074 1586 2107 titlxxl'llt.

1124 2144 1285 2177 Personae
1309 2147 1476 2188 iiicapaces
1512 2145 1736 2187 beneficiorum
1768 2146 1864 2179 0111(-

1167 2209 1244 2230 nnm
1262 2198 1577 2231 militiarumsancti
1588 2198 1696 2231 Jacobs
1706 2198 1744 2230 (Ie
1753 2199 1864 2241 Sparsi,

1169 2252 1344 2285 Calan-ava
1376 2256 1404 2283 el
1435 2252 1639 2292 AIcantara,
1664 2252 1783 2295 quibus
1805 2262 1864 2294 pri·

1166 2315 1265 2347 resim,
1286 2316 1323 2337 (ιε
1348 2305 1434 2337 alitis
1458 2306 1633 2349 apostolici?
1657 2305 1861 2340 auctoritate,

1165 2359 1343 2401 prioratus,
1355 2359 1560 2391 commendere
1571 2363 1599 2391 et
1613 2358 1766 2400 beneficia
1776 2368 1866 2400 prae-

1167 2411 1329 2445 dictarum
1349 2413 1551 2445 militiarum
1575 2411 1804 2451 conceduntur,
1826 2415 1865 2443 {e-

1166 2470 1286 2497 nentur
1299 2466 1418 2499 solvere
1438 2470 1565 2509 partem
1587 2467 1756 2508 fructuum
1782 2466 1863 2508 ipso*

1166 2530 1240 2551 rum
1273 2520 1506 2562 prioratimm,
1545 2519 1809 2552 commendeti-mn
1836 2522 1865 2550 ec

1167 2573 1412 2614 beneficiorum,
1440 2584 1539 2616 quam
1573 2573 1690 2605 milites
1723 2571 1760 2604 cle
1794 2570 1864 2603 ills«,-

1165 2626 1287 2668 provisi
1315 2626 1431 2659 <atvero
1455 2627 1602 2659 ‹tehen-em
1623 2627 1716 2659 iiia-la
1741 2625 1864 2658 lium-as·

1877 232 1924 259 An.
1942 232 1969 259 C.
1997 233 2059 260 {13:39

1919 393 2009 416 Der-mat
2026 394 2062 413 ob-

1879 420 1981 439 stanuum
