2248 3229
145 200 196 228 An.
212 199 240 227 C.
263 199 331 228 1634

179 581 208 602 De
225 581 330 605 suffragiis

145 614 183 633 pro
232 607 330 629 fratrebus

146 634 255 655 defunctis,

187 1805 215 1825 De
233 1806 273 1831 piis
291 1805 334 1825 essi·

150 1833 195 1852 citS.

955 199 1096 225 URBANth

347 256 420 281 vero
445 247 612 288 ieiunatur,
631 247 711 282 hora
729 248 937 292 sexqtilnona;
962 253 992 281 et
1017 248 1086 282 ubi-

345 310 407 345 que
423 306 565 335 servetur
582 301 661 335 ordo
675 301 809 335 missalis
822 301 945 335 romani
959 301 997 335 de
1017 301 1087 334 mis-

345 353 387 388 sis
411 355 670 389 conventualibus
693 360 763 399 post
792 355 915 389 tertiam
930 382 938 396 ,
967 360 1086 389 sextam

346 412 377 440 et
400 417 515 441 nonam
540 408 745 442 celebrandis.

390 462 540 496 Ultimum
565 473 768 507 vesperarum
792 463 916 505 signum
945 463 1088 507 pulsetur

346 515 518 549 secundum
544 516 801 549 consuetudinem
826 517 980 550 locorum.

391 568 515 602 Priores
539 568 829 612 praeceptoriarum
860 574 890 602 et
920 542 1111 602 domorumi

345 627 494 654 moneant
514 621 748 665 quamprimum
774 621 971 665 superiorem
995 631 1089 663 gene-

346 675 444 707 ralem
474 674 513 707 de
544 675 632 707 obitu
665 675 816 717 fratrum,
850 680 883 707 ut
915 675 979 718 ipse
1011 674 1089 706 alios

346 733 472 761 moneat
495 739 574 772 quos
609 728 746 761 defuncti
783 728 929 772 superior
961 738 1088 760 monere

346 791 409 814 non
431 781 556 826 potuit,
582 785 614 815 ut
638 782 760 814 animae
789 783 903 814 missae
928 780 1090 814 sacrificiis

346 840 376 867 et
401 827 548 878 precibus
571 835 637 867 sine
661 845 749 868 more
776 835 929 868 inventur.

389 887 524 927 Quilibet
556 887 702 921 sacerdos
739 887 997 931 Congregationis
1031 896 1090 929 pro

346 950 538 984 unoquoque
569 941 665 974 fratre
700 941 847 973 defuncto
879 939 1090 984 quantocitius

346 1003 444 1026 unum
469 1004 593 1026 sacrum
619 994 765 1033 celebret,
782 993 887 1026 clerici
915 1003 987 1025 vero
1012 992 1090 1024 reci-

346 1052 411 1079 tent
435 1047 574 1080 osticium
599 1047 818 1080 defunctorum
852 1047 882 1078 in
909 1046 1009 1078 tribus
1038 1055 1090 1083 no-

347 1100 466 1132 cturnis
499 1105 529 1132 et
554 1099 735 1141 laudibus¹‚
761 1099 905 1133 conversi
929 1105 959 1131 ct.
984 1098 1090 1131 donati

347 1155 514 1195 rosarium,
537 1155 696 1198 semelque
721 1154 957 1188 communicent
981 1163 1090 1186 omnes

346 1218 404 1252 pro
421 1207 559 1240 defuncti
577 1208 690 1240 animai.
710 1208 742 1240 ln
762 1208 831 1241 loco
849 1213 953 1240 autem
980 1206 1010 1239 in
1028 1217 1090 1249 quo
1106 1226 1107 1229 =

347 1262 442 1294 frater
466 1261 560 1294 fuerit
584 1261 767 1301 defunctus,
793 1262 874 1294 ultra
900 1260 1089 1304 praemissa,

346 1315 524 1348 celebretur
545 1315 639 1348 missa
659 1315 880 1347 defunctorum
898 1324 968 1346 cum
987 1313 1090 1346 ossicio
1106 1334 1108 1354 1,

347 1374 378 1401 et
395 1369 554 1412 suffragiis
571 1368 744 1401 secundum
770 1368 882 1400 rituale
907 1377 1089 1405 romanum;
1106 1358 1107 1361 Ἴ

348 1422 402 1455 sed
427 1433 486 1466 pro
512 1422 686 1466 superioris
711 1422 866 1464 generalis
884 1421 988 1454 anima
1012 1421 1108 1453 duae*

348 1487 365 1509 a
382 1476 523 1520 quolibet.
546 1475 805 1518 Congregationis
830 1475 992 1508 sacerdote
1013 1475 1091 1508 ccle-

349 1529 491 1571 brentur,
516 1535 547 1562 et
569 1529 647 1562 duae
672 1530 839 1568 solemnes,
866 1529 896 1561 in
921 1528 1021 1572 capite
1039 1528 1091 1561 Or-

348 1581 430 1614 dinis
446 1582 615 1624 dumtaxat,
634 1582 848 1621 decantentur,
867 1592 928 1614 una
941 1586 1045 1615 autem
1061 1581 1090 1613 in

349 1635 509 1668 membris.
522 1636 667 1669 Ceterum
681 1646 753 1668 cum
765 1635 872 1667 habitu
887 1635 1035 1677 religioso
1048 1645 1091 1667 se-

350 1689 505 1733 peliantur
519 1699 652 1733 corpora
665 1688 885 1722 defunctorum
904 1688 1046 1731 fratrum,
1062 1693 1092 1721 et

349 1753 406 1786 per
426 1753 538 1776 novem
562 1743 628 1775 dies
645 1753 756 1775 eorum
780 1741 908 1785 portio²
933 1747 1091 1784 erogetur.

394 1796 520 1829 Fratres
537 1807 646 1829 omnes
660 1806 723 1829 non
739 1795 919 1829 sacerdotes
933 1795 965 1827 in
979 1795 1091 1828 maiori

351 1860 441 1882 sacro
466 1849 700 1882 communicent
717 1849 847 1892 singulis
864 1848 974 1882 diebus
991 1849 1092 1882 domi-

350 1903 438 1943 nicis,
456 1907 486 1936 et
505 1903 590 1935 festis
615 1902 809 1935 solemnibus
833 1902 954 1945 primae
974 1903 1092 1943 classis,

350 1962 381 1988 et
404 1956 512 1989 beatae
532 1956 656 1998 Mariae,
673 1966 753 1999 quae
777 1956 934 1995 coluntur,
963 1956 1024 1988 nisi
1053 1956 1110 1990 len

350 2009 461 2053 gitima
485 2012 579 2042 causa
603 2020 621 2042 a
645 2009 810 2053 superiore
842 2008 1016 2052 approbata
1044 2019 1092 2041 re-

350 2063 533 2103 trahantur3
559 2063 590 2096 in
619 2062 843 2096 concurrentia
868 2067 972 2095 tamen
999 2062 1093 2095 trium

352 2116 541 2149 solemnium
554 2117 705 2150 festorum
716 2115 986 2159 consequentium,
997 2121 1027 2148 et
1040 2115 1095 2147 im-

353 2170 488 2203 mediate
508 2170 754 2210 succedentium,
769 2170 842 2203 satis
858 2169 927 2209 erit,
948 2169 972 2201 si
991 2169 1093 2212 prima

353 2223 402 2256 dic
427 2223 673 2263 communicent,
690 2229 729 2265 et,
756 2223 781 2255 si
806 2222 1095 2270 quis-frequentius

352 2277 392 2311 ad
408 2277 486 2310 illud
500 2287 625 2310 sacrum
645 2277 824 2310 convivium
843 2276 993 2310 accedere
1012 2275 1094 2317 velit,
1111 2281 1112 2291 ¹

353 2331 391 2364 de
415 2331 573 2374 permissu
597 2331 770 2375 superioris
793 2330 895 2364 liceat.

397 2384 524 2417 Fratres
537 2384 659 2417 clerici³
676 2383 855 2418 sacerdotes
871 2383 1011 2428 quotidie
1025 2384 1097 2416 mis-
1112 2409 1113 2415 ,

354 2448 405 2471 sae
430 2437 585 2471 sacrificio
610 2437 753 2471 intersint
782 2448 891 2471 omnes
916 2437 1114 2470 immediate*

391 2520 403 2546 1
420 2518 492 2546 Edit.
507 2518 587 2546 Main.
603 2518 667 2554 legit
682 2518 777 2546 laudis
793 2525 830 2554 in.
846 2519 894 2553 Τ.).

390 2563 408 2590 2
423 2562 517 2590 Nescio
532 2571 565 2591 an
581 2562 652 2590 desit
665 2563 698 2590 in
710 2570 855 2598 pauperes
871 2564 910 2596 (n.
922 2567 971 2597 τ.).

391 2608 408 2635 3
423 2607 526 2637 Forsan
541 2608 617 2638 deest
631 2607 726 2644 partic.
743 2615 802 2637 non
818 2608 857 2643 (R.
874 2607 922 2642 r).

1116 199 1174 224 vm
1192 199 1241 224 PP-

1119 253 1189 292 post
1213 247 1360 292 primam,
1380 246 1434 281 ubi
1455 245 1620 280 commode
1637 245 1706 281 fieri
1730 245 1862 290 poterit·,

1121 300 1262 334 conversi
1283 311 1358 334 vero
1375 306 1406 334 et
1425 300 1529 334 donati
1547 299 1685 344 primum
1710 303 1862 343 perpetuo

1120 354 1248 387 audiant
1268 365 1400 388 sacrum.

1165 407 1291 442 Fratres
1309 408 1461 450 conversi,
1484 407 1590 441 donati
1615 412 1645 440 et
1668 405 1785 441 infirmi
1810 405 1865 439 ho-

1121 460 1241 504 spitalis
1265 472 1324 504 pro
1348 461 1487 504 qualibet
1510 461 1589 494 hora
1613 460 1764 494 canonica
1789 459 1865 493 reci-

1122 519 1187 546 tent
1211 514 1379 557 quinquies
1410 514 1512 547 Puter
1536 518 1643 547 noster
1668 519 1698 547 et
1721 514 1807 554 Ave,
1835 517 1865 546 et

1122 567 1218 600 semel
1245 566 1342 601 Credo
1368 567 1573 609 integraliter,
1594 566 1687 610 idque
1712 567 1742 599 in
1771 565 1865 600 eccle-

1123 620 1177 659 sia,
1196 620 1220 652 si
1246 620 1412 653 commode
1437 620 1505 653 ficri
1526 620 1634 664 possit.

1167 674 1282 706 Omnes
1307 673 1434 705 omnino
1455 673 1568 705 fratres
1592 672 1688 705 semel
1714 672 1744 705 in
1769 672 1864 716 septi·

1124 728 1216 758 mana
1237 725 1275 758 ad
1293 736 1414 758 sacram
1432 731 1633 769 peccatorum
1648 735 1778 758 suorum
1795 735 1866 763 con-

1124 779 1290 811 fessionem
1320 779 1403 822 apud
1428 779 1635 812 confessarios
1660 789 1677 811 a
1701 779 1865 822 superiore

1124 833 1317 875 approbatos
1342 843 1413 865 cum
1440 833 1549 865 intima
1580 833 1672 866 etiam
1699 833 1868 866 levissima-

1124 896 1195 918 rum
1221 887 1386 929 culparum
1413 885 1617 920 detestatione
1642 886 1799 919 accedant.

1169 940 1200 971 ln
1226 939 1364 982 qualibet
1381 940 1599 982 praeceptoria
1625 950 1680 973 sen
1704 940 1800 973 domo
1824 940 1867 972 in-

1124 992 1314 1033 stituantur,
1340 993 1558 1025 examinentur
1589 998 1618 1025 ct
1650 993 1867 1037 approbentur

1124 1056 1140 1077 a
1158 1045 1322 1089 superiore
1347 1045 1409 1078 duo
1435 1045 1481 1078 vcl
1507 1051 1569 1078 tres
1594 1046 1787 1086 confessarii,
1807 1056 1866 1090 pro

1124 1110 1256 1132 numero
1282 1100 1424 1141 fratrum,
1450 1099 1502 1143 qui
1528 1100 1587 1132 sint
1612 1099 1765 1140 doctrina,
1790 1111 1866 1144 pru-

1124 1152 1227 1190 dentia
1253 1158 1282 1185 ct
1307 1153 1457 1185 charitate
1483 1152 1624 1196 praediti,
1643 1153 1757 1196 quibus
1774 1154 1867 1186 etiam

1124 1211 1356 1239 reservatorum
1383 1217 1511 1239 casuum
1537 1217 1554 1238 a
1578 1207 1718 1249 generali
1743 1206 1868 1240 Ordinis

1124 1259 1360 1302 designatorum
1387 1260 1461 1302 (non
1495 1264 1599 1293 tamen
1623 1260 1797 1293 Ordinariis
1828 1260 1870 1293 lo-

1124 1323 1234 1345 corum
1254 1313 1301 1345 vel
1319 1312 1389 1345 Sedi
1408 1313 1604 1356 Apostolicae
1623 1315 1868 1357 reservatorum)

1124 1366 1280 1399 absolutio
1305 1367 1542 1406 committatur,
1571 1378 1642 1399 cum
1667 1367 1725 1410 ipsi
1752 1367 1871 1400 confes-

1125 1420 1197 1452 sarii
1216 1419 1245 1452 id
1263 1420 1477 1453 necessarium
1504 1419 1721 1461 iudicaverint,
1738 1425 1768 1453 et
1790 1421 1871 1464 ipso-

1125 1485 1195 1507 rum
1221 1474 1485 1507 confessariorum
1504 1473 1632 1506 nomina
1645 1473 1653 1489 ¹
1673 1473 1703 1506 in
1728 1474 1797 1507 loco
1817 1484 1870 1518 pa-

1126 1527 1199 1560 tenti
1218 1527 1448 1570 appendantur.

1168 1581 1300 1613 Caveant
1314 1580 1482 1623 diligenter
1505 1586 1565 1613 tam
1581 1580 1762 1624 superiores
1776 1591 1869 1624 quam

1125 1633 1319 1673 confessarii,
1344 1644 1383 1666 ne
1408 1636 1444 1666 ea
1471 1634 1589 1673 notitia,
1616 1644 1710 1677 quam
1736 1633 1774 1667 dc
1798 1633 1871 1667 alio·

1124 1697 1196 1719 rum
1220 1686 1356 1730 peccatis
1388 1687 1419 1719 in
1451 1687 1648 1720 confessione
1679 1687 1870 1725 habuerint,

1125 1740 1163 1773 ad
1188 1741 1377 1773 exteriorem
1401 1740 1663 1783 gubernationem
1689 1746 1826 1774 utantur.

1170 1794 1215 1827 Ad
1233 1794 1423 1827 secularium
1444 1794 1656 1827 confessiones
1673 1799 1808 1838 exponat
1825 1804 1872 1827 sn-

1126 1847 1232 1892 perior
1257 1847 1460 1892 presbyteros
1484 1852 1583 1880 aetate
1602 1852 1631 1880 et
1648 1847 1791 1880 moribus
1811 1858 1872 1880 ma-

1127 1905 1227 1941 turos,
1253 1901 1291 1933 ab
1316 1901 1582 1934 examinatorilms
1608 1901 1692 1934 iuxta
1717 1901 1870 1934 constitu-

1127 1955 1243 1987 tionem
1277 1954 1444 1988 Clementis
1472 1954 1536 1986 t'ltl
1565 1954 1610 1986 De
1643 1955 1872 1998 reformatione

1126 2008 1333 2051 reyularz'um
1366 2007 1397 2040 in
1423 2007 1561 2050 capitulo
1594 2007 1734 2049 generali
1766 2008 1872 2040 electis

1127 2061 1342 2102 examinatos,
1368 2066 1397 2093 et
1422 2061 1460 2093 ab
1486 2052 1643 2104 episcop}
1668 2061 1870 2104 approbatos,

1127 2124 1190 2147 non
1214 2114 1314 2146 alitein

1171 2167 1335 2209 Quoniam,
1354 2167 1528 2200 secundum
1551 2178 1677 2200 sacrum
1697 2167 1870 2201 Concilium

1128 2221 1355 2262 Tridentimim,
1383 2232 1457 2255 sess.
1484 2232 1526 2261 lv,
1552 2232 1618 2265 cap.
1650 2221 1872 2264 v11,etdecre-

1129 2281 1194 2308 tum
1204 2275 1302 2308 felicis
1313 2275 1540 2308 recordationis
1551 2275 1717 2308 Clementis
1729 2275 1804 2315 Vlll,
1813 2275 1871 2308 sibi

1111 2332 1261 2373 possunt
1288 2328 1470 2372 superiores
1499 2328 1620 2372 aliquos
1645 2339 1734 2361 casus
1763 2338 1873 2361 reser-

1131 2394 1211 2425 vare,
1231 2387 1359 2416 caveant
1375 2393 1413 2416 ne
1431 2383 1491 2415 hoc
1512 2387 1639 2416 utantur
1655 2382 1821 2426 privilegio
1843 2382 1873 2414 in

1130 2436 1387 2477 destructionem,
1412 2436 1466 2468 sed
1491 2436 1522 2468 in
1545 2436 1812 2476 aedificationem;
1831 2446 1874 2468 se-

1112 2533 1115 2535 Α
1130 2495 1262 2534 quentes
1286 2495 1391 2522 tamen
1408 2499 1497 2522 casus
1518 2489 1735 2533 superioribus
1752 2489 1784 2522 in
1800 2499 1875 2534 per-

1131 2550 1261 2588 petuum
1287 2549 1464 2577 reservatos
1489 2543 1698 2584 decernimus,
1719 2543 1872 2577 videlieet:

1171 2609 1179 2634 t
1198 2606 1267 2635 Edit.
1286 2607 1369 2636 Malu.
1386 2607 1451 2643 legit
1470 2607 1589 2636 nomine
1604 2608 1642 2642 (n.
1657 2609 1705 2642 τ.).

1763 187 1828 223 395
1874 197 1923 225 An.
1945 197 1973 225 c.
1991 197 2057 225 1634

1907 684 1936 705 De
1951 684 2064 705 consessio-

1880 711 1941 740 nibus
1952 713 1973 732 ot
1983 710 2063 732 coufes-

1880 744 1951 758 sarus.

1929 2177 1957 2198 De
1984 2182 2071 2206 casuum

1888 2206 2039 2224 reservatione
