2248 3229
84 232 130 260 An.
149 232 176 259 C.
199 232 265 260 1634

121 828 199 849 Tamen
215 829 264 854 quia

81 861 151 876 omnes
163 862 202 875 non
213 856 264 875 olic-

80 882 161 902 dierunt
169 882 264 902 Concilio

81 908 204 929 Tridentino
244 912 263 928 et

79 935 263 956 constitutionibus

79 962 201 987 apostolicis
217 967 264 982 con·

79 991 111 1008 tra
126 988 182 1014 ipsos
194 989 264 1011 editi«,

79 1020 105 1035 ea
121 1015 223 1041 approbat
243 1018 262 1035 et

77 1042 263 1065 confirmat,acu‹l—

80 1074 151 1088 vei-sus
165 1072 263 1095 praeton-

79 1100 123 1115 suui
144 1101 184 1116 non
204 1101 262 1115 usum

78 1121 163 1142 innovat
174 1124 194 1142 et
205 1123 264 1142 rosti-

79 1148 125 1168 tuit.

117 2058 145 2077 Ac
161 2058 263 2083 praecipu

80 2083 167 2108 singulis
183 2084 264 2110 episco-

95 2110 112 2130 is
127 2111 190 2130 etiam
205 2110 226 2131 S⁴
239 2110 262 2130 R,

101 2153 104 2156 .
121 2137 265 2157 cardinalibus

81 2163 119 2183 sub
138 2164 265 2188 gravissimis

82 2190 154 2215 poenis
165 2206 169 2213 ,
193 2193 214 2209 ut
243 2196 265 2210 se

81 2216 191 2236 (euaserant
211 2217 265 2236 insi-a

81 2245 162 2268 tenipus
172 2243 205 2263 hic
215 2243 265 2263 assi-

81 2272 165 2294 gnatum
185 2269 212 2289 ad
234 2275 265 2290 re-

81 2295 198 2316 sidentiani.

889 234 1030 258 rnnANus

281 279 357 312 ciale
381 284 535 321 nostrum,
560 280 607 313 vel
634 280 765 314 Romani
786 281 947 316 pontilicis
963 293 1021 326 pro

279 338 420 377 tempore
446 333 622 375 existentis,
647 334 705 367 sibi
729 346 913 369 concessae:
940 335 1022 369 idco-

279 397 338 431 que
356 386 481 421 eosdem
503 387 676 421 cardinales
696 389 876 422 monuimus
890 399 948 433 pro
962 390 1021 434 pri-

280 442 330 472 ma
356 441 442 483 vice,
476 448 507 475 ut
541 442 579 474 ad
612 442 812 475 residentiam
838 443 1018 477 huiusmodi

280 496 382 528 statim
408 507 440 528 se
465 497 654 537 conferrent,
680 497 736 529 sub
761 498 938 531 amissionis
956 498 1019 529 fru-

279 553 385 581 ctuum
411 560 448 582 eo
472 550 539 593 ipso
565 550 754 582 incurrenda
779 556 807 583 et
835 551 902 583 aliis
928 560 1020 583 cano-

279 603 357 635 nicis
379 603 498 646 poenis,
524 604 628 635 animo
654 604 747 636 etiam
773 604 963 647 procedendi
983 603 1019 635 ad

279 656 441 696 ulteriora,
467 657 490 688 si
514 667 576 689 non
602 657 790 701 paruissent,
815 664 845 690 ct
870 662 963 702 prout
990 657 1019 688 in

279 709 406 742 decreto
430 715 540 743 nostro
573 710 781 743 consistoriali
816 712 937 755 plenius
964 711 1019 742 ha-

278 762 400 795 betur¹.

324 816 338 859 g
362 816 391 849 6.
417 817 494 856 Ouia
520 828 593 851 vero
614 818 652 851 ab
679 818 748 851 inde
769 819 846 851 citra
872 828 934 851 non
954 828 1021 849 om-

279 879 344 907 nes,
363 874 455 913 prout
473 871 668 913 tenebantur,
686 876 868 915 paruerunt,
890 870 943 903 sed
965 870 1020 902 ali-

279 923 332 966 qui
358 923 460 957 adhuc
489 931 689 959 contumaces
713 926 864 964 existunt,
891 935 962 965 nos⁷
989 930 1018 956 ut

279 977 410 1010 omnino
434 978 572 1012 debitum
599 990 690 1013 suum
711 984 892 1022 agnoscant,
910 983 940 1010 et
960 977 1020 1010 ani-

279 1031 390 1064 mabus
414 1032 578 1071 subiectis,
604 1038 755 1077 quantum
780 1032 871 1066 nobis
896 1043 933 1065 ex
958 1032 1020 1064 alto

279 1085 470 1125 conceditur,
492 1086 591 1129 magis
609 1086 788 1120 consultum
813 1086 862 1125 sit,
887 1085 1019 1117 ulterius

277 1138 444 1181 providere
469 1140 618 1180 volentes,
635 1139 762 1173 Concilii
780 1139 953 1171 Tridentini
971 1138 1020 1170 de-

277 1192 371 1225 cretis
407 1198 437 1225 et
472 1193 584 1226 litteris
621 1193 820 1237 apostoliciS,
858 1193 1019 1237 metuique

277 1246 408 1290 proprio
425 1257 460 1279 ac
478 1247 748 1281 consistorialibus
774 1247 908 1279 decretis
932 1256 1019 1290 prae-

276 1300 345 1333 fatis
370 1300 581 1343 inhaerentes,
606 1302 797 1345 illorumque
821 1306 958 1341 tenores,
984 1311 1018 1333 ac

277 1354 301 1387 si
327 1355 364 1387 de
390 1355 487 1389 verbo
505 1356 543 1388 ad
561 1355 693 1388 verbum
719 1356 944 1397 insererentur,
960 1365 1018 1398 pro

276 1408 367 1451 plene
393 1409 518 1442 insertis
533 1415 562 1441 et
580 1409 737 1453 expressis
754 1408 914 1446 habentos,
933 1414 1017 1441 motu

278 1460 372 1493 simili
399 1467 426 1494 et
454 1472 489 1494 ex
516 1464 601 1495 certa
627 1462 756 1495 scientia
774 1472 808 1494 ac
826 1462 949 1495 matura
970 1460 1019 1493 de-

277 1513 462 1548 liberatione
476 1516 601 1555 nostris,
615 1516 716 1559 deque
730 1515 919 1559 apostolicae
935 1519 1019 1558 pote-

278 1569 364 1602 statis
379 1569 582 1612 plenitudine,
593 1570 732 1614 praefata
747 1569 871 1602 concilii
882 1568 1018 1609 decreta,

278 1621 460 1666 litterasque
484 1623 691 1666 apostolicas,
725 1633 759 1655 ac
792 1622 1017 1666 primodictum

278 1676 578 1720 motumproprium,
591 1676 780 1719 decretaque
790 1675 1018 1709 consistorialia

278 1729 424 1773 praefata,
450 1735 479 1762 et
504 1730 534 1762 in
556 1730 600 1762 eis
624 1734 769 1762 contenta
790 1739 1018 1773 quaecumque,

278 1783 335 1815 hac
360 1784 468 1816 nostra
493 1783 715 1816 constitutione
738 1784 891 1826 perpetua
908 1781 1019 1815 confir-

278 1846 401 1868 mamus
419 1840 448 1869 et
467 1836 691 1880 approbamus,
710 1842 749 1876 et,
768 1840 921 1879 quatenus
939 1835 1017 1868 foret

278 1900 367 1933 opus,
393 1889 542 1922 adversus
567 1899 799 1933 quemcumque
819 1893 1019 1933 praetensum

278 1953 340 1976 non
366 1953 456 1975 usum
482 1943 528 1975 vel
555 1944 748 1976 contrarium
772 1953 863 1976 usum
890 1943 1020 1976 innova-

279 2007 349 2029 mus
374 2002 403 2029 et
429 1996 609 2040 plenissime
635 1997 838 2030 restituimus.

324 2051 338 2094 ἓ
364 2050 392 2083 7.
419 2051 612 2094 lnsuperque
638 2061 745 2083 omnes
763 2056 791 2082 et
810 2050 950 2093 singulos
976 2060 1022 2082 ec-

280 2103 383 2136 clesiis
407 2103 679 2147 patriarchalibus,
699 2103 941 2147 primatialibus,
960 2114 1021 2135 me-

281 2156 489 2200 tropolitanis,
515 2157 835 2201 archiepiscopalibus
857 2162 885 2189 ct
906 2157 1022 2200 episco-

280 2210 404 2253 palibus
439 2221 639 2254 quocumque
676 2211 803 2243 nomine
841 2221 894 2243 seu
931 2210 1021 2243 titulo

281 2264 473 2308 praefectos,
498 2265 591 2297 etiam
613 2265 641 2297 S,
667 2265 701 2297 R.
728 2265 760 2297 E.
787 2264 981 2303 cardinales,
1005 2274 1021 2296 a

280 2318 427 2361 praefatis
441 2318 504 2351 suis
522 2318 661 2351 ecclesiis
686 2318 840 2358 absentes,
859 2317 889 2350 in
907 2319 1020 2350 virtute

281 2377 406 2405 sanctae
430 2371 627 2405 obedientiae
652 2373 701 2416 (ac
726 2372 784 2405 sub
804 2371 960 2404 interdicti
980 2372 1021 2404 in-

281 2435 409 2467 gressus
433 2425 592 2466 eeclesiae,
616 2425 857 2469 amissionisque
877 2430 940 2457 tam
961 2425 1022 2457 sru-

281 2484 388 2512 ctuum
414 2478 597 2512 earumdem
623 2479 826 2512 ecclesiarum
855 2489 912 2522 pro
941 2484 1021 2511 tem-

280 2543 370 2576 pore,
387 2543 449 2576 quo
467 2532 605 2565 absentia
623 2532 793 2573 duraverit,
818 2542 911 2575 quam
930 2532 1022 2564 facul-

281 2591 379 2618 tatum
404 2586 535 2619 testandi
550 2592 579 2618 et
593 2585 778 2629 disponendi
796 2585 833 2617 de
847 2585 938 2617 bonis
959 2585 1022 2618 suis

320 2651 329 2676 1
349 2649 422 2675 Istud
440 2656 546 2684 quoque
563 2647 734 2675 desideratur
748 2649 785 2682 (a.
802 2655 851 2681 r„

1055 234 1111 258 viu
1135 234 1183 258 rr.
1702 223 1765 255 459

1055 294 1071 314 a
1096 282 1175 316 Sede
1200 281 1377 326 Apostolica
1395 281 1452 315 sibi
1471 281 1546 315 alias
1563 290 1795 320 concessarum,

1055 347 1092 368 co
1118 336 1185 380 ipso
1211 336 1326 381 absque
1360 336 1418 369 alia
1453 335 1663 369 declaratione
1689 335 1794 367 incur-

1055 390 1170 430 rendis,
1195 400 1317 424 necnon
1342 390 1527 435 privationis
1552 400 1568 422 a
1595 389 1748 432 regimine
1767 394 1795 420 et

1055 443 1324 477 administratione
1350 454 1477 477 suarum
1507 443 1711 476 ecclesiarum
1737 442 1795 474 hu-

1055 497 1200 538 iusmodi,
1220 497 1350 541 aliisque
1364 497 1483 541 poenis,
1498 502 1606 531 nostro
1624 501 1651 528 et
1664 496 1795 529 Romani

1055 549 1214 582 Pontificis
1240 561 1297 593 pro
1323 555 1463 594 tempore
1481 550 1640 584 existentis
1665 549 1796 582 arbitrio

1056 602 1255 646 infligendis),
1281 604 1420 637 districte
1444 604 1666 648 praecipiendo
1692 613 1795 636 mone-

1055 667 1134 696 mus,
1153 652 1184 688 ut
1201 657 1345 690 omnihus
1371 657 1561 700 postpositis,
1574 656 1796 700 quantocitius,

1055 711 1085 742 in
1112 710 1249 743 Romana
1283 712 1370 743 curia
1403 711 1545 744 videlicet
1578 721 1699 743 moram
1733 716 1796 742 tra-

1055 763 1180 800 hentes,
1207 765 1287 796 intra
1314 775 1432 803 unum,
1458 770 1544 797 extra
1570 775 1640 796 cum
1666 773 1740 796 vero
1767 764 1796 795 in

1056 816 1141 849 ltalia
1167 817 1245 850 intra
1272 817 1360 858 duos,
1386 823 1473 850 extra
1498 827 1572 850 vcro
1598 817 1717 849 ltaliam
1736 817 1796 848 exi-

1055 875 1178 909 stentes,
1205 871 1284 903 intra
1310 877 1444 914 quatuor
1470 881 1602 911 menses,
1629 881 1645 902 a
1670 870 1719 902 die
1744 881 1797 913 pu—

1055 924 1230 958 blicationis
1255 925 1467 967 praesentium
1490 925 1519 956 in
1538 925 1614 957 locis
1636 924 1795 956 infrascri-

1055 978 1114 1021 ptis
1148 977 1307 1011 faciendae
1341 978 1593 1021 computandos,
1626 987 1704 1020 quos
1738 987 1796 1020 pro

1055 1031 1154 1064 tribus
1179 1031 1338 1065 canonicis
1363 1031 1590 1064 monitionibus
1618 1036 1796 1073 perempto-

1054 1085 1169 1129 riisque
1195 1085 1396 1118 dilationibus
1413 1091 1443 1118 et
1464 1085 1606 1118 terminis
1624 1085 1794 1128 respective

1053 1139 1098 1172 eis
1122 1139 1318 1182 assignamus
1348 1144 1377 1170 et
1410 1139 1584 1181 assignatos
1609 1148 1676 1170 esse
1701 1137 1796 1170 volu,—

1054 1203 1138 1234 mus,
1165 1202 1196 1224 se
1221 1192 1324 1225 itineri
1350 1191 1567 1231 committere,
1594 1196 1623 1223 et
1647 1190 1795 1233 legitimis

1054 1245 1218 1278 itineribus
1243 1245 1281 1277 ad
1305 1245 1454 1277 ecclesias
1475 1255 1529 1277 seu
1546 1244 1705 1276 dioeceses
1723 1253 1794 1275 suas

1053 1299 1234 1343 proficisci,
1267 1305 1295 1331 et
1328 1310 1360 1331 se
1396 1298 1603 1342 personaliter
1628 1297 1792 1338 conferre,

1052 1364 1087 1385 ac
1113 1352 1239 1393 ibidem,
1254 1360 1288 1385 ut.
1306 1358 1461 1392 tenentur,
1487 1351 1625 1384 residere
1650 1351 1793 1384 debeant.

1097 1408 1110 1450 ξ
1136 1406 1163 1438 8.
1191 1406 1378 1450 Eisdemque
1410 1406 1596 1450 praesectis,
1627 1410 1794 1449 postquam

1053 1460 1262 1504 personaliter
1273 1459 1310 1492 ad
1325 1459 1526 1492 residendum
1545 1469 1577 1491 se
1595 1458 1795 1497 contulerint,

1052 1524 1174 1547 necnon
1208 1513 1461 1557 quibuscumque
1487 1513 1576 1553 aliis,
1609 1511 1692 1556 apud
1725 1522 1795 1544 suas

1052 1568 1200 1600 ecclesias
1225 1567 1488 1610 quandocumque
1513 1565 1721 1609 personaliter
1746 1575 1796 1597 re-

1053 1621 1245 1660 sidentibus,
1279 1621 1337 1653 sub
1365 1620 1481 1653 eisdem
1507 1619 1616 1663 poenis
1641 1619 1735 1651 etiam
1760 1629 1797 1651 eo

1054 1675 1120 1719 ipso
1145 1675 1320 1719 respective
1346 1673 1560 1713 incurrendis,
1586 1673 1795 1714 iniungimus,

1053 1738 1090 1761 ne
1102 1728 1140 1760 ab
1158 1738 1269 1761 eorum
1290 1727 1430 1760 ecclesiis
1444 1725 1615 1765 discedant,
1634 1725 1692 1758 nisi
1707 1725 1796 1769 prius

1053 1781 1179 1815 obtenta
1204 1782 1311 1814 nostra
1337 1786 1365 1813 et
1393 1780 1524 1813 Romani
1550 1778 1710 1811 Pontificis
1737 1789 1795 1821 pro

1054 1842 1196 1880 tempore
1222 1834 1382 1867 existentis
1408 1844 1464 1877 per
1485 1833 1581 1866 Breve
1603 1842 1656 1864 seu
1675 1832 1794 1864 litteras

1055 1889 1196 1922 missivas
1220 1888 1357 1922 licentia.

1099 1944 1113 1986 ξ
1137 1944 1165 1976 9.
1193 1942 1265 1975 lllos
1290 1942 1402 1982 etiam,
1430 1942 1483 1985 qui
1509 1941 1716 1985 imposterum
1741 1950 1796 1983 per
1813 1981 1838 1993 ΑΗ

1055 2007 1112 2029 uos
1137 2006 1191 2028 seu
1216 1996 1375 2029 Romanos
1400 1994 1567 2027 Pontifices
1599 2003 1797 2026 successores

1055 2055 1180 2082 nostros
1215 2049 1308 2081 alicui
1344 2049 1555 2092 praefatarum
1592 2047 1795 2080 ecclesiarum

1055 2103 1326 2147 patriarchalium,
1351 2102 1591 2146 primatialium,
1618 2101 1797 2145 metropoli-

1056 2162 1211 2197 tanarum,
1236 2156 1555 2200 archiepiscopalium
1581 2161 1610 2188 et
1631 2155 1795 2199 episcopa-

1057 2211 1132 2243 lium
1157 2209 1267 2254 quovis
1292 2208 1418 2242 nomine
1454 2196 1501 2241 rel
1532 2209 1622 2243 titulo
1648 2207 1795 2251 praefecti

1055 2264 1180 2303 suerint,
1206 2263 1298 2295 etiam
1324 2263 1347 2295 si
1366 2263 1394 2295 S.
1410 2263 1443 2294 R.
1462 2262 1494 2294 E.
1517 2262 1690 2295 cardinales
1704 2271 1798 2304 quan-

1055 2316 1232 2360 documque
1258 2316 1372 2349 fuerint
1403 2316 1451 2348 vel
1483 2316 1571 2356 sint¹,
1596 2315 1654 2348 sub
1679 2314 1795 2347 eisdem

1055 2371 1183 2415 poenis,
1209 2371 1301 2403 etiam
1327 2380 1364 2402 eo
1390 2371 1457 2413 ipso
1486 2370 1659 2413 respective
1686 2370 1792 2401 ineur-

1055 2425 1172 2463 rendis,
1197 2424 1340 2463 debeant,
1366 2429 1396 2455 ct
1420 2424 1553 2466 quilibet
1577 2423 1719 2467 ipsorum
1744 2423 1797 2455 de-

1056 2479 1135 2517 beat,
1154 2478 1232 2510 infra
1246 2478 1421 2521 praefatum
1436 2483 1567 2521 tempus,
1586 2488 1602 2509 a
1619 2477 1669 2509 die
1686 2487 1795 2510 eorum

1056 2532 1265 2576 promotionis
1283 2530 1320 2563 ad
1334 2531 1470 2573 aliquam
1491 2530 1695 2563 ecclesiarum
1710 2540 1798 2574 prae-

1056 2586 1188 2619 fatarum
1215 2584 1438 2625 inchoandum,
1453 2583 1538 2627 quod
1555 2584 1599 2616 cis
1620 2594 1677 2627 pro
1695 2583 1797 2616 tribus

1090 2649 1100 2674 1
1123 2647 1186 2674 lleic
1203 2646 1325 2674 addenda
1341 2646 1445 2673 videtur
1461 2647 1555 2681 partic.
1576 2649 1604 2674 ιιῙ
1620 2646 1656 2681 (n.
1669 2647 1716 2682 r),

1814 233 1859 258 Au.
1874 234 1901 257 (ἶ,
1928 234 1990 260 insti

1838 1416 1847 1433 t
1863 1419 1902 1439 qua
1915 1420 1953 1433 uun
1966 1415 1994 1433 tit-

1811 1442 1904 1461 scellam.
1916 1447 1954 1460 ηκι
1970 1442 1994 1458 ὼε

1810 1467 1896 1487 havium
1934 1468 1995 1487 Seth,

1812 1494 1946 1520 Apostolicae

1839 1946 1894 1966 Licin
1910 1952 1995 1967 *cr—an-

1814 2007 1856 2020 tejltt
1868 2007 1884 2019 l*
1899 2008 1908 2017 ι·

1812 2027 1914 2046 *tm-tamt.
