2226 3235
115 222 165 249 An.
182 220 210 249 C.
232 220 300 249 1630

0 453 3 547 l

149 1133 304 1155 Contrariorum

122 1160 240 1186 abrogatis».

174 2254 236 2275 Fides
258 2257 313 2275 tran-

129 2285 264 2308 sumptorum.

924 220 1066 245 URBANUS
1086 220 1142 244 vm
1162 220 1210 244 Pr.

316 268 458 319 requisiti
482 268 612 311 suerint,
637 269 820 303 solemniter
845 269 1055 314 publicantes,

316 322 422 366 eisque
447 322 478 355 in
502 322 682 366 praemissis
705 323 840 357 efficacis
868 322 1056 357 defensionis

316 376 472 421 praesidio
487 377 666 411 assistentes
680 377 793 411 saciant
807 377 991 411 auctoritate
1005 386 1057 410 no-

315 431 380 463 stra
407 429 476 464 illos
502 430 749 473 praemissorum
774 430 941 464 commodo
967 434 997 463 et
1018 429 1058 463 es-

317 485 398 517 fectu
422 483 554 528 pacifice
578 483 638 517 frui
664 488 694 518 et
717 484 870 527 gaudere,
896 494 958 518 non
984 493 1056 527 per-

319 537 475 570 mittentes
490 537 559 570 illos
576 537 711 581 desuper
730 547 747 571 a
764 548 934 581 quoquam,
948 535 1057 581 quavis

318 591 511 631 auctoritate,
536 590 774 634 quomodolibet
798 590 934 624 indebite
960 589 1057 623 mole-

318 644 408 683 siai-n
434 644 680 678 contradictores
705 644 861 687 quoslibet
878 647 907 677 et
923 642 1057 676 rebelles

318 708 374 741 per
394 708 542 731 censuras
559 703 587 731 et
602 707 718 741 poenas
735 696 969 736 ecclesiasticas,
987 695 1058 728 alia-

317 761 378 794 que
402 757 581 794 opportuna
603 751 679 784 iuris
697 756 724 783 et
745 751 814 784 faeti
841 748 990 789 remedia,
1008 758 1057 792 ap-

278 838 281 840 ,
319 804 483 847 pellatione
509 805 692 848 postposita,
714 802 943 847 compescendo
960 801 1058 844 legiti-

320 857 439 901 misque
465 868 559 901 super
584 857 632 890 his
657 856 808 891 habendis
830 855 959 889 servatis
984 865 1056 898 pro-

319 911 468 953 cessibus,
490 921 637 945 censuras
661 914 691 945 et
715 920 832 954 poenas
857 909 940 953 ipsas
963 908 1057 942 etiam

321 965 439 998 iteratis
452 965 572 998 vicibus
586 963 796 1007 aggravando,
809 963 953 996 invocato
965 961 1057 995 etiam

320 1018 358 1052 :id
382 1019 452 1059 hoe,
470 1019 493 1051 si
511 1028 592 1062 opus
617 1017 720 1055 suerit,
742 1017 859 1050 auxilio
877 1015 998 1049 brachii
1015 1025 1059 1049 se-

321 1072 444 1105 cularis
1036 1111 1039 1115 ,

365 1126 379 1169 ἓ
393 1125 420 1158 7.
435 1126 503 1159 Non
520 1124 716 1158 obstantibus
734 1124 803 1168 piae
819 1123 991 1157 memoriae
1005 1123 1059 1156 Bo-

321 1179 422 1211 nisaeii
441 1178 541 1222 Papae
556 1178 619 1211 t'llt
635 1177 886 1221 praedecessoris
906 1176 1004 1210 nostri
1022 1175 1060 1208 de

321 1233 382 1264 una
396 1237 424 1265 et
446 1232 476 1264 in
490 1231 622 1265 concilio
636 1231 774 1274 generali
792 1230 874 1265 edita
888 1230 926 1264 de
939 1229 1060 1263 duabus

320 1286 420 1325 dietis,
438 1285 610 1318 dummodo
632 1285 713 1318 ultra
739 1291 801 1318 tres
826 1285 923 1318 dietas
948 1283 1061 1327 aliquis

321 1339 504 1373 auctoritate
530 1338 743 1382 praesentium
769 1338 806 1370 ad
828 1337 976 1370 iudicium
998 1346 1061 1370 non

323 1393 474 1433 trabatur,
488 1403 523 1425 ac
539 1397 623 1425 motu
643 1391 775 1435 proprio
800 1390 992 1432 huiusmodi,
1007 1400 1061 1422 seu

323 1446 483 1490 praedicta
500 1446 544 1478 Pii
566 1445 828 1489 praedecessoris,
842 1444 974 1487 aliisque
991 1453 1063 1476 con-

322 1500 534 1534 stitutionibus
551 1505 579 1532 et
597 1499 846 1533 ordinationibus
870 1497 1061 1541 apostolicis,

323 1554 454 1597 aliisque
473 1554 503 1586 in
520 1553 713 1586 contrarium
739 1551 975 1597 quomodolibet
992 1560 1063 1584 con-

323 1607 437 1648 cessis,
463 1607 655 1641 confirmatis
687 1611 716 1640 et
748 1606 915 1645 innovatis3
949 1605 1062 1648 quibus

324 1660 480 1700 omnihus,
505 1660 626 1693 etiamsi
644 1660 682 1693 de
699 1660 769 1701 illis,
791 1669 964 1703 eorumque
980 1664 1063 1692 teno-

326 1714 412 1747 ribus
437 1713 602 1758 specialis,
631 1713 778 1758 speeitiea
803 1718 833 1746 et
857 1723 1003 1757 expressa
1027 1723 1062 1745 ae

327 1767 494 1807 individua,
519 1777 580 1801 non
602 1771 705 1801 autem
725 1777 783 1811 per
800 1767 957 1800 clausulas
973 1776 1064 1809 gene-

327 1821 406 1854 rales
424 1821 506 1854 iden]
528 1821 741 1864 importantes,
764 1821 881 1854 mentio
901 1831 955 1854 seu
973 1830 1064 1864 quae-

326 1875 370 1907 vis
394 1875 452 1908 alia
477 1875 638 1919 expressio
663 1875 805 1908 habenda
824 1875 912 1917 soret,
935 1875 1062 1908 illorum

325 1928 465 1962 omnium
490 1934 521 1962 et
545 1928 742 1971 singulorum
770 1934 893 1962 tenores
916 1938 1064 1972 praesen-

325 1982 408 2016 tibus
432 1993 489 2026 pro
513 1982 605 2026 plene
630 1987 660 2014 et
684 1982 875 2015 sufficienter
908 1982 1064 2025 expressis

326 2036 489 2077 habentes,
514 2036 663 2069 latissime
689 2036 746 2069 liae
765 2037 840 2077 vice,
859 2035 898 2068 ad
918 2035 1063 2069 effectum

325 2090 573 2135 praemissorum
603 2095 733 2131 tantum,
759 2094 856 2131 motu,
882 2090 1012 2124 scientia
1037 2093 1066 2123 et

326 2144 487 2187 potestatis
517 2143 711 2187 plenitudine
740 2143 894 2176 similibus
925 2143 1062 2186 deroga—

329 2208 413 2237 1nus3
431 2197 606 2243 ceterisque
622 2197 788 2231 contrariis
801 2197 1064 2241 quibuscumque.

372 2251 386 2294 ξ
412 2250 439 2283 7.
460 2251 608 2284 Volumus
625 2255 740 2291 autem,
753 2250 837 2294 quod
853 2251 1065 2296 praesentium

330 2304 542 2348 transumptis,
561 2304 653 2337 etiam
671 2304 843 2348 impressis,
864 2315 958 2338 manu
974 2305 1068 2338 alieu-

330 2358 376 2391 ius
401 2357 514 2391 notarii
538 2357 656 2401 publici
680 2358 884 2401 subscriptis,
909 2363 939 2391 et
963 2357 1066 2401 sigillo

329 2411 459 2444 alicuius
478 2420 632 2454 personae
642 2410 673 2443 in
685 2410 835 2454 dignitate
855 2410 1066 2445 ecclesiastice

329 2464 515 2498 constitutae
541 2463 679 2505 munitis,
701 2463 808 2497 eadem
835 2475 966 2508 prorsus
989 2465 1067 2499 fides

330 2517 445 2561 ubique
470 2517 664 2559 adhibeatur,
687 2528 767 2561 quae
794 2518 869 2562 ipsis
889 2519 1063 2562 praesenti--

331 2572 388 2605 bus
412 2571 636 2613 adhiberetur,
663 2571 689 2604 si
714 2572 815 2605 forent
839 2571 994 2606 exhibitae
1020 2572 1067 2607 vel

331 2630 481 2659 ostensae.

1732 208 1794 241 457
1844 218 1891 245 An.
1914 218 1941 244 e.
1962 219 2027 245 1030

1135 269 1246 301 Datum
1267 268 1395 307 Romae,
1420 266 1501 311 apud
1527 267 1555 300 S.
1582 266 1709 300 Mariam
1735 267 1828 298 Maio-

1090 331 1169 362 rem,
1187 321 1245 354 sub
1258 321 1373 354 annulo
1387 319 1563 361 Piscatoris‚
1578 319 1627 352 die
1641 329 1694 353 xix
1705 320 1829 362 augusti

1090 384 1228 415 mcxxxi,
1253 374 1453 418 pontificatus
1476 373 1576 407 nostri
1594 383 1675 406 anno
1692 382 1757 406 vm,

1127 436 1184 463 Dat.
1204 436 1246 463 die
1263 436 1294 463 19
1309 437 1416 472 augusti
1434 437 1511 470 1630,
1534 435 1627 472 pontis.
1645 443 1714 462 anno
1731 441 1785 461 vm.

1368 552 1562 586 (ICCLXXIY.

1093 622 1321 667 Indulyentiae
1342 634 1378 656 ac
1396 623 1572 667 privileyi'a
1592 624 1698 656 omnia
1719 634 1831 657 mona-

1134 676 1202 710 chis
1218 676 1352 711 Ordinis
1366 676 1396 710 S.
1412 677 1534 710 Basilii
1555 678 1744 710 monasterii
1757 688 1832 710 san<

1136 734 1202 764 ctae
1217 730 1416 765 Gallam-inae
1430 731 1549 764 montis
1560 731 1656 765 Sinai
1673 742 1691 764 α
1704 732 1832 774 praede-

1136 783 1309 817 cessoribus
1329 783 1540 826 Pontificibus
1557 794 1701 818 concessa
1723 785 1832 826 confir>

1136 838 1299 872 mantio-⁴.

1304 910 1441 937 Urbanus
1454 910 1531 944 Papa
1543 911 1620 945 VIII,

1235 956 1269 981 ad
1291 955 1423 982 futuram
1443 955 1487 983 rei
1508 956 1686 983 memoriam.

1878 1030 2009 1050 Prooemium

1138 1017 1296 1050 Romanus
1311 1016 1460 1059 Pontifex,
1475 1018 1660 1050 universalis
1677 1018 1833 1051 Ecclesiae

1094 1069 1240 1112 regimini
1258 1070 1466 1113 praepositus,
1488 1070 1528 1115 ad
1543 1070 1740 1113 singulorum
1761 1081 1835 1114 quo*

1093 1133 1153 1166 que
1178 1123 1461 1163 monasteriorum,
1486 1124 1672 1167 praesertim
1703 1125 1741 1157 ab
1778 1125 1834 1157 hac·

1094 1178 1202 1209 saneta
1216 1176 1294 1210 Sede
1308 1177 1400 1219 longe
1419 1182 1626 1215 remotorum,
1643 1182 1758 1210 statum
1774 1188 1834 1210 rest

1094 1229 1231 1272 piciens,
1258 1230 1375 1263 indulta
1401 1235 1430 1264 et
1454 1231 1590 1272 gratias,
1618 1231 1677 1263 illis
1701 1241 1831 1264 eorumv<

1095 1293 1154 1325 que
1180 1283 1338 1326 personis,
1365 1295 1400 1316 ac
1426 1284 1500 1316 alias
1524 1284 1561 1316 ad
1594 1295 1629 1317 ea
1654 1291 1684 1317 et
1708 1285 1833 1317 illorum

1095 1336 1242 1369 eeclesias
1267 1337 1508 1379 confluentibus,
1534 1348 1588 1370 seu
1609 1338 1683 1370 alias
1709 1338 1833 1371 illorum

1095 1389 1209 1423 intuitu
1230 1401 1388 1431 concessa,
1408 1390 1551 1431 libenter,
1569 1391 1658 1424 eum²
1675 1402 1691 1423 a
1709 1402 1740 1424 se
1758 1394 1835 1435 peti-

1096 1447 1156 1485 tur,
1176 1444 1366 1486 apostolicae
1391 1444 1638 1477 confirmationis
1664 1446 1836 1478 munimine

1096 1497 1279 1531 corroborat
1296 1524 1303 1537 ,
1328 1501 1360 1531 ut
1385 1496 1495 1530 exinde
1520 1497 1659 1530 tidelium
1686 1498 1783 1541 pietas
1808 1506 1836 1531 et

1096 1550 1220 1583 devotio
1238 1577 1245 1590 ,
1274 1551 1514 1594 animarumque
1543 1551 1626 1584 salus
1657 1552 1774 1585 maiora
1807 1553 1836 1584 in

1097 1603 1171 1645 dies,
1198 1604 1260 1638 Deo
1285 1604 1387 1645 dante,
1413 1604 1574 1648 suscipere
1602 1605 1718 1637 valeant
1742 1606 1837 1638 incre-

1098 1663 1211 1691 menta.

1142 1712 1156 1755 g
1181 1712 1210 1744 1.
1232 1711 1354 1745 Dudum
1373 1712 1527 1756 siquidem
1545 1719 1726 1756 (postquam
1753 1724 1839 1747 1000-
1913 1749 1918 1754 ,
1938 1723 2037 1742 umorem<

1098 1765 1207 1799 lendae
1237 1766 1408 1799 memoriae
1438 1766 1512 1799 Pius
1537 1766 1620 1810 Papa
1645 1767 1679 1799 tt'
1705 1768 1837 1810 praede-
1855 1750 2037 1805 i'tz’iidt-iiiassiuffsi'ri

1099 1830 1205 1853 cessor
1229 1825 1336 1854 noster
1360 1824 1532 1864 acceperat,
1558 1820 1642 1864 quod
1667 1821 1764 1854 felicis
1789 1832 1837 1854 re·
1854 1806 2038 1866 Ϊῖἶὲῗῗὲῖἷιῖῗιζῗέῗῗιῖ

1099 1874 1290 1908 cordationis
1306 1874 1505 1907 Innocentius
1518 1874 1593 1916 VIII,
1608 1885 1643 1907 ex
1658 1875 1752 1907 certis
1767 1879 1837 1909 tunc
1854 1860 1942 1904 llli‘l'.¹.¹..⁴..
1979 1856 2038 1876 ΞΜ

1099 1927 1253 1972 expressis
1278 1928 1396 1969 causis,
1422 1927 1453 1960 in
1479 1928 1669 1961 monasterio
1694 1929 1838 1972 hospitali

1099 1981 1207 2014 beatae
1239 1987 1270 2014 et
1301 1981 1457 2024 gloriosae
1484 1981 1613 2024 virginis
1638 1988 1666 2014 et
1693 1984 1839 2027 martyris

1099 2034 1283 2068 Catharinae
1318 2034 1433 2067 montis
1465 2034 1547 2067 Sinai
1581 2035 1705 2068 Ordinis
1741 2037 1838 2069 saneti

1100 2088 1214 2129 Basilii,
1231 2088 1348 2121 nullius
1373 2088 1536 2129 dioecesis,
1557 2100 1650 2122 unam
1676 2090 1839 2133 utriusqm·

1101 2152 1192 2175 sexus
1205 2141 1456 2175 christifidelium
1472 2144 1759 2176 confraternitatem
1774 2155 1839 2177 ere-

1100 2201 1196 2238 xerat,
1211 2201 1241 2229 et
1266 2196 1417 2236 voluerat,
1435 2196 1517 2240 quod
1536 2207 1644 2229 omnes
1669 2202 1699 2229 et
1724 2197 1837 2240 singuli

1101 2250 1263 2294 utriusque
1288 2260 1379 2283 sexus
1404 2250 1623 2283 christifideles
1652 2251 1734 2284 illius
1759 2262 1835 2284 con—
1855 2256 2039 2303 „wgl'gfsssssssss'flffss

1099 2302 1210 2336 fratres
1235 2313 1293 2346 pro
1327 2308 1467 2346 tempore
1498 2303 1665 2337 existentes
1690 2289 2038 2355 confessa-1¹·1J<,=fr÷⁸3o«,¹r=1-

1100 2357 1183 2390 rium
1209 2357 1356 2391 idoneum
1384 2358 1556 2390 secularem
1589 2358 1635 2390 vel
1661 2358 1839 2400 regularem
1855 2342 1943 2362 'mm
1968 2343 2003 2357 ’Μ’

1101 2410 1217 2453 eligere
1241 2415 1376 2454 possent,
1395 2410 1447 2453 qui
1470 2410 1531 2443 illis
1556 2411 1649 2443 semel
1670 2415 1787 2445 tantum
1809 2411 1839 2444 111

1101 2464 1211 2498 mortis
1240 2464 1371 2498 articulo
1399 2464 1573 2507 plenariam
1599 2464 1739 2497 omnium
1768 2476 1840 2508 pee-

1101 2523 1243 2551 catorum
1268 2527 1418 2557 suorum,
1444 2516 1482 2549 ‹lc
1513 2517 1627 2561 quibus
1658 2518 1782 2551 contriti
1812 2524 1841 2549 et

1140 2591 1149 2616 1
1168 2589 1204 2617 Ex
1220 2588 1327 2623 Regest.
1345 2589 1369 2615 in
1384 2588 1485 2616 Secret.
1502 2588 1578 2616 Brer.

1140 2635 1150 2660 1
1168 2632 1234 2661 Male
1250 2632 1314 2661 edit.
1332 2631 1411 2660 Main.
1428 2632 1491 2667 legit
1506 2641 1570 2660 eum
1589 2633 1624 2668 (a.
1642 2633 1689 2667 T.).
