2248 3229
199 252 247 281 Au.
263 251 291 280 C.
311 252 377 282 1638
424 245 486 280 658

282 2536 396 2559 Βεῐομᾶυο

214 2564 374 2583 contrariorum.

399 304 479 347 regii
504 300 654 347 praedicti
682 306 711 334 et
735 300 786 333 alii
809 300 1010 344 quicumque,
1032 299 1138 332 cuius-

401 367 534 399 cumque
551 353 717 398 qualitatis,
736 357 841 392 status,
863 352 988 395 gradus,
1010 351 1139 394 dignita-

400 409 449 447 tis,
466 406 652 440 conditionis
676 410 703 438 et
730 404 1012 448 praeeminentiae,
1044 403 1136 436 etiam

401 460 527 503 speciali
553 460 626 492 notat
647 458 759 500 dignae
784 457 935 496 existant,
957 455 1138 500 praemissis

401 523 463 545 non
477 511 699 547 consenserint,
710 520 765 542 nce
779 510 818 541 ad
830 520 865 542 ea
878 509 978 542 vocati
989 514 1019 542 et
1032 508 1138 548 auditi,

401 564 676 607 solemnitatcsque
696 569 726 595 ct
746 563 873 606 quaevis
901 563 960 594 alia
988 561 1138 595 servanda

400 623 429 650 et
446 616 645 660 adimplenda
662 615 838 648 nullatenus
863 620 984 647 serrata
1000 619 1030 646 et
1045 613 1140 646 adim-

400 670 490 714 pleta,
513 675 541 701 ct
561 680 681 704 causac,
702 674 833 711 propter
857 678 935 711 quas
959 672 1139 710 praesentes

401 722 584 762 emanarint,
609 721 769 762 adductae,
792 720 979 760 verificatae,
994 730 1048 752 seu
1065 719 1139 752 alias
1156 715 1157 718 ’

401 775 612 816 sufficienter,
637 780 687 806 aut
715 774 809 806 etiam
834 774 866 806 in
890 774 996 817 aliquo
1022 772 1136 805 iustifi-

401 835 485 862 catae
510 838 572 861 non
596 828 721 867 fuci-int,
739 838 773 859 ac
791 837 993 870 quocumque
1009 826 1070 859 alio
1093 836 1141 858 co-

400 884 476 921 lore,
494 885 666 925 praetextu,
692 881 856 914 occasione
874 886 903 913 et
921 882 1025 920 causa,
1046 879 1140 912 etiam

400 937 431 968 in
445 945 578 978 corpore
591 934 667 966 iuris
682 934 804 973 clausis,
818 938 847 965 et
860 933 919 965 alia
932 942 1140 976 quacumque,

400 988 598 1032 quantumvis
629 986 827 1026 rationabili,
860 986 939 1019 iusta
965 990 994 1018 et
1019 985 1142 1030 privile-

400 1042 494 1085 giata,
516 1041 609 1073 etiam
635 1040 688 1072 tali
709 1050 787 1083 quae
813 1039 851 1071 ad
868 1038 1012 1071 effectum
1036 1037 1141 1070 validi-

400 1095 471 1127 tatis
485 1094 733 1138 praemissorum
747 1092 924 1125 necessario
938 1091 1141 1135 exprimenda

400 1148 490 1189 soret,
512 1158 529 1179 a
554 1158 714 1191 quoquam
739 1146 858 1185 notari,
879 1144 1070 1187 impugnari,
1092 1143 1140 1175 in-

401 1201 541 1240 validari,
562 1199 735 1239 retractari,
764 1199 795 1230 in
821 1198 869 1230 ius
891 1198 937 1230 vet
963 1201 1141 1230 controver-

401 1254 478 1287 siam
505 1253 656 1291 serocari,
675 1252 723 1284 161
738 1251 889 1283 adversus
906 1250 958 1282 illa
979 1248 1141 1293 quodlibet

401 1307 497 1348 iuris,
530 1306 601 1339 sacti
626 1306 672 1338 rel
698 1304 817 1348 gratiae
842 1303 1017 1336 remedium
1041 1302 1140 1345 impe-

400 1360 488 1399 trari,
514 1360 561 1392 vel
586 1360 630 1392 sic
654 1358 843 1401 impetrato,
865 1367 901 1389 ac
925 1356 1018 1388 etiam
1043 1360 1141 1394 motu,

402 1412 532 1445 scientia
552 1417 581 1444 et
600 1411 763 1455 potestatis
786 1409 979 1454 plenitudine
1002 1407 1141 1452 paribus,

402 1465 496 1498 etiam
522 1464 790 1503 consistorialiter,
809 1468 861 1495 aut
881 1463 955 1494 alias
972 1460 1143 1505 quomodo-

402 1519 478 1552 libet
497 1528 656 1559 concesso,
675 1517 856 1560 quempiam
882 1516 937 1555 uti,
963 1525 1017 1548 seu
1042 1525 1074 1548 se
1098 1514 1143 1546 iu-

402 1583 476 1605 vare
502 1572 532 1604 in
557 1571 672 1604 iudicio
703 1576 732 1603 et
756 1576 843 1602 extra
867 1569 996 1602 minime
1029 1579 1142 1612 posse;

403 1625 457 1659 sed
482 1626 534 1658 illa
559 1635 682 1668 semper
707 1623 816 1663 valida,
841 1623 933 1655 firma
958 1628 987 1655 et
1007 1622 1143 1655 efficacia

403 1678 536 1711 existere
561 1683 590 1710 et
613 1678 690 1716 sore,
715 1685 850 1719 suosque
874 1676 1013 1718 integros
1034 1680 1063 1707 et
1083 1675 1145 1718 ple-

403 1732 508 1765 narios
529 1731 657 1764 effectus
682 1730 787 1762 sortiri
806 1734 835 1761 61
852 1728 1011 1767 obtinere;
1038 1727 1144 1771 sicque

404 1791 434 1817 et
458 1794 521 1816 0011
547 1784 636 1815 1111161
661 1783 691 1814 in
711 1781 891 1826 praemissis
908 1792 965 1824 per
981 1791 1145 1824 quoscum—

405 1848 465 1881 que
485 1837 603 1870 iudices
625 1836 800 1869 ordinarios
818 1841 847 1867 et
864 1835 1033 1877 delegatos,
1051 1834 1142 1866 etiam

406 1900 572 1923 causarum
610 1889 715 1932 palatii
758 1887 921 1932 apostolici
960 1887 1119 1919 auditores
1135 1914 1143 1925 ,

405 1944 537 1976 nuncios
561 1943 759 1986 apostolicos,
779 1953 815 1974 ac
839 1947 962 1974 sanctae
988 1941 1145 1973 Romanae

406 1996 564 2029 Ecclesiae
583 1996 772 2035 cardinales,
793 1994 886 2027 etiam
918 1994 955 2026 de
980 1994 1077 2026 latere
1101 1993 1144 2025 le-

406 2055 505 2092 gatos,
523 2059 558 2082 ac
579 2058 795 2091 quoscumque
813 2048 899 2087 111105,
917 2047 1025 2090 (11111115
1042 2052 1147 2078 aucto-

406 2104 497 2137 ritate
523 2107 551 2134 et
576 2106 727 2145 potestate
755 2102 929 2143 fungentes,
955 2099 1076 2132 sublata
1103 2099 1146 2131 eis

408 2162 438 2189 ct
462 2166 571 2188 corum
597 2154 723 2187 cuilibet
742 2154 850 2197 (11111115
871 2154 960 2185 aliter
988 2152 1146 2185 iudicandi

408 2216 437 2242 et
462 2208 688 2252 interpretandi
720 2208 865 2240 facultate
890 2212 919 2239 ct
944 2206 1146 2246 auctoritate,

408 2263 538 2296 iudicari
557 2266 585 2296 ct
602 2262 724 2294 deliniri
749 2261 876 2301 debere,
904 2261 1093 2303 irritumque
1117 2265 1148 2292 et

408 2317 498 2349 inanc
531 2315 681 2359 quidquid
707 2326 796 2347 secus
825 2325 918 2357 super
943 2314 991 2346 his
1016 2324 1032 2345 a
1067 2324 1146 2357 quo-

409 2380 522 2413 quam,
547 2369 655 2412 quavis
689 2368 874 2400 auctoritate
891 2394 898 2407 ,
930 2367 1064 2400 scienter
1100 2367 1147 2400 vel

410 2423 601 2465 ignoranter,
634 2421 802 2464 contigerit
826 2421 984 2462 attentari,
1010 2420 1149 2453 decerni-

412 2487 480 2508 mus
505 2482 533 2508 ct
557 2476 763 2508 declaramus.

455 2529 521 2571 {42
554 2530 620 2562 Non
653 2528 847 2561 obstantibus
879 2527 1081 2571 praemissis,
1113 2537 1147 2559 ac

413 2582 684 2615 constitutionibus
709 2587 735 2613 ct
762 2581 1010 2614 ordinationibus
1028 2586 1148 2624 aposto-

412 2635 500 2675 licis,
521 2645 555 2667 ac
580 2635 781 2667 cancellariae
807 2634 995 2677 apostolicae
1021 2634 1146 2676 regulis,

968 252 1146 276 BULLARIUM

1173 251 1332 275 ROMANUM

1171 304 1211 339 et,
1231 304 1384 342 quatenus
1400 308 1481 342 opus
1501 298 1549 338 sit,
1569 297 1622 331 illa
1635 298 1674 331 de
1688 308 1753 332 non
1771 298 1908 333 tollendo

1172 351 1239 384 iure
1264 351 1414 395 quaesito,
1439 361 1475 384 ac
1498 351 1666 394 praedictis
1692 356 1722 384 et
1745 351 1906 394 quibusvis

1171 403 1239 436 aliis
1263 414 1436 446 regnorum
1466 403 1700 446 praedictorum
1726 402 1848 445 legibus
1878 408 1909 435 et

1171 455 1355 498 ordinibus,
1380 456 1524 496 statutis,
1549 455 1635 499 stylis
1659 460 1690 487 et
1713 455 1909 488 consuetudi-

1171 508 1274 548 nibus,
1300 508 1393 540 etiam
1418 507 1731 547 immemorabilibus,
1755 517 1791 539 ac
1815 506 1908 539 61111111

1172 561 1359 601 iuramento,
1384 560 1624 593 confirmatione
1647 559 1832 603 apostoliea,
1863 559 1909 591 vel

1173 614 1282 656 quavis
1306 613 1455 645 firmitate
1471 613 1532 645 alia
1556 613 1721 654 roboratis,
1737 612 1910 656 privilegiis

1173 676 1308 709 quoque,
1326 665 1453 698 indultis
1469 670 1499 697 et
1515 665 1626 698 litteris
1639 665 1829 708 apostolicis,
1843 665 1911 708 qui-

1172 719 1299 760 busvis,
1324 719 1381 751 sub
1406 719 1657 762 quibuscumque
1688 718 1850 751 tenoribus
1881 722 1911 752 et

1173 772 1292 813 formis,
1313 782 1350 805 ac
1374 783 1445 805 cum
1461 772 1622 815 quibusvis
1637 772 1910 814 derogatoriarum

1174 825 1393 868 derogatoriis,
1411 825 1544 868 aliisque
1563 824 1802 867 efficacioribus,
1813 825 1912 858 effica-

1175 876 1308 908 cissimis
1331 881 1359 908 et
1386 875 1518 909 insolitis
1543 875 1690 909 clausulis
1715 880 1745 908 et
1769 875 1912 916 decretis,

1175 929 1266 962 etiam
1292 940 1348 973 per
1374 929 1454 962 viam
1470 929 1559 972 legis,
1576 934 1630 961 aut
1653 933 1844 968 contractus,
1864 929 1913 961 vel

1175 984 1279 1015 statuti
1304 983 1459 1027 perpetui,
1484 983 1514 1015 in
1540 993 1655 1025 genere
1675 983 1723 1015 vel
1746 982 1778 1014 in
1797 982 1913 1026 specie,

1175 1043 1227 1071 aut
1243 1037 1318 1069 alias
1334 1036 1580 1080 quomodolibet,
1595 1036 1689 1069 etiam
1704 1041 1792 1069 motu
1808 1035 1912 1078 simili,

1175 1095 1205 1122 et
1224 1101 1261 1122 ex
1279 1091 1363 1122 certa
1388 1089 1527 1130 scicntia,
1546 1099 1582 1121 ac
1599 1089 1637 1121 de
1653 1088 1844 1132 apostolicae
1860 1100 1915 1132 po-

1175 1143 1294 1176 testatis
1326 1142 1519 1185 plenitudine
1555 1141 1735 1182 similibus,
1760 1152 1796 1174 ac
1821 1142 1914 1175 etiam

1175 1194 1444 1235 consistorialiter,
1469 1205 1525 1227 seu
1549 1194 1642 1227 etiam
1667 1193 1706 1227 ad
1730 1196 1914 1238 quorumvis

1175 1247 1268 1280 etiam
1298 1259 1410 1291 regum
1434 1253 1464 1280 61
1487 1248 1621 1280 aliorum
1654 1247 1836 1291 principum
1861 1247 1911 1280 in-

1175 1302 1330 1344 stantiam,
1360 1301 1454 1334 etiam
1479 1302 1598 1334 iteratis
1624 1301 1761 1343 vicibus,
1786 1312 1915 1345 quomo-

1175 1354 1292 1387 dolibet
1317 1355 1472 1387 concessis
1487 1381 1494 1394 ,
1518 1353 1700 1398 approbatis
1731 1359 1761 1386 et
1784 1353 1914 1387 innova-

1175 1408 1231 1447 tis,
1250 1407 1364 1451 quibus
1388 1407 1544 1448 omnibus,
1568 1407 1690 1439 etiamsi
1714 1406 1753 1439 de
1777 1406 1838 1439 illis
1866 1417 1917 1440 eo-

1176 1471 1310 1504 rumque
1334 1461 1406 1494 totis
1432 1459 1611 1500 tenoribus,
1637 1459 1790 1503 specialis,
1821 1459 1917 1503 speci-

1176 1513 1254 1555 fica,
1280 1523 1428 1557 expressa
1457 1517 1487 1547 et
1515 1512 1697 1553 individua,
1725 1522 1760 1545 ac
1791 1512 1829 1545 de
1850 1522 1918 1545 ver-

1177 1567 1217 1600 bo
1241 1567 1280 1600 ad
1306 1568 1437 1600 verbum
1452 1595 1459 1609 ,
1490 1577 1554 1600 non
1578 1570 1681 1600 autem
1706 1577 1763 1610 per
1788 1566 1913 1599 clausu-

1177 1620 1221 1652 las
1250 1620 1412 1663 generales
1443 1620 1527 1652 idem
1559 1619 1775 1662 importantes,
1799 1619 1916 1652 mentio

1178 1683 1234 1705 seu
1259 1673 1386 1716 quaevis
1411 1673 1471 1705 alia
1495 1672 1654 1716 expressio
1688 1671 1833 1704 habenda
1864 1678 1917 1705 aut

1178 1726 1281 1769 aliqua
1306 1725 1366 1757 alia
1390 1725 1545 1770 exquisita
1573 1725 1674 1758 forma
1700 1724 1738 1757 ad
1765 1725 1826 1758 hoc
1851 1735 1918 1758 ser-

1179 1779 1277 1811 vanda
1295 1779 1385 1819 soret,
1406 1779 1533 1811 illorum
1553 1783 1677 1810 tenores
1700 1777 1918 1821 praesentibus

1179 1843 1238 1875 pro
1263 1833 1353 1875 plene
1378 1837 1408 1864 et
1432 1831 1622 1864 sufficienter
1642 1831 1797 1874 expressis
1817 1841 1852 1864 ac
1880 1831 1919 1864 de

1161 1885 1274 1918 ¹verbo
1298 1885 1336 1917 ad
1361 1885 1492 1917 verbum
1516 1884 1641 1916 insertis
1665 1884 1833 1924 habentes,
1857 1884 1918 1917 illis

1162 1943 1163 1952 ¹
1179 1938 1254 1970 alias
1270 1938 1302 1969 in
1319 1948 1375 1970 suo
1394 1938 1509 1970 robore
1533 1937 1761 1980 permansuris,
1778 1936 1816 1969 ad
1833 1947 1919 1980 prae-

1181 1990 1350 2023 missorum
1364 1989 1520 2031 effectum,
1536 1989 1711 2033 specialiter
1728 1995 1757 2022 et
1771 2000 1919 2033 expresse

1179 2043 1386 2085 derogamus,
1412 2049 1442 2076 et
1465 2043 1651 2085 derogatum
1683 2052 1751 2075 esse
1775 2043 1918 2075 volumus

1180 2103 1207 2129 ct
1226 2097 1445 2137 decernimus3
1472 2097 1647 2141 ceterisque
1665 2096 1830 2138 contrariis
1855 2096 1919 2141 qui-

1180 2151 1384 2195 buscumque.
1861 2161 1866 2166 '

1224 2205 1335 2237 Datum
1361 2205 1494 2247 Romae,
1521 2204 1603 2248 apud
1628 2205 1656 2239 S.
1675 2205 1803 2238 Mariam
1827 2205 1920 2239 Maio-

1181 2270 1265 2300 rem,
1295 2259 1352 2291 sub
1381 2259 1497 2291 annulo
1523 2258 1708 2299 Piscatoris,
1737 2258 1787 2291 die
1811 2269 1829 2292 v
1852 2259 1919 2292 iulii

1181 2322 1378 2353 iuncxxxvm,
1392 2312 1592 2356 pontificatus
1616 2312 1715 2345 nostri
1735 2322 1816 2345 anno
1837 2322 1885 2345 xv.

1216 2374 1275 2401 Dat.
1291 2374 1333 2401 die
1349 2374 1365 2401 5
1379 2374 1444 2401 iunii
1464 2373 1540 2406 1038,
1556 2373 1652 2408 pontif.
1671 2382 1740 2401 anno
1756 2380 1801 2401 xv,

1501 2507 1598 2541 DCIX.

1183 2581 1369 2614 Commissio
1394 2579 1541 2612 auditori
1569 2589 1714 2612 camerae
1737 2577 1920 2612 absolvendi

1225 2633 1392 2673 decanum,
1421 2633 1590 2666 ‹anonicos
1615 2636 1642 2665 et
1667 2631 1846 2675 capitulum
1873 2642 1921 2664 ec-

1918 248 1967 276 An.
1987 249 2017 276 C.
2039 248 2106 276 1038

2232 893 2239 1158 ἱ
