2248 3229
0 956 12 1105 ’vu-v
0 880 13 935 ,Δρ
0 748 11 838 ς-
0 647 21 735 (ν’,
7 605 10 626 -
8 569 9 578 ᾼ

147 215 195 243 An.
212 213 241 242 C.
262 213 331 242 1638

385 260 500 295 Datum
523 260 652 302 Romae,
674 260 758 306 apud
782 261 811 295 S.
834 261 962 295 Mariam
988 261 1083 295 Maio-

343 314 490 356 rem,sub
502 315 618 349 annulo
632 315 810 356 Piscatoris,
827 315 877 349 die
892 325 946 350 xv1
959 315 1084 359 augusti

343 377 543 409 uncxxxrut,
568 368 769 413 pontificatus
793 369 893 403 nostri
912 378 1082 415 anno'xvi.

378 428 439 455 Dat.
457 428 500 456 die
518 428 549 456 ¹6
563 429 670 464 augusti
694 428 772 463 1038,
787 428 882 465 pontif.
905 436 977 457 anno
996 434 1052 455 xvt.

654 572 752 606 Dcxv
756 572 776 605 1.

346 652 556 695 Confirmatio
585 652 782 686 reductionis
814 651 1085 686 monasteriorum

389 705 525 740 Ordinis
541 705 574 740 S.
594 705 775 740 salvatoris
794 716 849 739 seu
869 709 998 738 sanctae
1015 704 1087 738 Bir-

387 759 489 803 9itlae
521 758 630 803 Belyii
662 760 697 792 in
728 769 830 792 unam
863 758 1086 802 conqreyalio-

389 822 475 853 nem,
503 817 559 846 etc.
576 811 595 844 ¹.

554 893 689 920 Urbanus
709 892 784 926 Papa
802 892 882 923 vm,

488 938 524 964 ad
543 937 677 964 futuram
696 937 740 964 rei
760 936 941 964 memoriam.

146 1017 332 1066 nssssfflss'uffl
391 1009 406 1052 ἓ
429 1008 460 1042 1.
485 1008 592 1052 Nuper
615 1018 674 1052 pro
698 1012 786 1052 parte
805 1006 994 1040 dilectorum
1011 1005 1088 1039 filio-

147 1074 332 1098 “mimmen-
347 1072 418 1095 rum
450 1062 651 1106 superiorum
684 1061 939 1104 congregationis
962 1059 992 1094 S.
1021 1058 1087 1093 Sal-

147 1099 332 1150 E'r'ffiiuissiifa'r'i
349 1114 474 1155 ratoris,
493 1115 568 1147 alias
593 1119 717 1147 sanctae
736 1114 897 1157 Birgittae‚
918 1114 949 1146 in
969 1112 1087 1156 Belgio,

146 1154 212 1172 eunt.
413 1167 419 1172 .
562 1167 568 1173 .
704 1167 709 1172 .
920 1166 925 1171 .
1033 1166 1039 1171 .
1064 1166 1069 1171 .

347 1167 438 1200 nobis
461 1172 639 1211 expositum
668 1167 746 1208 fuit,
771 1166 856 1210 quod
887 1166 963 1199 altas
990 1166 1088 1199 felicis

346 1220 575 1254 recordationis
598 1220 742 1254 Clemens
768 1219 851 1264 Papa
872 1219 938 1252 VIll
961 1219 1089 1263 praede-

346 1284 453 1307 cessor
476 1280 597 1314 noster,
622 1273 903 1318 supplicationibus
927 1272 1087 1317 quondam

347 1326 496 1360 isabellae
531 1327 638 1361 Clarae
671 1327 828 1370 Eugeniae
866 1326 1087 1370 Hispaniarum

347 1380 473 1413 infantis
498 1386 525 1413 et
551 1380 758 1424 principissae
782 1379 880 1423 Belgii
905 1379 1088 1420 inclinatus,

347 1439 420 1467 tunc
444 1439 474 1467 et
498 1445 558 1479 pro
582 1439 726 1478 tempore
745 1433 889 1467 existenti
906 1433 994 1466 Sedis
1010 1434 1090 1477 Apo-

346 1487 473 1520 stolicae
504 1487 622 1520 nuncio
650 1487 681 1519 in
715 1486 901 1520 Germaniae
931 1486 1089 1519 inferioris

345 1540 490 1583 partibus
514 1540 737 1581 commoranti,
754 1545 788 1573 ut
808 1539 838 1572 in
859 1539 991 1583 singulis
1012 1539 1090 1572 locis

346 1593 582 1637 provinciarum
607 1593 717 1636 Belgii,
742 1592 916 1626 Ordinariis
941 1603 1016 1626 vero
1043 1593 1088 1625 lo-

346 1656 456 1679 corum
481 1647 715 1691 provinciarum
747 1645 928 1679 huiusmodi
958 1651 992 1678 ut
1020 1645 1087 1679 sin-

346 1699 411 1741 guli
442 1699 474 1732 in
506 1699 571 1732 suis
603 1699 780 1733 civitatibus
811 1704 841 1732 et
871 1699 1090 1739 dioecesibus,

347 1753 538 1786 monasteria
561 1759 592 1786 et
615 1753 676 1786 alia
700 1753 859 1796 regularia
878 1753 947 1786 loca
964 1752 1090 1787 Ordinis

348 1816 403 1838 scu
431 1805 563 1839 instituti
591 1806 620 1839 S.
645 1807 834 1847 Salvatoris‚
863 1806 939 1839 alias
965 1811 1090 1839 sanctae

348 1857 508 1902 Birgittae,
529 1865 591 1892 tam
616 1860 756 1893 virorum
782 1870 876 1903 quam
901 1859 1089 1900 mulierum,

348 1915 470 1946 servata
489 1923 651 1946 sacrorum
666 1923 820 1946 canonum
839 1918 869 1946 et
882 1913 1089 1946 conciliorum

349 1966 544 2009 generalium
571 1966 683 2007 forma,
701 1966 843 2007 fundare,
861 1966 984 2009 erigere
997 1971 1091 2009 atque

349 2018 523 2062 instituere,
548 2029 671 2053 necnon
691 2024 805 2052 statuta
829 2024 859 2052 et
883 2018 1008 2061 regulas
1032 2029 1091 2063 pro

350 2073 430 2106 srlici
456 2084 566 2106 eorum
591 2073 765 2106 directione
790 2078 819 2105 et
842 2072 997 2115 regimine
1021 2083 1092 2105 con-

349 2126 435 2167 dere,
459 2126 583 2170 illisque
608 2126 827 2170 praescribere
841 2126 939 2158 libere
957 2131 987 2158 et
1007 2125 1092 2158 licite

351 2179 500 2219 valerent,
524 2180 680 2213 concessit
703 2185 734 2212 et
758 2179 896 2212 indulsit.

239 2242 334 2263 statum-
395 2231 464 2275 5⁶2.
497 2232 534 2265 Et
563 2232 697 2265 subinde
727 2232 838 2264 similis
864 2230 1092 2265 recordationis

151 2274 336 2341 ι.»ἶ.ἰ1ς“οι”ιῖἱῗιῖῗι“ι
351 2285 524 2328 Gregorius
554 2285 636 2329 Papa
659 2285 721 2325 XV,
745 2285 838 2319 etiam
868 2285 1092 2329 praedecessor

151 2322 336 2375 {giiffiissffl’
351 2345 467 2381 noster,
483 2339 765 2384 supplicationibus
779 2339 978 2384 superiorum
992 2339 1092 2371 dictae

352 2393 605 2436 congregationis
629 2392 806 2434 inclinatus,
832 2392 957 2435 regulas
982 2397 1012 2425 et
1031 2397 1092 2424 sta-

353 2451 418 2478 tuta
435 2445 614 2479 huiusmodi
632 2445 830 2478 consu-mavit
847 2451 875 2478 et
890 2445 1090 2489 approbarit3

351 2499 506 2544 dictisque
531 2499 649 2543 regulis
679 2504 709 2533 et
733 2499 855 2534 statutis
883 2499 921 2532 ab
945 2499 1092 2533 omnibus

389 2618 398 2645 ¹
424 2615 458 2644 Ex
480 2616 589 2653 Regest.
613 2616 638 2643 in
659 2615 760 2643 Secret.
784 2615 859 2642 Brev.

951 213 1093 239 unu-mus
1118 212 1174 237 vttl
1200 213 1245 236 1³1².

1759 198 1822 233 667
1868 209 1917 238 An.
1939 207 1968 236 c.
1990 207 2059 236 1638

1117 260 1217 295 dictae
1234 258 1488 303 congregationis
1503 267 1557 292 seu
1573 256 1698 292 Ordinis
1715 256 1860 301 personis

1118 314 1264 358 receptis,
1280 313 1455 346 institutum
1469 310 1725 354 congregationis
1738 320 1794 343 seu
1807 309 1861 343 Or-

1118 367 1199 400 dinis
1230 366 1412 400 huiusmodi
1444 365 1475 398 in
1508 365 1569 398 illis
1599 364 1742 408 partibus
1771 362 1861 396 valde

1119 426 1328 464 propagatum
1352 430 1415 453 non
1439 419 1506 452 sine
1530 428 1585 463 spe
1609 417 1739 452 maioris
1764 416 1862 451 futuri

1120 473 1307 507 incrementi
1329 473 1394 505 suit.

1164 526 1179 569 ἓ
1204 525 1233 559 3.
1259 526 1334 560 Cum
1349 531 1464 566 autem,
1483 525 1562 558 sicut
1576 524 1685 558 eadem
1706 523 1862 568 expositio
1919 533 1996 564 rqstoa
2011 539 2061 564 vm

1121 580 1342 623 subiungebat,
1371 579 1496 613 Ordinis
1522 589 1577 612 seu
1605 577 1862 621 congregationis
1877 566 1998 615 {ggii-¹325}
2009 561 2063 608 ‘¹0¹ss

1877 622 1911 635 nia
1931 617 2061 635 monasteria

1120 633 1302 666 huiusmodi
1328 633 1508 677 superiores
1534 632 1724 665 monasteria
1753 631 2005 674 vigorereauxt-mnt
2041 640 2062 662 in

1120 687 1332 720 concessionis
1357 692 1385 719 et
1411 686 1522 719 indulti
1543 685 1710 719 Clementis
1733 683 1864 728 praede·
1877 673 2061 731 ‘'x'issi'iio‘i‘iiffii'm'

1121 741 1254 774 cessoris
1284 740 1435 784 praedicti
1463 744 1568 772 erecta
1600 744 1630 772 et
1660 739 1801 771 instituta
1831 738 1863 770 in
1878 721 1998 775 ἕζῗζὲἶωω
2019 721 2062 742 ‘¹⁹'

1121 805 1215 827 unam
1241 794 1517 837 congregationem
1548 792 1747 833 reduxerint,
1772 802 1807 825 ac
1832 791 1864 824 in

1122 847 1261 880 eiusdem
1286 846 1552 890 congregationis,
1578 845 1724 889 illiusque
1749 855 1860 878 mona-

1122 901 1293 934 steriorum
1307 901 1501 933 visitatorem
1516 900 1695 942 generalem
1713 898 1864 932 dilectum

1122 954 1222 986 filium
1255 953 1443 987 Riceardum
1473 953 1605 986 Paulum
1629 952 1788 986 Stranium
1813 962 1863 984 ar-

1121 1006 1342 1039 chidiaconum
1363 1005 1611 1046 Atrebatensem,
1632 1011 1739 1048 utpote
1758 1005 1796 1038 de
1817 1004 1863 1037 di-

1121 1059 1162 1092 cti
1186 1059 1311 1093 Ordinis
1336 1059 1476 1092 instituto
1501 1059 1619 1102 optime
1647 1058 1863 1097 informatum,

1121 1112 1371 1157 deputaverint¹;
1392 1117 1426 1144 ut
1446 1122 1521 1145 xero
1548 1110 1692 1144 reductio
1717 1116 1747 1143 et
1771 1110 1864 1153 depu-
1903 1121 1986 1152 ‚Quam
2001 1120 2063 1142 rettu-

1121 1167 1196 1200 tatio
1220 1165 1400 1198 huiusmodi
1425 1165 1548 1198 firmius
1573 1164 1764 1204 subsistant,
1789 1163 1863 1196 dicti
1879 1150 1970 1195 {23:352}
1985 1147 2065 1205 ‘3233

1122 1219 1302 1263 superiores
1327 1219 1398 1252 illos
1421 1218 1611 1262 apostolicae
1637 1223 1763 1251 nostrae
1788 1227 1862 1250 con·
1879 1202 2006 1223 ⁰⁰⁰⁰‘m³‘¹'

1122 1272 1310 1306 firmationis
1335 1272 1493 1316 pracsidio
1514 1271 1704 1305 communiri
1729 1281 1864 1305 summo—

1122 1336 1198 1370 pere
1224 1326 1424 1359 desiderent:
1675 1364 1678 1367 ι

1167 1379 1181 1422 g
1205 1379 1235 1411 4.
1260 1379 1334 1419 Nos,
1355 1378 1482 1412 eosdem
1510 1383 1703 1422 exponentes
1727 1377 1867 1422 speciali-

1121 1433 1180 1466 bus
1197 1433 1355 1466 savoribus
1376 1438 1405 1465 et
1425 1432 1534 1475 gratiis
1551 1431 1700 1476 prosequi
1718 1432 1866 1472 volentes,

1123 1491 1153 1519 et
1169 1497 1279 1520 eorum
1305 1486 1481 1528 singulares
1507 1495 1658 1529 personas
1672 1495 1688 1517 a
1705 1485 1867 1529 quibusvis

1123 1539 1469 1579 excommunicationis,
1489 1538 1703 1582 suspensionis
1723 1543 1754 1571 et
1773 1539 1868 1571 inter-

1123 1593 1208 1632 dicti,
1225 1592 1356 1636 aliisque
1373 1591 1593 1625 ecclesiasticis
1609 1591 1780 1631 sententiis,
1798 1600 1867 1624 cen-

1124 1646 1206 1678 suris
1231 1651 1260 1679 et
1285 1646 1413 1690 poenis,
1442 1655 1460 1677 a
1485 1645 1552 1678 iure
1583 1645 1631 1677 vel
1657 1644 1694 1678 ab
1719 1645 1865 1685 homine,

1123 1698 1232 1742 quavis
1249 1699 1414 1732 occasione
1434 1697 1481 1730 vel
1500 1699 1593 1730 causa
1610 1697 1690 1738 tatis,
1709 1697 1733 1730 si
1750 1697 1866 1741 quibus

1123 1752 1362 1796 quomodolibet
1386 1751 1553 1784 innodatae
1578 1751 1723 1790 existunt,
1741 1750 1779 1783 ad
1796 1750 1868 1783 effe-

1124 1811 1208 1839 ctum
1234 1805 1448 1850 praesentium
1475 1805 1635 1838 dumtaxat
1666 1813 1864 1847 consequen-

1124 1860 1209 1901 dum,
1228 1859 1340 1892 barum
1367 1859 1448 1892 serie
1472 1858 1669 1891 absolventes
1694 1863 1724 1890 et
1741 1857 1867 1890 absolu-

1125 1911 1191 1946 tos*
1216 1913 1282 1946 sore
1307 1917 1481 1953 censentes,
1507 1911 1687 1944 huiusmodi
1713 1911 1869 1954 supplica·

1125 1967 1261 2000 tionibus
1273 1966 1422 2005 inclinati,
1439 1965 1478 1998 de
1492 1965 1720 1998 venerabilium
1734 1965 1868 1997 fratrum

1124 2025 1306 2052 nostrorum
1332 2019 1361 2052 S.
1384 2019 1418 2052 lt.
1444 2019 1475 2051 E.
1502 2017 1707 2051 cardinalium
1733 2017 1868 2060 negotiis

1125 2072 1350 2116 episcoporum
1385 2076 1416 2104 et
1446 2070 1641 2113 regularium
1671 2070 1867 2114 praeposito-

1126 2135 1195 2157 rum
1210 2123 1351 2164 consitio,
1370 2123 1586 2156 reductionem
1601 2123 1867 2156 monasteriorum

1126 2178 1306 2211 huiusmodi
1328 2178 1358 2210 in
1383 2187 1476 2210 unam
1494 2177 1784 2220 congregationem,
1797 2186 1868 2209 nec-

1126 2242 1187 2265 non
1212 2231 1445 2275 deputationem
1471 2231 1544 2263 dicti
1571 2230 1712 2264 Riccardi
1732 2230 1818 2262 Pauli
1835 2229 1867 2262 in

1127 2286 1318 2318 visitatorem
1349 2284 1529 2327 generalem
1561 2283 1661 2317 dictae
1693 2293 1868 2326 congrega-

1127 2338 1230 2379 tionis,
1247 2343 1281 2371 ut
1297 2338 1483 2382 praefertur,
1502 2337 1607 2377 saetas,
1628 2336 1800 2380 apostolica
1817 2346 1867 2369 au-

1126 2391 1279 2433 ctoritate,
1310 2395 1420 2424 tenore
1450 2390 1674 2434 praesentium,
1699 2389 1868 2422 confirma-

1126 2455 1195 2478 mus
1220 2450 1249 2477 et
1273 2443 1497 2488 approbamus,
1523 2442 1654 2486 illique³
1680 2442 1867 2475 inviolabilis

1908 1387 2002 1409 Pontit'ex
2017 1392 2065 1408 eon—

1881 1414 1956 1436 tii-mat.

1163 2528 1172 2553 t
1193 2525 1263 2552 Edit.
1281 2525 1363 2552 Maia.
1381 2524 1446 2560 legit
1461 2524 1673 2559 deputaverunt
1687 2525 1723 2553 (n.
1741 2522 1790 2558 τ,).

1160 2571 1176 2597 ‘2
1192 2570 1228 2598 De
1244 2578 1316 2597 more
1332 2569 1409 2597 solito
1424 2569 1540 2604 legerem
1556 2569 1700 2596 absolutas
1714 2569 1752 2603 (n.
1769 2567 1818 2602 7.).

1161 2615 1176 2642 3
1191 2615 1374 2642 Cohaerenter
1389 2613 1533 2648 legendum
1549 2614 1666 2647 illisque
1682 2618 1718 2638 tn.
1734 2612 1782 2647 ¹12).
