2221 3224
179 253 228 280 An.
250 252 276 279 C.
301 252 366 279 1629

413 244 453 277 52

379 301 620 341 communimus,
646 302 784 344 aliasque
802 301 1008 345 disponimus,
1024 306 1117 345 prout

379 355 630 398 conspirimusin
641 355 771 387 Domino
782 354 1115 398 salubriterexpedire.

423 408 437 449 ξ
462 408 489 439 ’1,
516 408 597 439 Alias
612 407 763 449 siquidem
779 407 875 439 felicis
890 408 1116 441 recordationis

240 480 256 491 ...
270 450 362 494 ’ἶῆἓ“’ἰ,,“.”.ἶ
378 460 518 493 Clemens
534 461 613 502 Papa
629 460 693 492 Yll¹
708 460 930 502 praedecessor
946 466 1053 493 noster
1066 461 1117 493 do-

378 513 527 553 nationes,
546 513 772 552 eoncessiones,
787 513 966 555 locationes,
992 513 1117 547 inresti-

379 570 462 597 turas
475 571 504 597 et
517 566 591 597 alias
611 565 813 597 alienationes
831 576 992 606 censuum,
1018 566 1117 599 reddi-

379 622 475 657 tuum,
494 619 620 656 iuriam,
640 618 892 651 iurisdictionum
909 625 939 652 et
959 620 1114 653 bonorum

377 683 649 715 quorumeumque
676 671 712 703 ad
738 672 910 712 baiuliras‚
935 673 1115 716 prioratus,

377 725 585 756 castellaniam
613 730 782 768 empostae,
801 725 1046 768 praeceptorias,
1065 726 1116 759 do-

377 788 454 816 mos,
481 778 654 820 hospitalia,
680 778 830 810 beneficia
856 783 884 812 et
908 779 977 811 loca
1002 779 1111 823 hospi-

365 830 444 879 ·talis
469 830 496 863 S.
522 831 645 863 loamns
662 831 938 875 Ilierosolymitani
959 832 1116 875 pertinen-

377 885 463 923 tium,
483 884 512 915 in
539 884 664 916 illorum
689 885 869 925 laesionem,
890 885 1042 918 iacturam
1067 887 1114 919 vel

376 937 620 977 detrimentum,
646 938 738 970 etiam
771 949 827 982 per
858 949 1009 982 personas
1041 940 1132 974 dicti*

375 991 547 1034 hospitalis,
583 992 675 1024 etiam
709 1003 779 1025 cum
814 993 1113 1035 renunciationibus,

374 1046 482 1088 pactis,
508 1046 692 1078 iuramentis
718 1052 747 1079 et
771 1047 880 1090 poenis
905 1047 1041 1091 desuper
1060 1048 1115 1080 im-

374 1099 484 1141 positis
509 1104 536 1130 et
564 1099 701 1138 adiectis7
727 1110 762 1132 ac
787 1100 1002 1133 instrumentis
1023 1106 1052 1133 et
1068 1101 1115 1133 lit-

375 1152 449 1183 teris
466 1151 602 1195 desuper
614 1152 810 1193 consectis,et
820 1153 1114 1186 confirmationibus

374 1204 477 1237 forsan
504 1205 573 1237 inde
606 1206 764 1249 sequutis,
791 1206 884 1238 etiam
918 1206 955 1239 de
988 1206 1113 1239 licentia

374 1257 460 1290 Sedis
482 1259 685 1301 Apostolicae,
703 1259 821 1303 absque
839 1265 942 1292 tamen
960 1270 1113 1292 consensu

374 1321 428 1343 sen
453 1314 602 1354 exliiressa
628 1312 753 1345 lieentia
784 1313 890 1356 magni
917 1313 1059 1355 magistri
1084 1318 1114 1346 et

374 1371 545 1398 conventus
581 1366 654 1399 dicti
692 1367 876 1410 hospitalis,
914 1378 1114 1411 quacumque

374 1419 622 1462 praescriptione
663 1430 717 1452 scu
757 1420 943 1462 longissima
982 1421 1113 1464 pacifica

374 1473 571 1515 possessione
590 1478 619 1505 et
631 1473 809 1506 detentione
826 1484 889 1506 non
906 1474 1113 1515 obstantibus,

375 1526 515 1567 cassavit,
526 1527 684 1559 revocavit
697 1531 726 1559 et
740 1518 910 1561 annullavit
923 1538 959 1560 ac
970 1527 1113 1569 irritavit,

373 1642 431 1675 pro
457 1633 576 1665 insectis
602 1633 710 1665 haberi
736 1634 894 1674 decrevit,
919 1645 955 1667 ac
980 1646 1113 1676 census,

374 1686 523 1726 redditus,
549 1686 627 1726 iura,
653 1687 883 1720 iurisdictiones
901 1687 1024 1721 elbona
1045 1689 1115 1721 alie-

374 1744 445 1770 nata
463 1739 651 1779 huiusmodi,
669 1750 704 1772 ac
722 1740 814 1773 eliam
826 1751 882 1784 per
895 1751 1114 1785 quoscumque

375 1793 531 1825 seculares
559 1798 718 1837 occupata,
744 1798 895 1838 usurpata
923 1800 951 1829 et
980 1795 1112 1838 detenta,

374 1846 411 1877 ad
437 1846 484 1877 ius
509 1851 538 1878 et
563 1847 789 1889 proprietatem
822 1847 895 1880 dieti
930 1848 1113 1892 hospitalis,

955 254 1132 277 DULLARIUM
1156 253 1309 277 ROMANUM

1899 254 1949 281 An.
1965 253 1995 282 C.
2016 253 2084 281 1629

1151 312 1209 344 res,
1222 302 1448 344 cuiuscumque
1460 302 1628 345 dignitatis,
1639 307 1744 343 status,
1759 303 1885 345 gradus,

1151 355 1269 388 ordinis
1282 360 1311 387 et
1324 354 1510 388 conditionis
1525 355 1698 397 existentes,
1709 356 1746 389 ad
1760 356 1885 389 illorum

1151 408 1374 441 relaxationem
1399 419 1457 452 per
1481 419 1628 441 censuras
1660 408 1887 442 ecclesiasticas

1150 467 1179 495 et
1211 462 1270 494 alia
1299 462 1377 494 iuris
1407 462 1545 495 remedia
1578 463 1647 506 cogi
1679 467 1709 496 et
1741 462 1887 506 compelli

1151 526 1242 558 posse
1268 515 1387 555 voluit,
1404 520 1450 548 ‘et
1481 515 1598 548 similes
1622 515 1825 548 alienationes
1849 514 1888 547 de

1150 574 1264 609 cetero,
1284 569 1340 601 sub
1361 568 1692 603 excommunicationis
1712 570 1791 603 latae
1815 579 1886 602 sen-

1151 622 1264 656 tentiae
1278 627 1308 655 et
1321 621 1505 666 privationis
1523 622 1750 656 beneficiorum
1764 633 1820 666 per
1833 632 1887 655 eos

1150 675 1350 708 obtentorum
1367 675 1477 718 poenis
1501 685 1558 718 per
1578 676 1835 709 contrafacientes
1849 685 1886 707 eo

1151 728 1217 771 ipso
1234 728 1351 771 absque
1369 728 1433 759 ulla
1451 727 1662 761 declaratione
1678 728 1886 768 incurrendis,

1150 781 1218 814 fieri
1243 781 1416 825 prohibuit,
1434 785 1473 821 et,
1494 781 1519 813 si
1543 781 1663 823 fierent,
1682 782 1751 814 illas
1767 781 1886 815 viribus

1149 834 1278 867 omnino
1300 844 1407 867 carere
1425 834 1573 867 decrevit.
1594 834 1798 868 Postmodum
1812 846 1887 868 vero

1148 887 1332 920 recolendae
1343 887 1515 920 memoriae
1525 888 1597 921 Pius
1607 888 1689 932 Papa
1698 888 1734 921 IV
1745 888 1888 921 similiter

1148 941 1372 984 praedecessor
1395 946 1503 974 noster
1526 951 1583 985 per
1607 952 1678 974 suas
1704 942 1760 974 sub
1780 941 1885 974 datum

1148 994 1266 1027 Romae
1283 994 1365 1038 apud
1378 995 1406 1028 S.
1422 995 1547 1027 Petrum
1562 1005 1644 1028 anno
1661 995 1886 1028 lncarnationis
1902 1003 2086 1050 mpggngiffngp

1148 1047 1328 1080 Dominicac
1352 1057 1437 1081 nan
1461 1048 1603 1080 kalendis
1628 1047 1733 1088 iunii¹‚
1758 1048 1886 1092 pontifi—
1901 1063 1928 1084 pa
1943 1056 1978 1078 iv.

1148 1105 1234 1133 catus
1259 1101 1307 1133 sui
1332 1111 1414 1133 anno
1439 1110 1465 1140 1,
1491 1100 1548 1133 sub
1572 1101 1704 1144 plumbo
1728 1091 1887 1145 expedita‘s

1148 1153 1266 1186 litteras
1291 1154 1372 1186 inter
1397 1150 1456 1186 alia
1481 1154 1696 1195 cassationem,
1714 1154 1888 1188 revocatio·

1148 1207 1499 1251 newnnullationem,
1510 1207 1644 1250 decreta,
1659 1208 1887 1248 reductionem,

1148 1260 1385 1304 repositionem,
1405 1260 1646 1301 restitutionem,
1666 1261 1886 1304 reintegratio-

1130 1323 1229 1356 ,nem,
1255 1314 1457 1354 voluntatem,
1485 1314 1728 1347 declarationem
1753 1319 1783 1347 et
1806 1325 1884 1358 pro-

1130 1385 1131 1394 1
1148 1367 1333 1400 bibitionem
1353 1367 1534 1400 huiusmodi
1548 1373 1635 1401 motu
1660 1368 1791 1412 proprio
1806 1373 1836 1400 et
1850 1378 1887 1401 ex

1130 1448 1132 1460 ,
1148 1424 1233 1454 certa
1247 1421 1388 1462 scientia,
1406 1432 1441 1454 ac
1462 1421 1499 1454 de
1517 1421 1707 1465 apostolicae
1727 1422 1888 1464 potestatis

1148 1474 1343 1517 plenitudine
1366 1474 1560 1518 approbavit,
1579 1479 1608 1507 et
1625 1474 1834 1515 confirmavit,
1859 1479 1889 1507 et

1131 1528 1234 1574 ¹alias,
1257 1533 1350 1571 prout
1375 1528 1406 1560 in
1428 1527 1521 1560 dictis
1545 1528 1667 1569 litteris,
1693 1538 1826 1571 quarum
1843 1533 1888 1561 te-

374 1580 550 1622 nulliusque
576 1580 699 1612 roboris
727 1581 774 1613 vel
799 1581 950 1613 momenti
976 1581 1059 1622 sore,
1085 1578 1132 1615 etl

1148 1592 1242 1614 nores
1266 1581 1484 1625 praesentibus
1509 1592 1566 1624 pro
1591 1581 1747 1624 expressis
1776 1582 1887 1614 haberi

1149 1635 1304 1674 volumus⁷
1329 1634 1452 1678 plenius
1477 1635 1655 1667 continetur
1666 1633 1686 1666 ².

1193 1689 1207 1731 ξ
1232 1688 1260 1721 2.
1286 1688 1371 1722 Cum·
1380 1693 1494 1728 autem,
1512 1688 1592 1721 sicut
1612 1688 1800 1732 accepimus,
1817 1699 1888 1733 pro·
1902 1693 2086 1747 praediciffssffl

1148 1746 1217 1785 pter
1241 1742 1356 1774 malam
1390 1742 1615 1774 nonnullorum
1645 1747 1887 1785 praeceptorum
1902 1747 2087 1795 ?,2¹32;⁰⁰”³²¹²”·

1131 1805 1203 1827 =seu
1237 1794 1579 1827 commendatariorum
1615 1794 1689 1827 dicti
1722 1794 1887 1838 hospitalis

1149 1848 1462 1889 administrationem,
1488 1848 1585 1880 multa
1606 1847 1704 1891 ipsius
1723 1848 1888 1891 hospitalis

375 1908 427 1930 seu
454 1899 536 1931 illins
561 1899 787 1941 baiulirarum,
814 1901 1035 1943 prioratuum,
1063 1913 1114 1935 ca·
1131 1890 1133 1920 3
1149 1901 1230 1934 bona
1255 1905 1363 1933 contra
1386 1901 1469 1933 illius
1495 1905 1685 1933 statutorum
1703 1911 1756 1933 seu
1775 1900 1890 1933 stabili-

375 1952 533 1984 stellaniae
554 1960 723 1996 empostae,
744 1954 1047 1997 praeceptoriarum,
1064 1953 1133 1999 do-}

375 2016 510 2045 morum,
524 2006 723 2049 hospitalium
740 2013 769 2039 et
782 2007 1009 2040 beneficiorum
1027 2020 1116 2052 prae·
1131 2006 1133 2018 ⁴

374 2059 507 2092 satorum
533 2059 665 2098 reduxit,
688 2060 802 2104 illaque
827 2061 858 2093 in
884 2061 1041 2104 integrum
1065 2050 1133 2094 adst

1132 2097 1133 2144 i
1150 2119 1179 2146 et
1198 2114 1331 2146 alienata
1355 2112 1568 2156 reperiantur:
1585 2122 1653 2154 nos⁷
1671 2112 1810 2145 eiusdem
1836 2112 1889 2145 ho-

375 2124 484 2145 versus
509 2114 749 2153 eoncessiones,
775 2114 958 2147 donationes
987 2120 1016 2147 et
1040 2116 1115 2147 alias

376 2166 530 2208 quaslibet
554 2167 757 2200 alienationes
781 2167 967 2210 [uacdictas7
993 2178 1115 2201 necnon

1149 1957 1328 1987 mentorum
1346 1964 1381 1986 ac
1398 1953 1631 1986 ordinationum
1657 1953 1888 1996 capitularium,

1132 2026 1133 2029 =
1150 2008 1334 2040 auctoritate
1350 2007 1521 2050 apostolica
1535 2006 1804 2047 confirmatorum,
1818 2017 1890 2050 pro-

1149 2060 1373 2103 liibitionisque
1391 2059 1571 2092 huiusmodi
1588 2060 1721 2092 sormam
1738 2064 1889 2103 usurpata

1150 2167 1268 2211 spitalis
1294 2165 1498 2206 indemnitati,
1519 2166 1648 2208 eiusque
1666 2166 1832 2206 bonorum,
1855 2171 1889 2198 ut

377 2219 575 2252 investituras
601 2220 725 2252 illarum
752 2226 913 2263 praetextu
934 2222 1112 2264 quomodo-
1132 2213 1344 2264 [praesertum
1371 2223 1594 2262 usurpatorum
1621 2224 1650 2251 et
1680 2219 1887 2252 alienatorum

378 2327 408 2357 in
421 2327 576 2369 integrum
591 2338 626 2359 ac
639 2328 667 2359 in
680 2328 844 2371 pristinum
862 2332 890 2361 el
904 2339 974 2360 eum
990 2332 1115 2371 statum⁷

378 2380 408 2411 in
434 2392 495 2422 quo
521 2387 609 2413 antea
635 2386 732 2421 erant,
758 2381 902 2421 restitnit,
923 2382 1064 2425 reposuit
1088 2388 1117 2414 et.

378 2434 516 2475 plenarie
537 2435 748 2477 reintegravit,
768 2435 958 2479 illorumque
981 2435 1118 2468 detento-

376 2272 451 2305 libet
468 2273 575 2317 <piaris
594 2274 776 2307 anctoritate
794 2275 889 2307 tactas
907 2280 933 2306 et
954 2285 1116 2308 concessas
1132 2263 1134 2335 ζ

416 2523 424 2547 1
445 2523 562 2549 Erronee
579 2532 687 2557 prorsus
703 2524 744 2550 ed.
763 2524 839 2550 Malu.
856 2524 920 2559 tegit
934 2524 1022 2551 Clem.
1038 2524 1117 2557 VIII,

380 2574 440 2591 nam
457 2567 552 2592 deinde
569 2567 665 2593 ‹li-itui·
681 2568 765 2602 ipsum
781 2571 888 2594 secutus
903 2568 986 2595 fuisse
1003 2568 1064 2595 Pius
1074 2567 1116 2595 lV.

379 2610 428 2637 Ed.
443 2612 559 2637 miei-uti.
574 2612 634 2645 legit
648 2614 777 2639 Clemens
792 2613 855 2647 VH,
868 2613 943 2640 cuins
955 2617 1043 2640 tamen
1055 2620 1118 2640 con-

380 2655 434 2682 stit.
451 2655 478 2682 in
494 2656 609 2683 Bullario
626 2665 678 2684 uon
694 2660 733 2684 est
747 2662 785 2692 (Β.
801 2659 849 2691 Τ.).

1150 2272 1382 2317 recuperationi
1405 2277 1434 2304 ct
1458 2272 1707 2313 conservationi,
1737 2277 1888 2316 quantum

1151 2338 1222 2359 cum
1247 2326 1380 2359 Domino
1404 2336 1582 2369 possumus,
1599 2326 1767 2370 providere
1786 2327 1890 2359 volen-
1929 2355 1933 2364 Δ

1151 2386 1214 2421 tes,
1239 2385 1325 2413 motu
1350 2380 1501 2423 proprio,
1527 2385 1556 2412 et
1587 2390 1623 2412 ex
1649 2382 1734 2412 certa
1759 2379 1887 2413 scientia

1151 2444 1186 2466 ac
1211 2435 1335 2466 matura
1364 2433 1589 2466 deliberatione
1620 2434 1757 2474 nostris,
1789 2433 1889 2477 deque

1152 2487 1339 2531 apostolicae
1364 2487 1527 2530 potestatis
1543 2487 1746 2531 plenitudine,
1765 2486 1890 2531 praedi-

1152 2546 1215 2573 ctas
1229 2540 1273 2572 Pii
1289 2540 1542 2583 praedecessoris
1556 2541 1674 2574 litteras
1688 2540 1793 2585 quoad
1803 2550 1891 2584 prae-

1189 2614 1200 2638 1
1213 2611 1240 2638 ln
1250 2611 1365 2638 Bullario
1375 2615 1438 2638 tom.
1449 2618 1493 2645 vn,
1504 2620 1564 2647 pag.
1572 2612 1606 2640 55
1615 2611 1807 2640 habeturiuziz'
1814 2611 1890 2648 (nst).

1188 2656 1205 2684 2
1218 2656 1285 2684 Vide
1300 2659 1363 2684 tom.
1380 2663 1425 2690 vn,
1440 2665 1501 2693 pag.
1518 2657 1562 2685 31.
