2248 3229
68 236 118 263 An.
140 235 169 264 C.
188 236 255 264 1635

106 458 252 483 Peeuniasque

68 490 105 510 pro
117 484 196 505 sabi-ica
209 490 252 505 ext-

68 510 138 537 geniti.

107 1043 252 1069 opportunas-

67 1076 108 1096 que
124 1070 150 1090 ad
167 1071 187 1090 nt
202 1076 252 1089 cun-

66 1097 250 1118 cettusacuttates.

102 1527 193 1556 Derogat
201 1532 252 1547 eou-

67 1557 145 1574 trariis.

876 238 1018 262 ttnBANt's

268 283 354 317 sticis
371 283 565 317 secularibus
586 290 614 317 et
633 286 832 328 regularibus
847 290 1009 328 quantum-

268 337 314 370 vis
338 338 490 381 exemptis
523 338 667 381 exigendi
697 344 725 371 et
750 339 885 372 habendi
912 340 1004 373 licen-

269 391 342 424 tiam
367 391 526 425 concedat.

312 444 327 487 g
351 443 381 476 4.
410 444 540 488 Insuper
565 444 666 477 eidem
691 445 806 478 nuncio
827 451 935 479 nostro
952 457 1007 489 per

267 503 448 541 praesentes
480 499 707 532 committimus
737 505 768 531 et
800 500 1007 539 mandamus,

267 557 300 583 ut
324 552 499 596 praedictas
523 552 732 595 pecuniarum
763 564 921 595 summas⁷
952 563 1008 596 per

266 614 323 637 nos
347 605 448 637 eidem
474 604 609 637 fabricae
643 611 676 638 ut
707 606 884 649 praefertur
913 606 1008 649 appli—

265 662 359 699 catas,
385 668 421 690 ex
449 658 516 690 rata
548 659 708 701 augmenti
733 659 833 692 dietae
866 659 1007 702 gabellae

265 716 295 742 et
309 710 510 754 impositione
524 710 652 744 alterius
670 712 811 754 gabellae
826 711 1006 745 huiusmodi

266 762 388 806 integre
401 763 514 806 exigat,
535 770 565 796 et.
586 774 726 797 summas
742 765 922 798 huiusmodi
940 775 1008 808 per-

265 816 350 849 sonis
386 827 404 849 a
434 817 667 850 venerabilibus
702 818 852 851 fratribus
889 818 1007 851 nostris

265 869 294 902 S.
308 870 342 903 R.
362 870 394 903 E.
412 870 625 904 cardinalibus
643 870 744 904 eidem
763 871 899 904 fabricae
916 881 1006 915 prae-

266 923 353 957 sectis
372 923 579 965 declarandis,
593 935 651 968 pro
665 924 766 958 dictae
779 924 914 957 fabricae
926 935 1006 957 sum-

267 976 384 1021 ptibus,
402 977 573 1020 consignet.

311 1031 327 1074 §
351 1031 380 1063 5.
405 1032 468 1064 Nos
493 1031 575 1064 enim
600 1031 774 1075 praemissa
798 1031 930 1064 faciendi
945 1059 953 1071 ‚
978 1036 1006 1064 et

267 1085 394 1128 quasvis
417 1095 567 1129 personas
587 1085 625 1117 ad
642 1085 767 1117 easdem
792 1095 930 1118 summas
951 1086 1008 1118 eis-

266 1137 337 1170 dem
362 1138 587 1182 persolvendas
608 1139 755 1172 omnibus
780 1139 857 1172 iuris
881 1145 910 1171 et
938 1140 1007 1173 tacti

266 1192 424 1232 remediis,
450 1202 486 1225 ac
511 1193 653 1225 censuris
677 1198 704 1225 et
730 1193 840 1236 poenis
865 1193 1007 1226 ecclesia-

265 1245 360 1286 sticis,
385 1246 411 1278 si
435 1256 515 1290 opus
540 1246 643 1287 fuerit,
661 1247 794 1290 cogendi
819 1253 848 1279 et
873 1248 1008 1291 compel-

265 1299 360 1339 lendi,
385 1299 597 1344 auxiliumque
630 1301 752 1333 brachii
784 1301 956 1341 secularis,
983 1302 1007 1334 si

266 1353 359 1385 etiam
384 1363 464 1397 opus
488 1353 602 1394 fuerit,
627 1355 804 1396 invocandi,
830 1356 953 1399 plenam
979 1361 1007 1388 et

266 1406 398 1439 liberam
422 1407 610 1448 facultatem,
635 1409 819 1443 auctoritate
844 1416 873 1442 et
899 1416 1007 1443 tenore

266 1460 445 1504 praedictis,
471 1462 673 1495 concedimus
697 1469 727 1496 et
751 1463 961 1507 impertimur.

311 1515 326 1558 ἓ
351 1514 379 1547 6.
398 1515 466 1548 Non
483 1516 681 1550 obstantibus
698 1518 889 1560 praemissis,
911 1528 944 1551 ac
963 1530 1008 1552 re-

267 1567 341 1610 gula
358 1569 466 1600 nostra
483 1568 520 1601 de
538 1569 606 1601 iure
623 1570 765 1612 quaesito
780 1580 842 1602 non
858 1571 1006 1613 tollendo⁷

269 1621 398 1664 aliisque
419 1622 694 1656 constitutionibus
707 1629 737 1656 et
757 1624 1007 1658 ordinationibus

266 1676 456 1720 apostolicis,
473 1686 509 1709 ae
528 1677 651 1710 statutis
668 1683 697 1710 et
715 1678 1006 1719 consuetudinibus,

267 1730 359 1763 etiam
385 1731 561 1764 iuramento
576 1758 584 1772 ,
609 1731 848 1765 confirmatione
873 1738 1003 1776 aposto-

267 1784 336 1824 liea,
362 1784 408 1816 vel
433 1784 542 1827 quavis
570 1784 719 1819 firmitate
743 1785 803 1818 alia
828 1786 1006 1827 roboratis,

267 1837 443 1881 ceterisque
465 1839 631 1871 contrariis
656 1839 917 1884 quibuscumque.

309 1891 423 1924 Datum
447 1891 584 1932 Romae,
610 1893 694 1936 apud
718 1893 747 1926 S.
766 1894 894 1927 Mariam
915 1895 1005 1928 Maio—

268 1955 334 1977 rem
350 1971 357 1985 ,
382 1945 440 1977 sub
465 1945 581 1978 annulo
605 1945 782 1987 piscatoris,
804 1947 854 1980 die
876 1958 918 1981 ,xli
939 1949 1005 1981 iulii

267 2007 429 2039 Mncxxxv,
447 1998 647 2042 pontificatus
659 2000 760 2032 nostri
774 2010 856 2034 anno
875 2012 928 2035 xn.

302 2061 359 2089 Dat.
377 2061 420 2089 die
438 2062 470 2089 12
484 2062 544 2089 iulii
561 2062 643 2097 1635,
665 2063 760 2098 pontif.
778 2072 850 2092 anno
866 2072 913 2091 xii.

584 2223 682 2256 cxlx.

267 2318 515 2363 Arehz'episeopo
535 2319 714 2354 Senonensz·
731 2326 758 2354 et
779 2323 933 2366 episcopis
955 2324 1008 2357 Le>

310 2374 456 2406 moriensi
468 2378 496 2407 et
513 2373 792 2408 Autissiodorensz'
808 2377 955 2417 mandat,
973 2383 1008 2411 uc

312 2427 398 2459 circa
414 2427 592 2470 quamdam
614 2438 746 2462 causam
768 2430 848 2472 ipsis
865 2432 1008 2464 commis-

311 2491 392 2521 sam,
409 2484 582 2514 vertentem
595 2482 681 2515 inter
689 2487 906 2526 promotorem
918 2484 1008 2526 fisca-

314 2533 371 2567 lem
396 2534 506 2567 curiae
530 2534 816 2580 archiepiscopalis
831 2537 1005 2570 Rocltoma·

311 2587 418 2630 oensis
448 2594 477 2621 et
507 2588 673 2632 reputares
699 2589 841 2622 eiusdem
867 2591 1007 2624 civitatis

311 2651 408 2684 super
436 2641 664 2676 iurisdictione
693 2643 928 2688 archiepiscopi
952 2655 1006 2678 seu

1044 238 1100 262 vltt
1126 239 1173 261 ΡΡ,

1087 288 1285 330 esremple'one
1311 287 1525 331 regyulare'um,
1551 297 1646 320 satam
1670 286 1779 319 mode>-

1086 346 1199 374 rentm·
1219 341 1442 374 inhibitionem
1454 340 1471 372 ¹.

1042 412 1267 440 Venerabilihus
1292 413 1454 444 fratribus,
1480 413 1706 447 archiepiscopo
1731 413 1783 440 Se-

1076 456 1204 483 nonensi
1225 463 1259 483 ac
1283 457 1460 484 Lexoviensi
1480 460 1511 484 et.
1529 456 1783 484 Autissiodorensi

1077 501 1240 534 episcopis,
1254 501 1318 528 sive
1335 501 1455 528 dilectis
1470 501 1542 528 filiis
1557 508 1658 529 eorum
1673 501 1784 529 officia-

1056 564 1060 567 .
1077 545 1166 577 libus,
1188 548 1218 572 et,
1239 552 1340 572 eorum
1361 545 1502 577 cuilibet.

1236 593 1372 620 Urbanus
1402 594 1480 628 Papa
1508 595 1585 621 VIII.

1107 655 1301 682 venerabiles
1316 655 1437 689 fratres,
1454 655 1518 683 sive
1534 655 1638 683 dilecti
1653 656 1718 689 filii,

1077 699 1207 726 salutem
1228 703 1259 726 et.
1279 699 1476 733 apostolicam
1495 700 1744 728 benedictionem.

1085 765 1100 808 g
1130 766 1152 797 l.
1180 765 1324 798 Exhibita
1344 765 1456 799 nobis-‘³
1474 776 1575 811 nuper
1605 778 1663 811 pro
1693 772 1782 812 parte

1040 818 1227 851 dilectorum
1257 818 1395 851 filiorum
1424 820 1616 862 regularium
1649 821 1782 853 civitatis

1041 872 1301 914 Rothomagensis
1333 872 1442 916 petitio
1475 873 1673 915 continebat,
1698 874 1783 918 quod

1040 925 1115 957 alias
1140 926 1219 968 (pro
1245 931 1333 969 parte
1368 925 1472 958 dilecti
1509 926 1563 959 filii
1590 928 1782 970 promotoris

1040 977 1155 1010 fiscalis
1182 978 1288 1011 curiae
1312 978 1587 1023 archiepiscopalis
1613 980 1782 1014 nothoma-

1041 1031 1145 1075 gensis
1172 1031 1264 1065 nobis
1296 1032 1458 1066 humiliter
1487 1033 1677 1076 supplicato,
1707 1044 1783 1077 qua-

1042 1092 1131 1119 tenus
1165 1095 1290 1118 causam
1322 1091 1353 1118 et
1377 1096 1486 1119 causas
1510 1087 1729 1130 appellationis
1753 1093 1781 1119 et

1041 1139 1286 1183 appellationum
1312 1139 1547 1184 praedictorum
1573 1141 1783 1184 regularium,

1041 1193 1273 1236 exemptionem
1305 1193 1344 1225 ab
1376 1193 1536 1226 ordinaria
1569 1194 1784 1228 iurisdictione

1041 1246 1336 1289 praetendentium7
1364 1247 1565 1291 interpositae
1598 1253 1628 1280 et
1650 1249 1785 1293 interpo-

1042 1301 1188 1341 sitarum>
1214 1307 1243 1333 et
1274 1311 1337 1333 non
1368 1301 1554 1334 commissae
1567 1302 1587 1342 ³,
1610 1303 1682 1346 quia
1707 1303 1784 1347 lapsi

1041 1360 1128 1386 erant
1150 1366 1201 1387 sex
1223 1365 1356 1396 menses,
1381 1365 1397 1387 a
1416 1355 1577 1387 sententiis
1598 1361 1625 1388 et
1650 1355 1784 1390 decretis

1043 1408 1227 1441 venerabilis
1259 1409 1364 1441 fratris
1396 1409 1625 1453 archiepiscopi
1662 1410 1783 1443 Retho-

1043 1462 1199 1504 magensis
1231 1461 1269 1493 ad
1302 1462 1440 1494 savorem
1466 1467 1494 1494 et
1527 1462 1705 1495 instantiam
1731 1463 1785 1495 di—

1041 1516 1081 1548 eti
1099 1516 1293 1559 prornotoris
1311 1515 1425 1548 fiscalis
1443 1527 1501 1559 pro
1526 1516 1677 1549 interesse
1702 1528 1787 1550 men-

1042 1580 1092 1601 sae
1127 1570 1405 1613 arcliie11·iseopalis
1441 1571 1724 1613 Rothomageusis7
1755 1579 1785 1604 et

1042 1629 1150 1655 eontra
1175 1623 1275 1656 dictos
1300 1624 1463 1666 regulares
1489 1624 1685 1657 adversarios
1710 1635 1784 1658 con-

1041 1676 1205 1709 demnatos
1224 1677 1254 1708 in
1280 1677 1324 1708 ‹ttx
1334 1677 1411 1709 ersis
1428 1677 1537 1721 poenis
1563 1678 1654 1709 latius
1672 1678 1702 1710 in
1719 1688 1785 1710 sen—

1023 1730 1145 1771 ‚tentiis
1168 1730 1237 1763 latis
1251 1731 1386 1774 desuper
1399 1732 1563 1773 contentis⁷
1581 1732 1619 1763 ad
1637 1731 1783 1765 effectum

1040 1787 1073 1817 ut
1094 1784 1273 1827 praedictus
1297 1784 1556 1828 archiepiscopus
1581 1786 1783 1828 exequutioni

1041 1838 1243 1871 demandaret
1276 1838 1444 1871 tubitaeum
1478 1850 1495 1870 a
1526 1839 1616 1871 uobis
1641 1839 1678 1871 de
1703 1849 1784 1873 anno

1041 1892 1164 1925 Domini
1182 1902 1345 1926 ›ttvcxxxtv
1367 1903 1426 1936 pro
1449 1893 1705 1926 eluistifidelibus
1730 1893 1785 1925 im—

1040 1946 1211 1989 pertitum⁴¹
1238 1946 1306 1978 latis
1333 1956 1386 1978 seu
1412 1946 1510 1987 factis,
1531 1957 1565 1978 ac
1586 1946 1737 1978 nullitatis
1754 1953 1783 1979 et

1041 2000 1219 2031 millitatum
1238 2010 1273 2031 ex
1295 2002 1388 2031 causa
1414 1999 1585 2043 iniquitatis
1610 2005 1639 2031 et
1664 1999 1784 2032 iniusti-

1041 2053 1122 2093 tiae,
1147 2063 1181 2085 ac
1215 2064 1309 2096 quam
1335 2059 1362 2085 et
1389 2064 1466 2097 quas
1491 2053 1592 2085 dietus
1616 2059 1781 2097 promotor

1041 2106 1155 2138 fiscalis
1186 2112 1294 2139 contra
1320 2107 1481 2149 regulares
1506 2107 1684 2150 praedictos
1709 2118 1782 2140 om-

1040 2170 1157 2203 nesque
1175 2161 1251 2193 alios
1269 2171 1322 2193 sua
1348 2161 1497 2193 interesse
1521 2166 1665 2204 putantes
1690 2161 1783 2193 habe—

1042 2214 1091 2245 bat
1121 2218 1150 2246 et
1182 2214 1347 2256 movebat,
1381 2214 1560 2257 habereque
1591 2220 1621 2247 et
1654 2225 1782 2248 movere

1042 2267 1163 2300 volebat
1188 2272 1216 2300 et
1242 2268 1430 2309 intendebat,
1452 2268 1621 2301 audiendas
1646 2272 1676 2302 et
1701 2268 1781 2301 deci*

1042 2322 1158 2354 dendas
1183 2322 1393 2362 committere,
1419 2322 1557 2366 aliasque
1577 2322 1604 2355 ei
1630 2323 1660 2354 in
1686 2332 1775 2365 prae-

1043 2376 1144 2409 missis
1169 2376 1206 2409 de
1231 2382 1409 2420 opportuno
1434 2377 1511 2409 iuris
1535 2376 1675 2409 remedio
1700 2376 1777 2408 sub—

1043 2431 1147 2463 venire
1179 2431 1310 2474 paterna
1343 2430 1552 2464 sollicitudine
1583 2430 1780 2473 curaremus)

1079 2521 1087 2546 1
1112 2520 1148 2546 Es
1169 2522 1268 2554 regest.
1290 2520 1316 2546 in
1336 2519 1437 2546 Secret.
1455 2519 1530 2546 Brevi

1076 2564 1092 2590 ⁰2
1108 2564 1161 2591 Ista
1171 2565 1198 2590 in
1211 2564 1253 2591 ed.
1266 2563 1344 2591 Main.
1357 2563 1457 2598 legitur
1467 2563 1567 2591 inserta
1578 2565 1605 2591 in
1616 2573 1673 2600 seq.
1688 2565 1778 2600 (mr).

1076 2608 1092 2636 3
1107 2608 1249 2636 Videretur
1263 2609 1410 2643 legendum
1425 2609 1588 2637 commissas
1603 2609 1641 2644 (n.
1653 2609 1701 2643 T.).

1079 2653 1217 2682 llubilaei
1229 2653 1405 2681 indictionem
1416 2653 1500 2682 habes
1511 2662 1570 2689 sup.
1586 2662 1614 2689 p.
1627 2653 1678 2681 348
1688 2654 1779 2689 runt).

1686 228 1748 262 487
1796 239 1844 264 An.
1867 238 1896 265 c.
1914 239 1981 267 1635

1820 781 1874 801 ,tt-:1-
1886 781 1982 802 l‘rbunus

1798 808 1824 827 :ul
1861 811 1981 833 petitionem

1838 837 1924 854 motoris
1960 835 1982 854 li-

1798 867 1831 880 .t.t
1846 867 1860 880 ts
1909 867 1982 881 euri-iu

1799 888 1974 912 llutlmmngvuus

1798 920 1884 934 rausum
1896 914 1981 934 (ϊιιῑιῐὶίΑ

1798 944 1852 960 sumt
1865 957 1869 963 ,
1886 943 1947 966 prout
1963 941 1982 960 iu

1798 968 1892 988 rubrum
