2248 3229
109 213 164 240 An.
180 211 209 238 C.
235 211 302 240 1639

135 754 224 777 Motiva.

120 2305 235 2326 Confirmat
243 2311 291 2332 pro-

106 2334 129 2352 ut
144 2333 165 2353 ‘in
181 2332 273 2354 rubrica.

929 216 1072 241 URBANUS
1099 217 1152 242 vni
1177 218 1225 241 ΡΙ).

309 261 385 304 iugo
417 267 448 294 et
480 262 647 295 strictioris
682 263 901 297 observantiae
935 265 1054 308 regulis

310 314 470 348 Altissimo
503 316 720 349 stiniulantium
755 318 854 359 votis,
885 329 943 362 per
975 329 1054 362 quae

311 377 421 400 eorum
453 369 550 413 quieti
582 375 761 414 opportune
794 372 984 411 consulitur„
1011 371 1050 404 ti-

311 421 421 454 benter
435 423 614 462 annuimus,
629 435 664 456 ac
682 424 817 468 desuper
835 424 974 457 eiusdem
991 436 1055 457 mu—

309 475 394 507 neris
419 482 524 519 partes
550 478 716 520 propensis
740 478 852 511 studiis
878 479 1051 522 interponi-

311 539 390 570 mus,
410 535 442 562 ut
467 530 561 562 iidem
579 531 811 571 christifideles,
829 532 951 565 sublata
969 532 1053 565 omni

310 582 586 626 perturbatiomnn
614 586 755 624 materia,
782 585 811 617 in
838 585 924 629 pacis
948 596 1055 619 amoe-

310 635 416 672 nitate.
441 646 476 669 ae
502 637 618 670 iustitia
637 644 664 670 et
683 639 846 672 sanctitate
862 649 968 671 coram
992 639 1054 672 Deo

310 688 504 722 felicioribus
520 690 548 722 in
567 690 633 723 dies
653 691 819 734 proficiant
841 691 1053 725 incrementis.

355 742 370 785 ἓ
395 742 424 775 ¹1.
449 743 524 776 Cum
552 744 665 787 itaque,
683 745 762 777 sicut
781 745 870 778 nobis
887 756 988 789 nuper
1004 756 1055 778 ex-

311 796 385 839 poni
411 796 481 828 l'ecit
506 797 638 830 dilectus
664 798 746 831 lilius
770 799 920 832 Ascanius
937 799 976 831 ab
997 799 1053 832 As-

310 848 396 890 sisio,
408 854 598 892 procurator
614 851 770 894 generalis
783 853 915 885 l'ratrum
929 851 1054 886 Ordinis

310 901 465 935 Minorum
484 903 512 936 S.
531 903 689 937 Francisci
708 905 962 938 Reformatorum
979 916 1055 938 nun·

310 961 515 999 eupatorum,
540 958 710 991 nonnullae
734 958 847 991 domus
871 959 1052 1001 regulares,

310 1020 387 1052 quas
413 1010 524 1044 fratres
544 1011 680 1045 Minores
695 1012 734 1044 de
751 1011 955 1046 observantia
975 1023 1054 1045 nnn-

309 1063 412 1106 cupati
427 1063 552 1098 Ordinis
570 1065 719 1108 praedicti
735 1065 946 1108 possidebant,
961 1066 1053 1099 dictis

306 1115 458 1150 fratribus
491 1117 688 1157 Reformatis,
712 1119 884 1161 apostoliea
916 1121 1052 1153 auctori-

308 1174 379 1211 tate,
398 1171 474 1204 vela
488 1171 705 1215 superioribus
719 1171 844 1205 Ordinis
859 1172 1051 1216 huiusmodi,

307 1229 360 1257 aut
384 1224 460 1257 alias
485 1225 547 1258 alio
571 1225 666 1258 modo
687 1226 863 1269 assignatae
879 1232 909 1260 et
924 1238 1052 1261 conces-

307 1287 359 1310 sae
383 1277 520 1318 suerint;
546 1283 580 1310 ut
604 1283 708 1311 autem
739 1279 845 1312 litibus
870 1284 900 1313 et
924 1286 1050 1314 contro-

307 1330 428 1371 versiis,
453 1341 534 1375 quae
561 1337 731 1376 propterea
755 1333 895 1366 fortassis
920 1334 1049 1366 excitari

306 1389 442 1427 possent,
469 1384 517 1416 via
541 1385 773 1428 praecludatur,
794 1385 876 1418 idem
902 1397 1051 1430 procura-

307 1443 356 1471 tor
379 1438 608 1481 assignationes
632 1444 663 1471 et
686 1440 906 1473 concessiones
930 1440 1050 1483 praedi-

306 1497 371 1525 ctas
390 1492 575 1525 auctoritate
596 1494 703 1526 nostra
721 1493 891 1537 apostolica
908 1504 1051 1538 compro-

305 1545 386 1586 bari,
403 1550 433 1578 et
452 1546 528 1578 alias
553 1546 698 1590 desuper,
717 1551 750 1578 ut
771 1546 861 1587 infra,
882 1547 1049 1590 providere

306 1609 509 1643 summopere
526 1599 697 1633 desideret:
718 1610 786 1640 nos,
805 1600 946 1633 eiusdem
960 1602 1050 1634 Asea-

304 1651 348 1684 nii
373 1652 590 1695 procuratoris
609 1652 688 1686 votis
707 1652 887 1686 huiusmodi
913 1653 1049 1696 benigne

304 1715 443 1739 annuere
474 1707 631 1748 volentes,
662 1707 814 1751 illumque
845 1718 862 1740 a
887 1707 1050 1751 quibusvis

306 1761 653 1801 excommunicationis,
673 1761 891 1805 suspensionis
911 1767 942 1794 et
958 1761 1051 1794 inter-

305 1813 391 1855 dicti,
405 1814 537 1858 aliisque
551 1815 772 1848 ecclesiasticis
786 1814 958 1855 sententiis,
979 1825 1050 1848 cen-

306 1866 388 1900 suris
412 1872 442 1900 et
465 1867 594 1911 poenis,
619 1878 636 1900 a
660 1867 728 1901 iure
753 1868 800 1901 vel
832 1868 871 1901 ab
903 1868 1049 1909 homine,

306 1919 415 1963 quavis
439 1921 603 1953 occasione
628 1921 674 1954 vel
700 1923 795 1954 causa
819 1921 900 1962 latis,
925 1922 949 1955 si
979 1923 1048 1966 qui-

306 1972 365 2006 bus
397 1973 634 2016 quomodolibet
665 1974 832 2008 innodatus
864 1975 984 2016 existit,
1009 1975 1048 2008 ad

307 2025 453 2060 effectum
489 2027 702 2070 praesentium
737 2027 898 2060 dumtaxat
932 2038 1050 2061 conse-

307 2082 479 2125 quendum,
497 2082 610 2115 haruin
629 2082 710 2115 serie
727 2083 925 2116 absolventes
950 2088 980 2116 et
999 2083 1049 2116 ab·

307 2135 445 2169 solutum
471 2136 538 2169 sore
563 2139 742 2176 censentes,
767 2135 1048 2180 supplicationibus

307 2189 406 2234 ipsius
431 2190 554 2223 Ascanii
581 2190 796 2234 procuratoris
813 2190 942 2223 nomine
958 2190 1049 2224 nobis

307 2253 404 2288 super
427 2244 487 2277 hoc
513 2244 674 2277 liutniliter
697 2243 852 2288 porrectis
870 2243 1025 2285 inclinati,

351 2298 366 2342 ᾗ
390 2298 419 2331 2.
444 2298 679 2341 Assignationes
703 2303 733 2330 et
757 2298 978 2331 concessiones
997 2297 1049 2331 do-

307 2361 433 2385 morum
467 2352 660 2394 regularium
692 2351 924 2395 praedictarum
957 2351 1048 2384 dictis

306 2404 456 2438 fratribus
481 2405 668 2439 Refer-matis
682 2431 689 2445 ‚
714 2405 888 2449 apostolica
910 2405 1047 2438 anctori-

306 2463 377 2501 tate,
392 2459 438 2492 vcl
453 2470 470 2492 a
487 2459 704 2503 superioribus
717 2458 842 2492 Ordinis
856 2458 1047 2499 huiusmodi,

306 2512 354 2546 vel
378 2513 454 2546 alias
478 2512 715 2557 quomodolibet
742 2513 838 2546 factas
859 2516 891 2546 ut
907 2513 1047 2556 praeser-

305 2570 366 2610 tur,
391 2568 562 2612 apostolica
586 2568 789 2610 auctoritate,
815 2572 924 2601 tenore
956 2577 1047 2611 prae-

306 2622 454 2667 sentium,
470 2622 696 2656 confirmamus
715 2626 746 2656 et
769 2622 994 2666 approbamus,
1014 2621 1048 2655 il-

1739 208 1802 241 7⁹25

1090 265 1190 310 lisque
1211 265 1399 298 inviolabilis
1424 271 1595 309 perpetuae
1620 265 1777 298 firmitatis
1800 278 1832 299 a·

1091 319 1262 362 postolicae
1288 319 1386 353 robur
1411 319 1588 359 adiicimus,
1613 330 1648 353 ac
1673 330 1784 353 omnes
1803 324 1833 353 ct

1089 372 1231 415 singulos
1256 378 1318 405 tam
1346 373 1422 405 iuris
1447 384 1540 417 qnam
1568 373 1638 406 sacti
1671 372 1830 414 desectus,

1089 426 1113 458 si
1139 427 1192 469 qui
1218 427 1454 469 quomodolibet
1480 427 1703 460 intervenerint
1729 427 1759 459 in
1777 427 1834 460 eis-

1089 479 1171 517 dem,
1183 480 1377 523 supplemus.
1394 481 1572 514 ttandauics
1585 487 1754 525 propterea
1767 480 1833 524 qui-

1091 533 1196 565 busvis
1220 533 1293 565 dicti
1319 533 1444 566 Ordinis
1469 534 1686 578 superioribus
1711 539 1741 566 ct
1767 534 1830 566 sra-

1090 586 1199 626 tribns‚
1211 587 1511 632 (ptomodocmnqne
1522 588 1709 631 nuncupatis
1719 591 1748 621 et
1761 598 1833 631 qua-

1090 639 1222 681 lilicatis,
1237 639 1268 671 in
1286 641 1400 673 virtute
1425 646 1550 673 sanetae
1575 641 1830 681 obedientiae,ac

1090 692 1147 725 sub
1173 693 1359 736 privationis
1383 694 1467 727 vocis
1491 694 1609 727 activae
1635 699 1664 726 et
1690 694 1829 737 passivae

1089 755 1126 778 eo
1151 745 1218 788 ipso
1243 746 1452 788 incurrendis,
1476 747 1608 791 aliisque
1631 747 1753 780 arbitrii
1772 758 1829 780 no-

1089 798 1164 831 stri¹
1185 800 1304 843 poenis,
1330 811 1368 833 ne
1392 811 1488 844 super
1512 801 1778 844 assignationibus
1801 807 1831 834 et

1089 853 1347 886 concessionibus
1371 854 1539 897 praedictis
1563 855 1648 888 litem
1678 866 1732 888 seu
1761 855 1830 889 lites

1089 911 1198 938 eontra
1216 907 1412 940 Reformatos
1432 907 1614 941 huiusmodi
1633 919 1759 941 movere
1776 918 1831 940 sen

1090 958 1255 999 intentare,
1282 961 1327 993 vel
1348 961 1416 993 illos
1435 961 1464 993 in
1483 961 1530 994 ius
1548 972 1670 1003 vocare,
1688 966 1739 994 aut
1755 961 1830 994 alias

1088 1012 1325 1054 quomodolibet
1350 1013 1395 1046 eis
1420 1013 1554 1058 desuper
1580 1015 1754 1047 molestiam
1781 1025 1831 1047 ex-

1089 1065 1198 1098 hibere
1230 1066 1364 1099 audeant
1395 1078 1450 1100 seu
1481 1073 1703 1111 praesumant,
1729 1073 1758 1101 et
1782 1069 1828 1100 ni-

1089 1119 1260 1153 bilominus
1277 1131 1313 1154 ex
1333 1131 1417 1153 nune
1438 1121 1560 1154 irritum
1583 1126 1611 1156 et
1631 1121 1722 1154 inane
1743 1121 1830 1165 quid-

1086 1173 1161 1216 quid
1186 1184 1276 1207 secus
1300 1184 1395 1217 super
1421 1174 1468 1207 liis
1493 1185 1509 1207 a
1535 1185 1705 1218 quoquam,
1719 1175 1829 1219 quavis

1086 1228 1282 1269 auctoritate,
1308 1228 1443 1260 scienter
1460 1228 1506 1260 vel
1525 1229 1718 1271 ignoranter,
1733 1229 1828 1262 conti-

1085 1280 1167 1321 gerit
1191 1281 1346 1321 attentari,
1371 1281 1582 1314 decernimus.

1130 1333 1197 1377 {3
1224 1334 1291 1366 Non
1323 1334 1520 1368 obstantibus
1553 1335 1828 1369 constitutionibus

1085 1391 1115 1419 et
1143 1386 1394 1420 ordinationibus
1413 1388 1603 1431 apostolicis,
1624 1388 1760 1432 dictique
1773 1388 1828 1422 Or-

1085 1439 1176 1481 dinis,
1191 1441 1283 1473 etiam
1298 1441 1487 1483 iuramento,
1500 1442 1739 1475 confirmatione
1756 1452 1828 1486 apo-

1085 1493 1205 1533 stoliea,
1230 1494 1278 1526 vel
1295 1494 1355 1528 alia
1372 1494 1481 1537 quavis
1499 1494 1646 1529 firmitate
1657 1495 1826 1536 roboratis,

1084 1547 1205 1580 statutis
1218 1552 1247 1580 et
1260 1548 1552 1589 consuetudinilms,
1566 1548 1827 1592 privilegiisquo-

1084 1612 1153 1644 que,
1180 1601 1308 1634 indultis
1328 1606 1358 1634 et
1383 1601 1495 1634 litteris
1519 1603 1700 1646 apostolicis
1724 1603 1826 1636 cidem

1083 1653 1202 1695 Ordini,
1215 1654 1362 1697 illiusque
1379 1654 1526 1688 domibus
1542 1656 1752 1698 regularibus,
1774 1666 1825 1688 su-

1084 1708 1274 1751 perioribus,
1299 1708 1516 1748 conventibus,
1541 1708 1691 1742 fratribus
1715 1713 1745 1743 et
1762 1709 1827 1754 qui-

1084 1761 1189 1794 busvis
1215 1762 1282 1794 aliis
1306 1761 1337 1794 in
1358 1762 1552 1795 contrarium
1578 1763 1825 1806 praemissorum

1083 1815 1324 1858 quomodolibet
1356 1815 1535 1855 concessis,
1567 1816 1762 1849 confirmatis
1795 1821 1825 1849 et

1084 1868 1256 1909 innovatis3
1285 1868 1401 1912 quibus
1434 1869 1582 1902 omnibus
1613 1875 1644 1902 et
1673 1869 1824 1912 singulis,

1083 1931 1194 1954 eornm
1220 1926 1346 1956 tenores
1370 1923 1587 1966 praesentibus
1604 1933 1662 1966 pro
1684 1923 1776 1966 plene
1796 1928 1826 1955 et

1084 1976 1276 2009 sufficienter
1300 1977 1456 2020 expressis
1479 1977 1641 2015 habentes,
1666 1977 1727 2009 illis
1751 1976 1825 2009 alias

1085 2028 1116 2060 in
1140 2039 1197 2061 suo
1222 2029 1338 2063 robore
1363 2030 1589 2073 permansuris,
1610 2029 1648 2062 ad
1674 2030 1824 2073 praemis-

1084 2091 1192 2114 sorum
1218 2081 1382 2123 effectum,
1407 2083 1585 2126 specialiter
1616 2088 1646 2116 et
1678 2094 1825 2127 expresse

1083 2135 1291 2179 derogamus3
1312 2137 1487 2180 ceterisque
1513 2137 1680 2170 contrariis
1701 2137 1826 2181 quibus-

1083 2200 1228 2232 cumque.

1127 2243 1239 2276 Datum
1264 2243 1402 2285 Romae,
1428 2244 1512 2288 apud
1537 2244 1566 2278 S.
1585 2245 1712 2278 Mariam
1733 2245 1824 2278 Maio-

1084 2306 1162 2337 rem,
1187 2297 1245 2330 sub
1265 2297 1381 2331 annulo
1406 2297 1584 2339 Piscatoris,
1606 2298 1656 2331 die
1671 2308 1734 2332 xxx
1751 2298 1823 2332 maii

1082 2359 1254 2391 aincxxxtx,
1272 2351 1472 2394 pontificatus
1485 2351 1584 2385 nostri
1599 2362 1682 2385 anno
1700 2361 1764 2385 xvt.

1118 2413 1175 2440 Dat.
1191 2413 1236 2440 die
1251 2413 1286 2441 30
1305 2414 1369 2441 maii
1391 2414 1465 2448 1639,
1484 2414 1578 2450 pontif.
1597 2422 1667 2443 anno
1683 2421 1740 2442 xvi.

1119 2502 1128 2529 l
1153 2501 1246 2538 Aptius
1265 2503 1354 2530 forsan
1374 2503 1512 2538 legeretur
1531 2503 1564 2530 de
1579 2512 1656 2532 more
1675 2503 1755 2532 solito
1775 2512 1824 2531 αν-

1082 2547 1170 2575 bitrio
1190 2550 1287 2576 nostro
1305 2549 1344 2583 (n.
1361 2549 1408 2583 τ-).

1347 2615 1559 2637 4——

1848 219 1897 245 An,
1914 218 1942 246 C.
1965 218 2032 246 1639

1911 1345 2028 1366 (inuti-ariis

1843 1371 1914 1397 integ,
1925 1374 1938 1392 Ι.
