2248 3229
303 221 354 248 An.
379 220 408 248 c.
426 220 495 248 1635
541 212 604 245 510

354 2190 491 2211 confirmatur

307 2220 366 2243 prout
374 2224 392 2238 in
399 2217 491 2239 rubrica.

501 269 573 301 mali
597 273 781 311 praecepto,
807 276 928 299 necnon
954 266 1011 298 sub
1036 266 1154 309 poena¹
1181 277 1239 298 ex·-

502 319 793 354 communicationis
810 319 889 351 latae
910 319 1090 359 sententiae,
1106 319 1164 351 hac
1178 320 1239 352 una

500 385 558 417 pro
582 373 662 405 trina
688 373 837 405 canonica
861 373 1033 406 monitione
1053 373 1239 416 praeniissa,

500 436 517 458 a
552 436 612 468 qua
647 425 771 457 nonnisi
810 435 867 469 per
897 425 1081 468 magistrum
1116 425 1257 458 Ordinis*

500 478 547 510 vel
564 478 631 510 eius
646 478 794 511 vicarium
809 480 1000 521 generalem,
1017 484 1238 522 praeterquam

500 531 530 563 in
556 532 667 564 mortis
692 532 834 572 articulo,
859 532 978 575 possint
1003 533 1132 574 absolvi,
1154 537 1193 574 ct,
1213 532 1237 564 si

498 584 628 627 praelati
655 585 779 626 fuerint,
806 585 863 617 sub
888 587 990 628 poena
1008 585 1101 618 etiam
1119 585 1239 618 absolu-

499 637 592 670 tionis
608 648 624 670 a
642 637 706 670 suis
726 637 836 670 officiis
856 637 923 681 ipso
941 638 1021 671 sacto
1038 638 1238 678 incurrenda,

499 691 711 734 praecipimus
730 696 759 723 et
784 691 979 732 mandamus,
995 702 1033 724 ne
1051 691 1082 724 in
1101 692 1239 724 Romana

500 745 587 776 curia
611 745 773 787 negotium
798 745 936 788 aliquod,
958 745 1181 788 cuiuscumque
1206 745 1239 777 il-

500 796 553 829 lud
579 797 704 839 generis
729 797 782 838 sit,
807 808 864 841 per
889 808 942 838 se,
967 799 1013 830 vel
1039 809 1096 842 pei·
1121 798 1238 838 alium,

499 860 558 894 pro
584 861 626 891 se,
653 851 700 883 vel
725 861 784 894 pro
809 851 880 891 alio,
898 851 990 884 etiam
1009 856 1153 895 pratextii
1169 862 1240 895 pro-

500 903 670 937 curationis
695 904 743 936 vel
768 905 999 938 commissionis
1023 905 1081 937 sibi
1106 905 1195 938 datae
1223 915 1239 937 a

500 957 630 1000 propria
652 957 815 1000 provincia
841 958 888 990 vel
914 963 1079 998 conventu,
1105 969 1239 1001 quomo-

500 1010 618 1043 dolibet
642 1016 785 1051 tractare,
805 1021 988 1054 procurare,
1007 1012 1167 1051 inchoare,
1188 1017 1238 1044 aut
1256 1011 1258 1018 ⁴

500 1067 652 1097 attentare
665 1063 809 1105 audeant,
827 1064 886 1097 nisi
904 1075 960 1108 per
976 1065 1172 1108 praedictum
1191 1065 1240 1097 ad-

501 1117 630 1150 modum
645 1118 853 1150 reverendum
864 1123 985 1161 patrem
999 1122 1238 1162 procuratorem

501 1169 635 1210 Ordinis,
661 1171 707 1203 rel
732 1170 770 1202 de
795 1171 861 1203 eius
886 1171 965 1204 scitu
990 1176 1016 1203 et
1043 1174 1190 1215 expressa
1208 1172 1241 1204 li-

501 1223 601 1256 centia
617 1224 647 1255 in
662 1223 797 1267 scriptis.
813 1225 1014 1263 Revocantes‚
1026 1225 1239 1268 praesentium

501 1281 619 1318 tenore,
638 1287 748 1309 omnes
765 1277 926 1311 facultates
950 1278 1101 1310 hactenus
1121 1278 1151 1310 in
1170 1288 1241 1311 con-

500 1331 633 1363 trarium
658 1330 754 1371 datas,
780 1337 809 1364 et
830 1331 855 1364 si
873 1342 950 1374 quas
968 1331 1174 1376 imposterum
1193 1332 1240 1364 liis

501 1384 674 1417 contrarias
699 1384 765 1417 dari
792 1385 962 1427 contingat.

545 1437 586 1471 Ex
613 1438 732 1471 actibus
757 1438 885 1482 capituli
911 1439 1066 1482 generalis
1084 1439 1241 1472 Bononiae

501 1500 616 1525 iiDch.

545 1544 774 1578 Contirmamus
799 1550 828 1577 et
853 1555 1042 1578 renovamus
1069 1545 1239 1579 ordinatio-

501 1607 572 1631 nem
598 1598 714 1631 Romae
734 1598 845 1631 saetam
872 1608 989 1640 nocui,
1009 1602 1038 1632 et
1055 1598 1112 1631 sub
1132 1598 1241 1641 poenis

502 1651 533 1684 in
564 1652 673 1685 eodem
711 1652 846 1695 capitulo
886 1653 995 1685 taxatis
1031 1652 1241 1696 praecipimus

503 1706 650 1739 omnibus
675 1710 704 1740 et
728 1706 860 1748 singulis
885 1707 983 1739 nostri
1001 1706 1125 1740 Ordinis
1149 1707 1242 1750 patri<

502 1758 560 1792 bus
584 1770 619 1792 ac
644 1759 812 1799 fratribus,
838 1765 871 1792 ut
895 1769 1007 1799 nemo,
1033 1759 1096 1792 sire
1118 1770 1174 1802 per
1198 1769 1240 1799 se,

503 1812 568 1845 sive
591 1823 648 1855 per
672 1812 778 1851 alium,
800 1812 862 1844 sire
884 1812 1043 1852 secularis,
1058 1812 1121 1844 sive
1143 1812 1240 1845 nostri
1258 1808 1260 1821 ἱ

503 1863 627 1897 Ordinis
652 1865 747 1897 frater
764 1865 867 1906 suerit,
886 1870 915 1897 et
933 1866 1157 1908 cuiuscumque
1175 1875 1242 1907 gra-

504 1916 561 1950 dus
587 1921 616 1951 et
647 1917 834 1951 conditionis
860 1918 985 1958 existat,
1012 1918 1040 1949 in
1068 1918 1154 1951 curia
1186 1918 1260 1950 ΗΟιῚ

504 1973 594 2004 mana
619 1971 785 2014 quicquain
809 1971 873 2003 sine
894 1971 972 2004 scitu
998 1970 1161 2003 reverendi
1187 1970 1261 2003 ad-X

505 2024 633 2058 modum
651 2025 749 2068 patris
764 2025 980 2067 procuratoris
997 2024 1121 2058 Ordinis
1135 2029 1243 2057 tracta—

505 2088 538 2111 re
563 2078 610 2110 vel
635 2089 807 2120 procurare
832 2078 959 2117 audeal3

549 2131 564 2173 ἓ
579 2130 608 2164 9.
626 2131 844 2172 Nihilominus,
862 2142 932 2164 cuin
952 2131 1144 2175 experientia
1163 2141 1244 2164 com-

505 2187 628 2228 pertum
653 2184 701 2223 sit,
720 2184 813 2227 quod,
833 2190 885 2216 aut
902 2185 959 2217 sub
980 2188 1141 2228 praetextu
1160 2184 1244 2227 igno-

505 2237 624 2270 rantiae
649 2237 802 2270 dictorum
829 2238 1045 2278 decretorum,
1077 2243 1129 2270 aut
1159 2237 1242 2281 quod

506 2292 558 2324 illa
581 2302 643 2325 non
675 2292 735 2325 siiit
763 2292 792 2324 in
825 2303 899 2334 usu,
933 2302 1045 2335 parum
1080 2297 1132 2324 aut
1166 2291 1241 2323 nihil

506 2345 722 2386 observantur,
750 2346 779 2378 in
805 2356 899 2389 grave
920 2345 993 2378 dicti
1012 2345 1136 2378 Ordinis
1156 2355 1261 2391 praeg

507 2399 665 2441 iudiciuin,
691 2409 812 2432 necnon
838 2399 931 2432 officii
957 2398 1172 2442 procuratoris
1191 2409 1241 2441 ge-

506 2453 630 2495 neralis,
656 2456 684 2486 et
709 2453 738 2484 in
764 2453 846 2485 illius
868 2458 1026 2496 spretum,
1052 2451 1180 2492 idcirco,
1206 2461 1243 2483 ne

506 2506 643 2549 provisio
669 2506 884 2540 observantiae
909 2506 1046 2549 regulari
1067 2505 1144 2538 adeo
1166 2505 1243 2538 salu-

508 2560 580 2593 taris
605 2564 633 2593 et
658 2560 763 2593 Ordini
789 2560 950 2604 praedicto
973 2560 1114 2603 proficua
1140 2559 1168 2591 iii
1194 2559 1243 2591 de-

542 2622 555 2648 1
573 2621 642 2649 Edit.
660 2622 740 2649 Main.
759 2622 822 2658 legit
835 2623 936 2657 poenis
950 2622 987 2656 (R.
1005 2623 1053 2656 Τ.).

1075 219 1254 243 BL'LLARIUM
1279 219 1433 243 ROMANUM

1274 267 1470 299 suetudinem
1496 267 1594 309 abeat,
1615 268 1793 311 praedictus
1812 267 2006 309 Franciscus,

1256 346 1258 350 .
1273 324 1460 362 procurator
1474 319 1639 363 generalis,
1656 320 1746 353 nobis
1762 320 1924 354 humiliter
1941 330 2010 364 sup-

1273 372 1382 416 plicari
1407 373 1499 415 fecit,
1526 378 1559 405 iit
1583 372 1708 406 decreta
1732 373 1913 408 huiusmodi
1939 383 2010 417 apo-

1273 427 1400 460 stolicae
1412 432 1537 460 nostrae
1548 426 1795 460 confirmationis
1805 427 1918 461 robore
1929 437 2010 461 com-

1274 480 1396 512 munire
1426 480 1464 512 de
1493 479 1685 522 benignitate
1709 480 1880 523 apostolica
1904 480 2011 523 digna-

1274 543 1390 565 remur.
1428 533 1490 566 Nos
1515 532 1631 575 igitur,
1656 532 1774 565 dictum
1810 532 2010 565 Franciscum

1273 591 1513 629 procuratorem
1538 586 1718 628 generalem
1751 585 1936 629 specialibus
1960 585 2009 617 sa*

1274 639 1403 671 voi-ibus
1428 644 1458 671 et
1482 638 1591 682 gratiis
1615 638 1765 682 prosequi
1799 638 1958 679 volentes,
1982 641 2012 671 et

1273 702 1290 724 a
1315 692 1477 735 quibusvis
1503 692 1848 733 excommunicationis,
1873 701 2007 736 suspen-

1256 744 1369 777 lsionis
1394 750 1424 777 et
1449 745 1615 785 interdicti,
1640 744 1770 789 aliisque
1795 745 2012 778 ecclesiasticis

1274 797 1452 839 sententiis,
1479 797 1619 831 censuris
1644 802 1673 830 et
1696 798 1815 841 poenis,
1833 808 1850 830 a
1872 798 1940 831 iure
1963 797 2011 830 vel

1273 850 1312 882 ab
1337 851 1483 891 homine,
1509 851 1617 894 quavis
1641 851 1805 884 occasione
1837 851 1883 884 vel
1919 852 2012 884 causa

1274 904 1364 945 latis,
1390 905 1414 936 si
1441 904 1554 948 quibus
1585 904 1821 948 quomodolibet
1846 904 2012 938 innodatus

1274 957 1386 998 existit,
1404 957 1442 990 ad
1460 957 1604 990 effectum
1622 958 1835 1001 praesentium
1852 957 2011 991 dumtaxat

1274 1010 1548 1054 consequendum,
1573 1010 1686 1043 harum
1712 1010 1792 1044 serie
1816 1010 2012 1044 absolventes

1274 1069 1304 1096 et
1328 1064 1505 1097 absolutum
1532 1064 1600 1097 sore
1625 1069 1806 1107 censentes,
1831 1063 2012 1097 huiusmodi

1256 1157 1258 1169 Α
1274 1117 1555 1161 supplicationibus
1573 1117 1722 1158 inclinati,
1744 1117 1868 1151 decreta
1891 1117 2014 1161 praein-

1275 1176 1356 1203 serta
1370 1182 1440 1204 cum
1462 1171 1608 1204 omnibus
1633 1176 1663 1204 et
1686 1171 1817 1214 singulis
1833 1171 1865 1204 in
1881 1171 1925 1204 eis
1941 1181 2012 1204 con-

1275 1224 1376 1264 tentis,
1400 1224 1572 1268 apostolica
1588 1224 1782 1265 auctoritate,
1801 1230 1908 1258 tenore
1924 1234 2014 1269 prae-

1275 1277 1421 1318 sentium,
1435 1277 1646 1321 approbamus
1671 1283 1701 1311 et
1725 1277 1961 1318 confirmamus,
1982 1277 2014 1310 il-

1275 1329 1375 1373 lisque
1410 1330 1598 1363 inviolabilis
1634 1331 1824 1374 apostolicae
1855 1329 2012 1363 firmitatis

1275 1383 1372 1416 robur
1408 1383 1594 1425 adiicimus,
1619 1394 1654 1417 ac
1678 1394 1787 1418 omnes
1812 1389 1842 1417 et
1874 1383 2014 1427 singulos

1276 1442 1336 1469 tam
1362 1437 1440 1470 iuris
1465 1448 1557 1481 quam
1583 1437 1653 1471 facti
1679 1437 1827 1478 desectus,
1845 1437 1869 1470 si
1894 1437 1946 1482 qui
1964 1437 2015 1470 de-

1276 1501 1371 1534 super
1402 1490 1639 1534 quomodolibet
1665 1491 1908 1532 intervenerint,
1941 1501 2014 1535 sup-

1275 1544 1407 1587 plemus.

1320 1598 1334 1641 g
1349 1597 1378 1631 3.
1397 1598 1604 1632 Decernentes
1619 1598 1681 1639 illa,
1695 1608 1818 1631 necnon
1835 1602 2014 1642 praesentes

1276 1651 1394 1685 litteras
1418 1651 1528 1692 valida,
1548 1651 1638 1684 firma
1663 1656 1693 1684 et
1716 1651 1853 1684 efficacia
1881 1651 2014 1684 existere

1276 1710 1305 1737 et
1331 1706 1406 1745 sore,
1433 1715 1566 1749 suosque
1591 1700 1749 1748 plenarios
1767 1710 1796 1737 et
1820 1705 1959 1747 integros
1975 1704 2014 1737 es-

1276 1759 1374 1792 scetus
1399 1759 1505 1792 sortiri
1530 1764 1560 1791 et
1584 1759 1735 1800 obtinere,
1754 1769 1789 1792 ac
1807 1759 1845 1791 ab
1869 1758 2016 1792 omnibus

1277 1817 1306 1844 et
1331 1812 1460 1854 singulis
1485 1812 1558 1844 dicti
1588 1811 1713 1845 Ordinis
1745 1817 1774 1844 et
1798 1811 1948 1845 fratribus
1972 1811 2016 1844 in-

1276 1865 1465 1897 violabiliter
1489 1865 1651 1898 observari
1679 1865 1805 1906 debere,
1831 1875 1866 1898 ac
1890 1864 2014 1898 irritum

1277 1923 1306 1950 et
1331 1918 1431 1958 inane,
1457 1918 1481 1950 si
1505 1928 1594 1950 secus
1619 1917 1778 1961 superbis
1799 1928 1816 1950 a
1839 1928 2015 1962 quoquam,

1277 1971 1384 2014 quavis
1409 1971 1613 2011 auctoritate,
1637 1971 1770 2004 scienter
1795 1971 1842 2004 vel
1869 1971 2015 2014 ignoran-

1277 2029 1333 2065 ter,
1360 2024 1527 2067 contigerit
1551 2024 1705 2057 attentari.

1260 2067 1261 2072 ¹
1321 2078 1336 2121 ξς
1352 2077 1381 2110 4.
1401 2078 1468 2110 Non
1486 2078 1682 2111 obstantibus
1697 2077 1972 2112 constitutionibus
1986 2083 2016 2111 et

1277 2130 1528 2163 ordinationibus
1552 2131 1740 2174 apostolicis,
1768 2142 1803 2164 ac
1828 2131 1901 2164 dicti
1925 2130 2015 2165 Ordi-

1277 2184 1335 2224 nis,
1360 2184 1453 2216 etiam
1479 2184 1665 2225 iuramento,
1683 2184 1924 2218 confirmatione
1944 2194 2016 2228 apo-

1278 2237 1397 2279 stolica,
1422 2238 1468 2269 rel
1483 2237 1591 2280 quavis
1608 2237 1756 2270 firmitate
1773 2237 1832 2270 alia
1848 2236 2015 2278 roboratis,

1278 2290 1398 2323 statutis
1413 2295 1442 2323 et
1456 2289 1743 2331 consuetudinibus,
1758 2290 1931 2333 ceterisque
1943 2283 2017 2323 ‘con-

1277 2343 1381 2377 trariis
1402 2344 1662 2387 quibuscumque.

1260 2435 1262 2447 Ι
1322 2397 1431 2430 Datum
1450 2398 1576 2438 Romae,
1594 2396 1676 2441 apud
1690 2397 1717 2430 S.
1737 2396 1873 2438 Petrum,
1887 2396 1944 2430 sub
1967 2407 2017 2430 an-

1260 2449 1262 2475 t
1277 2451 1351 2484 nulo
1369 2450 1546 2491 piscatoris,
1557 2450 1606 2483 die
1616 2460 1649 2483 111
1663 2450 1840 2484 decembris
1853 2459 2015 2489 iincxxxv,

1260 2518 1262 2531 i
1277 2504 1476 2548 pontificatus
1495 2504 1593 2538 nostri
1619 2515 1699 2538 anno
1717 2514 1781 2537 xm.

1314 2567 1371 2595 Dat.
1389 2568 1432 2595 die
1449 2568 1464 2595 3
1480 2567 1630 2594 decembris
1648 2567 1724 2599 1635,
1742 2566 1836 2602 pontis.
1854 2574 1922 2593 anno
1939 2572 1996 2593 xiii.

2023 219 2075 246 An.
2096 219 2125 247 C.
2143 219 2210 248 1635

2056 1608 2168 1630 Decretum
2186 1609 2214 1629 ir-
2246 1610 2248 1612 “

2029 1636 2102 1657 riiaus.

2099 2085 2214 2115 Derogatto

2031 2114 2191 2133 contrariorum.
