2248 3229
162 231 213 259 Αιι.
229 231 260 258 C.
278 230 345 259 1638

4 1590 20 1667 ’Q-
0 1242 19 1572 onam—s,
0 1127 5 1219 -“’

0 1722 14 1761 οἶ

197 1889 284 1912 Mandat
305 1892 341 1912 ob·

155 1921 237 1937 servan
262 1920 341 1938 na'u'a

155 1943 228 1968 qunad
265 1944 340 1965 iubila-

155 1971 242 1990 tionem.

0 2987 12 3069 *v--o
0 2440 18 2956 wau-‹v-

974 233 1116 257 UnnANUS

361 279 550 314 adfuturam
567 279 782 314 iubilationem
795 290 859 314 non
876 280 1102 322 introducatur,
1118 282 1121 306 Ι

360 332 420 365 nisi
444 332 497 366 ubi
521 333 623 366 studia
646 334 780 367 formata
805 334 961 378 viguerint
991 339 1021 367 et
1047 312 1121 389 {ge-²

360 386 479 420 neralia
506 392 599 431 atque
615 397 633 419 a
650 387 788 431 capitulo
808 392 837 420 et
857 387 1102 430 congregatione

361 438 561 482 generalibus
586 439 739 478 instituta;
765 438 849 483 quod
874 439 1024 479 lectores,
1048 439 1120 486 quiJ

361 502 423 525 non
441 492 720 525 intervenientibus
736 491 904 536 praedictis
920 491 1103 525 conditioni·
1118 491 1120 532 ζ

360 545 418 579 bus
430 555 487 590 per
503 545 697 590 provinciam
712 546 758 578 vel
778 556 834 590 per
856 545 1035 589 superiores
1048 556 1101 588 ge-
1118 540 1120 592 ζ

360 598 484 632 nerales
503 598 542 632 ad
564 598 779 632 iubilationem
795 598 922 631 admissi
941 598 1101 642 reperien-

361 656 420 692 tur,
437 663 475 686 eo
496 653 564 696 ipso
581 652 713 687 nulliter.
727 652 847 686 iubilati
872 658 1076 692 censeantur;

403 705 419 749 §
438 705 468 738 4.
487 705 525 739 Ut
548 715 700 739 numerus
721 705 875 739 lectorum
897 705 1099 738 iubilatorum

359 758 570 802 restringatur
594 758 679 792 iuxta
702 758 939 803 dispositionem
973 752 1119 802 capituli]

359 811 515 855 generalis
540 811 571 844 in
596 812 678 844 alma
703 812 786 846 Urbe
810 821 892 845 anno
917 821 1025 846 uncxit
1049 822 1100 845 ce-

360 864 470 898 lebrati
494 875 554 909 pro
578 865 812 899 ultramontana
836 864 971 905 familia,
993 864 1100 898 rideli-

359 924 419 959 cet,
436 924 479 960 ut,
497 929 557 962 pro
577 928 767 962 unoquoque
787 917 891 952 studio
911 918 1050 961 generali
1069 919 1100 951 in

359 972 491 1015 singulis
515 971 688 1016 provinciis
711 971 866 1012 existenti,
891 971 953 1004 duo
979 977 1098 1005 tantum

359 1024 479 1058 iubilati
490 1024 724 1069 permittantur,
734 1029 764 1057 et
773 1024 915 1068 quolibet
924 1024 1099 1066 deficiente,
1116 1046 1117 1063 2

358 1080 428 1113 loco
452 1078 550 1123 ipsius
573 1078 652 1112 alter
676 1077 860 1119 sufficiatur,
881 1078 934 1122 qui
955 1078 1099 1112 lectionis

358 1143 486 1166 cursum
500 1132 589 1176 prius
605 1132 791 1173 absolverit;
809 1131 948 1173 demum,
964 1143 1022 1176 pro
1036 1143 1100 1166 scr-

359 1186 460 1219 vanda
491 1186 523 1219 in
555 1185 727 1230 provinciis
758 1185 831 1219 dicti
857 1185 982 1219 Ordinis
1014 1191 1098 1219 tran-

357 1239 520 1283 quillitate,
537 1238 810 1283 reprimendisque
834 1239 974 1283 querelis
992 1238 1022 1271 in
1040 1239 1099 1272 hac

357 1293 444 1326 curia
469 1292 500 1326 in
524 1292 591 1326 dies
615 1292 853 1335 exurgentibus,
870 1302 908 1326 eo
933 1292 1018 1335 quod
1035 1292 1100 1336 plu-

358 1346 442 1387 rimi,
465 1355 529 1380 non
553 1345 687 1389 probato
703 1345 843 1388 legitime
864 1346 1007 1379 lectionis
1025 1351 1099 1379 tem-

358 1410 446 1444 pore,
463 1404 584 1432 etcum
611 1399 766 1432 maiorum
791 1398 976 1443 deceptione
1000 1410 1096 1444 supe-

357 1453 489 1493 riorum,
515 1452 730 1486 iubilationem
754 1452 968 1494 obtinuerunt,
989 1453 1098 1486 statui-

358 1516 428 1539 mus
459 1505 578 1550 pariter
609 1511 639 1539 et
670 1505 874 1548 ordinamus,
901 1511 934 1539 ut
958 1506 1116 1550 praefato*

357 1569 446 1593 more
464 1559 702 1592 informationes
718 1563 749 1591 et
766 1559 919 1602 temporis
936 1559 974 1592 ad
995 1559 1099 1593 lectio-

356 1622 428 1645 nem
453 1612 615 1645 constituti
634 1611 847 1646 attestationes
863 1622 920 1656 per
937 1612 1098 1646 ministros

356 1665 564 1710 provinciales
588 1665 626 1699 de
650 1675 733 1698 noro
757 1665 981 1706 conficiantur,
1006 1670 1035 1700 et
1059 1667 1098 1699 ad

355 1719 518 1762 generales
545 1719 726 1763 superiores
756 1717 899 1752 firmatae
929 1718 1098 1762 sigillatae-

355 1782 417 1816 que
440 1772 658 1812 remittantur,
683 1777 717 1804 ut
741 1771 800 1805 hac
824 1772 946 1805 ratione
971 1773 1096 1805 relaxa-

357 1825 494 1859 tionibus
519 1830 550 1858 et
573 1825 724 1858 abusibus
747 1824 872 1859 obviam
897 1830 994 1858 eatur.

400 1879 416 1923 §
440 1878 469 1912 5.
494 1878 673 1912 Mandantes
702 1883 870 1921 propterea
894 1878 1043 1912 omnibus
1067 1884 1098 1912 et

356 1932 488 1975 singulis
512 1931 613 1965 dictae
641 1930 854 1964 cismontanae
878 1930 1014 1964 familiae
1038 1931 1096 1965 Or-

355 1986 437 2019 dinis
471 1984 652 2018 huiusmodi
677 1983 923 2027 superioribus,
948 1984 1097 2018 fratribus

355 2046 385 2073 et
404 2039 558 2084 pet-sonis,
575 2048 777 2083 quocumque
793 2038 920 2071 nomine
937 2048 1098 2082 nuncupa-

356 2093 404 2134 tis,
429 2093 468 2126 ad
491 2103 572 2137 quos
595 2095 715 2136 spectat
732 2097 761 2124 et
783 2102 842 2135 pro
863 2096 1004 2135 tempore
1023 2102 1098 2135 quo-

355 2146 527 2181 modolibet
558 2145 732 2190 spectabit,
767 2145 797 2177 in
829 2144 942 2179 virtute
972 2150 1097 2178 sanctae

355 2199 562 2240 obedientiae,
583 2209 619 2232 ac
640 2198 698 2232 sub
719 2197 941 2241 indignationis
966 2197 1096 2241 aliisque

354 2253 476 2287 arbitrii
506 2252 606 2286 nostri
638 2252 770 2296 poenis,
794 2262 833 2285 ne
861 2251 944 2285 circa
973 2251 1097 2295 praedi-

355 2312 478 2341 ctorum
503 2307 658 2340 lectorum
684 2305 901 2338 iubilationem
926 2304 1095 2349 quicquam

353 2360 429 2394 alias
460 2370 554 2404 quam
586 2360 618 2392 in
649 2358 818 2403 praedictis
842 2357 965 2391 statutis
989 2358 1095 2402 dispo-

354 2415 439 2448 nitur
473 2414 538 2447 ullo
574 2424 712 2457 unquam
747 2418 890 2457 tempore
919 2412 957 2445 de
990 2418 1113 2458 cetero¹

354 2469 457 2502 facere
488 2468 534 2500 vel
570 2472 723 2500 attentare
751 2466 886 2500 audeant
917 2476 972 2499 seu
1005 2478 1096 2510 prae-

354 2526 489 2562 sumant,
502 2531 537 2554 ac
551 2519 756 2553 decernentes
773 2525 886 2553 statuta
904 2519 1096 2561 huiusmodi,

354 2585 476 2610 necnon
500 2580 682 2619 praesentes
707 2575 840 2617 litteras,
865 2574 980 2615 valida,
1004 2574 1096 2607 firma

355 2635 385 2663 et
409 2629 547 2664 efficacia
571 2628 705 2662 existere
729 2634 759 2661 et
783 2629 859 2669 sore,
879 2638 1016 2672 suosque
1035 2628 1098 2672 ple-

437 2692 516 2720 Butt.
539 2692 621 2719 Rom.
665 2691 723 2720 Vol.
744 2691 818 2719 Xlt'.
981 2690 1010 2717 81

1140 232 1198 257 v111
1220 232 1270 257 1³1³.

1136 280 1242 314 narios
1267 283 1296 314 et
1320 279 1460 323 integros
1485 279 1616 314 effectus
1639 279 1746 314 sortiri
1770 285 1800 313 et
1824 280 1878 314 ob-

1137 334 1245 376 tinere,
1264 344 1300 367 ac
1317 333 1441 366 irritum
1460 338 1490 367 et
1510 333 1611 374 inane,
1628 333 1654 366 si
1671 343 1761 367 secus
1781 343 1877 378 super

1137 387 1185 420 his
1209 397 1226 420 a
1251 397 1420 431 quoquam,
1438 387 1547 431 quavis
1563 387 1760 427 auctoritate,
1776 387 1877 420 scien-

1137 446 1184 472 ter
1210 440 1259 472 vel
1285 440 1476 483 ignoranter,
1501 440 1668 483 contigerit
1691 440 1846 473 attentari.

1181 493 1195 536 g
1220 492 1248 525 6.
1270 493 1337 526 Non
1358 493 1552 527 obstantibus
1577 493 1739 537 quibusvis
1763 493 1876 527 consti·
1919 504 2076 529 nerogatcon-

1893 531 1970 553 trariis.

1137 545 1309 579 tutionibus
1341 551 1370 579 et
1400 546 1650 580 ordinationibus
1674 547 1876 591 apostolicis,

1135 609 1172 632 ac
1195 599 1269 632 dicti
1294 599 1419 633 Ordinis
1444 603 1473 634 et
1497 601 1708 634 cismontanae
1741 600 1877 634 familiae

1118 643 1338 695 [liuiusmodi,
1364 654 1458 687 etiam
1483 654 1677 695 iuramento,
1702 655 1874 688 confirma-

1118 705 1119 735 ἶ
1137 706 1220 740 tione
1239 707 1424 750 apostolica,
1443 708 1489 740 rel
1514 707 1623 751 quavis
1648 708 1796 742 firmitate
1815 709 1877 742 alia

1136 759 1315 801 roboratis,
1349 760 1472 793 statutis
1508 767 1538 793 et
1574 761 1876 803 consuctudinibus,

1135 813 1309 856 privilegiis
1327 824 1462 857 quoque,
1480 814 1607 847 indultis
1624 820 1654 848 et
1671 815 1783 848 litteris
1802 826 1876 860 apo-

1135 865 1271 907 stolicis,
1297 866 1460 911 quibusvis
1483 867 1558 901 dicti
1583 867 1707 901 Ordinis
1731 869 1876 913 superio-

1135 919 1238 960 ribus,
1263 920 1413 953 fratribus
1438 926 1467 954 et
1491 921 1644 965 personis,
1662 922 1719 955 sub
1739 923 1872 966 quibus-

1135 973 1457 1017 cumquqverborum
1477 974 1637 1007 tenoribus
1657 980 1688 1008 et
1704 975 1822 1018 formis,
1841 988 1877 1009 ac

1135 1036 1206 1059 cum
1223 1026 1386 1069 quibusvis
1413 1026 1506 1059 etiam
1527 1027 1801 1070 derogatoriarum
1823 1029 1875 1062 de-

1135 1079 1312 1123 rogatoriis,
1333 1080 1464 1124 aliisque
1488 1081 1718 1114 efficacioribus
1742 1088 1772 1115 et
1797 1082 1877 1116 inso-

1135 1133 1196 1166 litis
1221 1134 1378 1174 clausulis,
1396 1133 1658 1179 irritantibusque
1683 1141 1712 1168 et
1735 1135 1804 1168 aliis
1824 1136 1875 1169 de-

1134 1186 1245 1228 cretis,
1269 1186 1301 1219 in
1325 1197 1441 1229 genere
1466 1187 1513 1220 vel
1538 1187 1570 1220 in
1595 1188 1714 1232 specie,
1739 1199 1775 1222 ac
1800 1190 1875 1223 alias

1134 1240 1165 1273 in
1201 1240 1393 1274 contrarium
1427 1241 1665 1285 quomodolibet
1697 1244 1874 1286 concessis,

1134 1294 1329 1328 confirmatis
1353 1299 1383 1327 et
1407 1294 1576 1334 innovatis;
1593 1295 1707 1339 quibus
1727 1296 1875 1329 omnihus

1133 1354 1164 1381 et
1187 1348 1337 1391 singulis,
1362 1358 1472 1381 eorum
1503 1355 1627 1383 tenores
1657 1351 1875 1394 praesentibus

1133 1411 1191 1444 pro
1220 1401 1412 1434 sufficienter
1440 1402 1597 1446 expressis
1622 1403 1788 1444 habentes,
1814 1404 1875 1437 illis

1133 1454 1208 1486 alias
1228 1453 1259 1486 in
1279 1464 1335 1487 suo
1356 1454 1473 1487 robore
1489 1456 1714 1498 permansuris,
1733 1456 1791 1488 hac
1808 1456 1875 1489 vice

1133 1507 1295 1540 dumtaxat
1315 1508 1493 1552 specialiter
1517 1514 1547 1542 et
1571 1520 1719 1553 expresse
1743 1509 1875 1552 deroga-

1134 1571 1216 1600 mus;
1234 1562 1409 1605 ceterisque
1426 1563 1593 1595 contrariis
1609 1563 1872 1609 quibuscumque.

1177 1615 1192 1658 ξ
1217 1614 1244 1647 7.
1271 1615 1421 1648 Volumus
1450 1622 1574 1657 autem,
1599 1622 1633 1649 ut
1658 1617 1874 1661 praesentium

1133 1669 1354 1712 transumptis,
1379 1669 1471 1702 etiam
1498 1670 1677 1714 impressis,
1702 1682 1798 1704 manu
1821 1672 1875 1704 ali-

1132 1721 1220 1754 cuius
1237 1722 1350 1756 notarii
1370 1723 1486 1766 publici
1508 1724 1705 1767 subscriptiS,
1723 1728 1753 1758 et
1769 1722 1874 1768 sigillo

1131 1785 1285 1819 personae
1316 1776 1348 1808 in
1380 1776 1530 1819 dignitate
1561 1777 1774 1811 ecelesiastica
1799 1789 1874 1812 con-

1132 1829 1257 1863 stitutae
1282 1831 1421 1871 munitis,
1447 1830 1556 1863 eadem
1583 1842 1715 1875 prorsus
1739 1832 1818 1865 fides
1843 1833 1874 1865 in

1132 1883 1248 1917 iudicio
1281 1888 1310 1918 et
1341 1888 1428 1918 extra
1459 1884 1537 1917 illud
1561 1884 1769 1927 adhibeatur,
1794 1897 1874 1929 quae

1131 1937 1206 1981 ipsis
1236 1938 1454 1982 praesentibus
1477 1938 1698 1980 adhiberetur,
1722 1939 1747 1972 si
1771 1940 1874 1974 forent

1131 1990 1287 2024 exhibitae
1312 1992 1358 2024 vel
1383 1997 1536 2025 ostensae.

1175 2044 1287 2078 Datum
1301 2046 1427 2087 Romae,
1438 2045 1521 2089 apud
1538 2046 1567 2079 S.
1586 2046 1724 2086 Petrum,
1738 2046 1796 2079 sub
1821 2057 1873 2079 an-

1130 2098 1206 2131 nulo
1231 2098 1413 2139 Piscatoris‚
1430 2098 1480 2132 die
1500 2109 1521 2132 ιι
1539 2099 1643 2132 martii
1665 2110 1872 2141 nincxxxvur,

1131 2151 1331 2195 pontificatus
1355 2152 1455 2185 nostri
1479 2162 1561 2186 anno
1588 2163 1639 2187 xv.

1166 2212 1224 2240 Dat.
1242 2212 1285 2240 die
1299 2213 1316 2240 2
1333 2213 1422 2240 martii
1444 2214 1527 2248 1638,
1549 2214 1646 2249 pontis.
1668 2222 1738 2242 anno
1755 2221 1800 2242 xv.

1436 2339 1561 2373 Dxctx.

1129 2412 1176 2445 Ne
1188 2411 1324 2456 parochi
1334 2411 1408 2455 plus
1417 2413 1582 2456 percipere
1592 2413 1718 2456 possint
1728 2413 1759 2445 in
1770 2413 1873 2456 sepul-

1175 2467 1257 2499 turis
1267 2475 1350 2509 quae
1362 2465 1445 2507 fiunt
1455 2466 1491 2498 in
1501 2466 1611 2498 ecclesi
1614 2466 1640 2498 is
1651 2466 1800 2509 requlari
1803 2477 1870 2503 um,

1172 2529 1273 2563 quam
1292 2519 1327 2552 in
1342 2519 1387 2552 eis
1403 2529 1487 2563 quae
1503 2519 1587 2562 fitmt
1605 2520 1641 2552 in
1653 2519 1801 2564 propriis
1815 2518 1832 2551 ¹.

1166 2593 1176 2617 t
1194 2591 1232 2618 De
1250 2590 1298 2617 hac
1314 2599 1343 2617 re
1362 2590 1422 2618 ride
1444 2590 1534 2626 plures
1554 2590 1620 2618 alias
1635 2591 1775 2618 constitut.
1792 2594 1811 2617 t.
1829 2597 1868 2626 ιιι,

1130 2643 1190 2672 pag.
1205 2635 1250 2670 60,
1270 2635 1328 2670 196,
1345 2634 1410 2667 508;
1428 2640 1454 2662 et
1469 2639 1534 2663 tom.
1550 2642 1594 2669 xu,
1611 2643 1673 2671 pag.
1691 2634 1741 2662 617
1757 2637 1795 2669 (ιι.
1807 2636 1856 2669 τ.).

1783 223 1842 257 641
1892 232 1945 260 An.
1961 231 1989 259 C.
2007 231 2075 260 ¹638

1929 1621 2074 1646 Tranzurnptis

1889 1647 1948 1669 credi
1963 1648 2057 1668 mandat.
