<?xml version="1.0" encoding="UTF-8"?>
<!DOCTYPE html PUBLIC "-//W3C//DTD XHTML 1.0 Transitional//EN"
    "http://www.w3.org/TR/xhtml1/DTD/xhtml1-transitional.dtd">
<html xmlns="http://www.w3.org/1999/xhtml" xml:lang="en" lang="en">
 <head>
  <title>
</title>
<meta http-equiv="Content-Type" content="text/html;charset=utf-8" />
  <meta name='ocr-system' content='tesseract 3.04.00' />
  <meta name='ocr-capabilities' content='ocr_page ocr_carea ocr_par ocr_line ocrx_word'/>
</head>
<body>
  <div class='ocr_page' id='page_1' title='image "./bullarumdiplomat14cath_0178.png"; bbox 0 0 2221 3224; ppageno 0'>
   <div class='ocr_carea' id='block_1_1' title="bbox 181 247 357 276">
    <p class='ocr_par' dir='ltr' id='par_1_1' title="bbox 181 247 357 276">
     <span class='ocr_line' id='line_1_1' title="bbox 181 247 357 276; baseline 0.006 -1"><span class='ocrx_word' id='word_1_1' title='bbox 181 249 227 276; x_wconf 75' lang='lat' dir='ltr'>An·</span> <span class='ocrx_word' id='word_1_2' title='bbox 243 249 272 275; x_wconf 87' lang='lat' dir='ltr'>C.</span> <span class='ocrx_word' id='word_1_3' title='bbox 291 247 357 276; x_wconf 83' lang='lat'>1630</span> 
     </span>
    </p>
   </div>
   <div class='ocr_carea' id='block_1_2' title="bbox 213 1319 351 1342">
    <p class='ocr_par' dir='ltr' id='par_1_2' title="bbox 213 1319 351 1342">
     <span class='ocr_line' id='line_1_2' title="bbox 213 1319 351 1342; baseline -0.036 0"><span class='ocrx_word' id='word_1_4' title='bbox 213 1319 351 1342; x_wconf 74' lang='lat' dir='ltr'>Prooemium.</span> 
     </span>
    </p>
   </div>
   <div class='ocr_carea' id='block_1_3' title="bbox 378 239 1115 496">
    <p class='ocr_par' dir='ltr' id='par_1_3' title="bbox 401 239 466 272">
     <span class='ocr_line' id='line_1_3' title="bbox 401 239 466 272; baseline -0.015 0"><span class='ocrx_word' id='word_1_5' title='bbox 401 239 466 272; x_wconf 66' lang='lat'>426</span> 
     </span>
    </p>

    <p class='ocr_par' dir='ltr' id='par_1_4' title="bbox 378 289 1115 444">
     <span class='ocr_line' id='line_1_4' title="bbox 421 289 1114 335; baseline -0.01 -7"><span class='ocrx_word' id='word_1_6' title='bbox 421 296 532 328; x_wconf 86' lang='lat' dir='ltr'>Datum</span> <span class='ocrx_word' id='word_1_7' title='bbox 555 295 682 334; x_wconf 86' lang='lat' dir='ltr'>Romae,</span> <span class='ocrx_word' id='word_1_8' title='bbox 700 292 781 335; x_wconf 88' lang='lat' dir='ltr'>apud</span> <span class='ocrx_word' id='word_1_9' title='bbox 809 291 837 325; x_wconf 82' lang='lat' dir='ltr'>S.</span> <span class='ocrx_word' id='word_1_10' title='bbox 862 291 991 324; x_wconf 88' lang='lat' dir='ltr'>Mariam</span> <span class='ocrx_word' id='word_1_11' title='bbox 1020 289 1114 323; x_wconf 86' lang='lat' dir='ltr'>Maio-</span> 
     </span>
     <span class='ocr_line' id='line_1_5' title="bbox 378 343 1115 391; baseline -0.011 -9"><span class='ocrx_word' id='word_1_12' title='bbox 378 360 460 391; x_wconf 88' lang='lat' dir='ltr'>rem,</span> <span class='ocrx_word' id='word_1_13' title='bbox 486 349 543 381; x_wconf 87' lang='lat' dir='ltr'>sub</span> <span class='ocrx_word' id='word_1_14' title='bbox 564 347 678 380; x_wconf 88' lang='lat' dir='ltr'>annulo</span> <span class='ocrx_word' id='word_1_15' title='bbox 705 344 886 384; x_wconf 70' lang='lat' dir='ltr'>piscatoris,</span> <span class='ocrx_word' id='word_1_16' title='bbox 907 343 957 376; x_wconf 88' lang='lat' dir='ltr'>die</span> <span class='ocrx_word' id='word_1_17' title='bbox 973 353 1006 377; x_wconf 78' lang='lat' dir='ltr'>lx</span> <span class='ocrx_word' id='word_1_18' title='bbox 1030 343 1115 375; x_wconf 83' lang='lat' dir='ltr'>ianu-</span> 
     </span>
     <span class='ocr_line' id='line_1_6' title="bbox 379 398 1113 444; baseline -0.01 -8"><span class='ocrx_word' id='word_1_19' title='bbox 379 403 435 435; x_wconf 87' lang='lat' dir='ltr'>arii</span> <span class='ocrx_word' id='word_1_20' title='bbox 456 412 596 441; x_wconf 67' lang='lat' dir='ltr'>MDCXXX,</span> <span class='ocrx_word' id='word_1_21' title='bbox 618 400 817 444; x_wconf 81' lang='lat' dir='ltr'>pontificatus</span> <span class='ocrx_word' id='word_1_22' title='bbox 837 398 937 431; x_wconf 89' lang='lat' dir='ltr'>nostri</span> <span class='ocrx_word' id='word_1_23' title='bbox 962 407 1043 430; x_wconf 84' lang='lat' dir='ltr'>anno</span> <span class='ocrx_word' id='word_1_24' title='bbox 1060 406 1113 430; x_wconf 86' lang='lat' dir='ltr'>v11.</span> 
     </span>
    </p>

    <p class='ocr_par' dir='ltr' id='par_1_5' title="bbox 413 460 1060 496">
     <span class='ocr_line' id='line_1_7' title="bbox 413 460 1060 496; baseline -0.008 -4"><span class='ocrx_word' id='word_1_25' title='bbox 413 464 471 492; x_wconf 81' lang='lat' dir='ltr'>Dat.</span> <span class='ocrx_word' id='word_1_26' title='bbox 490 464 531 491; x_wconf 85' lang='lat' dir='ltr'>die</span> <span class='ocrx_word' id='word_1_27' title='bbox 546 464 562 491; x_wconf 89' lang='lat'>9</span> <span class='ocrx_word' id='word_1_28' title='bbox 579 462 692 490; x_wconf 86' lang='lat' dir='ltr'>ianuarii</span> <span class='ocrx_word' id='word_1_29' title='bbox 714 461 796 495; x_wconf 81' lang='lat'>1630,</span> <span class='ocrx_word' id='word_1_30' title='bbox 818 460 913 496; x_wconf 86' lang='lat' dir='ltr'>pontif.</span> <span class='ocrx_word' id='word_1_31' title='bbox 931 468 1000 487; x_wconf 86' lang='lat' dir='ltr'>anno</span> <span class='ocrx_word' id='word_1_32' title='bbox 1014 466 1060 487; x_wconf 82' lang='lat' dir='ltr'>vu.</span> 
     </span>
    </p>
   </div>
   <div class='ocr_carea' id='block_1_4' title="bbox 659 612 828 646">
    <p class='ocr_par' dir='ltr' id='par_1_6' title="bbox 659 612 828 646">
     <span class='ocr_line' id='line_1_8' title="bbox 659 612 828 646; baseline -0.018 0"><span class='ocrx_word' id='word_1_33' title='bbox 659 612 828 646; x_wconf 72' lang='lat' dir='ltr'>CCCLvlll.</span> 
     </span>
    </p>
   </div>
   <div class='ocr_carea' id='block_1_5' title="bbox 380 687 1117 950">
    <p class='ocr_par' dir='ltr' id='par_1_7' title="bbox 380 687 1117 950">
     <span class='ocr_line' id='line_1_9' title="bbox 380 687 1116 727; baseline -0.01 -1"><span class='ocrx_word' id='word_1_34' title='bbox 380 693 535 727; x_wconf 74' lang='lat' dir='ltr'>Facultas</span> <span class='ocrx_word' id='word_1_35' title='bbox 555 691 720 725; x_wconf 77' lang='lat' dir='ltr'><em>cardinali</em></span> <span class='ocrx_word' id='word_1_36' title='bbox 741 701 762 723; x_wconf 81' lang='grc' dir='ltr'>α</span> <span class='ocrx_word' id='word_1_37' title='bbox 782 690 905 723; x_wconf 78' lang='lat' dir='ltr'>Balneo</span> <span class='ocrx_word' id='word_1_38' title='bbox 929 687 1116 721; x_wconf 74' lang='lat' dir='ltr'>absolvendi</span> 
     </span>
     <span class='ocr_line' id='line_1_10' title="bbox 424 741 1116 789; baseline -0.007 -11"><span class='ocrx_word' id='word_1_39' title='bbox 424 746 697 789; x_wconf 77' lang='lat' dir='ltr'>archiepiscopum</span> <span class='ocrx_word' id='word_1_40' title='bbox 722 745 1028 786; x_wconf 76' lang='lat' dir='ltr'>Rollionmyensem,</span> <span class='ocrx_word' id='word_1_41' title='bbox 1057 741 1116 785; x_wconf 78' lang='lat' dir='ltr'>qui</span> 
     </span>
     <span class='ocr_line' id='line_1_11' title="bbox 425 795 1117 843; baseline -0.007 -11"><span class='ocrx_word' id='word_1_42' title='bbox 425 800 461 832; x_wconf 78' lang='lat' dir='ltr'>in</span> <span class='ocrx_word' id='word_1_43' title='bbox 485 799 625 843; x_wconf 77' lang='lat' dir='ltr'>quodam</span> <span class='ocrx_word' id='word_1_44' title='bbox 651 799 732 831; x_wconf 78' lang='lat' dir='ltr'>libro</span> <span class='ocrx_word' id='word_1_45' title='bbox 752 797 915 830; x_wconf 78' lang='lat' dir='ltr'>nonnulla</span> <span class='ocrx_word' id='word_1_46' title='bbox 939 800 1051 829; x_wconf 74' lang='lat' dir='ltr'>contra</span> <span class='ocrx_word' id='word_1_47' title='bbox 1067 795 1117 828; x_wconf 82' lang='lat' dir='ltr'>Se-</span> 
     </span>
     <span class='ocr_line' id='line_1_12' title="bbox 424 849 1117 896; baseline -0.007 -10"><span class='ocrx_word' id='word_1_48' title='bbox 424 853 475 886; x_wconf 81' lang='lat' dir='ltr'>dis</span> <span class='ocrx_word' id='word_1_49' title='bbox 491 854 515 887; x_wconf 88' lang='lat' dir='ltr'><strong><em>A</em></strong></span> <span class='ocrx_word' id='word_1_50' title='bbox 522 853 694 896; x_wconf 78' lang='lat' dir='ltr'>postolicae</span> <span class='ocrx_word' id='word_1_51' title='bbox 719 851 946 884; x_wconf 75' lang='lat' dir='ltr'>auctoritatem</span> <span class='ocrx_word' id='word_1_52' title='bbox 962 849 1117 883; x_wconf 78' lang='lat' dir='ltr'>inadver-</span> 
     </span>
     <span class='ocr_line' id='line_1_13' title="bbox 427 905 748 950; baseline -0.006 -11"><span class='ocrx_word' id='word_1_53' title='bbox 427 910 526 939; x_wconf 74' lang='lat' dir='ltr'>tenter</span> <span class='ocrx_word' id='word_1_54' title='bbox 548 907 720 950; x_wconf 73' lang='lat' dir='ltr'><em>scripserat</em></span> <span class='ocrx_word' id='word_1_55' title='bbox 730 905 748 937; x_wconf 93' lang='lat'>¹.</span> 
     </span>
    </p>
   </div>
   <div class='ocr_carea' id='block_1_6' title="bbox 381 984 1118 1109">
    <p class='ocr_par' dir='ltr' id='par_1_8' title="bbox 381 984 1118 1109">
     <span class='ocr_line' id='line_1_14' title="bbox 381 984 1118 1016; baseline -0.005 -2"><span class='ocrx_word' id='word_1_56' title='bbox 381 987 494 1014; x_wconf 80' lang='lat' dir='ltr'>Dilecto</span> <span class='ocrx_word' id='word_1_57' title='bbox 509 986 571 1013; x_wconf 87' lang='lat' dir='ltr'>filio</span> <span class='ocrx_word' id='word_1_58' title='bbox 584 989 686 1013; x_wconf 84' lang='lat' dir='ltr'>nostro</span> <span class='ocrx_word' id='word_1_59' title='bbox 698 985 803 1013; x_wconf 86' lang='lat' dir='ltr'>Ioanni</span> <span class='ocrx_word' id='word_1_60' title='bbox 816 984 983 1016; x_wconf 69' lang='lat' dir='ltr'>francisco,</span> <span class='ocrx_word' id='word_1_61' title='bbox 996 985 1118 1010; x_wconf 84' lang='lat' dir='ltr'>sanctae</span> 
     </span>
     <span class='ocr_line' id='line_1_15' title="bbox 415 1027 1118 1063; baseline -0.006 -5"><span class='ocrx_word' id='word_1_62' title='bbox 415 1032 561 1058; x_wconf 81' lang='lat' dir='ltr'>Romanae</span> <span class='ocrx_word' id='word_1_63' title='bbox 577 1031 727 1058; x_wconf 78' lang='lat' dir='ltr'>Ecclesiae</span> <span class='ocrx_word' id='word_1_64' title='bbox 746 1030 921 1063; x_wconf 78' lang='lat' dir='ltr'>presbytero</span> <span class='ocrx_word' id='word_1_65' title='bbox 936 1027 1118 1056; x_wconf 74' lang='lat' dir='ltr'>cardinalia</span> 
     </span>
     <span class='ocr_line' id='line_1_16' title="bbox 416 1077 730 1109; baseline -0.013 -5"><span class='ocrx_word' id='word_1_66' title='bbox 416 1077 527 1104; x_wconf 83' lang='lat' dir='ltr'>Balneo</span> <span class='ocrx_word' id='word_1_67' title='bbox 546 1078 730 1109; x_wconf 80' lang='lat' dir='ltr'>nuncupato,</span> 
     </span>
    </p>
   </div>
   <div class='ocr_carea' id='block_1_7' title="bbox 584 1127 913 1162">
    <p class='ocr_par' dir='ltr' id='par_1_9' title="bbox 584 1127 913 1162">
     <span class='ocr_line' id='line_1_17' title="bbox 584 1127 913 1162; baseline -0.006 -6"><span class='ocrx_word' id='word_1_68' title='bbox 584 1129 719 1156; x_wconf 87' lang='lat' dir='ltr'>Urbanus</span> <span class='ocrx_word' id='word_1_69' title='bbox 739 1129 818 1162; x_wconf 84' lang='lat' dir='ltr'>Papa</span> <span class='ocrx_word' id='word_1_70' title='bbox 836 1127 913 1155; x_wconf 90' lang='lat' dir='ltr'>v111.</span> 
     </span>
    </p>
   </div>
   <div class='ocr_carea' id='block_1_8' title="bbox 418 1190 1083 1269">
    <p class='ocr_par' dir='ltr' id='par_1_10' title="bbox 418 1190 1083 1269">
     <span class='ocr_line' id='line_1_18' title="bbox 593 1190 906 1222; baseline -0.006 -5"><span class='ocrx_word' id='word_1_71' title='bbox 593 1191 705 1218; x_wconf 81' lang='lat' dir='ltr'>Dilecte</span> <span class='ocrx_word' id='word_1_72' title='bbox 725 1190 768 1217; x_wconf 88' lang='lat' dir='ltr'>fili</span> <span class='ocrx_word' id='word_1_73' title='bbox 788 1192 906 1222; x_wconf 84' lang='lat' dir='ltr'>noster,</span> 
     </span>
     <span class='ocr_line' id='line_1_19' title="bbox 418 1232 1083 1269; baseline -0.009 -5"><span class='ocrx_word' id='word_1_74' title='bbox 418 1237 547 1264; x_wconf 84' lang='lat' dir='ltr'>salutem</span> <span class='ocrx_word' id='word_1_75' title='bbox 567 1239 597 1263; x_wconf 77' lang='lat' dir='ltr'>et</span> <span class='ocrx_word' id='word_1_76' title='bbox 617 1236 810 1269; x_wconf 81' lang='lat' dir='ltr'>apostolicam</span> <span class='ocrx_word' id='word_1_77' title='bbox 834 1232 1083 1261; x_wconf 80' lang='lat' dir='ltr'>benedictionem.</span> 
     </span>
    </p>
   </div>
   <div class='ocr_carea' id='block_1_9' title="bbox 383 1303 1121 1509">
    <p class='ocr_par' dir='ltr' id='par_1_11' title="bbox 383 1303 1121 1509">
     <span class='ocr_line' id='line_1_20' title="bbox 428 1303 1120 1350; baseline -0.009 -10"><span class='ocrx_word' id='word_1_78' title='bbox 428 1307 522 1340; x_wconf 83' lang='lat' dir='ltr'>Sedes</span> <span class='ocrx_word' id='word_1_79' title='bbox 545 1306 723 1350; x_wconf 84' lang='lat' dir='ltr'>Apostolica</span> <span class='ocrx_word' id='word_1_80' title='bbox 747 1305 798 1349; x_wconf 86' lang='lat' dir='ltr'>pia</span> <span class='ocrx_word' id='word_1_81' title='bbox 814 1309 914 1337; x_wconf 86' lang='lat' dir='ltr'>mater</span> <span class='ocrx_word' id='word_1_82' title='bbox 931 1303 1120 1336; x_wconf 90' lang='lat' dir='ltr'>recurrenti-</span> 
     </span>
     <span class='ocr_line' id='line_1_21' title="bbox 383 1357 1120 1404; baseline -0.007 -11"><span class='ocrx_word' id='word_1_83' title='bbox 383 1361 442 1393; x_wconf 89' lang='lat' dir='ltr'>bus</span> <span class='ocrx_word' id='word_1_84' title='bbox 455 1361 492 1393; x_wconf 92' lang='lat' dir='ltr'>ad</span> <span class='ocrx_word' id='word_1_85' title='bbox 507 1371 574 1393; x_wconf 84' lang='lat' dir='ltr'>eam</span> <span class='ocrx_word' id='word_1_86' title='bbox 593 1365 663 1404; x_wconf 85' lang='lat' dir='ltr'>post</span> <span class='ocrx_word' id='word_1_87' title='bbox 677 1370 837 1392; x_wconf 78' lang='lat' dir='ltr'>excessum</span> <span class='ocrx_word' id='word_1_88' title='bbox 857 1369 927 1391; x_wconf 89' lang='lat' dir='ltr'>cum</span> <span class='ocrx_word' id='word_1_89' title='bbox 945 1357 1120 1390; x_wconf 87' lang='lat' dir='ltr'>humilitate</span> 
     </span>
     <span class='ocr_line' id='line_1_22' title="bbox 384 1410 1121 1456; baseline -0.004 -11"><span class='ocrx_word' id='word_1_90' title='bbox 384 1414 456 1445; x_wconf 82' lang='lat' dir='ltr'>filiis</span> <span class='ocrx_word' id='word_1_91' title='bbox 480 1414 614 1446; x_wconf 76' lang='lat' dir='ltr'>libenter</span> <span class='ocrx_word' id='word_1_92' title='bbox 639 1423 671 1445; x_wconf 90' lang='lat' dir='ltr'>se</span> <span class='ocrx_word' id='word_1_93' title='bbox 695 1412 863 1456; x_wconf 77' lang='lat' dir='ltr'>propitiam</span> <span class='ocrx_word' id='word_1_94' title='bbox 881 1410 1007 1444; x_wconf 86' lang='lat' dir='ltr'>exhibet</span> <span class='ocrx_word' id='word_1_95' title='bbox 1024 1414 1053 1443; x_wconf 90' lang='lat' dir='ltr'>et</span> <span class='ocrx_word' id='word_1_96' title='bbox 1070 1410 1121 1442; x_wconf 88' lang='lat' dir='ltr'>bc-</span> 
     </span>
     <span class='ocr_line' id='line_1_23' title="bbox 383 1466 521 1509; baseline 0.007 -11"><span class='ocrx_word' id='word_1_97' title='bbox 383 1466 521 1509; x_wconf 81' lang='lat' dir='ltr'>nignam.</span> 
     </span>
    </p>
   </div>
   <div class='ocr_carea' id='block_1_10' title="bbox 187 1515 1122 1612">
    <p class='ocr_par' dir='ltr' id='par_1_12' title="bbox 187 1515 1122 1612">
     <span class='ocr_line' id='line_1_24' title="bbox 226 1515 1122 1566; baseline -0.006 -14"><span class='ocrx_word' id='word_1_98' title='bbox 226 1532 369 1566; x_wconf 52' lang='lat' dir='ltr'>iscireswzco-</span> <span class='ocrx_word' id='word_1_99' title='bbox 429 1520 444 1562; x_wconf 60' lang='lat' dir='ltr'>g</span> <span class='ocrx_word' id='word_1_100' title='bbox 468 1520 497 1551; x_wconf 79' lang='lat'>1.</span> <span class='ocrx_word' id='word_1_101' title='bbox 523 1518 642 1562; x_wconf 88' lang='lat' dir='ltr'>Exponi</span> <span class='ocrx_word' id='word_1_102' title='bbox 660 1517 813 1562; x_wconf 76' lang='lat' dir='ltr'>siquidem</span> <span class='ocrx_word' id='word_1_103' title='bbox 830 1516 920 1550; x_wconf 91' lang='lat' dir='ltr'>nobis</span> <span class='ocrx_word' id='word_1_104' title='bbox 936 1526 1037 1559; x_wconf 80' lang='lat' dir='ltr'>nuper</span> <span class='ocrx_word' id='word_1_105' title='bbox 1051 1515 1122 1548; x_wconf 84' lang='lat' dir='ltr'>fecit</span> 
     </span>
     <span class='ocr_line' id='line_1_25' title="bbox 187 1559 1122 1612; baseline -0.005 -6"><span class='ocrx_word' id='word_1_106' title='bbox 187 1559 370 1610; x_wconf 44' lang='grc' dir='ltr'>Εῗιῖςιςωῖἓὲἷῖἷῗᾷ</span> <span class='ocrx_word' id='word_1_107' title='bbox 385 1572 572 1605; x_wconf 67' lang='lat' dir='ltr'>venerabilis</span> <span class='ocrx_word' id='word_1_108' title='bbox 596 1572 692 1604; x_wconf 82' lang='lat' dir='ltr'>frater</span> <span class='ocrx_word' id='word_1_109' title='bbox 708 1570 893 1603; x_wconf 85' lang='lat' dir='ltr'>Franciscus</span> <span class='ocrx_word' id='word_1_110' title='bbox 913 1569 1122 1612; x_wconf 80' lang='lat' dir='ltr'>archiepisco-</span> 
     </span>
    </p>
   </div>
   <div class='ocr_carea' id='block_1_11' title="bbox 188 1612 370 1717">
    <p class='ocr_par' dir='ltr' id='par_1_13' title="bbox 188 1612 370 1717">
     <span class='ocr_line' id='line_1_26' title="bbox 188 1612 369 1636; baseline -0.022 -4"><span class='ocrx_word' id='word_1_111' title='bbox 188 1612 264 1632; x_wconf 69' lang='lat' dir='ltr'>Scdem</span> <span class='ocrx_word' id='word_1_112' title='bbox 283 1613 369 1636; x_wconf 59' lang='lat' dir='ltr'>Aposto-</span> 
     </span>
     <span class='ocr_line' id='line_1_27' title="bbox 188 1638 370 1659; baseline -0.016 -1"><span class='ocrx_word' id='word_1_113' title='bbox 188 1640 248 1659; x_wconf 76' lang='lat' dir='ltr'>licam</span> <span class='ocrx_word' id='word_1_114' title='bbox 272 1638 370 1658; x_wconf 51' lang='lat' dir='ltr'>inadver-</span> 
     </span>
     <span class='ocr_line' id='line_1_28' title="bbox 188 1665 369 1685; baseline 0 -1"><span class='ocrx_word' id='word_1_115' title='bbox 188 1668 255 1685; x_wconf 77' lang='lat' dir='ltr'>tentet·</span> <span class='ocrx_word' id='word_1_116' title='bbox 272 1665 369 1684; x_wconf 73' lang='lat' dir='ltr'>nonnulla</span> 
     </span>
     <span class='ocr_line' id='line_1_29' title="bbox 188 1693 310 1717; baseline -0.016 -5"><span class='ocrx_word' id='word_1_117' title='bbox 188 1693 310 1717; x_wconf 74' lang='lat' dir='ltr'>scripserat.</span> 
     </span>
    </p>
   </div>
   <div class='ocr_carea' id='block_1_12' title="bbox 190 1850 372 1929">
    <p class='ocr_par' dir='ltr' id='par_1_14' title="bbox 190 1850 372 1929">
     <span class='ocr_line' id='line_1_30' title="bbox 229 1850 372 1870; baseline -0.014 0"><span class='ocrx_word' id='word_1_118' title='bbox 229 1850 279 1870; x_wconf 53' lang='lat'>1³00</span> <span class='ocrx_word' id='word_1_119' title='bbox 297 1855 309 1869; x_wconf 83' lang='lat' dir='ltr'>a</span> <span class='ocrx_word' id='word_1_120' title='bbox 325 1854 372 1868; x_wconf 80' lang='lat' dir='ltr'>ren-</span> 
     </span>
     <span class='ocr_line' id='line_1_31' title="bbox 190 1876 372 1897; baseline -0.011 0"><span class='ocrx_word' id='word_1_121' title='bbox 190 1878 243 1897; x_wconf 73' lang='lat' dir='ltr'>surls</span> <span class='ocrx_word' id='word_1_122' title='bbox 258 1876 372 1896; x_wconf 79' lang='lat' dir='ltr'>absolutio-</span> 
     </span>
     <span class='ocr_line' id='line_1_32' title="bbox 190 1906 311 1929; baseline 0 -5"><span class='ocrx_word' id='word_1_123' title='bbox 190 1910 236 1924; x_wconf 78' lang='lat' dir='ltr'>nem</span> <span class='ocrx_word' id='word_1_124' title='bbox 251 1906 311 1929; x_wconf 72' lang='lat' dir='ltr'>petit.</span> 
     </span>
    </p>
   </div>
   <div class='ocr_carea' id='block_1_13' title="bbox 198 2487 381 2535">
    <p class='ocr_par' dir='ltr' id='par_1_15' title="bbox 198 2487 381 2535">
     <span class='ocr_line' id='line_1_33' title="bbox 237 2487 381 2513; baseline 0 -6"><span class='ocrx_word' id='word_1_125' title='bbox 237 2487 294 2513; x_wconf 69' lang='lat' dir='ltr'>Papa</span> <span class='ocrx_word' id='word_1_126' title='bbox 306 2487 341 2507; x_wconf 82' lang='lat' dir='ltr'>dat</span> <span class='ocrx_word' id='word_1_127' title='bbox 352 2487 381 2507; x_wconf 62' lang='lat' dir='ltr'>sa-</span> 
     </span>
     <span class='ocr_line' id='line_1_34' title="bbox 198 2515 380 2535; baseline -0.005 0"><span class='ocrx_word' id='word_1_128' title='bbox 198 2515 296 2535; x_wconf 63' lang='lat' dir='ltr'>cultatem</span> <span class='ocrx_word' id='word_1_129' title='bbox 311 2515 380 2534; x_wconf 71' lang='lat' dir='ltr'>cardi-</span> 
     </span>
    </p>
   </div>
   <div class='ocr_carea' id='block_1_14' title="bbox 386 1622 1132 2525">
    <p class='ocr_par' dir='ltr' id='par_1_16' title="bbox 386 1622 1124 1829">
     <span class='ocr_line' id='line_1_35' title="bbox 386 1622 1122 1668; baseline -0.005 -10"><span class='ocrx_word' id='word_1_130' title='bbox 386 1636 444 1668; x_wconf 83' lang='lat' dir='ltr'>pus</span> <span class='ocrx_word' id='word_1_131' title='bbox 469 1624 740 1667; x_wconf 75' lang='lat' dir='ltr'>Rothomagensis,</span> <span class='ocrx_word' id='word_1_132' title='bbox 765 1623 849 1667; x_wconf 85' lang='lat' dir='ltr'>quod</span> <span class='ocrx_word' id='word_1_133' title='bbox 874 1624 905 1655; x_wconf 90' lang='lat' dir='ltr'>in</span> <span class='ocrx_word' id='word_1_134' title='bbox 929 1628 1015 1655; x_wconf 86' lang='lat' dir='ltr'>certo</span> <span class='ocrx_word' id='word_1_135' title='bbox 1040 1622 1122 1655; x_wconf 92' lang='lat' dir='ltr'>libro</span> 
     </span>
     <span class='ocr_line' id='line_1_36' title="bbox 386 1677 1124 1722; baseline -0.004 -11"><span class='ocrx_word' id='word_1_136' title='bbox 386 1682 442 1722; x_wconf 88' lang='lat' dir='ltr'>per</span> <span class='ocrx_word' id='word_1_137' title='bbox 467 1689 537 1711; x_wconf 90' lang='lat' dir='ltr'>eum</span> <span class='ocrx_word' id='word_1_138' title='bbox 564 1678 738 1722; x_wconf 87' lang='lat' dir='ltr'>composito</span> <span class='ocrx_word' id='word_1_139' title='bbox 763 1677 914 1709; x_wconf 89' lang='lat' dir='ltr'>nunnulla</span> <span class='ocrx_word' id='word_1_140' title='bbox 940 1681 1049 1709; x_wconf 89' lang='lat' dir='ltr'>contra</span> <span class='ocrx_word' id='word_1_141' title='bbox 1071 1686 1124 1708; x_wconf 91' lang='lat' dir='ltr'>no—</span> 
     </span>
     <span class='ocr_line' id='line_1_37' title="bbox 387 1730 1122 1766; baseline -0.005 -1"><span class='ocrx_word' id='word_1_142' title='bbox 387 1738 483 1765; x_wconf 88' lang='lat' dir='ltr'>stram</span> <span class='ocrx_word' id='word_1_143' title='bbox 499 1736 528 1766; x_wconf 85' lang='lat' dir='ltr'>et</span> <span class='ocrx_word' id='word_1_144' title='bbox 540 1732 633 1764; x_wconf 79' lang='lat' dir='ltr'>liuius</span> <span class='ocrx_word' id='word_1_145' title='bbox 653 1732 782 1765; x_wconf 83' lang='lat' dir='ltr'>Sanctae</span> <span class='ocrx_word' id='word_1_146' title='bbox 799 1731 886 1763; x_wconf 81' lang='lat' dir='ltr'>Sedis</span> <span class='ocrx_word' id='word_1_147' title='bbox 905 1730 1122 1763; x_wconf 85' lang='lat' dir='ltr'>auctoritatem</span> 
     </span>
     <span class='ocr_line' id='line_1_38' title="bbox 387 1775 1024 1829; baseline -0.005 -10"><span class='ocrx_word' id='word_1_148' title='bbox 387 1786 618 1819; x_wconf 88' lang='lat' dir='ltr'>inadvertenter</span> <span class='ocrx_word' id='word_1_149' title='bbox 642 1785 766 1829; x_wconf 75' lang='lat' dir='ltr'>scripsit</span> <span class='ocrx_word' id='word_1_150' title='bbox 790 1790 819 1817; x_wconf 88' lang='lat' dir='ltr'>et</span> <span class='ocrx_word' id='word_1_151' title='bbox 845 1775 1024 1827; x_wconf 32' lang='lat' dir='ltr'>publicavit..</span> 
     </span>
    </p>

    <p class='ocr_par' dir='ltr' id='par_1_17' title="bbox 388 1836 1131 2472">
     <span class='ocr_line' id='line_1_39' title="bbox 432 1836 1124 1883; baseline -0.007 -11"><span class='ocrx_word' id='word_1_152' title='bbox 432 1841 446 1883; x_wconf 63' lang='grc' dir='ltr'><strong>ἓ</strong></span> <span class='ocrx_word' id='word_1_153' title='bbox 470 1840 498 1872; x_wconf 70' lang='lat'>⁶2.</span> <span class='ocrx_word' id='word_1_154' title='bbox 517 1840 592 1872; x_wconf 86' lang='lat' dir='ltr'>Cum</span> <span class='ocrx_word' id='word_1_155' title='bbox 612 1844 726 1878; x_wconf 75' lang='lat' dir='ltr'>autem,</span> <span class='ocrx_word' id='word_1_156' title='bbox 747 1838 826 1870; x_wconf 87' lang='lat' dir='ltr'>sicut</span> <span class='ocrx_word' id='word_1_157' title='bbox 843 1837 951 1869; x_wconf 86' lang='lat' dir='ltr'>cadem</span> <span class='ocrx_word' id='word_1_158' title='bbox 969 1836 1124 1879; x_wconf 73' lang='lat' dir='ltr'>expositio</span> 
     </span>
     <span class='ocr_line' id='line_1_40' title="bbox 388 1889 1123 1935; baseline -0.007 -10"><span class='ocrx_word' id='word_1_159' title='bbox 388 1893 606 1935; x_wconf 79' lang='lat' dir='ltr'>subiungebat,</span> <span class='ocrx_word' id='word_1_160' title='bbox 628 1892 692 1935; x_wconf 89' lang='lat' dir='ltr'>ipse</span> <span class='ocrx_word' id='word_1_161' title='bbox 706 1891 743 1923; x_wconf 90' lang='lat' dir='ltr'>de</span> <span class='ocrx_word' id='word_1_162' title='bbox 757 1891 938 1934; x_wconf 78' lang='lat' dir='ltr'>praemissis</span> <span class='ocrx_word' id='word_1_163' title='bbox 952 1889 1123 1933; x_wconf 89' lang='lat' dir='ltr'>plurimum</span> 
     </span>
     <span class='ocr_line' id='line_1_41' title="bbox 388 1944 1125 1987; baseline -0.008 -8"><span class='ocrx_word' id='word_1_164' title='bbox 388 1946 524 1979; x_wconf 74' lang='lat' dir='ltr'>doluerit</span> <span class='ocrx_word' id='word_1_165' title='bbox 547 1951 576 1977; x_wconf 90' lang='lat' dir='ltr'>et</span> <span class='ocrx_word' id='word_1_166' title='bbox 593 1945 696 1977; x_wconf 80' lang='lat' dir='ltr'>doleat</span> <span class='ocrx_word' id='word_1_167' title='bbox 710 1944 746 1976; x_wconf 87' lang='lat' dir='ltr'>ad</span> <span class='ocrx_word' id='word_1_168' title='bbox 762 1954 919 1987; x_wconf 77' lang='lat' dir='ltr'>praesens,</span> <span class='ocrx_word' id='word_1_169' title='bbox 938 1949 965 1975; x_wconf 87' lang='lat' dir='ltr'>et</span> <span class='ocrx_word' id='word_1_170' title='bbox 984 1953 1125 1986; x_wconf 86' lang='lat' dir='ltr'>pereum</span> 
     </span>
     <span class='ocr_line' id='line_1_42' title="bbox 389 1995 1125 2032; baseline -0.008 0"><span class='ocrx_word' id='word_1_171' title='bbox 389 2003 498 2032; x_wconf 84' lang='lat' dir='ltr'>contra</span> <span class='ocrx_word' id='word_1_172' title='bbox 521 2003 659 2031; x_wconf 86' lang='lat' dir='ltr'>nostram</span> <span class='ocrx_word' id='word_1_173' title='bbox 685 2002 715 2029; x_wconf 86' lang='lat' dir='ltr'>et</span> <span class='ocrx_word' id='word_1_174' title='bbox 740 1996 879 2029; x_wconf 85' lang='lat' dir='ltr'>eiusdem</span> <span class='ocrx_word' id='word_1_175' title='bbox 905 1995 992 2028; x_wconf 81' lang='lat' dir='ltr'>Sedis</span> <span class='ocrx_word' id='word_1_176' title='bbox 1017 2000 1125 2027; x_wconf 85' lang='lat' dir='ltr'>aucto-</span> 
     </span>
     <span class='ocr_line' id='line_1_43' title="bbox 389 2048 1126 2094; baseline -0.005 -10"><span class='ocrx_word' id='word_1_177' title='bbox 389 2052 513 2085; x_wconf 89' lang='lat' dir='ltr'>ritatem</span> <span class='ocrx_word' id='word_1_178' title='bbox 538 2051 669 2094; x_wconf 87' lang='lat' dir='ltr'>scripta,</span> <span class='ocrx_word' id='word_1_179' title='bbox 695 2055 729 2083; x_wconf 88' lang='lat' dir='ltr'>ut</span> <span class='ocrx_word' id='word_1_180' title='bbox 753 2050 937 2093; x_wconf 79' lang='lat' dir='ltr'>praefertur,</span> <span class='ocrx_word' id='word_1_181' title='bbox 963 2059 1018 2081; x_wconf 87' lang='lat' dir='ltr'>ore</span> <span class='ocrx_word' id='word_1_182' title='bbox 1042 2053 1072 2081; x_wconf 87' lang='lat' dir='ltr'>et</span> <span class='ocrx_word' id='word_1_183' title='bbox 1095 2048 1126 2080; x_wconf 91' lang='lat' dir='ltr'>in</span> 
     </span>
     <span class='ocr_line' id='line_1_44' title="bbox 390 2102 1127 2149; baseline -0.008 -10"><span class='ocrx_word' id='word_1_184' title='bbox 390 2106 514 2149; x_wconf 86' lang='lat' dir='ltr'>scriptis</span> <span class='ocrx_word' id='word_1_185' title='bbox 531 2106 632 2149; x_wconf 88' lang='lat' dir='ltr'>palam</span> <span class='ocrx_word' id='word_1_186' title='bbox 653 2110 681 2137; x_wconf 89' lang='lat' dir='ltr'>et</span> <span class='ocrx_word' id='word_1_187' title='bbox 695 2104 818 2148; x_wconf 85' lang='lat' dir='ltr'>publice</span> <span class='ocrx_word' id='word_1_188' title='bbox 832 2103 1046 2136; x_wconf 66' lang='lat' dir='ltr'>retractaverit</span> <span class='ocrx_word' id='word_1_189' title='bbox 1063 2102 1127 2134; x_wconf 86' lang='lat' dir='ltr'>sive</span> 
     </span>
     <span class='ocr_line' id='line_1_45' title="bbox 390 2158 1128 2201; baseline -0.007 -9"><span class='ocrx_word' id='word_1_190' title='bbox 390 2159 593 2199; x_wconf 78' lang='lat' dir='ltr'>revocaverit,</span> <span class='ocrx_word' id='word_1_191' title='bbox 612 2158 779 2201; x_wconf 87' lang='lat' dir='ltr'>cupiatque</span> <span class='ocrx_word' id='word_1_192' title='bbox 798 2163 965 2201; x_wconf 84' lang='lat' dir='ltr'>propterea</span> <span class='ocrx_word' id='word_1_193' title='bbox 986 2167 1002 2188; x_wconf 92' lang='lat' dir='ltr'>a</span> <span class='ocrx_word' id='word_1_194' title='bbox 1023 2166 1128 2188; x_wconf 86' lang='lat' dir='ltr'>censu-</span> 
     </span>
     <span class='ocr_line' id='line_1_46' title="bbox 391 2211 1129 2257; baseline -0.008 -11"><span class='ocrx_word' id='word_1_195' title='bbox 391 2214 434 2247; x_wconf 88' lang='lat' dir='ltr'>ris</span> <span class='ocrx_word' id='word_1_196' title='bbox 452 2218 481 2246; x_wconf 86' lang='lat' dir='ltr'>et</span> <span class='ocrx_word' id='word_1_197' title='bbox 501 2213 611 2257; x_wconf 86' lang='lat' dir='ltr'>poenis</span> <span class='ocrx_word' id='word_1_198' title='bbox 631 2211 858 2250; x_wconf 77' lang='lat' dir='ltr'>ecclesiasticis,</span> <span class='ocrx_word' id='word_1_199' title='bbox 876 2221 932 2253; x_wconf 84' lang='lat' dir='ltr'>per</span> <span class='ocrx_word' id='word_1_200' title='bbox 950 2220 1020 2242; x_wconf 88' lang='lat' dir='ltr'>eum</span> <span class='ocrx_word' id='word_1_201' title='bbox 1041 2219 1129 2253; x_wconf 87' lang='lat' dir='ltr'>prae-</span> 
     </span>
     <span class='ocr_line' id='line_1_47' title="bbox 392 2263 1128 2307; baseline -0.007 -7"><span class='ocrx_word' id='word_1_202' title='bbox 392 2268 562 2300; x_wconf 83' lang='lat' dir='ltr'>missorum</span> <span class='ocrx_word' id='word_1_203' title='bbox 583 2266 746 2299; x_wconf 82' lang='lat' dir='ltr'>occasione</span> <span class='ocrx_word' id='word_1_204' title='bbox 770 2264 1007 2307; x_wconf 77' lang='lat' dir='ltr'>quomodolibet</span> <span class='ocrx_word' id='word_1_205' title='bbox 1024 2263 1128 2296; x_wconf 86' lang='lat' dir='ltr'>incur-</span> 
     </span>
     <span class='ocr_line' id='line_1_48' title="bbox 393 2316 1131 2363; baseline -0.008 -9"><span class='ocrx_word' id='word_1_206' title='bbox 393 2321 448 2361; x_wconf 85' lang='lat' dir='ltr'>sis,</span> <span class='ocrx_word' id='word_1_207' title='bbox 473 2331 529 2363; x_wconf 88' lang='lat' dir='ltr'>per</span> <span class='ocrx_word' id='word_1_208' title='bbox 553 2330 611 2352; x_wconf 89' lang='lat' dir='ltr'>nos</span> <span class='ocrx_word' id='word_1_209' title='bbox 635 2319 665 2351; x_wconf 91' lang='lat' dir='ltr'>in</span> <span class='ocrx_word' id='word_1_210' title='bbox 690 2324 824 2361; x_wconf 85' lang='lat' dir='ltr'>utroque</span> <span class='ocrx_word' id='word_1_211' title='bbox 850 2318 917 2349; x_wconf 87' lang='lat' dir='ltr'>soro</span> <span class='ocrx_word' id='word_1_212' title='bbox 941 2316 1076 2356; x_wconf 85' lang='lat' dir='ltr'>absolvi,</span> <span class='ocrx_word' id='word_1_213' title='bbox 1102 2321 1131 2348; x_wconf 84' lang='lat' dir='ltr'>et</span> 
     </span>
     <span class='ocr_line' id='line_1_49' title="bbox 394 2371 1130 2417; baseline -0.007 -10"><span class='ocrx_word' id='word_1_214' title='bbox 394 2375 469 2407; x_wconf 76' lang='lat' dir='ltr'>alias</span> <span class='ocrx_word' id='word_1_215' title='bbox 493 2374 585 2407; x_wconf 84' lang='lat' dir='ltr'>statui</span> <span class='ocrx_word' id='word_1_216' title='bbox 610 2385 666 2407; x_wconf 90' lang='lat' dir='ltr'>suo</span> <span class='ocrx_word' id='word_1_217' title='bbox 691 2373 722 2405; x_wconf 93' lang='lat' dir='ltr'>in</span> <span class='ocrx_word' id='word_1_218' title='bbox 746 2371 926 2417; x_wconf 88' lang='lat' dir='ltr'>praemissis</span> <span class='ocrx_word' id='word_1_219' title='bbox 954 2375 1130 2415; x_wconf 84' lang='lat' dir='ltr'>opportune</span> 
     </span>
     <span class='ocr_line' id='line_1_50' title="bbox 394 2428 567 2472; baseline -0.006 -11"><span class='ocrx_word' id='word_1_220' title='bbox 394 2428 567 2472; x_wconf 82' lang='lat' dir='ltr'>provideri:</span> 
     </span>
    </p>

    <p class='ocr_par' dir='ltr' id='par_1_18' title="bbox 440 2477 1132 2525">
     <span class='ocr_line' id='line_1_51' title="bbox 440 2477 1132 2525; baseline -0.009 -10"><span class='ocrx_word' id='word_1_221' title='bbox 440 2483 454 2525; x_wconf 61' lang='grc' dir='ltr'><strong>ἓ</strong></span> <span class='ocrx_word' id='word_1_222' title='bbox 478 2482 507 2515; x_wconf 76' lang='lat'>3.</span> <span class='ocrx_word' id='word_1_223' title='bbox 533 2483 605 2521; x_wconf 76' lang='lat' dir='ltr'>Nos,</span> <span class='ocrx_word' id='word_1_224' title='bbox 622 2480 817 2513; x_wconf 84' lang='lat' dir='ltr'>attendentes</span> <span class='ocrx_word' id='word_1_225' title='bbox 837 2479 1060 2511; x_wconf 81' lang='lat' dir='ltr'>exuberantem</span> <span class='ocrx_word' id='word_1_226' title='bbox 1080 2477 1132 2510; x_wconf 85' lang='lat' dir='ltr'>Se-</span> 
     </span>
    </p>
   </div>
   <div class='ocr_carea' id='block_1_15' title="bbox 198 2532 1131 2593">
    <p class='ocr_par' dir='ltr' id='par_1_19' title="bbox 198 2532 1131 2593">
     <span class='ocr_line' id='line_1_52' title="bbox 198 2532 1131 2593; baseline -0.008 -23"><span class='ocrx_word' id='word_1_227' title='bbox 198 2542 278 2593; x_wconf 45' lang='lat' dir='ltr'>?ffjl&#39;lma</span> <span class='ocrx_word' id='word_1_228' title='bbox 302 2540 381 2588; x_wconf 46' lang='lat' dir='ltr'>¹³:52¹ssss</span> <span class='ocrx_word' id='word_1_229' title='bbox 396 2536 443 2568; x_wconf 87' lang='lat' dir='ltr'>dis</span> <span class='ocrx_word' id='word_1_230' title='bbox 460 2535 656 2579; x_wconf 79' lang='lat' dir='ltr'>Apostolicae</span> <span class='ocrx_word' id='word_1_231' title='bbox 674 2533 869 2567; x_wconf 85' lang='lat' dir='ltr'>clementiam</span> <span class='ocrx_word' id='word_1_232' title='bbox 887 2532 1043 2576; x_wconf 78' lang='lat' dir='ltr'>gremium</span> <span class='ocrx_word' id='word_1_233' title='bbox 1058 2540 1131 2564; x_wconf 85' lang='lat' dir='ltr'>suae</span> 
     </span>
    </p>
   </div>
   <div class='ocr_carea' id='block_1_16' title="bbox 199 2594 267 2616">
    <p class='ocr_par' dir='ltr' id='par_1_20' title="bbox 199 2594 267 2616">
     <span class='ocr_line' id='line_1_53' title="bbox 199 2594 267 2616; baseline -0.015 -2"><span class='ocrx_word' id='word_1_234' title='bbox 199 2594 267 2616; x_wconf 75' lang='lat' dir='ltr'>vendi.</span> 
     </span>
    </p>
   </div>
   <div class='ocr_carea' id='block_1_17' title="bbox 397 2586 1131 2633">
    <p class='ocr_par' dir='ltr' id='par_1_21' title="bbox 397 2586 1131 2633">
     <span class='ocr_line' id='line_1_54' title="bbox 397 2586 1131 2633; baseline -0.005 -12"><span class='ocrx_word' id='word_1_235' title='bbox 397 2589 520 2633; x_wconf 83' lang='lat' dir='ltr'>pietatis</span> <span class='ocrx_word' id='word_1_236' title='bbox 544 2588 722 2631; x_wconf 82' lang='lat' dir='ltr'>petentibus</span> <span class='ocrx_word' id='word_1_237' title='bbox 747 2586 892 2620; x_wconf 84' lang='lat' dir='ltr'>claudere</span> <span class='ocrx_word' id='word_1_238' title='bbox 917 2596 980 2619; x_wconf 90' lang='lat' dir='ltr'>non</span> <span class='ocrx_word' id='word_1_239' title='bbox 1005 2594 1131 2619; x_wconf 90' lang='lat' dir='ltr'>consue·</span> 
     </span>
    </p>
   </div>
   <div class='ocr_carea' id='block_1_18' title="bbox 434 2649 935 2685">
    <p class='ocr_par' dir='ltr' id='par_1_22' title="bbox 434 2649 935 2685">
     <span class='ocr_line' id='line_1_55' title="bbox 434 2649 935 2685; baseline -0.008 -7"><span class='ocrx_word' id='word_1_240' title='bbox 434 2652 443 2679; x_wconf 88' lang='grc'>1</span> <span class='ocrx_word' id='word_1_241' title='bbox 464 2651 501 2677; x_wconf 88' lang='lat' dir='ltr'>Ex</span> <span class='ocrx_word' id='word_1_242' title='bbox 517 2650 623 2685; x_wconf 74' lang='lat' dir='ltr'>Regest.</span> <span class='ocrx_word' id='word_1_243' title='bbox 640 2650 667 2677; x_wconf 87' lang='lat' dir='ltr'>in</span> <span class='ocrx_word' id='word_1_244' title='bbox 682 2651 782 2677; x_wconf 72' lang='lat' dir='ltr'>secret.</span> <span class='ocrx_word' id='word_1_245' title='bbox 801 2649 935 2676; x_wconf 70' lang='lat' dir='ltr'>Brevium.</span> 
     </span>
    </p>
   </div>
   <div class='ocr_carea' id='block_1_19' title="bbox 1131 302 1150 2622">
    <p class='ocr_par' dir='ltr' id='par_1_23' title="bbox 1131 302 1150 2622">
     <span class='ocr_line' id='line_1_56' title="bbox 1131 302 1150 2622; baseline 0 0"><span class='ocrx_word' id='word_1_246' title='bbox 1131 302 1150 2622; x_wconf 95' lang='lat' dir='ltr'> </span> 
     </span>
    </p>
   </div>
   <div class='ocr_carea' id='block_1_20' title="bbox 949 240 1307 267">
    <p class='ocr_par' dir='ltr' id='par_1_24' title="bbox 949 240 1307 267">
     <span class='ocr_line' id='line_1_57' title="bbox 949 240 1307 267; baseline -0.008 0"><span class='ocrx_word' id='word_1_247' title='bbox 949 241 1129 267; x_wconf 71' lang='lat' dir='ltr'>BULLAP-IUM</span> <span class='ocrx_word' id='word_1_248' title='bbox 1152 240 1307 265; x_wconf 74' lang='lat' dir='ltr'>ROMANUM</span> 
     </span>
    </p>
   </div>
   <div class='ocr_carea' id='block_1_21' title="bbox 1149 284 1903 2625">
    <p class='ocr_par' dir='ltr' id='par_1_25' title="bbox 1149 284 1898 2195">
     <span class='ocr_line' id='line_1_58' title="bbox 1149 284 1878 328; baseline -0.005 -7"><span class='ocrx_word' id='word_1_249' title='bbox 1149 288 1248 328; x_wconf 74' lang='lat' dir='ltr'>visse,</span> <span class='ocrx_word' id='word_1_250' title='bbox 1273 298 1308 320; x_wconf 88' lang='lat' dir='ltr'>ac</span> <span class='ocrx_word' id='word_1_251' title='bbox 1332 297 1403 319; x_wconf 87' lang='lat' dir='ltr'>cum</span> <span class='ocrx_word' id='word_1_252' title='bbox 1428 286 1538 319; x_wconf 88' lang='lat' dir='ltr'>eodem</span> <span class='ocrx_word' id='word_1_253' title='bbox 1563 285 1729 319; x_wconf 86' lang='lat' dir='ltr'>Francisco</span> <span class='ocrx_word' id='word_1_254' title='bbox 1753 284 1878 318; x_wconf 87' lang='lat' dir='ltr'>archie-</span> 
     </span>
     <span class='ocr_line' id='line_1_59' title="bbox 1149 338 1884 384; baseline -0.004 -11"><span class='ocrx_word' id='word_1_255' title='bbox 1149 341 1277 384; x_wconf 89' lang='lat' dir='ltr'>piscopo</span> <span class='ocrx_word' id='word_1_256' title='bbox 1309 349 1397 372; x_wconf 90' lang='lat' dir='ltr'>more</span> <span class='ocrx_word' id='word_1_257' title='bbox 1419 338 1462 382; x_wconf 90' lang='lat' dir='ltr'>pii</span> <span class='ocrx_word' id='word_1_258' title='bbox 1485 338 1583 382; x_wconf 89' lang='lat' dir='ltr'>patris</span> <span class='ocrx_word' id='word_1_259' title='bbox 1611 348 1723 381; x_wconf 85' lang='lat' dir='ltr'>agere,</span> <span class='ocrx_word' id='word_1_260' title='bbox 1749 347 1884 380; x_wconf 86' lang='lat' dir='ltr'>eumque</span> 
     </span>
     <span class='ocr_line' id='line_1_60' title="bbox 1150 389 1885 438; baseline -0.005 -11"><span class='ocrx_word' id='word_1_261' title='bbox 1150 394 1337 438; x_wconf 82' lang='lat' dir='ltr'>specialibus</span> <span class='ocrx_word' id='word_1_262' title='bbox 1368 393 1526 426; x_wconf 84' lang='lat' dir='ltr'>favoribus</span> <span class='ocrx_word' id='word_1_263' title='bbox 1551 398 1581 425; x_wconf 89' lang='lat' dir='ltr'>et</span> <span class='ocrx_word' id='word_1_264' title='bbox 1605 392 1713 435; x_wconf 84' lang='lat' dir='ltr'>gratiis</span> <span class='ocrx_word' id='word_1_265' title='bbox 1735 389 1885 436; x_wconf 80' lang='lat' dir='ltr'>prosequi</span> 
     </span>
     <span class='ocr_line' id='line_1_61' title="bbox 1150 444 1884 490; baseline -0.007 -9"><span class='ocrx_word' id='word_1_266' title='bbox 1150 449 1298 488; x_wconf 86' lang='lat' dir='ltr'>volentes,</span> <span class='ocrx_word' id='word_1_267' title='bbox 1316 452 1345 480; x_wconf 86' lang='lat' dir='ltr'>et</span> <span class='ocrx_word' id='word_1_268' title='bbox 1365 457 1382 479; x_wconf 87' lang='lat' dir='ltr'>a</span> <span class='ocrx_word' id='word_1_269' title='bbox 1405 446 1566 490; x_wconf 87' lang='lat' dir='ltr'>quibusvis</span> <span class='ocrx_word' id='word_1_270' title='bbox 1590 444 1884 479; x_wconf 81' lang='lat' dir='ltr'>excommunicatio-</span> 
     </span>
     <span class='ocr_line' id='line_1_62' title="bbox 1150 497 1886 544; baseline -0.005 -11"><span class='ocrx_word' id='word_1_271' title='bbox 1150 502 1214 542; x_wconf 87' lang='lat' dir='ltr'>nis,</span> <span class='ocrx_word' id='word_1_272' title='bbox 1248 500 1461 544; x_wconf 80' lang='lat' dir='ltr'>suspensionis</span> <span class='ocrx_word' id='word_1_273' title='bbox 1491 505 1521 533; x_wconf 89' lang='lat' dir='ltr'>et</span> <span class='ocrx_word' id='word_1_274' title='bbox 1549 498 1724 539; x_wconf 85' lang='lat' dir='ltr'>interdicti,</span> <span class='ocrx_word' id='word_1_275' title='bbox 1755 497 1886 541; x_wconf 87' lang='lat' dir='ltr'>aliisque</span> 
     </span>
     <span class='ocr_line' id='line_1_63' title="bbox 1150 551 1887 595; baseline -0.007 -8"><span class='ocrx_word' id='word_1_276' title='bbox 1150 554 1368 588; x_wconf 84' lang='lat' dir='ltr'>ecclesiasticis</span> <span class='ocrx_word' id='word_1_277' title='bbox 1384 553 1552 594; x_wconf 84' lang='lat' dir='ltr'>sententiis,</span> <span class='ocrx_word' id='word_1_278' title='bbox 1571 552 1712 586; x_wconf 89' lang='lat' dir='ltr'>censuris</span> <span class='ocrx_word' id='word_1_279' title='bbox 1725 557 1755 584; x_wconf 88' lang='lat' dir='ltr'>et</span> <span class='ocrx_word' id='word_1_280' title='bbox 1767 551 1887 595; x_wconf 88' lang='lat' dir='ltr'>poenis,</span> 
     </span>
     <span class='ocr_line' id='line_1_64' title="bbox 1151 603 1887 650; baseline -0.007 -9"><span class='ocrx_word' id='word_1_281' title='bbox 1151 620 1167 641; x_wconf 90' lang='lat' dir='ltr'>a</span> <span class='ocrx_word' id='word_1_282' title='bbox 1181 609 1247 641; x_wconf 88' lang='lat' dir='ltr'>iure</span> <span class='ocrx_word' id='word_1_283' title='bbox 1264 608 1311 640; x_wconf 82' lang='lat' dir='ltr'>vel</span> <span class='ocrx_word' id='word_1_284' title='bbox 1329 607 1367 640; x_wconf 88' lang='lat' dir='ltr'>ab</span> <span class='ocrx_word' id='word_1_285' title='bbox 1384 607 1521 647; x_wconf 90' lang='lat' dir='ltr'>homine,</span> <span class='ocrx_word' id='word_1_286' title='bbox 1534 606 1642 650; x_wconf 86' lang='lat' dir='ltr'>quavis</span> <span class='ocrx_word' id='word_1_287' title='bbox 1659 605 1822 639; x_wconf 85' lang='lat' dir='ltr'>occasione</span> <span class='ocrx_word' id='word_1_288' title='bbox 1839 603 1887 636; x_wconf 87' lang='lat' dir='ltr'>vel</span> 
     </span>
     <span class='ocr_line' id='line_1_65' title="bbox 1151 657 1886 704; baseline -0.005 -10"><span class='ocrx_word' id='word_1_289' title='bbox 1151 663 1243 694; x_wconf 78' lang='lat' dir='ltr'>causa</span> <span class='ocrx_word' id='word_1_290' title='bbox 1269 661 1349 701; x_wconf 87' lang='lat' dir='ltr'>latis,</span> <span class='ocrx_word' id='word_1_291' title='bbox 1367 661 1391 693; x_wconf 90' lang='lat' dir='ltr'>si</span> <span class='ocrx_word' id='word_1_292' title='bbox 1409 660 1523 704; x_wconf 87' lang='lat' dir='ltr'>quibus</span> <span class='ocrx_word' id='word_1_293' title='bbox 1546 659 1783 704; x_wconf 82' lang='lat' dir='ltr'>quomodolibet</span> <span class='ocrx_word' id='word_1_294' title='bbox 1799 657 1886 691; x_wconf 90' lang='lat' dir='ltr'>inno-</span> 
     </span>
     <span class='ocr_line' id='line_1_66' title="bbox 1151 711 1888 756; baseline -0.004 -10"><span class='ocrx_word' id='word_1_295' title='bbox 1151 714 1240 747; x_wconf 87' lang='lat' dir='ltr'>datus</span> <span class='ocrx_word' id='word_1_296' title='bbox 1276 713 1395 753; x_wconf 82' lang='lat' dir='ltr'>existit,</span> <span class='ocrx_word' id='word_1_297' title='bbox 1428 713 1467 745; x_wconf 89' lang='lat' dir='ltr'>ad</span> <span class='ocrx_word' id='word_1_298' title='bbox 1499 712 1643 746; x_wconf 80' lang='lat' dir='ltr'>effectum</span> <span class='ocrx_word' id='word_1_299' title='bbox 1675 711 1888 756; x_wconf 86' lang='lat' dir='ltr'>praesentium</span> 
     </span>
     <span class='ocr_line' id='line_1_67' title="bbox 1151 763 1890 810; baseline -0.004 -10"><span class='ocrx_word' id='word_1_300' title='bbox 1151 768 1311 800; x_wconf 82' lang='lat' dir='ltr'>dumtaxat</span> <span class='ocrx_word' id='word_1_301' title='bbox 1329 765 1595 810; x_wconf 85' lang='lat' dir='ltr'>consequendum,</span> <span class='ocrx_word' id='word_1_302' title='bbox 1612 766 1725 798; x_wconf 83' lang='lat' dir='ltr'>harum</span> <span class='ocrx_word' id='word_1_303' title='bbox 1743 765 1823 798; x_wconf 86' lang='lat' dir='ltr'>serie</span> <span class='ocrx_word' id='word_1_304' title='bbox 1839 763 1890 797; x_wconf 86' lang='lat' dir='ltr'>ab-</span> 
     </span>
     <span class='ocr_line' id='line_1_68' title="bbox 1152 819 1888 858; baseline -0.004 -5"><span class='ocrx_word' id='word_1_305' title='bbox 1152 821 1306 854; x_wconf 86' lang='lat' dir='ltr'>solventes</span> <span class='ocrx_word' id='word_1_306' title='bbox 1339 825 1369 853; x_wconf 88' lang='lat' dir='ltr'>et</span> <span class='ocrx_word' id='word_1_307' title='bbox 1398 820 1577 853; x_wconf 87' lang='lat' dir='ltr'>absolutum</span> <span class='ocrx_word' id='word_1_308' title='bbox 1612 819 1679 851; x_wconf 89' lang='lat' dir='ltr'>sore</span> <span class='ocrx_word' id='word_1_309' title='bbox 1713 821 1888 858; x_wconf 89' lang='lat' dir='ltr'>censentes,</span> 
     </span>
     <span class='ocr_line' id='line_1_69' title="bbox 1152 872 1890 918; baseline -0.004 -12"><span class='ocrx_word' id='word_1_310' title='bbox 1152 874 1431 918; x_wconf 83' lang='lat' dir='ltr'>supplicationibus</span> <span class='ocrx_word' id='word_1_311' title='bbox 1456 873 1522 906; x_wconf 89' lang='lat' dir='ltr'>cius</span> <span class='ocrx_word' id='word_1_312' title='bbox 1540 872 1668 906; x_wconf 87' lang='lat' dir='ltr'>nomine</span> <span class='ocrx_word' id='word_1_313' title='bbox 1686 872 1779 905; x_wconf 88' lang='lat' dir='ltr'>nobis</span> <span class='ocrx_word' id='word_1_314' title='bbox 1795 881 1890 914; x_wconf 86' lang='lat' dir='ltr'>super</span> 
     </span>
     <span class='ocr_line' id='line_1_70' title="bbox 1153 924 1890 971; baseline -0.005 -11"><span class='ocrx_word' id='word_1_315' title='bbox 1153 928 1212 960; x_wconf 88' lang='lat' dir='ltr'>hoc</span> <span class='ocrx_word' id='word_1_316' title='bbox 1232 927 1392 960; x_wconf 88' lang='lat' dir='ltr'>humiliter</span> <span class='ocrx_word' id='word_1_317' title='bbox 1412 926 1567 971; x_wconf 87' lang='lat' dir='ltr'>porrectis</span> <span class='ocrx_word' id='word_1_318' title='bbox 1591 925 1741 966; x_wconf 88' lang='lat' dir='ltr'>inclinati,</span> <span class='ocrx_word' id='word_1_319' title='bbox 1759 924 1890 958; x_wconf 89' lang='lat' dir='ltr'>circum-</span> 
     </span>
     <span class='ocr_line' id='line_1_71' title="bbox 1153 978 1889 1024; baseline -0.007 -10"><span class='ocrx_word' id='word_1_320' title='bbox 1153 981 1303 1024; x_wconf 88' lang='lat' dir='ltr'>spectioni</span> <span class='ocrx_word' id='word_1_321' title='bbox 1322 987 1391 1014; x_wconf 86' lang='lat' dir='ltr'>tuae</span> <span class='ocrx_word' id='word_1_322' title='bbox 1410 991 1467 1024; x_wconf 90' lang='lat' dir='ltr'>per</span> <span class='ocrx_word' id='word_1_323' title='bbox 1484 984 1665 1024; x_wconf 85' lang='lat' dir='ltr'>praesentes</span> <span class='ocrx_word' id='word_1_324' title='bbox 1685 978 1889 1021; x_wconf 83' lang='lat' dir='ltr'>iniungimus,</span> 
     </span>
     <span class='ocr_line' id='line_1_72' title="bbox 1152 1032 1890 1076; baseline -0.004 -9"><span class='ocrx_word' id='word_1_325' title='bbox 1152 1039 1186 1066; x_wconf 88' lang='lat' dir='ltr'>ut</span> <span class='ocrx_word' id='word_1_326' title='bbox 1211 1034 1354 1067; x_wconf 88' lang='lat' dir='ltr'>eumdem</span> <span class='ocrx_word' id='word_1_327' title='bbox 1379 1034 1580 1066; x_wconf 88' lang='lat' dir='ltr'>Franciscum</span> <span class='ocrx_word' id='word_1_328' title='bbox 1605 1032 1890 1076; x_wconf 87' lang='lat' dir='ltr'>archiepiscopum,</span> 
     </span>
     <span class='ocr_line' id='line_1_73' title="bbox 1154 1084 1892 1129; baseline -0.005 -9"><span class='ocrx_word' id='word_1_329' title='bbox 1154 1087 1178 1119; x_wconf 90' lang='lat' dir='ltr'>si</span> <span class='ocrx_word' id='word_1_330' title='bbox 1202 1088 1262 1120; x_wconf 89' lang='lat' dir='ltr'>hoc</span> <span class='ocrx_word' id='word_1_331' title='bbox 1286 1098 1303 1120; x_wconf 84' lang='lat' dir='ltr'>a</span> <span class='ocrx_word' id='word_1_332' title='bbox 1327 1092 1356 1120; x_wconf 91' lang='lat' dir='ltr'>te</span> <span class='ocrx_word' id='word_1_333' title='bbox 1380 1086 1540 1120; x_wconf 89' lang='lat' dir='ltr'>humiliter</span> <span class='ocrx_word' id='word_1_334' title='bbox 1564 1085 1699 1129; x_wconf 88' lang='lat' dir='ltr'>petierit,</span> <span class='ocrx_word' id='word_1_335' title='bbox 1724 1095 1741 1117; x_wconf 89' lang='lat' dir='ltr'>a</span> <span class='ocrx_word' id='word_1_336' title='bbox 1766 1084 1892 1129; x_wconf 89' lang='lat' dir='ltr'>quibus-</span> 
     </span>
     <span class='ocr_line' id='line_1_74' title="bbox 1154 1136 1890 1184; baseline -0.004 -12"><span class='ocrx_word' id='word_1_337' title='bbox 1154 1151 1287 1184; x_wconf 89' lang='lat' dir='ltr'>cumque</span> <span class='ocrx_word' id='word_1_338' title='bbox 1312 1140 1453 1173; x_wconf 89' lang='lat' dir='ltr'>censuris</span> <span class='ocrx_word' id='word_1_339' title='bbox 1477 1143 1506 1173; x_wconf 84' lang='lat' dir='ltr'>et</span> <span class='ocrx_word' id='word_1_340' title='bbox 1529 1140 1638 1183; x_wconf 89' lang='lat' dir='ltr'>poenis</span> <span class='ocrx_word' id='word_1_341' title='bbox 1662 1136 1890 1178; x_wconf 86' lang='lat' dir='ltr'>ecclesiasticis,</span> 
     </span>
     <span class='ocr_line' id='line_1_75' title="bbox 1154 1190 1892 1236; baseline -0.005 -10"><span class='ocrx_word' id='word_1_342' title='bbox 1154 1204 1211 1236; x_wconf 90' lang='lat' dir='ltr'>per</span> <span class='ocrx_word' id='word_1_343' title='bbox 1242 1204 1313 1226; x_wconf 89' lang='lat' dir='ltr'>eum</span> <span class='ocrx_word' id='word_1_344' title='bbox 1343 1193 1591 1236; x_wconf 86' lang='lat' dir='ltr'>praemissorum</span> <span class='ocrx_word' id='word_1_345' title='bbox 1623 1190 1787 1227; x_wconf 82' lang='lat' dir='ltr'>occasione</span> <span class='ocrx_word' id='word_1_346' title='bbox 1817 1200 1892 1234; x_wconf 88' lang='lat' dir='ltr'>quo-</span> 
     </span>
     <span class='ocr_line' id='line_1_76' title="bbox 1154 1242 1891 1289; baseline -0.003 -11"><span class='ocrx_word' id='word_1_347' title='bbox 1154 1247 1325 1280; x_wconf 88' lang='lat' dir='ltr'>modolibet</span> <span class='ocrx_word' id='word_1_348' title='bbox 1341 1247 1485 1288; x_wconf 82' lang='lat' dir='ltr'>incursis,</span> <span class='ocrx_word' id='word_1_349' title='bbox 1504 1251 1534 1279; x_wconf 90' lang='lat' dir='ltr'>et</span> <span class='ocrx_word' id='word_1_350' title='bbox 1549 1256 1626 1289; x_wconf 89' lang='lat' dir='ltr'>quas</span> <span class='ocrx_word' id='word_1_351' title='bbox 1644 1244 1814 1278; x_wconf 84' lang='lat' dir='ltr'>incurrisse</span> <span class='ocrx_word' id='word_1_352' title='bbox 1830 1242 1891 1276; x_wconf 91' lang='lat' dir='ltr'>dici</span> 
     </span>
     <span class='ocr_line' id='line_1_77' title="bbox 1154 1298 1892 1344; baseline -0.004 -12"><span class='ocrx_word' id='word_1_353' title='bbox 1154 1301 1201 1333; x_wconf 70' lang='lat' dir='ltr'>vel</span> <span class='ocrx_word' id='word_1_354' title='bbox 1230 1301 1351 1334; x_wconf 87' lang='lat' dir='ltr'>censeri</span> <span class='ocrx_word' id='word_1_355' title='bbox 1382 1306 1505 1344; x_wconf 88' lang='lat' dir='ltr'>posset,</span> <span class='ocrx_word' id='word_1_356' title='bbox 1531 1298 1675 1343; x_wconf 76' lang='lat' dir='ltr'>imposita</span> <span class='ocrx_word' id='word_1_357' title='bbox 1705 1298 1733 1331; x_wconf 87' lang='lat' dir='ltr'>ei</span> <span class='ocrx_word' id='word_1_358' title='bbox 1762 1302 1892 1342; x_wconf 88' lang='lat' dir='ltr'>propter</span> 
     </span>
     <span class='ocr_line' id='line_1_78' title="bbox 1154 1351 1890 1397; baseline -0.004 -11"><span class='ocrx_word' id='word_1_359' title='bbox 1154 1354 1325 1397; x_wconf 88' lang='lat' dir='ltr'>praemissa</span> <span class='ocrx_word' id='word_1_360' title='bbox 1358 1354 1488 1387; x_wconf 90' lang='lat' dir='ltr'>arbitrio</span> <span class='ocrx_word' id='word_1_361' title='bbox 1514 1357 1566 1387; x_wconf 91' lang='lat' dir='ltr'>tuo</span> <span class='ocrx_word' id='word_1_362' title='bbox 1591 1352 1780 1397; x_wconf 75' lang='lat' dir='ltr'>poenitentia</span> <span class='ocrx_word' id='word_1_363' title='bbox 1810 1351 1890 1384; x_wconf 88' lang='lat' dir='ltr'>salu—</span> 
     </span>
     <span class='ocr_line' id='line_1_79' title="bbox 1155 1405 1893 1452; baseline -0.005 -12"><span class='ocrx_word' id='word_1_364' title='bbox 1155 1408 1232 1449; x_wconf 88' lang='lat' dir='ltr'>tari,</span> <span class='ocrx_word' id='word_1_365' title='bbox 1258 1413 1287 1440; x_wconf 88' lang='lat' dir='ltr'>et</span> <span class='ocrx_word' id='word_1_366' title='bbox 1317 1408 1397 1452; x_wconf 74' lang='lat' dir='ltr'>sacta</span> <span class='ocrx_word' id='word_1_367' title='bbox 1429 1418 1486 1451; x_wconf 85' lang='lat' dir='ltr'>per</span> <span class='ocrx_word' id='word_1_368' title='bbox 1517 1407 1662 1440; x_wconf 88' lang='lat' dir='ltr'>eumdem</span> <span class='ocrx_word' id='word_1_369' title='bbox 1691 1405 1893 1438; x_wconf 84' lang='lat' dir='ltr'>Franciscurn</span> 
     </span>
     <span class='ocr_line' id='line_1_80' title="bbox 1155 1457 1891 1505; baseline -0.004 -12"><span class='ocrx_word' id='word_1_370' title='bbox 1155 1461 1429 1505; x_wconf 85' lang='lat' dir='ltr'>archiepiscopum</span> <span class='ocrx_word' id='word_1_371' title='bbox 1455 1459 1665 1504; x_wconf 88' lang='lat' dir='ltr'>promissione</span> <span class='ocrx_word' id='word_1_372' title='bbox 1688 1458 1726 1492; x_wconf 90' lang='lat' dir='ltr'>de</span> <span class='ocrx_word' id='word_1_373' title='bbox 1750 1457 1891 1502; x_wconf 87' lang='lat' dir='ltr'>parendo</span> 
     </span>
     <span class='ocr_line' id='line_1_81' title="bbox 1155 1511 1895 1547; baseline -0.005 -1"><span class='ocrx_word' id='word_1_374' title='bbox 1155 1513 1270 1546; x_wconf 87' lang='lat' dir='ltr'>nostris</span> <span class='ocrx_word' id='word_1_375' title='bbox 1295 1519 1325 1546; x_wconf 86' lang='lat' dir='ltr'>et</span> <span class='ocrx_word' id='word_1_376' title='bbox 1349 1517 1472 1547; x_wconf 89' lang='lat' dir='ltr'>sanctae</span> <span class='ocrx_word' id='word_1_377' title='bbox 1498 1512 1606 1545; x_wconf 88' lang='lat' dir='ltr'>matris</span> <span class='ocrx_word' id='word_1_378' title='bbox 1629 1511 1786 1545; x_wconf 82' lang='lat' dir='ltr'>Ecclesiae</span> <span class='ocrx_word' id='word_1_379' title='bbox 1810 1520 1895 1543; x_wconf 89' lang='lat' dir='ltr'>man-</span> 
     </span>
     <span class='ocr_line' id='line_1_82' title="bbox 1156 1563 1893 1608; baseline -0.004 -9"><span class='ocrx_word' id='word_1_380' title='bbox 1156 1567 1245 1607; x_wconf 83' lang='lat' dir='ltr'>datis,</span> <span class='ocrx_word' id='word_1_381' title='bbox 1270 1567 1455 1600; x_wconf 86' lang='lat' dir='ltr'>auctoritate</span> <span class='ocrx_word' id='word_1_382' title='bbox 1478 1567 1587 1599; x_wconf 78' lang='lat' dir='ltr'>nostra</span> <span class='ocrx_word' id='word_1_383' title='bbox 1612 1565 1643 1597; x_wconf 92' lang='lat' dir='ltr'>in</span> <span class='ocrx_word' id='word_1_384' title='bbox 1666 1568 1800 1608; x_wconf 86' lang='lat' dir='ltr'>utroque</span> <span class='ocrx_word' id='word_1_385' title='bbox 1825 1563 1893 1597; x_wconf 83' lang='lat' dir='ltr'>soro</span> 
     </span>
     <span class='ocr_line' id='line_1_83' title="bbox 1157 1617 1894 1663; baseline -0.005 -10"><span class='ocrx_word' id='word_1_386' title='bbox 1157 1621 1316 1661; x_wconf 83' lang='lat' dir='ltr'>absolvas,</span> <span class='ocrx_word' id='word_1_387' title='bbox 1342 1621 1502 1663; x_wconf 87' lang='lat' dir='ltr'>dictasque</span> <span class='ocrx_word' id='word_1_388' title='bbox 1534 1629 1652 1663; x_wconf 83' lang='lat' dir='ltr'>poenas</span> <span class='ocrx_word' id='word_1_389' title='bbox 1683 1618 1727 1650; x_wconf 93' lang='lat' dir='ltr'>illi</span> <span class='ocrx_word' id='word_1_390' title='bbox 1758 1617 1894 1660; x_wconf 80' lang='lat' dir='ltr'>gratiose</span> 
     </span>
     <span class='ocr_line' id='line_1_84' title="bbox 1157 1669 1892 1714; baseline -0.005 -9"><span class='ocrx_word' id='word_1_391' title='bbox 1157 1673 1297 1707; x_wconf 85' lang='lat' dir='ltr'>remittas</span> <span class='ocrx_word' id='word_1_392' title='bbox 1322 1678 1352 1706; x_wconf 88' lang='lat' dir='ltr'>et</span> <span class='ocrx_word' id='word_1_393' title='bbox 1376 1673 1544 1712; x_wconf 81' lang='lat' dir='ltr'>condones,</span> <span class='ocrx_word' id='word_1_394' title='bbox 1565 1681 1755 1714; x_wconf 86' lang='lat' dir='ltr'>omnemque</span> <span class='ocrx_word' id='word_1_395' title='bbox 1774 1669 1892 1702; x_wconf 86' lang='lat' dir='ltr'>inhabi-</span> 
     </span>
     <span class='ocr_line' id='line_1_85' title="bbox 1158 1722 1893 1767; baseline -0.005 -9"><span class='ocrx_word' id='word_1_396' title='bbox 1158 1726 1251 1759; x_wconf 87' lang='lat' dir='ltr'>litatis</span> <span class='ocrx_word' id='word_1_397' title='bbox 1270 1731 1386 1767; x_wconf 84' lang='lat' dir='ltr'>notam,</span> <span class='ocrx_word' id='word_1_398' title='bbox 1399 1731 1429 1758; x_wconf 88' lang='lat' dir='ltr'>et</span> <span class='ocrx_word' id='word_1_399' title='bbox 1446 1725 1529 1758; x_wconf 88' lang='lat' dir='ltr'>aliud</span> <span class='ocrx_word' id='word_1_400' title='bbox 1548 1725 1651 1758; x_wconf 84' lang='lat' dir='ltr'>forsan</span> <span class='ocrx_word' id='word_1_401' title='bbox 1665 1722 1893 1767; x_wconf 87' lang='lat' dir='ltr'>praeiudicium</span> 
     </span>
     <span class='ocr_line' id='line_1_86' title="bbox 1158 1776 1896 1822; baseline -0.007 -10"><span class='ocrx_word' id='word_1_402' title='bbox 1158 1784 1266 1812; x_wconf 84' lang='lat' dir='ltr'>contra</span> <span class='ocrx_word' id='word_1_403' title='bbox 1284 1790 1355 1811; x_wconf 89' lang='lat' dir='ltr'>eum</span> <span class='ocrx_word' id='word_1_404' title='bbox 1373 1778 1619 1822; x_wconf 88' lang='lat' dir='ltr'>praemissorum</span> <span class='ocrx_word' id='word_1_405' title='bbox 1644 1776 1808 1810; x_wconf 88' lang='lat' dir='ltr'>occasione</span> <span class='ocrx_word' id='word_1_406' title='bbox 1822 1785 1896 1818; x_wconf 89' lang='lat' dir='ltr'>quo-</span> 
     </span>
     <span class='ocr_line' id='line_1_87' title="bbox 1159 1828 1894 1874; baseline -0.005 -10"><span class='ocrx_word' id='word_1_407' title='bbox 1159 1832 1329 1865; x_wconf 88' lang='lat' dir='ltr'>modolibet</span> <span class='ocrx_word' id='word_1_408' title='bbox 1353 1832 1529 1874; x_wconf 78' lang='lat' dir='ltr'>insurgens,</span> <span class='ocrx_word' id='word_1_409' title='bbox 1548 1831 1585 1863; x_wconf 90' lang='lat' dir='ltr'>ab</span> <span class='ocrx_word' id='word_1_410' title='bbox 1603 1841 1640 1863; x_wconf 88' lang='lat' dir='ltr'>eo</span> <span class='ocrx_word' id='word_1_411' title='bbox 1664 1829 1788 1873; x_wconf 87' lang='lat' dir='ltr'>penitus</span> <span class='ocrx_word' id='word_1_412' title='bbox 1806 1828 1894 1862; x_wconf 84' lang='lat' dir='ltr'>tollas</span> 
     </span>
     <span class='ocr_line' id='line_1_88' title="bbox 1159 1883 1895 1928; baseline -0.007 -9"><span class='ocrx_word' id='word_1_413' title='bbox 1159 1891 1189 1919; x_wconf 87' lang='lat' dir='ltr'>et</span> <span class='ocrx_word' id='word_1_414' title='bbox 1212 1886 1348 1925; x_wconf 84' lang='lat' dir='ltr'>aboleas,</span> <span class='ocrx_word' id='word_1_415' title='bbox 1371 1895 1505 1928; x_wconf 84' lang='lat' dir='ltr'>eumque</span> <span class='ocrx_word' id='word_1_416' title='bbox 1529 1884 1560 1916; x_wconf 93' lang='lat' dir='ltr'>in</span> <span class='ocrx_word' id='word_1_417' title='bbox 1582 1883 1750 1927; x_wconf 87' lang='lat' dir='ltr'>pristinum</span> <span class='ocrx_word' id='word_1_418' title='bbox 1769 1886 1798 1916; x_wconf 89' lang='lat' dir='ltr'>et</span> <span class='ocrx_word' id='word_1_419' title='bbox 1814 1892 1895 1924; x_wconf 88' lang='lat' dir='ltr'>eum,</span> 
     </span>
     <span class='ocr_line' id='line_1_89' title="bbox 1159 1937 1896 1982; baseline -0.008 -10"><span class='ocrx_word' id='word_1_420' title='bbox 1159 1939 1190 1971; x_wconf 92' lang='lat' dir='ltr'>in</span> <span class='ocrx_word' id='word_1_421' title='bbox 1214 1950 1276 1982; x_wconf 89' lang='lat' dir='ltr'>quo</span> <span class='ocrx_word' id='word_1_422' title='bbox 1301 1945 1390 1971; x_wconf 85' lang='lat' dir='ltr'>antea</span> <span class='ocrx_word' id='word_1_423' title='bbox 1414 1937 1650 1982; x_wconf 87' lang='lat' dir='ltr'>quomodolibet</span> <span class='ocrx_word' id='word_1_424' title='bbox 1674 1941 1756 1975; x_wconf 87' lang='lat' dir='ltr'>erat,</span> <span class='ocrx_word' id='word_1_425' title='bbox 1782 1939 1896 1967; x_wconf 86' lang='lat' dir='ltr'>statum</span> 
     </span>
     <span class='ocr_line' id='line_1_90' title="bbox 1161 1989 1896 2036; baseline -0.007 -11"><span class='ocrx_word' id='word_1_426' title='bbox 1161 1994 1323 2033; x_wconf 85' lang='lat' dir='ltr'>restituas,</span> <span class='ocrx_word' id='word_1_427' title='bbox 1346 2002 1481 2036; x_wconf 86' lang='lat' dir='ltr'>reponas</span> <span class='ocrx_word' id='word_1_428' title='bbox 1501 1995 1530 2025; x_wconf 90' lang='lat' dir='ltr'>et</span> <span class='ocrx_word' id='word_1_429' title='bbox 1549 1990 1688 2034; x_wconf 88' lang='lat' dir='ltr'>plenarie</span> <span class='ocrx_word' id='word_1_430' title='bbox 1712 1989 1896 2030; x_wconf 83' lang='lat' dir='ltr'>reintegres,</span> 
     </span>
     <span class='ocr_line' id='line_1_91' title="bbox 1161 2041 1896 2089; baseline -0.008 -11"><span class='ocrx_word' id='word_1_431' title='bbox 1161 2056 1329 2089; x_wconf 87' lang='lat' dir='ltr'>secumque</span> <span class='ocrx_word' id='word_1_432' title='bbox 1355 2055 1451 2088; x_wconf 88' lang='lat' dir='ltr'>super</span> <span class='ocrx_word' id='word_1_433' title='bbox 1476 2042 1716 2086; x_wconf 80' lang='lat' dir='ltr'>irregularitate,</span> <span class='ocrx_word' id='word_1_434' title='bbox 1742 2041 1767 2073; x_wconf 91' lang='lat' dir='ltr'>si</span> <span class='ocrx_word' id='word_1_435' title='bbox 1791 2051 1896 2084; x_wconf 84' lang='lat' dir='ltr'>quarn,</span> 
     </span>
     <span class='ocr_line' id='line_1_92' title="bbox 1161 2095 1898 2142; baseline -0.009 -9"><span class='ocrx_word' id='word_1_436' title='bbox 1161 2100 1345 2133; x_wconf 86' lang='lat' dir='ltr'>eorumdem</span> <span class='ocrx_word' id='word_1_437' title='bbox 1365 2098 1611 2142; x_wconf 84' lang='lat' dir='ltr'>praemissorum</span> <span class='ocrx_word' id='word_1_438' title='bbox 1632 2095 1806 2135; x_wconf 89' lang='lat' dir='ltr'>occasione,</span> <span class='ocrx_word' id='word_1_439' title='bbox 1827 2104 1898 2128; x_wconf 89' lang='lat' dir='ltr'>con-</span> 
     </span>
     <span class='ocr_line' id='line_1_93' title="bbox 1162 2149 1791 2195; baseline -0.008 -9"><span class='ocrx_word' id='word_1_440' title='bbox 1162 2154 1262 2195; x_wconf 82' lang='lat' dir='ltr'>traxit,</span> <span class='ocrx_word' id='word_1_441' title='bbox 1288 2153 1397 2186; x_wconf 79' lang='lat' dir='ltr'>cadem</span> <span class='ocrx_word' id='word_1_442' title='bbox 1422 2151 1605 2184; x_wconf 80' lang='lat' dir='ltr'>auctoritate</span> <span class='ocrx_word' id='word_1_443' title='bbox 1622 2149 1791 2193; x_wconf 85' lang='lat' dir='ltr'>dispenses.</span> 
     </span>
    </p>

    <p class='ocr_par' dir='ltr' id='par_1_26' title="bbox 1162 2200 1901 2462">
     <span class='ocr_line' id='line_1_94' title="bbox 1206 2200 1900 2249; baseline -0.009 -10"><span class='ocrx_word' id='word_1_444' title='bbox 1206 2207 1220 2249; x_wconf 63' lang='grc' dir='ltr'><strong>ἓ</strong></span> <span class='ocrx_word' id='word_1_445' title='bbox 1244 2206 1273 2238; x_wconf 70' lang='grc'>4.</span> <span class='ocrx_word' id='word_1_446' title='bbox 1298 2207 1367 2239; x_wconf 83' lang='lat' dir='ltr'>Non</span> <span class='ocrx_word' id='word_1_447' title='bbox 1392 2204 1586 2238; x_wconf 85' lang='lat' dir='ltr'>obstantibus</span> <span class='ocrx_word' id='word_1_448' title='bbox 1610 2202 1789 2247; x_wconf 83' lang='lat' dir='ltr'>apostolicis</span> <span class='ocrx_word' id='word_1_449' title='bbox 1814 2200 1900 2234; x_wconf 82' lang='lat' dir='ltr'>etin</span> 
     </span>
     <span class='ocr_line' id='line_1_95' title="bbox 1162 2253 1901 2301; baseline -0.008 -9"><span class='ocrx_word' id='word_1_450' title='bbox 1162 2259 1403 2300; x_wconf 76' lang='lat' dir='ltr'>universalibus,</span> <span class='ocrx_word' id='word_1_451' title='bbox 1429 2256 1736 2301; x_wconf 77' lang='lat' dir='ltr'>provincialibusque</span> <span class='ocrx_word' id='word_1_452' title='bbox 1761 2253 1901 2287; x_wconf 86' lang='lat' dir='ltr'>conciliis</span> 
     </span>
     <span class='ocr_line' id='line_1_96' title="bbox 1163 2307 1901 2355; baseline -0.007 -10"><span class='ocrx_word' id='word_1_453' title='bbox 1163 2312 1252 2346; x_wconf 89' lang='lat' dir='ltr'>editis</span> <span class='ocrx_word' id='word_1_454' title='bbox 1277 2312 1476 2355; x_wconf 76' lang='lat' dir='ltr'>generalibus</span> <span class='ocrx_word' id='word_1_455' title='bbox 1500 2311 1548 2343; x_wconf 85' lang='lat' dir='ltr'>vel</span> <span class='ocrx_word' id='word_1_456' title='bbox 1573 2309 1761 2353; x_wconf 86' lang='lat' dir='ltr'>specialibus</span> <span class='ocrx_word' id='word_1_457' title='bbox 1786 2307 1901 2341; x_wconf 86' lang='lat' dir='ltr'>consti-</span> 
     </span>
     <span class='ocr_line' id='line_1_97' title="bbox 1163 2361 1901 2404; baseline -0.008 -5"><span class='ocrx_word' id='word_1_458' title='bbox 1163 2366 1335 2399; x_wconf 87' lang='lat' dir='ltr'>tutionibus</span> <span class='ocrx_word' id='word_1_459' title='bbox 1367 2369 1396 2399; x_wconf 88' lang='lat' dir='ltr'>ct</span> <span class='ocrx_word' id='word_1_460' title='bbox 1427 2363 1695 2404; x_wconf 87' lang='lat' dir='ltr'>ordinationibus,</span> <span class='ocrx_word' id='word_1_461' title='bbox 1728 2361 1901 2404; x_wconf 86' lang='lat' dir='ltr'>ceterisque</span> 
     </span>
     <span class='ocr_line' id='line_1_98' title="bbox 1164 2418 1613 2462; baseline -0.009 -9"><span class='ocrx_word' id='word_1_462' title='bbox 1164 2419 1329 2453; x_wconf 72' lang='lat' dir='ltr'>contrariis</span> <span class='ocrx_word' id='word_1_463' title='bbox 1353 2418 1613 2462; x_wconf 83' lang='lat' dir='ltr'>quibuscumque.</span> 
     </span>
    </p>

    <p class='ocr_par' dir='ltr' id='par_1_27' title="bbox 1164 2467 1903 2625">
     <span class='ocr_line' id='line_1_99' title="bbox 1208 2467 1903 2515; baseline -0.009 -10"><span class='ocrx_word' id='word_1_464' title='bbox 1208 2473 1317 2506; x_wconf 87' lang='lat' dir='ltr'>Datum</span> <span class='ocrx_word' id='word_1_465' title='bbox 1343 2473 1469 2513; x_wconf 86' lang='lat' dir='ltr'>Romae,</span> <span class='ocrx_word' id='word_1_466' title='bbox 1494 2470 1576 2515; x_wconf 89' lang='lat' dir='ltr'>apud</span> <span class='ocrx_word' id='word_1_467' title='bbox 1589 2470 1617 2503; x_wconf 83' lang='lat' dir='ltr'>S.</span> <span class='ocrx_word' id='word_1_468' title='bbox 1632 2470 1769 2509; x_wconf 83' lang='lat' dir='ltr'>Petrum,</span> <span class='ocrx_word' id='word_1_469' title='bbox 1782 2467 1839 2500; x_wconf 90' lang='lat' dir='ltr'>sub</span> <span class='ocrx_word' id='word_1_470' title='bbox 1853 2477 1903 2500; x_wconf 87' lang='lat' dir='ltr'>an-</span> 
     </span>
     <span class='ocr_line' id='line_1_100' title="bbox 1164 2522 1902 2567; baseline -0.007 -8"><span class='ocrx_word' id='word_1_471' title='bbox 1164 2527 1238 2560; x_wconf 91' lang='lat' dir='ltr'>nulo</span> <span class='ocrx_word' id='word_1_472' title='bbox 1263 2526 1446 2567; x_wconf 74' lang='lat' dir='ltr'>Piscator-is,</span> <span class='ocrx_word' id='word_1_473' title='bbox 1471 2524 1520 2558; x_wconf 88' lang='lat' dir='ltr'>die</span> <span class='ocrx_word' id='word_1_474' title='bbox 1547 2534 1604 2557; x_wconf 83' lang='lat' dir='ltr'>xm</span> <span class='ocrx_word' id='word_1_475' title='bbox 1627 2522 1734 2567; x_wconf 87' lang='lat' dir='ltr'>aprilis</span> <span class='ocrx_word' id='word_1_476' title='bbox 1761 2530 1902 2561; x_wconf 77' lang='lat' dir='ltr'>nncxxx,</span> 
     </span>
     <span class='ocr_line' id='line_1_101' title="bbox 1164 2578 1649 2625; baseline -0.006 -12"><span class='ocrx_word' id='word_1_477' title='bbox 1164 2580 1364 2625; x_wconf 81' lang='lat' dir='ltr'>pontificatus</span> <span class='ocrx_word' id='word_1_478' title='bbox 1378 2578 1477 2612; x_wconf 86' lang='lat' dir='ltr'>nostri</span> <span class='ocrx_word' id='word_1_479' title='bbox 1494 2588 1575 2611; x_wconf 89' lang='lat' dir='ltr'>anno</span> <span class='ocrx_word' id='word_1_480' title='bbox 1596 2587 1649 2611; x_wconf 87' lang='lat' dir='ltr'>vn.</span> 
     </span>
    </p>
   </div>
   <div class='ocr_carea' id='block_1_22' title="bbox 1199 2639 1848 2678">
    <p class='ocr_par' dir='ltr' id='par_1_28' title="bbox 1199 2639 1848 2678">
     <span class='ocr_line' id='line_1_102' title="bbox 1199 2639 1848 2678; baseline -0.009 -7"><span class='ocrx_word' id='word_1_481' title='bbox 1199 2644 1258 2671; x_wconf 85' lang='lat' dir='ltr'>Dat.</span> <span class='ocrx_word' id='word_1_482' title='bbox 1279 2643 1321 2671; x_wconf 86' lang='lat' dir='ltr'>die</span> <span class='ocrx_word' id='word_1_483' title='bbox 1338 2643 1370 2671; x_wconf 84' lang='lat'>13</span> <span class='ocrx_word' id='word_1_484' title='bbox 1385 2642 1476 2678; x_wconf 84' lang='lat' dir='ltr'>aprilis</span> <span class='ocrx_word' id='word_1_485' title='bbox 1496 2641 1579 2676; x_wconf 81' lang='lat'>1630,</span> <span class='ocrx_word' id='word_1_486' title='bbox 1599 2639 1696 2677; x_wconf 85' lang='lat' dir='ltr'>pontif.</span> <span class='ocrx_word' id='word_1_487' title='bbox 1714 2646 1785 2668; x_wconf 81' lang='lat' dir='ltr'>anno</span> <span class='ocrx_word' id='word_1_488' title='bbox 1802 2643 1848 2666; x_wconf 80' lang='lat' dir='ltr'>vn.</span> 
     </span>
    </p>
   </div>
   <div class='ocr_carea' id='block_1_23' title="bbox 1892 226 2080 264">
    <p class='ocr_par' dir='ltr' id='par_1_29' title="bbox 1892 226 2080 264">
     <span class='ocr_line' id='line_1_103' title="bbox 1892 226 2080 264; baseline 0.005 -1"><span class='ocrx_word' id='word_1_489' title='bbox 1892 226 1991 264; x_wconf 66' lang='lat' dir='ltr'>Amo.</span> <span class='ocrx_word' id='word_1_490' title='bbox 2011 236 2080 264; x_wconf 81' lang='lat'>¹630</span> 
     </span>
    </p>
   </div>
   <div class='ocr_carea' id='block_1_24' title="bbox 1915 2205 2098 2228">
    <p class='ocr_par' dir='ltr' id='par_1_30' title="bbox 1915 2205 2098 2228">
     <span class='ocr_line' id='line_1_104' title="bbox 1915 2205 2098 2228; baseline -0.011 0"><span class='ocrx_word' id='word_1_491' title='bbox 1915 2205 2025 2228; x_wconf 79' lang='lat' dir='ltr'>Obstantia</span> <span class='ocrx_word' id='word_1_492' title='bbox 2038 2206 2098 2228; x_wconf 82' lang='lat' dir='ltr'>tollit.</span> 
     </span>
    </p>
   </div>
   <div class='ocr_carea' id='block_1_25' title="bbox 2217 414 2221 1046">
    <p class='ocr_par' dir='ltr' id='par_1_31' title="bbox 2217 414 2221 1046">
     <span class='ocr_line' id='line_1_105' title="bbox 2217 414 2221 1046; baseline 0 0"><span class='ocrx_word' id='word_1_493' title='bbox 2217 414 2221 1046; x_wconf 95' lang='lat' dir='ltr'> </span> 
     </span>
    </p>
   </div>
   <div class='ocr_carea' id='block_1_26' title="bbox 2172 105 2221 1831">
    <p class='ocr_par' dir='ltr' id='par_1_32' title="bbox 2172 105 2221 1831">
     <span class='ocr_line' id='line_1_106' title="bbox 2172 105 2221 1831; baseline 0 0"><span class='ocrx_word' id='word_1_494' title='bbox 2172 105 2221 1831; x_wconf 95' lang='lat' dir='ltr'> </span> 
     </span>
    </p>
   </div>
  </div>
 </body>
</html>
