2248 3229
114 211 160 239 Au.
179 210 207 238 C.
230 210 298 237 1632

170 1072 238 1100 Eique
253 1077 303 1098 sup-

116 1100 184 1126 pressi
239 1099 303 1120 omen

117 1126 212 1175 additus
235 1126 303 1153 appli-

137 1554 231 1579 lltinluw
243 1556 304 1575 tiu-ta·

120 1588 154 1601 wi)
198 1581 302 1602 tucilewui

120 1609 207 1629 conteri.

197 2139 307 2161 Clausulas

123 2172 256 2187 necessarias
281 2172 307 2186 ae

130 2196 300 2219 praeseri-auras

123 2220 190 2241 adtltl.

922 207 1064 232 nnnrth's
1088 207 1144 231 vlu
1169 207 1216 231 Pr.

311 257 378 290 viro
402 255 548 292 Tliaddeo
565 255 738 290 Barberiuo
755 255 897 301 principe
916 257 1050 290 Praene-

310 311 401 351 stino,
418 315 526 344 nostro
551 310 723 343 secundum
749 320 876 343 carnem
898 320 932 343 cv
955 310 1050 342 fratre

310 374 460 407 germano
473 368 597 408 nepote,
614 364 765 397 moderno
782 369 813 396 et
830 374 888 407 pro
911 368 1051 407 tempore

311 418 460 451 existente
492 416 583 451 Urbis
607 418 785 461 praesecto,
809 417 986 457 nominari,
1017 427 1050 449 ac

311 482 487 515 pauperum
501 476 531 504 et.
547 471 773 504 miserabilium
790 481 997 515 personarum
1015 470 1052 503 ad

312 536 344 558 se
369 525 601 558 recurrentium
633 534 743 569 causas
774 534 889 567 agere,
915 524 996 557 tueri
1025 527 1051 557 et

312 578 479 612 defendere
503 578 635 619 debeat,
664 588 699 611 ae
732 577 763 610 in
788 578 894 612 habitu
919 576 1052 611 seculari

312 641 367 664 seu
391 630 538 670 clericali,
562 636 655 674 prout
682 631 709 663 ei
739 631 885 672 libuerit,
908 630 1053 664 incedere

312 685 419 729 possit,
433 695 469 718 ac
488 684 563 717 alias
577 695 648 717 euni
664 685 810 718 omnibus
823 690 853 718 et
867 684 998 728 singulis
1014 684 1054 716 sa-

313 737 488 778 cultalibus,
502 737 749 780 auctoritatibus,
764 738 948 782 privilegiis,
966 747 1055 781 prae-

312 790 472 834 rogativis,
493 790 729 835 honoribusque
755 797 784 824 et
804 791 952 824 oneribus
970 789 1055 823 simi-

313 844 395 877 libus
419 844 576 878 advocatis
611 844 850 888 quomodolibet
875 848 1055 888 competen-

316 897 408 938 tibus,
426 908 461 931 ac
478 898 555 931 alias
571 898 671 932 solitis
689 903 719 931 et
743 897 912 938 consuetis,
938 897 1053 930 eisdem

316 951 500 986 auctoritate
520 957 551 985 et
574 956 693 991 tenore,
711 951 863 994 erigimus
883 956 912 984 et
937 951 1057 985 iustitu-

318 1005 443 1038 luimus.

361 1059 376 1102 g
399 1058 428 1091 4.
454 1058 564 1102 Illique
581 1058 626 1092 sic
646 1062 751 1092 erecto
772 1062 802 1091 et
822 1057 974 1100 instituto,
998 1068 1057 1102 pro

318 1113 385 1146 eius
408 1112 490 1155 dote,
508 1112 647 1156 illudque
671 1122 731 1156 pro
755 1116 897 1156 tempore
916 1111 1058 1145 obtinen-

317 1166 356 1199 tis
370 1167 510 1209 congrua
524 1165 760 1206 sustentatione,
772 1165 880 1198 omnia
892 1170 922 1198 et
935 1166 1058 1208 singula

317 1219 391 1253 dicti
416 1219 510 1253 ossicii
527 1219 572 1252 sic
588 1229 645 1263 per
668 1229 726 1253 nos
747 1219 908 1264 suppressi
928 1220 1057 1260 fructus,

318 1273 469 1315 redditus,
485 1278 667 1318 proventus,
692 1273 771 1313 iura,
796 1273 1002 1307 obventiones
1029 1278 1059 1306 et

318 1328 531 1362 emolumenta
547 1337 776 1371 quaecumque,
791 1327 822 1360 in
835 1327 998 1371 quibusvis
1014 1338 1059 1360 re-

317 1382 378 1415 hus
402 1380 619 1422 consistentia,
646 1386 675 1413 et
699 1380 921 1424 undecumque
945 1391 1059 1424 prove-

318 1435 443 1477 nientia,
460 1440 613 1479 perpetuo
638 1435 841 1468 concedimus
867 1440 894 1467 et
921 1435 1059 1477 assigna-

319 1500 399 1529 mus,
418 1499 455 1521 ae
479 1488 674 1532 applicamus
699 1493 728 1520 et
748 1488 999 1532 appropriamus.

363 1542 378 1585 g*
395 1541 423 1574 5.
438 1542 571 1585 Insuper
584 1541 721 1574 officium
736 1541 927 1582 huiusmodi,
942 1542 986 1574 sie
1002 1552 1060 1585 per

318 1601 498 1639 praesentes
523 1600 673 1635 erectum,
691 1600 850 1638 tamquam
868 1606 885 1627 a
902 1595 1060 1639 primaeva

318 1649 402 1682 illius
426 1649 582 1682 erectione
607 1658 730 1689 vacans,
759 1659 831 1682 cum
860 1648 1006 1682 omnibus
1031 1654 1061 1682 et

319 1702 451 1746 singulis
466 1703 630 1743 fructibus,
645 1703 830 1744 redditibus,
843 1703 1059 1746 proventibus,

319 1756 462 1799 iuribus,
494 1756 737 1790 obventionibus
773 1762 802 1790 et
837 1756 1059 1789 emolumentis

319 1810 572 1853 quibuscumque
593 1821 650 1853 per
670 1820 727 1843 nos
741 1815 773 1843 ut
791 1820 885 1854 supra
902 1810 1060 1844 concessis

320 1869 349 1897 et
366 1864 540 1907 assignatis,
555 1863 655 1896 eidem
671 1864 807 1904 Octavio,
825 1864 863 1897 de
880 1864 968 1897 euius
988 1864 1060 1905 side,

319 1917 498 1960 prudentia,
519 1916 672 1958 doctrina,
690 1917 805 1960 pietate
830 1922 859 1950 et
884 1917 1060 1960 integritate

319 1970 492 2013 plurinum]
517 1969 549 2002 in
573 1970 706 2002 Domino
726 1969 925 2010 confidimus,
943 1970 1060 2003 eisdem

320 2023 505 2057 auctoritate
530 2028 561 2056 et
585 2028 704 2063 tenore,
722 2023 826 2066 quoad
850 2022 970 2064 vixerit,
992 2033 1062 2056 con-

322 2077 461 2111 cedimus
486 2082 516 2109 et
536 2076 741 2119 assignamus.

367 2131 381 2173 ξ
405 2129 434 2162 G.
459 2129 638 2163 Mandantes
662 2134 830 2174 propterea
861 2130 1008 2163 omnibus
1033 2135 1063 2163 et

322 2184 464 2227 singulis,
481 2184 520 2216 ad
544 2194 623 2228 quos
647 2189 766 2228 spectat
790 2189 819 2217 et
843 2195 901 2228 pro
922 2190 1062 2228 tempore

322 2237 483 2282 spectabit,
508 2241 542 2271 ut
564 2237 726 2281 praedicto
750 2237 887 2279 Octavio,
910 2238 1063 2271 eiusdem-

323 2303 384 2335 que
408 2291 440 2324 in
463 2291 568 2325 officio
591 2291 732 2325 advocati
751 2302 931 2336 pauperum
952 2293 1061 2326 huius-

323 2346 408 2379 modi
433 2345 686 2386 suceessoribus,
711 2346 749 2379 de
773 2346 920 2380 omnibus
946 2352 975 2380 et
999 2347 1062 2380 sin-

323 2399 405 2442 gulis
429 2398 592 2441 fructibus,
617 2398 811 2442 redditibus,
837 2400 1062 2444 proventibus,

324 2453 469 2492 iuribus,
501 2452 743 2486 obventionibus
778 2458 808 2486 et
843 2454 1064 2488 emolumentis

323 2506 492 2552 praedictis
521 2506 585 2539 suis
616 2506 764 2549 congruis
795 2508 990 2551 temporibus
1014 2519 1063 2542 re-

325 2560 514 2605 spondeant,
543 2570 579 2592 ae
602 2559 806 2603 responderi¹
833 2566 943 2593 curent
967 2567 997 2594 et
1019 2562 1062 2594 sa—

359 2623 373 2650 1
390 2623 462 2651 Edit.
478 2622 558 2652 Main,
573 2623 657 2651 habet
672 2623 837 2659 responden.
853 2624 894 2660 (n.
909 2624 957 2659 T.).

1084 256 1181 296 ciant,
1203 266 1238 289 ac
1261 254 1465 288 decernentes
1488 256 1670 298 praesentes
1695 252 1824 296 litteras,

1084 313 1113 342 et
1138 309 1169 341 in
1193 309 1237 342 eis
1258 312 1403 342 contenta
1427 317 1653 352 quaecumque,
1675 306 1768 340 etiam
1786 317 1822 340 ex

1085 372 1122 394 eo
1138 362 1222 406 quod
1250 361 1280 394 in
1298 361 1479 406 praemissis
1500 361 1649 395 interesse
1665 360 1825 402 habentes,

1087 416 1133 448 rel
1158 415 1275 447 habere
1299 415 1548 458 praetendentes,
1565 415 1602 447 ad
1624 414 1654 447 id
1679 414 1780 448 vocati
1797 419 1828 447 ct

1086 468 1183 500 auditi
1207 478 1270 500 non
1304 468 1439 508 suerint,
1464 478 1522 501 nec
1546 468 1728 513 praemissis
1752 478 1828 502 eon-

1086 521 1257 562 senserint,
1283 526 1336 554 aut
1360 521 1434 555 alias
1459 522 1568 565 quovis
1593 527 1765 566 praetextu,
1790 522 1828 555 de

1087 575 1310 619 subreptionis,
1335 575 1383 608 vel
1408 575 1615 618 obreptionis,
1633 586 1687 608 seu
1705 575 1830 609 nullita-

1088 629 1125 661 tis
1149 628 1235 669 vitio,
1255 634 1306 661 aut
1334 628 1514 662 intentionis
1538 634 1673 671 nostrae,
1694 630 1741 661 vel
1770 629 1831 662 alio

1087 682 1234 726 quopiam
1261 682 1384 716 defectu
1408 681 1521 722 notari,
1538 682 1728 725 impugnari,
1750 682 1831 715 inva-

1089 736 1189 777 lidari,
1220 736 1251 768 in
1275 736 1323 769 ius
1354 737 1403 769 vel
1428 736 1677 769 controversiam
1703 736 1829 776 vocari,

1088 795 1141 822 aut
1158 789 1195 821 ad
1214 789 1294 822 viam
1312 795 1342 822 et
1363 789 1514 823 terminos
1538 789 1616 822 iuris
1641 789 1758 830 reduci,
1776 800 1832 823 seu

1089 843 1240 876 adversus
1265 843 1316 876 illa
1340 843 1564 888 quodcumque
1589 843 1687 884 iuris,
1712 844 1832 887 gratiae

1090 897 1137 930 vel
1164 897 1235 930 sacti
1260 897 1435 930 remedium
1469 897 1632 942 impetrari
1655 898 1833 932 nullatenus

1090 961 1192 995 posse,
1217 950 1271 984 sed
1292 961 1417 995 semper
1434 951 1545 993 valida,
1563 952 1654 984 firma
1678 956 1709 984 et
1733 952 1833 984 effica-

1090 1005 1138 1038 cia
1154 1005 1291 1038 existere
1316 1010 1345 1038 et
1370 996 1602 1049 sore,'suosque
1626 1005 1784 1049 plenarios
1804 1010 1834 1038 et

1091 1058 1232 1102 integros
1257 1058 1387 1092 effectus
1422 1059 1528 1092 sortiri
1552 1063 1583 1091 et
1607 1058 1749 1093 obtinere
1764 1086 1772 1100 ,
1798 1069 1835 1092 ae

1091 1111 1138 1154 iis,
1156 1122 1235 1155 quos
1260 1116 1456 1145 concernunt
1484 1117 1515 1144 et
1538 1117 1730 1145 concernent
1754 1122 1833 1156 quo-

1091 1165 1264 1199 modolibet
1287 1166 1318 1198 in
1343 1166 1495 1206 futurum,
1512 1165 1544 1198 in
1568 1166 1716 1199 omnibus
1732 1170 1762 1199 et
1777 1176 1835 1210 per

1092 1219 1197 1253 onmia
1220 1220 1401 1264 plenissime
1434 1219 1622 1263 suffragari,
1648 1220 1755 1263 sicque
1778 1230 1835 1263 per

1093 1284 1311 1317 quoscumque
1347 1273 1466 1307 iudices
1495 1273 1673 1307 ordinarios
1698 1278 1729 1306 et
1755 1273 1835 1306 dele-

1093 1333 1195 1371 gatos,
1217 1328 1310 1361 etiam
1337 1338 1502 1360 causarum
1530 1327 1637 1371 palatii
1669 1327 1835 1371 apostolici

1093 1381 1263 1421 auditores,
1281 1392 1316 1414 ac
1342 1386 1466 1414 sanctae
1492 1382 1649 1414 Romanae
1677 1381 1836 1414 Ecclesiae

1093 1435 1277 1476 cardinales,
1310 1435 1403 1467 etiam
1435 1434 1474 1467 de
1510 1435 1607 1466 latere
1642 1434 1778 1477 legatos,
1806 1439 1837 1466 et

1093 1488 1221 1532 quosvis
1246 1487 1333 1529 alios,
1354 1487 1463 1531 quavis
1494 1486 1680 1520 auctoritate
1708 1487 1837 1530 fungen-

1094 1545 1149 1582 tes,
1174 1542 1297 1575 sublata
1322 1542 1376 1583 eis,
1394 1546 1424 1574 ct
1441 1552 1551 1574 eorum
1571 1541 1708 1582 cuilibet,
1726 1541 1836 1585 quavis

1093 1596 1202 1638 quavis
1235 1595 1324 1629 aliter
1359 1595 1516 1628 iudicandi
1549 1600 1577 1628 et
1609 1594 1837 1638 interpretandi

1093 1650 1239 1682 facultate
1265 1654 1293 1682 et
1318 1649 1522 1689 auctoritate,
1550 1648 1684 1682 iudicari
1710 1654 1739 1681 et.
1763 1648 1838 1681 defi-

1093 1702 1155 1735 niri
1180 1702 1311 1742 debere,
1329 1713 1365 1735 ac
1382 1702 1507 1734 irritum
1528 1706 1558 1734 et
1578 1702 1679 1742 inane,
1701 1701 1725 1734 si
1746 1712 1836 1735 secus

1109 1765 1203 1799 super
1227 1755 1276 1788 his
1310 1765 1327 1788 a
1358 1765 1537 1799 quoquam,
1563 1755 1672 1799 quavis
1697 1755 1836 1788 auctori-

1094 1815 1166 1851 tate,
1181 1810 1315 1843 scienter
1332 1810 1380 1843 vel
1402 1809 1595 1853 ignoranter,
1610 1809 1779 1853 contigerit
1795 1813 1836 1844 at-

1094 1862 1219 1896 tentari.

1139 1917 1154 1960 g
1179 1916 1207 1950 7.
1232 1916 1302 1950 Non
1319 1915 1515 1949 obstantibus
1533 1916 1631 1949 felicis
1648 1916 1838 1951 recordatio-

1094 1969 1142 2003 nis
1160 1970 1204 2003 Pii
1230 1971 1332 2014 Papae
1349 1971 1386 2003 lv
1405 1970 1658 2014 praedecessoris
1681 1972 1781 2005 nostri
1799 1971 1836 2005 de

1095 2023 1206 2066 gratiis
1241 2024 1471 2068 qualecumque
1507 2024 1659 2058 interesse
1695 2035 1838 2058 camerae

1095 2077 1287 2120 apostolicae
1313 2077 1575 2110 concernentibus
1600 2077 1632 2110 in
1656 2078 1765 2111 eadem
1791 2088 1838 2111 ea—

1096 2132 1183 2163 mera
1208 2130 1289 2162 infra
1314 2136 1435 2164 eertum
1461 2135 1535 2164 tunc
1554 2141 1737 2175 expressum
1762 2137 1837 2165 tem-

1096 2195 1155 2228 pus
1180 2185 1416 2228 praesentandis
1436 2190 1466 2218 et
1489 2185 1707 2229 registrandis,
1725 2190 1754 2220 et
1770 2187 1837 2231 qui-

1096 2238 1200 2271 busvis
1225 2238 1294 2272 aliis
1314 2238 1590 2273 constitutionibus
1615 2245 1644 2273 et
1670 2240 1839 2274 ordinatio-

1096 2291 1188 2324 nibus
1222 2292 1411 2336 apostolicis,
1440 2303 1562 2326 necnon
1591 2294 1702 2337 regula
1730 2295 1838 2328 nostra

1096 2345 1134 2378 de
1158 2345 1227 2378 iure
1250 2346 1393 2390 quaesito
1417 2356 1480 2380 non
1505 2347 1652 2390 tollendo,
1679 2357 1713 2380 ac
1738 2347 1839 2381 dictae

1097 2398 1189 2432 Urbis
1206 2404 1234 2432 et
1260 2399 1423 2443 quibusvis
1440 2400 1519 2441 aliis,
1537 2401 1629 2433 etiam
1651 2401 1838 2443 iuramento,

1097 2453 1335 2487 confirmatione
1353 2454 1535 2498 apostolica,
1553 2455 1600 2487 vel
1622 2454 1731 2498 quavis
1743 2454 1840 2488 firmi-

1098 2512 1158 2540 tate
1178 2507 1238 2539 alia
1259 2507 1426 2549 roboratis,
1444 2508 1565 2541 statutis
1590 2513 1619 2541 et
1644 2509 1839 2543 consuetudi-

1098 2561 1198 2604 nibus,
1218 2561 1390 2606 privilegiis
1411 2573 1547 2607 quoque,
1570 2562 1698 2595 indultis
1715 2566 1744 2596 et
1761 2563 1840 2596 litte-

1099 2615 1141 2649 ris
1172 2615 1352 2660 apostolicis
1388 2615 1464 2650 Urbi
1500 2621 1531 2651 et
1563 2616 1838 2651 conservatoribus

1729 194 1794 229 303
1840 203 1889 231 An.
1906 203 1934 231 c.
1956 202 2024 232 1632

1853 1929 1962 1951 Obstautia
1975 1929 2035 1951 tollit.
