2248 3229
81 241 131 268 An.
148 240 176 268 C.
198 239 267 268 1638

85 989 269 1037 0„2'²'t‘t¹'2⁹¹⁶'

143 1023 156 1037 a
201 1023 212 1037 e
227 1032 231 1036 .

127 2425 247 2458 Exordium.

887 241 1028 265 Uaniixcs
1053 240 1108 264 vm
1133 241 1180 264 rr.
1697 228 1761 262 685

279 286 388 321 diebus
407 287 488 321 infra
508 293 648 321 octavam
666 289 734 322 sesti
752 288 902 333 praedicti
921 289 1017 322 sancti
1035 291 1037 337 ]
1053 289 1139 321 nullo
1156 288 1226 321 licet
1244 287 1430 320 meritorum
1445 286 1594 329 suffragio
1609 285 1791 329 praepositi,

280 339 437 374 Francisci
453 368 460 381 ,
481 342 652 386 apostolica
677 342 860 375 auctoritate
873 369 880 383 ,
910 347 1018 374 tenore
1035 383 1037 389 Ι
1054 342 1134 374 iuter
1151 352 1263 384 graves
1277 340 1501 374 sollicitudines
1525 339 1640 383 quibus
1655 349 1712 382 pro
1730 349 1794 371 cre-

280 394 511 436 praesenfiurn,
536 399 689 439 perpetuo
715 395 941 433 transferimus,
967 394 1018 426 iis·
1036 410 1037 429 ι
1053 394 1118 427 dito
1153 394 1243 427 nobis
1276 394 1464 437 apostolicae
1499 392 1658 426 servitutis
1689 391 1793 425 ossicio

280 446 415 491 demque
438 447 629 492 presbyteris
660 459 695 480 ae
719 448 788 481 aliis
813 447 1020 481 cliristitideli-
1036 439 1037 452 ¹
1053 446 1176 480 assidue
1190 447 1375 490 premimur,
1393 457 1428 479 ea
1445 452 1490 478 est
1506 445 1683 489 praecipua,
1699 454 1793 488 quam

284 509 342 532 nus
361 500 538 543 praedictis,
556 501 692 546 aliquam
709 512 746 533 ex
766 501 856 534 dictis
881 500 1020 533 ecclesiis
1054 501 1202 534 continua
1227 501 1367 544 pericula
1395 506 1488 544 atque
1505 499 1697 539 discrimina,
1714 508 1794 542 quae

281 552 443 585 Societatis
462 553 643 586 huiusmodi
669 553 862 587 visitantibus
889 559 919 586 et
936 564 1021 596 prae-
1056 564 1072 586 a
1088 554 1207 586 nefario
1224 554 1336 586 Christi
1357 553 1491 586 nominis
1516 553 1605 586 hoste
1621 553 1794 585 'furcarum

282 606 377 638 missa
401 607 624 650 peragentibus
643 608 693 640 die
723 608 752 640 in
772 618 866 651 quam
887 607 1022 639 celebra·
1056 614 1199 651 tyramuo
1216 607 1413 651 principibus
1430 613 1460 639 et
1478 606 1601 650 populis
1617 605 1795 638 christianis

282 659 398 692 tionem
422 661 490 693 festi
509 661 688 694 huiusmodi
711 661 873 694 transferri
887 660 1022 702 contige·
1038 655 1039 658 '
1056 658 1608 703 mmquamnonimpendunt¹‚nobis
1618 658 1794 691 conciliant.

283 711 333 751 rit,
358 712 531 756 plenariam
557 714 701 748 similiter
725 714 865 747 omnium
891 723 1021 745 suorum

283 771 482 808 peccatorum
513 767 737 809 indulgentiam
755 771 784 800 et
805 766 1022 805 remissionem

284 818 532 852 misericorditer
556 820 586 852 in
606 820 738 853 Domino
755 819 966 852 concedimus.
990 819 1022 851 ln

284 872 477 905 contrarium
514 873 698 906 facientibus
735 883 797 906 non
827 872 1024 906 obstantibus

285 924 546 968 quibuscumque.

329 978 345 1021 ἓ,
361 977 390 1011 3.
409 979 560 1012 Volumus
576 985 692 1018 autem,
708 979 792 1022 quod
810 978 1022 1022 praesentium

1055 714 1261 757 Quapropter,
1283 713 1338 746 etsi
1364 713 1486 746 Domini
1513 712 1566 745 Dei
1590 712 1795 750 exercituum,

1040 767 1109 822 ¹qui
1144 777 1289 810 sponsam
1326 778 1414 799 suam
1452 767 1622 800 Ecclesiam
1659 770 1795 798 sanctam

1057 821 1213 863 protegit,
1250 820 1406 864 praesidio
1431 820 1627 863 potissimum
1653 818 1794 851 confida-

1059 884 1137 913 mus,
1158 874 1303 916 cogimur
1317 879 1421 905 tamen
1438 884 1496 916 pro
1513 872 1617 905 debito
1631 870 1798 915 pastoralis

1060 927 1199 959 muneris
1217 927 1247 958 in
1268 926 1298 958 id
1323 926 1409 959 omni
1435 925 1625 967 cogitatione
1649 923 1798 966 omnique

1041 968 1135 1018 ¹cura⁴i
1161 979 1365 1019 incumbere,
1390 983 1423 1012 ut
1453 977 1641 1021 provisionis
1673 982 1798 1009 nostrae

287 1033 501 1076 transumptis,
520 1032 612 1065 etiam
631 1033 802 1076 impressis,
821 1042 915 1064 manu
932 1031 1026 1064 alicu-
1042 1022 1043 1075 ¹
1061 1032 1246 1071 ministerio,
1263 1031 1411 1064 adhibitis
1430 1031 1656 1064 catholicorum
1682 1029 1799 1073 princi-

287 1084 334 1117 ius
359 1085 471 1119 notarii
496 1085 612 1129 publici
638 1085 840 1129 subscriptis,
869 1091 899 1118 et
923 1085 1026 1127 sigillo
1060 1096 1134 1129 pum
1149 1085 1278 1124 viribus,
1297 1085 1376 1117 mala
1390 1084 1569 1117 huiusmodi
1586 1084 1695 1127 procul
1717 1094 1733 1115 a
1749 1093 1800 1126 po-

287 1147 439 1180 personae
457 1137 487 1170 in
511 1138 661 1181 dignitate
686 1138 896 1171 ecclesiastica
917 1139 1027 1171 cousti-
1061 1139 1136 1182 pulo
1161 1138 1333 1171 christiano
1358 1143 1534 1170 arceantur.

289 1195 370 1223 tutae
395 1191 533 1230 munitis,
551 1191 660 1223 eadem
678 1201 810 1235 prorsus
834 1191 912 1223 fides
937 1191 1026 1223 adhi-
1044 1182 1045 1217 l
1106 1193 1121 1235 ξ
1150 1191 1173 1223 l.
1199 1191 1274 1224 Cum
1299 1201 1371 1223 vero
1390 1191 1459 1234 plus
1476 1190 1549 1223 satis
1566 1194 1695 1231 constet,
1716 1200 1801 1222 eum-

287 1244 407 1284 beatur,
431 1254 510 1287 quae
534 1245 752 1288 praesentibus
771 1243 985 1285 adhiberetur,
1003 1245 1027 1277 si
1044 1278 1045 1294 χ
1062 1245 1132 1277 dem
1160 1244 1290 1288 impium
1316 1244 1490 1276 Tui-earum
1522 1249 1700 1286 tyramnum
1724 1242 1801 1274 nihil

288 1297 390 1330 forent
413 1297 566 1331 exhibitae
592 1298 639 1331 vel
664 1304 815 1331 ostensae.
1044 1297 1183 1338 ,avidius
1201 1307 1363 1340 quaerere,
1381 1306 1474 1339 quam
1495 1295 1683 1328 christianos
1706 1305 1802 1338 popu-

332 1350 443 1383 Datum
491 1351 608 1384 Romae
625 1378 632 1391 ‚
672 1351 754 1394 apud
801 1351 830 1383 S.
881 1351 1028 1390 Petrum,
1045 1349 1047 1386 ζ
1064 1351 1110 1383 los
1135 1349 1292 1389 invadere,
1317 1354 1357 1389 et,
1389 1342 1590 1382 christianam
1616 1348 1801 1391 religionem

290 1403 348 1436 sub
372 1404 488 1437 annulo
514 1404 693 1445 piscatoris,
718 1404 769 1436 die
800 1414 822 1437 ιι
853 1404 1030 1437 decembris
1046 1394 1047 1398 ¹
1064 1403 1311 1443 exterminando,
1329 1402 1594 1435 abominationen‘i
1613 1412 1699 1434 suam
1721 1401 1804 1444 plan-

290 1467 487 1498 Mncxxxvm,
511 1458 712 1502 pontificatus
737 1458 837 1490 nostri
865 1468 947 1491 anno
965 1468 1027 1491 xv1.
1047 1487 1048 1490 ,
1065 1462 1130 1489 tare
1156 1461 1184 1488 et
1209 1466 1405 1499 propagare,
1430 1455 1559 1498 eiusque
1584 1454 1666 1486 vires
1689 1453 1804 1486 nostris

326 1520 386 1547 Dat.
406 1520 449 1547 die
464 1520 480 1546 Ξ).
495 1519 647 1548 decembris
665 1520 746 1553 1038,
767 1520 864 1555 pontis.
885 1527 954 1547 auno
975 1527 1030 1547 xxi.

293 1751 442 1784 Decimae
466 1752 645 1784 nonnullae
661 1762 758 1795 super
775 1752 864 1784 bonis
881 1751 1030 1784 ecclesia-

337 1805 426 1837 sticis
451 1805 486 1837 in
509 1804 652 1837 ‘deiminio
672 1805 882 1848 Reipublicae
907 1805 1035 1837 Veneto-

340 1867 414 1889 rum
438 1858 656 1900 imponuntur
679 1858 716 1890 ιἰι
739 1857 923 1890 subsidium
947 1858 1034 1890 eius-

339 1910 411 1943 dem
434 1909 633 1953 reipublicae
660 1920 720 1953 pro
742 1910 927 1955 sumptibus
959 1911 1036 1944 belli

340 1967 452 1995 contra
480 1962 505 1995 T
507 1973 600 1994 urceis
614 1961 633 1995 ¹.

296 2042 464 2070 Venerabili
499 2042 586 2069 fratri
622 2041 780 2069 francisco
810 2042 1037 2076 archiepiscopo

331 2086 604 2119 Thessalonicensi,
625 2088 764 2113 moderno
784 2089 815 2114 et
830 2093 882 2120 pro
902 2090 1037 2120 tempore

333 2131 478 2158 existenti
496 2135 600 2158 nostro
624 2134 654 2158 et
683 2131 768 2158 Sedis
798 2131 987 2164 Apostolicae
1008 2130 1038 2157 in

333 2176 460 2204 dominio
480 2176 658 2203 Venetorum
678 2176 800 2208 nuncio,

493 2229 630 2257 Urbanus
659 2229 737 2262 Papa
765 2229 844 2256 vul.

516 2290 702 2319 Venerabilis
714 2291 819 2324 frater,

335 2338 464 2364 salutem
489 2340 520 2363 et
539 2336 735 2370 apostolicam
755 2335 1003 2362 benedictionem.

344 2417 567 2450 Sacrosanctae
583 2415 593 2433 '³
619 2416 779 2448 militantis
812 2415 967 2448 Ecclesiae
992 2425 1041 2447 re-

301 2471 411 2514 gimini
437 2481 493 2514 per
524 2469 746 2503 abundantiam
776 2469 900 2502 divinae
923 2469 1041 2511 gratiae

340 2552 346 2577 l
369 2550 404 2577 Ex
423 2549 528 2585 Regest.
547 2550 572 2576 in
589 2549 690 2576 Secret.
715 2549 846 2576 lli-evium.

336 2596 352 2622 2
367 2596 488 2623 Simitem
505 2595 564 2623 vide
579 2594 698 2630 Gregorii
712 2593 764 2628 XV,
783 2598 846 2621 tom.
860 2600 906 2627 xu,
920 2601 979 2629 pag.
992 2593 1043 2621 709

301 2643 341 2672 (a.
357 2644 406 2674 τ.).

1048 1504 1049 1518 ¹
1066 1509 1251 1542 iacientibus
1276 1509 1411 1552 peccatis
1429 1508 1510 1541 malo
1528 1514 1636 1540 nostro
1652 1506 1804 1539 admoniti

1066 1573 1218 1605 cogamur
1242 1561 1364 1602 timere,
1390 1561 1537 1603 omnique
1565 1561 1642 1592 cura
1667 1564 1696 1592 et
1720 1559 1805 1592 solli-

1050 1611 1204 1649 ]citudine
1224 1624 1428 1658 praecavere:
1458 1614 1556 1646 multo
1581 1613 1680 1656 magis
1705 1617 1806 1645 eastra

1050 1684 1051 1692 ι
1069 1668 1190 1702 Domini
1208 1667 1366 1701 custodire
1380 1672 1409 1700 et
1426 1666 1626 1710 praemunire
1639 1676 1696 1698 nos
1715 1675 1808 1708 opor-

1050 1760 1052 1767 ,
1069 1728 1110 1755 tet
1127 1722 1187 1755 hoc
1205 1726 1357 1764 tempore,
1376 1731 1446 1752 cum
1465 1719 1503 1752 ab
1521 1719 1716 1762 expeditione
1738 1728 1808 1751 con-

1051 1782 1115 1823 ,tra
1141 1774 1330 1808 christianos
1360 1773 1466 1805 multis
1490 1772 1578 1804 annis
1603 1771 1807 1812 abstinuerit,

1069 1834 1099 1862 et
1118 1827 1288 1860 verisimile
1306 1827 1355 1866 sit,
1376 1826 1492 1858 diutius
1516 1835 1579 1858 non
1603 1830 1808 1863 cessaturum,

1070 1882 1123 1915 sed
1148 1881 1214 1914 eius
1242 1880 1346 1924 potius
1370 1879 1423 1912 diu
1449 1888 1662 1922 compressam
1688 1877 1807 1910 rabiem

1052 1947 1055 1980 3
1071 1934 1287 1968 vehementius
1303 1937 1496 1976 erupturam,
1513 1931 1600 1970 Quod
1620 1931 1735 1964 malum
1753 1941 1810 1963 nos

1071 1990 1200 2032 paterna
1215 1986 1423 2019 sollicitudine
1440 1984 1622 2017 iamdudum
1637 1989 1811 2016 metuentes

1073 2052 1129 2084 pro
1149 2039 1243 2073 officii
1264 2038 1362 2071 nostri
1387 2037 1492 2070 debito
1515 2037 1703 2069 Venetorum
1725 2047 1811 2079 prae-

1055 2094 1162 2137 ¹cipue
1193 2092 1419 2125 nobilissimam
1454 2089 1702 2133 rempublicam,
1731 2100 1811 2132 quae.

1074 2146 1216 2179 hostibus
1241 2144 1377 2177 maxime
1403 2142 1541 2186 exposita
1565 2153 1633 2175 esse
1657 2141 1812 2184 dignosci·

1075 2206 1134 2239 tur,
1155 2209 1217 2231 non
1241 2197 1337 2231 semel
1364 2197 1394 2229 in
1419 2196 1550 2229 Domino
1575 2195 1729 2228 cohortati
1754 2205 1808 2227 su-

1056 2279 1058 2305 ,
1075 2264 1154 2293 mus,
1167 2262 1205 2285 ne
1219 2251 1403 2284 insidiarum
1418 2250 1509 2293 plena
1523 2260 1594 2282 cum
1609 2249 1714 2292 impiis
1726 2258 1812 2292 pace,

1057 2306 1189 2350 ³quibus
1213 2315 1274 2337 non
1299 2309 1344 2337 est
1369 2314 1439 2347 pax,
1463 2301 1720 2344 conlide1·et,·sed
1741 2313 1813 2344 pru·

1057 2360 1184 2412 ¹denter
1209 2364 1342 2397 cavei-ct,
1366 2368 1500 2401 suasque
1525 2367 1623 2396 arces,
1651 2361 1760 2399 portus
1784 2361 1814 2388 et

1058 2414 1144 2464 >toea
1172 2411 1319 2450 muniret,
1337 2410 1468 2443 classem
1495 2415 1525 2443 et
1548 2410 1608 2442 alia
1632 2409 1669 2441 ad
1695 2409 1812 2441 bellum

1076 2465 1252 2498 necessaria
1275 2469 1475 2507 compararet
1498 2469 1527 2496 et
1544 2468 1651 2506 parata
1675 2462 1812 2495 haberet.

1058 2537 1061 2589 ἡ
1121 2520 1135 2562 ξ
1156 2517 1184 2550 2.
1202 2518 1278 2551 Cum
1295 2522 1398 2550 autem
1418 2517 1559 2559 ingentes
1576 2520 1720 2559 sumptus
1738 2514 1814 2547 haec

1059 2599 1061 2610 ,
1077 2582 1127 2605 res
1143 2571 1288 2615 postulet,
1306 2569 1472 2604 Clementis
1487 2569 1550 2602 Vlll
1571 2573 1601 2602 et
1618 2568 1703 2600 Pauli
1718 2567 1740 2599 V
1758 2577 1815 2599 nec

1058 2618 1062 2667 i
1116 2636 1122 2660 t
1145 2630 1815 2670 Aptiusiuloc.parall.legitur*impendenlmsffi

1805 237 1855 264 An.
1871 237 1898 264 C.
1922 238 1990 265 ¹638

1843 1198 1922 1217 ‹linsm-
1937 1197 2000 1223 impo-

1816 1226 1878 1245 nendi
1893 1225 1992 1245 «tet-una„

1861 2519 1917 2539 liuta
1934 2524 2012 2539 nior-*in

1831 2549 1902 2571 itaq-m
1924 2545 2012 2565 aliisi-uin

1831 2572 1965 2595 Pontificum,
