2248 3229
78 250 128 278 Λο.
148 249 176 276 C.
196 249 264 277 ¹638

116 2114 185 2135 Ruta·
202 2114 272 2133 -tamm

90 2141 143 2162 aba«
152 2148 164 2161 a
176 2147 197 2161 se
209 2141 272 2161 tarut-

90 2170 153 2187 tatrm
167 2175 185 2184 υ-
196 2174 247 2193 γυπι-

90 2194 111 2214 di
126 2195 166 2214 ‹tu-1
183 2198 273 2219 vei-tiga-

894 247 1036 271 t'RnANth
1057 246 1113 271 vul
1134 246 1182 270 1²1³.

278 298 476 340 iuramento,
507 296 746 331 confirmatione
771 295 944 341 apostolica
969 295 1015 328 vel

277 350 385 396 quavis
408 350 557 384 firmitate
575 350 636 383 alia
654 349 822 390 roboratis,
847 349 969 383 statutis
986 354 1016 382 et

277 403 566 444 consuetudinibus,
581 403 756 447 ceterisque
769 402 935 436 contrariis
952 402 1017 446 qui-

276 457 483 501 buscumque.

320 510 335 553 §
359 508 389 543 3.
416 510 566 543 Volumus
591 514 713 551 autem,
739 508 823 553 quod
844 508 1017 553 praesentis

277 562 498 607 prohibitionis
523 563 632 607 copiae
650 563 681 595 in
701 561 795 595 valvis
822 561 1017 604 singularum
1034 574 1037 632 Ι

277 616 432 649 dictarum
458 615 744 657 bibliothecarum,
777 620 829 647 aut
854 614 922 647 aliis
947 624 1037 658 per-⁴

277 669 396 713 spicuis
420 669 508 709 locis,
526 668 609 702 unde
626 669 664 701 ab
682 667 828 702 omnibus
852 666 1019 700 commode

278 721 364 755 cerni
382 721 510 765 possint,
527 722 677 755 continuo
694 722 803 754 affixae
821 725 1003 754 remaneant
1011 730 1018 759 ς

278 774 425 818 quodque
449 774 663 819 praesentium
686 773 901 818 transumptis,
925 773 1019 806 etiam

279 828 458 871 impressis,
485 837 578 859 manu
602 827 734 860 alicuius
764 827 877 860 notarii
902 826 1020 870 publici

278 881 474 926 subscriptis,
488 888 518 916 ct
531 882 634 926 sigillo
655 891 808 926 personae
826 881 857 914 in
870 880 1020 923 dignitate

280 935 492 969 ecclesiastica
519 935 708 970 constitutae
737 935 887 974 munitis,
911 933 1019 966 eadem

279 999 411 1032 prorsus
430 988 508 1022 fides
526 989 556 1021 in
574 988 689 1021 iudicio
714 993 745 1021 et
767 993 855 1020 extra
871 986 1021 1019 adhibea-

280 1046 342 1081 tur,
365 1052 445 1085 quae
470 1042 545 1085 ipsis
568 1041 788 1085 praesentibus
805 1040 1020 1080 adhiberetur,

280 1093 305 1127 si
329 1094 432 1128 forent
451 1094 607 1128 exhibitae
632 1094 679 1127 vel
704 1098 855 1127 ostensae.

323 1147 435 1181 Datum
459 1148 587 1188 Romae,
612 1146 696 1191 apud
720 1147 749 1181 S.
775 1147 906 1180 Mariam
931 1146 1022 1180 Maio-

282 1211 360 1243 rem,
389 1201 447 1234 sub
464 1201 579 1234 annulo
597 1200 774 1240 Piscator-is,
794 1200 844 1233 die
861 1210 936 1234 xxix
955 1200 1022 1233 iulii

281 1264 474 1296 nnexxxvtu,
494 1254 693 1298 pontificatus
707 1253 806 1288 nostri
825 1263 908 1286 anno
926 1263 978 1286 xv,

317 1316 376 1344 Dat.
394 1316 437 1344 die
451 1316 486 1344 29
500 1316 559 1344 iulii
576 1316 656 1349 1638,
676 1316 771 1352 pontif.
787 1323 858 1343 anno
879 1322 924 1342 xv.

592 1457 717 1491 DCXIII.

284 1539 440 1573 Facultas
460 1540 617 1583 regimini
640 1539 783 1572 civitatis
807 1539 1026 1572 Bononiensis

327 1592 544 1626 continuandi
571 1592 740 1635 qabellas,
770 1602 874 1625 unam
903 1592 1026 1625 scilicet

327 1650 470 1689 quatuor
488 1644 669 1678 solidorum
690 1655 750 1688 pro
774 1645 918 1688 qualibet
942 1645 1026 1677 libra

326 1697 422 1730 serici
439 1697 550 1737 exteri,
564 1702 593 1730 et
605 1697 711 1730 aliam
725 1697 830 1730 decem
847 1697 1027 1730 solidorum

326 1761 386 1795 pro
413 1751 558 1794 qualibet
584 1750 669 1783 libro
689 1751 785 1784 serici
801 1751 954 1794 duplicis,
971 1751 1027 1783 cln-

328 1804 478 1836 rantibus
507 1807 573 1837 octo
597 1803 696 1836 annis
718 1804 868 1847 proxime
892 1805 1026 1846 fictur-is,

330 1856 373 1890 acl
400 1856 540 1899 effectum
571 1856 716 1889 solvendi
743 1867 796 1890 aes
823 1857 973 1890 alienum
1007 1869 1027 1890 α

331 1909 459 1942 camerti
480 1909 584 1942 dictae
610 1909 751 1942 civitatis
775 1913 973 1943 contractum
988 1910 1007 1943 ¹.

489 1989 626 2017 Urbanus
646 1989 724 2023 Papa
743 1988 829 2022 vm,

425 2034 462 2061 ad
481 2033 615 2061 suturam
636 2033 682 2060 rei
706 2033 890 2060 memoriam.

332 2107 347 2150 ἓ,
375 2106 400 2139 t.
427 2105 510 2139 Alias
534 2115 551 2138 a
575 2104 666 2138 nobis
689 2110 875 2138 emanarunt
906 2104 1027 2138 litterae

267 2159 406 2194 -tenoris
431 2159 667 2202 subsequentis,
691 2157 850 2190 videlicet:

335 2213 486 2248 Urbanus
512 2212 607 2256 Papa
629 2211 722 2251 VIII,
751 2210 793 2244 acl
817 2213 959 2254 futuram
982 2211 1046 2244 rei.

288 2267 487 2301 memoriam.
523 2266 620 2300 Alias
654 2265 758 2308 [elicis
798 2264 1047 2316 recordationis,

290 2320 429 2361 Paulus,
453 2319 533 2353 etc.’.
551 2318 690 2353 Subinde
707 2329 791 2358 vero,
808 2328 866 2361 pro
883 2323 970 2361 parte
987 2318 1029 2350 di-

289 2375 442 2408 lectorum
469 2372 607 2406 tiliorum
627 2371 789 2415 regiminis
806 2371 906 2404 dictae
927 2369 1047 2425 civita-J

290 2427 338 2467 tis,
367 2436 424 2471 per
452 2426 601 2459 dilectum
626 2425 727 2458 filium
756 2425 903 2458 Ioannem
930 2424 1047 2468 Rapit-2

289 2486 368 2514 stam
386 2479 424 2513 de
438 2478 467 2513 S.
487 2478 578 2512 Petro
596 2484 668 2511 tunc
685 2478 870 2511 existentem
887 2477 1027 2511 eiusdem

290 2533 423 2568 civitatis
446 2531 529 2576 apud
553 2542 610 2566 nos
634 2537 805 2573 oratorem,
819 2530 910 2565 nobis
926 2530 1029 2565 denuo

328 2606 338 2631 ί
359 2604 395 2631 Ex
412 2604 520 2638 aegest.
537 2603 563 2630 in
578 2604 680 2630 secret.
699 2602 833 2630 Brevium.

326 2649 342 2675 2
358 2648 413 2677 Non
431 2652 495 2684 puto
510 2655 555 2676 eas
570 2655 630 2675 esse
644 2647 670 2674 in
686 2647 820 2675 Bultario
834 2647 873 2682 (n.
884 2651 933 2680 τ.).

1049 294 1201 339 exposito,
1219 293 1303 337 quod
1321 292 1388 337 ipsi,
1402 291 1566 326 occasione
1580 300 1789 336 expensarum

1049 358 1127 392 quas
1151 347 1184 380 in
1204 346 1400 391 hospitandis
1413 345 1502 380 Sedis
1518 345 1718 389 Apostolicae
1734 344 1791 377 mi·

1050 401 1168 441 litibus,
1182 406 1244 434 tam
1257 400 1333 434 alias
1347 400 1378 432 in
1392 400 1510 433 Vallem
1523 398 1686 439 Tellinam,
1697 408 1791 442 quam

1050 453 1251 498 postmodum
1268 463 1326 497 pro
1350 452 1469 486 fabrica
1487 451 1719 496 propugnaculi
1737 460 1792 484 seu

1052 507 1191 542 soi-tatitii
1216 507 1335 540 Urbani
1367 505 1539 550 nuncupati
1565 505 1652 539 iussu
1683 510 1792 539 nostro

1053 560 1166 601 missis,
1187 561 1289 593 facere
1309 559 1408 593 coacti
1433 559 1567 599 fuerant,
1585 568 1637 591 aes
1656 558 1793 592 alienum

1053 624 1110 658 pro
1135 615 1259 647 summa
1291 618 1417 646 centum
1441 618 1472 645 et
1495 611 1666 654 nonaginta
1697 611 1792 644 trium

1054 667 1188 700 millium
1212 677 1249 700 ac
1272 666 1526 708 octingentarum
1551 670 1581 697 et
1615 664 1795 707 octuaginta

1053 726 1125 753 octo
1149 719 1303 752 librarum
1328 722 1472 752 monetae
1497 717 1702 751 Bononiensis
1727 717 1792 750 cir-

1054 773 1132 806 citer
1157 776 1398 812 contraxerant,
1423 781 1460 804 ex
1485 780 1586 814 eoque
1610 780 1666 814 per
1695 775 1795 803 totum

1054 836 1195 859 mensem
1220 825 1325 858 martii
1349 830 1422 858 tunc
1440 824 1623 868 proximum
1641 833 1698 867 pro
1715 833 1797 856 sum-

1055 881 1106 912 ma
1131 884 1257 911 centum
1282 883 1312 910 et
1337 877 1465 920 triginta
1482 876 1617 910 millium
1635 886 1671 910 ac
1687 875 1796 910 nonin-

1055 937 1221 975 gentarum
1246 936 1275 964 et
1299 930 1471 973 nonaginta
1495 935 1567 963 octo
1590 929 1744 962 librarum
1760 928 1797 962 si-

1057 985 1178 1018 milium
1204 984 1331 1018 circiter
1347 983 1507 1016 debitores
1528 983 1749 1023 remanebant;
1767 987 1798 1016 et

1056 1043 1234 1082 propterea,
1259 1047 1322 1080 quo
1348 1046 1400 1069 aes
1431 1036 1568 1069 alienum
1599 1041 1797 1069 contractum

1057 1090 1248 1131 huiusmodi,
1262 1095 1292 1123 et
1307 1089 1456 1134 deinceps
1470 1090 1564 1122 causa
1577 1089 1798 1133 hospitationis

1057 1144 1193 1177 militum
1225 1143 1410 1177 eorumdem
1442 1142 1577 1175 durante
1609 1142 1798 1177 contrahen-

1056 1197 1131 1230 dum
1156 1196 1352 1240 extinguere,
1377 1196 1561 1239 fructusque
1585 1195 1707 1229 ratione
1732 1195 1799 1228 illa-

1057 1261 1126 1284 rum
1144 1250 1339 1295 portionum,
1359 1260 1437 1293 quas
1454 1249 1529 1282 alias
1546 1248 1584 1281 de
1603 1248 1730 1282 licentia
1747 1258 1801 1282 no-

1057 1305 1122 1338 sti-a
1140 1303 1178 1336 ad
1203 1303 1430 1336 intcrusurium
1455 1306 1653 1346 acceperant,
1678 1301 1800 1335 solvere

1058 1358 1206 1398 valerent,
1221 1356 1284 1390 duo
1300 1356 1383 1389 datia
1399 1361 1430 1389 et
1446 1355 1524 1389 duas
1539 1355 1677 1399 gabellas
1695 1355 1801 1388 huius-

1058 1411 1143 1444 modi
1168 1410 1207 1443 ad
1231 1409 1316 1443 aliud
1348 1409 1439 1443 nobis
1466 1409 1648 1443 benevisum
1675 1414 1800 1453 tempus

1059 1463 1243 1497 continuare
1263 1473 1355 1507 posse
1370 1462 1544 1506 plurimum
1562 1461 1799 1495 desiderabant:

1058 1527 1126 1558 n05,
1144 1517 1291 1560 regimini
1316 1516 1494 1560 praedietis,
1515 1515 1600 1559 quod
1623 1515 1686 1550 duo
1708 1515 1800 1556 datia,

1059 1581 1113 1604 seu
1131 1570 1206 1603 duas
1223 1570 1361 1613 gabellas
1378 1569 1570 1610 huiusmodi,
1587 1579 1622 1602 ac
1639 1569 1802 1614 quodlibet

1059 1624 1186 1657 illorum
1211 1634 1267 1657 seu
1292 1623 1418 1656 illarum
1443 1623 1481 1656 ad
1507 1628 1578 1656 octo
1603 1632 1702 1655 annos
1727 1627 1802 1655 tune

1059 1677 1204 1721 proxime
1228 1677 1351 1711 futuros
1369 1680 1488 1710 tantum
1503 1675 1686 1710 continuare
1702 1675 1802 1709 libere

1059 1734 1089 1764 et
1113 1731 1206 1773 licite,
1223 1735 1253 1763 et
1270 1730 1389 1774 absque
1407 1730 1471 1763 ullo
1489 1729 1699 1763 conscientiae
1719 1740 1802 1762 seru-

1061 1785 1136 1828 pulo
1161 1795 1197 1818 ac
1221 1794 1428 1819 censurarum
1457 1789 1487 1816 et
1510 1793 1685 1827 poenarum
1710 1794 1801 1827 prae-

1059 1837 1193 1871 fatarum
1209 1837 1350 1879 incursu,
1370 1842 1498 1881 possent
1515 1841 1545 1869 ct
1563 1836 1710 1877 valerent,
1732 1846 1803 1880 apo-

1061 1891 1171 1924 stolica
1188 1890 1373 1924 auctoritate
1391 1889 1571 1923 facultatem
1589 1889 1803 1922 concessimus

1061 1949 1091 1977 et
1126 1944 1278 1988 impertiti
1311 1943 1438 1984 suimus,
1463 1947 1493 1976 et
1517 1943 1614 1983 alias,
1645 1948 1741 1986 prout
1773 1943 1802 1975 in

1060 1998 1176 2030 nostris
1205 1998 1236 2030 in
1267 1997 1361 2030 simili
1393 1997 1495 2030 forma
1527 1996 1634 2029 Brevis
1666 1995 1804 2040 desuper

1061 2050 1214 2094 expeditis
1238 2050 1349 2083 litteris
1365 2077 1372 2090 ,
1397 2060 1532 2094 quarum
1557 2055 1681 2082 tenores
1708 2059 1802 2092 prac-

1061 2104 1201 2137 sentibus
1224 2104 1333 2136 haberi
1359 2103 1504 2137 volumus
1535 2113 1594 2146 pro
1625 2102 1802 2146 expressis,

1061 2157 1183 2201 plenius
1208 2157 1387 2190 continetur
1399 2157 1418 2189 ¹.

1106 2210 1121 2253 g
1145 2210 1174 2243 2.
1199 2210 1275 2244 Cum
1300 2214 1415 2252 autem,
1441 2209 1520 2243 sicut
1546 2209 1639 2243 iidem
1660 2209 1803 2253 regimen

1063 2263 1152 2296 nobis
1177 2262 1280 2296 denuo
1305 2262 1418 2306 exponi
1445 2262 1596 2303 fecerunt,
1617 2272 1742 2296 camera
1762 2263 1805 2295 ‹li-

1063 2321 1129 2351 ctae
1153 2316 1286 2350 civitatis
1311 2315 1453 2360 pecuniis
1480 2315 1595 2348 nedum
1621 2315 1804 2349 exhausti>-

1063 2371 1142 2403 sima
1156 2370 1210 2403 sed
1227 2370 1321 2403 etiam
1337 2369 1424 2413 gravi
1441 2380 1512 2402 aere
1533 2369 1635 2402 alieno
1653 2368 1804 2403 obstricta

1064 2424 1250 2468 reperiatur,
1268 2429 1297 2456 et
1317 2428 1494 2467 propterea,
1515 2432 1577 2466 quo
1595 2433 1647 2455 aes
1666 2422 1804 2455 alienum

1063 2476 1243 2510 huiusmodi
1257 2476 1451 2519 extinguere,
1461 2481 1491 2509 et
1504 2475 1705 2519 depositariis
1721 2486 1806 2509 mon-

1064 2530 1140 2563 tium
1166 2529 1266 2563 dictae
1291 2529 1424 2563 civitatis
1448 2528 1659 2562 creditoribus
1685 2529 1806 2562 satissa-

1101 2604 1109 2629 ¹
1131 2601 1215 2629 Etiam
1231 2601 1364 2629 secundas
1380 2601 1428 2630 has
1444 2601 1548 2629 litteras
1567 2604 1632 2637 puto
1652 2608 1668 2629 a
1688 2599 1805 2629 Bullario

1063 2647 1174 2674 exulare
1188 2648 1226 2680 (n.
1242 2648 1288 2680 r).

1696 232 1759 267 663
1807 241 1855 268 An.
1872 241 1900 269 c.
1923 241 1990 268 ¹638

1846 2216 1868 2237 E·
1884 2222 1960 2236 cau-a«
1977 2221 2003 2236 ez

1819 2243 1964 2263 vnutmuawlt.
