2248 3229
64 218 114 244 An.
133 218 161 244 C.
184 217 247 245 1637

128 809 245 830 Nece-«m-

62 840 104 856 «σπι
125 836 246 856 ulti-latetu-

62 869 102 890 ’μιν
128 863 188 883 huiu-

62 891 150 910 thedne
166 890 237 910 refert.

75 2002 102 2032 wi
122 2022 125 2030 ι
135 2019 168 2033 u-i»
186 2018 249 2038 punt·

873 218 1013 242 t'nnxxus
1041 217 1094 242 vul
1114 219 1161 243 ΙΨ.

261 275 338 307 rem,
359 264 418 299 sub
439 265 555 299 annulo
572 265 752 308 Piscator-is,
779 266 828 299 die
843 275 906 300 xxx
925 266 1000 300 iunii

261 329 447 362 uncxxxxn,
464 319 665 363 pontificatus
681 320 780 353 nostri
802 329 884 354 anno
901 330 964 354 xiv.

296 381 356 409 Dat.
373 381 414 410 di».
430 381 464 410 30
479 382 544 410 iunii
563 382 640 418 1837,
663 383 756 419 pontii.
774 391 843 412 anno
860 389 914 410 xiv.

557 498 708 531 DLXXIV.

261 569 432 601 Restitutio
456 579 511 601 seu.
543 569 657 601 erectio
686 568 858 601 cathedrae
886 569 1001 612 praxis

322 621 502 655 medicinae
526 621 561 654 in
582 632 717 655 romano
741 622 940 665 921mnasio¹.

469 693 604 719 Urbanus
623 692 699 727 Papa
717 693 797 724 VIII,

403 738 437 764 ad
459 737 591 764 futuram
610 737 654 764 rei
675 736 854 764 memorimn.

306 800 321 843 g
345 799 374 832 Ἰ.
399 799 495 840 Cum,
523 799 604 832 sicut
631 798 820 843 accepimus,
839 797 1001 842 publicum

213 852 362 885 almae
388 851 479 886 Urbis
508 857 634 884 nostrae
667 852 863 897 gymnasium
895 852 1002 896 praxis

262 906 338 940 artis
372 905 547 939 medicinae
579 906 727 939 cathedra
756 906 874 940 dudum
907 906 939 939 in
965 916 1002 940 eo

262 959 432 993 constituta
456 959 563 992 multis
587 959 676 992 annis
699 959 899 1003 superiorum
918 959 1003 992 incu-

262 1013 308 1047 ria
319 1014 465 1054 caruerit,
480 1023 546 1053 nOS,
558 1012 793 1046 considerantes
806 1012 1001 1046 Altissimum

261 1066 299 1100 de
323 1068 408 1099 terra
432 1075 618 1110 procreasse
641 1065 680 1098 ad
705 1065 845 1099 solamen
876 1067 1002 1109 generis

261 1119 388 1152 humani
406 1119 644 1159 medicamenta,
661 1122 760 1153 artem
779 1130 854 1153 vero
871 1120 1002 1153 curandi

261 1172 405 1206 homines
421 1171 524 1205 inedia
541 1182 577 1205 ex
595 1172 815 1217 philosophiae
833 1173 1001 1218 principis*

260 1231 290 1260 et
314 1226 414 1259 fontes
438 1235 510 1259 suos
535 1230 659 1270 petere,
685 1226 737 1269 qui
762 1226 874 1260 deinde
899 1227 1000 1271 parti-

261 1279 419 1314 cularibus
444 1278 618 1312 medicinae
642 1280 818 1324 praeceptis
843 1280 1003 1314 illustran-

262 1337 311 1368 tur
335 1338 364 1366 et
388 1332 625 1375 confirmantur,
651 1343 767 1377 operae
791 1333 928 1377 pretium
947 1344 1004 1367 nos

262 1387 398 1420 facturos
411 1386 668 1427 existimavimus,
685 1386 711 1419 si
728 1387 832 1430 praxis
849 1387 924 1422 artis
942 1398 1004 1420 me-

262 1440 383 1474 dicinae
408 1439 557 1473 cathedra
576 1438 758 1472 huiusmodi
784 1439 1003 1473 sollicitudinis

264 1498 387 1527 nostrae
413 1493 586 1526 ministerio
603 1493 634 1526 in
652 1493 761 1527 eodem
780 1494 942 1538 gymnasio
959 1505 1005 1528 re-

263 1547 420 1589 stituatur,
444 1553 484 1590 et,
509 1551 662 1591 quatenus
682 1558 761 1592 opus
785 1548 835 1589 sit,
859 1548 897 1582 de
922 1558 1004 1582 novo

262 1601 412 1644 erigatur,
437 1601 527 1644 eique
545 1600 589 1633 sic
612 1601 772 1634 restitutae
789 1606 842 1634 aut
858 1601 896 1635 de
921 1612 1004 1636 novo

262 1659 384 1688 erectae
400 1654 438 1687 de
457 1654 508 1687 tali
524 1655 660 1698 persona
675 1654 889 1698 provideatur,
915 1655 1004 1689 cuius

263 1707 394 1751 insignis
418 1706 570 1749 doctrina,
595 1712 688 1751 atque
713 1707 860 1749 eruditio,
880 1718 1003 1742 necnon

262 1765 400 1806 spectata
412 1761 506 1804 longai
527 1770 682 1794 annorum
700 1761 781 1794 serie
799 1762 1003 1806 experientia,

263 1813 378 1847 nedum
403 1814 435 1848 in
452 1814 510 1847 hac
527 1814 610 1846 alma
630 1813 711 1847 Urbe
726 1816 844 1856 nostra,
860 1815 914 1848 sed
928 1816 1005 1848 mul-

265 1867 302 1901 tis
322 1867 390 1900 aliis
409 1867 438 1900 in
456 1867 633 1901 civitatibus
649 1872 679 1900 et
703 1868 790 1910 locis,
801 1869 1002 1913 conspicuam

265 1921 484 1965 celebremque
508 1920 723 1954 reddiderunt.

309 1976 326 2017 ξ
351 1974 380 2007 ⁶2.
406 1974 489 2007 Motu
514 1973 620 2018 itaque
644 1973 786 2018 proprio,
804 1979 834 2007 et
858 1985 895 2008 ex
920 1977 1004 2008 certa

1037 272 1140 300 ctorcs
1159 271 1187 299 ct
1202 266 1397 310 professores
1411 264 1450 299 de
1466 266 1546 310 iure,
1567 276 1634 308 usu,
1651 270 1777 308 statuto,

1036 319 1272 360 consuetudine,
1297 323 1349 354 aut
1372 329 1409 353 ex
1433 319 1636 358 concessione
1655 326 1777 364 aposto-

1036 372 1106 413 lica,
1133 372 1179 405 vel
1204 372 1279 405 alias
1303 372 1541 417 quomodolibet
1565 377 1705 415 utuntur,
1721 385 1775 418 po-

983 422 986 428 ’
1038 425 1157 458 tiuntur
1181 430 1208 458 et
1236 425 1394 468 gaudent,
1419 436 1453 458 ac
1479 426 1616 469 gaudere
1647 432 1778 470 possunt

1037 484 1066 511 et
1099 481 1249 522 poterunt
1280 478 1519 521 quomodolibet
1551 479 1581 512 in
1615 480 1777 522 futurum,

1037 541 1157 565 necnon
1168 531 1347 575 provisione
1357 534 1459 565 annua
1473 532 1776 577 quadringentorum

1037 589 1065 617 et
1091 585 1319 628 quinquaginta
1343 590 1506 618 scutorum
1533 590 1679 621 monetae
1696 598 1712 620 e
1729 597 1779 631 pe-

1036 638 1136 670 cuniis
1160 648 1240 682 quae
1264 638 1435 672 lectoribus
1459 638 1534 672 (lieti
1563 641 1717 684 gymnasii
1735 652 1780 674 as-

1036 691 1176 734 signatae
1200 697 1272 724 sunt
1311 697 1341 725 et
1373 702 1390 725 e
1413 691 1536 735 gabetla
1561 693 1653 727 studii
1678 693 1779 727 dictae

1038 745 1130 778 Urbis
1156 745 1342 788 exiguntur,
1368 755 1425 780 nec
1449 746 1487 778 ad
1512 756 1662 790 praesens
1687 748 1777 780 alteri

1036 799 1210 843 applicatae
1235 800 1381 842 existunt,
1400 800 1592 834 desumenda
1609 806 1638 834 ct
1661 802 1778 845 persol-

1037 852 1147 894 venda,
1165 857 1273 886 tenore
1286 853 1499 897 praesentium
1515 854 1720 895 restituimus,
1737 860 1777 894 et,

1036 911 1189 949 quatenus
1213 917 1292 950 opus
1321 907 1378 950 sit,
1403 907 1441 940 de
1466 917 1547 941 novo
1572 907 1723 951 erigimus
1749 914 1778 941 et

1037 959 1238 992 instituimus.

1081 1013 1096 1056 ἓ
1112 1012 1142 1046 3.
1160 1013 1325 1047 Praeterea
1341 1013 1445 1046 dilecti
1463 1013 1518 1046 filii
1539 1014 1561 1047 T
1564 1013 1695 1048 haddaei
1713 1015 1779 1049 Col-

1036 1065 1158 1108 liculae,
1173 1066 1315 1099 canonici
1329 1066 1477 1100 basilicae
1489 1066 1779 1112 PrincipisAposto-

1037 1120 1140 1153 lorum
1155 1119 1193 1152 de
1203 1119 1296 1162 Urbe,
1311 1119 1424 1153 medici
1438 1120 1550 1154 secreti
1563 1130 1599 1154 ac
1616 1120 1778 1154 familiaris

1037 1173 1177 1207 continui
1199 1173 1420 1207 commensalis
1444 1173 1555 1215 nostri,
1577 1175 1775 1218 praeclarae¹

1038 1226 1069 1259 in
1093 1231 1160 1260 arte
1180 1226 1341 1270 praedicta
1355 1226 1552 1268 eruditionis,
1566 1228 1778 1272 experientiae

1038 1286 1067 1314 et
1092 1280 1265 1322 doetrinae,
1288 1290 1412 1314 necnon
1432 1281 1673 1325 obsequiorum,
1698 1293 1778 1326 quae

1038 1334 1128 1368 nobis
1153 1335 1277 1368 summa
1303 1346 1373 1368 eum
1403 1334 1567 1378 diligentia
1591 1340 1621 1368 et
1645 1336 1778 1380 probata

1039 1387 1099 1421 fide
1123 1388 1216 1421 nullis
1241 1388 1401 1432 parcendo
1417 1388 1579 1422 laboribus
1597 1389 1712 1423 multos
1729 1400 1779 1423 an-

1038 1451 1095 1475 nos
1108 1441 1274 1485 praestitit,
1287 1447 1317 1474 et
1327 1441 1429 1474 adhuc
1439 1441 1532 1476 ctiam
1543 1442 1780 1485 ingraxesccntc

1039 1501 1068 1528 et
1094 1495 1319 1528 valetudinaria
1345 1500 1444 1529 aetate
1463 1497 1518 1529 sua
1536 1496 1716 1530 huiusmodi
1737 1508 1780 1530 as-

1039 1549 1127 1582 sidue
1143 1548 1233 1582 nobis
1250 1553 1399 1593 praestat,
1412 1549 1600 1593 condignam
1626 1551 1779 1584 rationein

1039 1602 1199 1642 habentes,
1210 1602 1356 1635 eumdem
1367 1602 1567 1635 'l'haddaeum
1585 1603 1615 1635 in
1629 1603 1780 1637 lectorem

1039 1655 1225 1699 primarium
1251 1655 1356 1699 praxis
1381 1655 1457 1688 artis
1483 1656 1658 1690 medicinae
1675 1657 1781 1690 huius-

1039 1708 1123 1742 modi
1150 1709 1179 1741 in
1196 1709 1305 1742 eodem
1324 1708 1487 1753 gymnasio
1505 1719 1577 1742 cum
1595 1709 1779 1753 honoribus,

1038 1762 1221 1806 privilegiis⁷
1238 1762 1347 1806 gratiis
1364 1768 1392 1795 ct
1410 1762 1554 1803 indultis,
1570 1773 1692 1796 necnon
1712 1775 1781 1808 pro-

1039 1815 1156 1848 visione
1180 1816 1282 1847 annua
1313 1815 1618 1859 quadringentorum
1643 1821 1672 1849 et
1695 1817 1781 1861 quin-

1038 1868 1188 1912 quaginta
1216 1873 1376 1901 scutorum
1403 1873 1548 1902 monetae
1578 1869 1780 1911 huiusmodi,

1039 1921 1142 1965 quoad
1168 1921 1287 1963 vixerit,
1312 1922 1485 1965 apostolica
1509 1923 1705 1964 auctoritate,
1731 1934 1782 1957 ca-

1040 1975 1183 2008 rumdem
1199 1980 1306 2009 tenore
1320 1976 1545 2020 praesentium,
1560 1976 1701 2018 facimus,
1712 1988 1782 2011 con-

1682 210 1746 244 599
1793 219 1840 247 An.
1858 220 1885 247 c.
1911 220 1974 248 1637

1820 1029 1842 1049 Et
1868 1029 1979 1049 Thasi-Iae-

1793 1061 1826 1075 uru
1850 1055 1978 1087 ¹Collwulatu

1793 1085 1894 1108 μιάυΙινιι.

65 2040 123 2068 ¹0³¹:
140 2042 160 2058 ¹⁴1
179 2045 247 2060 amma

65 2073 104 2092 'tun
119 2073 172 2086 vti«.

264 2027 393 2060 scientia
417 2037 452 2060 ac
478 2028 601 2059 matura
625 2026 850 2060 deliberatione
877 2028 1001 2071 nostris,
1040 2027 1196 2062 stituimus
1229 2034 1259 2061 et
1289 2028 1496 2072 deputamus,
1529 2029 1645 2074 illeque
1681 2037 1779 2064 artem

264 2081 366 2125 deque
388 2081 578 2125 apostolicae
602 2081 764 2125 potestatis
793 2081 1004 2125 plenitudine,
1020 2097 1022 2110 ι
1040 2081 1213 2115 medicinae
1237 2082 1429 2126 praedictam
1456 2082 1486 2115 in
1511 2082 1594 2117 dicto
1618 2084 1781 2128 gymnasio

265 2145 360 2168 unam
386 2135 416 2167 in
440 2133 601 2179 praedicto
625 2134 725 2167 almae
756 2134 848 2167 Urbis
879 2141 1005 2169 nostrae
1020 2165 1023 2191 ι
1039 2145 1177 2179 unquam
1202 2135 1261 2168 nisi
1287 2135 1354 2168 cius
1378 2135 1509 2169 arbitrio
1527 2140 1557 2169 et
1579 2136 1618 2169 ad
1642 2147 1716 2170 suae
1734 2148 1782 2171 xo-

265 2188 428 2234 gymnasio
451 2188 558 2233 praxis
588 2187 664 2221 artis
694 2188 866 2221 medicinae
893 2189 1001 2222 cathe-
1020 2196 1022 2202 ’
1039 2189 1166 2223 luntatis
1190 2189 1325 2222 liberum
1350 2189 1582 2234 beneplacitum
1610 2191 1716 2234 legere
1743 2197 1782 2225 tc-

265 2243 354 2277 dram
379 2253 438 2287 pro
462 2253 525 2276 uno
549 2242 647 2287 ipsius
671 2242 748 2275 artis
773 2242 946 2276 medicinae
964 2243 1004 2277 le·
1020 2224 1023 2263 l
1039 2248 1160 2284 neatur,
1180 2253 1237 2276 nec
1255 2253 1271 2275 a
1289 2253 1449 2287 quoquam
1468 2243 1576 2287 quavis
1593 2244 1780 2278 auctoritate

265 2303 352 2331 ctore
377 2302 405 2330 et
430 2296 608 2340 professore
633 2306 704 2330 cum
729 2296 876 2329 omnibus
897 2302 926 2329 et
947 2297 1021 2330 sin-1
1040 2297 1189 2339 fungente
1213 2296 1251 2328 ad
1276 2296 1442 2340 legendnm
1477 2296 1629 2340 adstringi
1661 2298 1779 2341 possit,

265 2350 346 2394 gulis
370 2349 554 2394 privilegiis,
578 2349 687 2392 gratiis
704 2355 734 2381 et
751 2349 888 2393 indultis,
910 2350 1004 2383 etiam
1039 2350 1223 2383 auctoritate
1241 2354 1271 2382 et
1285 2355 1391 2382 tenore
1411 2350 1560 2394 praefatis
1577 2350 1781 2384 concedimus

265 2403 391 2448 speciali
417 2404 490 2436 nota
514 2407 542 2435 et
568 2397 770 2446 expressione
794 2402 916 2446 dignis,
940 2403 1004 2448 qui·
1020 2379 1022 2420 l
1039 2410 1066 2437 et
1094 2403 1302 2447 indulgemus.
1328 2403 1506 2436 Mandantes
1530 2409 1699 2448 propterca
1718 2416 1781 2439 oiu-

265 2457 324 2490 bus
347 2456 480 2489 aliarum
507 2456 709 2489 scientiarum
734 2457 799 2490 sive
827 2457 1022 2502 disciplina-5
1039 2457 1130 2490 nibus
1155 2462 1184 2489 ct
1209 2456 1352 2500 singulis,
1373 2457 1410 2489 ad
1436 2467 1515 2500 quos
1537 2463 1655 2502 spectat
1673 2463 1700 2493 et
1721 2470 1780 2503 pro

267 2521 337 2545 rum
362 2511 393 2544 in
418 2510 501 2545 dicto
526 2510 688 2556 gymnasio
713 2511 937 2554 cathedratici,
961 2513 1006 2547 le-
1041 2517 1181 2556 tempore
1207 2511 1366 2555 spectabit,
1384 2511 1414 2543 in
1440 2511 1552 2544 virtute
1569 2515 1693 2546 sanctae
1710 2513 1781 2546 obe-

1040 2566 1194 2607 dientiae,
1219 2576 1254 2598 ac
1279 2565 1337 2600 sub
1371 2565 1614 2610 indignationis,
1649 2566 1781 2612 aliisque

1079 2630 1086 2655 l
1108 2628 1176 2655 Edit.
1195 2627 1272 2655 Μαίη.
1291 2628 1353 2664 legit
1367 2629 1523 2664 praeclara
1539 2629 1578 2664 (n.
1594 2629 1642 2664 'r‚).

304 2585 313 2610 1
333 2583 370 2610 Ει
386 2583 494 2618 Regest.
511 2583 538 2610 in
553 2583 654 2610 secret.
671 2582 747 2611 [trev.

301 2628 317 2655 2
334 2628 437 2656 Forsan
449 2627 592 2662 tegendum
605 2627 765 2664 principiis
784 2628 822 2663 (n.
839 2630 886 2663 Tr).
