2248 3229
141 216 190 242 An.
215 214 244 241 C.
264 213 333 241 1638

167 1285 281 1317 Conuenit>
290 1287 331 1313 pri-

147 1319 262 1336 mmmm
284 1319 332 1341 pre-

147 1346 201 1362 eun,

961 214 1103 238 vnn-mus
1127 213 1183 237 Vlll
1209 213 1255 237 PP.

341 271 476 306 sponsae
491 265 616 295 nostrae
633 266 662 294 tc
677 261 804 295 fidelem
828 261 1013 295 advocatum
1030 261 1082 295 de-

341 315 473 356 vovisti,
498 325 630 359 eamque
655 315 767 348 humili
791 316 985 360 professione
1010 326 1078 349 ma-

342 372 422 402 trem
447 375 476 402 et
500 368 661 402 dominam
685 374 770 402 tuam
796 369 1027 412 recognovisti,
1052 375 1082 402 et

341 422 380 454 ad
404 422 502 466 ipsius
526 422 681 456 honorem
705 428 735 455 et
757 422 838 456 sacri
863 422 995 456 Romani
1023 422 1082 455 im-

342 475 421 520 perii
453 474 548 509 decus
579 475 762 509 unctionem
788 475 936 509 victoriae
962 481 991 509 et
1015 475 1082 508 dia-

342 527 434 562 dema
456 528 550 561 etiam
575 534 685 562 nostro
709 529 884 562 ministerio
900 528 1083 561 adveniente

343 587 486 626 tempore
516 582 676 626 suscipere
707 588 737 615 et
768 582 799 615 in
831 582 876 616 eis
912 581 1084 615 immobilis

345 635 517 679 persistere
548 635 701 676 intendis,
727 646 836 669 verum
865 635 979 675 etiam,
1004 640 1083 668 tam-

343 697 438 730 quam
455 687 554 731 ipsius
567 688 723 721 Ecclesiae
738 688 896 731 legitimus
914 688 1084 732 pugillator

344 746 373 773 et
389 740 514 782 athleta,
532 746 562 774 te
581 741 732 774 adversus
756 741 1030 774 schismaticorum
1055 746 1084 774 et

344 794 586 836 haereticorum,
614 800 774 828 turcarum
800 794 934 840 tyramni
952 805 988 828 ac
1012 794 1084 827 fidei

345 853 376 881 et
399 848 513 882 Christi
539 848 675 881 nominis
702 849 801 882 hostis
825 848 960 881 insanias
985 854 1014 881 et
1037 849 1085 882 fu-

345 911 435 935 rores
452 901 657 946 spiritualiter
674 907 704 935 et
722 902 937 946 temporaliter
953 901 1086 935 armaris

345 960 375 988 ct
399 955 431 988 in
455 955 522 988 dies
546 965 634 988 arma
664 955 846 988 huiusmodi
877 955 992 998 iugiter
1016 965 1086 988 exe-

344 1009 464 1053 queris)
489 1019 524 1042 ea
549 1009 605 1042 tibi
629 1008 842 1042 favorabiliter
866 1008 1085 1051 concedamus,

345 1073 426 1106 quae
442 1068 514 1096 tuae
533 1062 710 1096 celsitudini
735 1061 845 1095 cedant
862 1062 900 1095 ad
920 1062 1086 1102 honorem,

345 1122 376 1149 et
399 1126 458 1160 per
481 1125 562 1160 quae
578 1115 696 1148 eisdem
721 1115 923 1156 benemeritis
943 1115 1086 1159 personis

346 1174 376 1202 te
401 1169 587 1202 munificum
612 1168 745 1202 reddere
769 1169 880 1213 possis,
899 1179 958 1213 ope
978 1175 1086 1202 aucto-

347 1223 448 1256 ritatis
463 1222 666 1267 apostolicae,
686 1223 878 1256 exhibitione
902 1223 1085 1266 gratiarum.

391 1275 458 1320 53.
488 1276 568 1310 Hinc
601 1282 647 1309 est
677 1276 763 1321 quod
793 1281 864 1309 tuac
894 1276 1087 1309 celsitudinis

346 1330 566 1374 supplicationi
590 1330 750 1370 inclinati,
775 1330 857 1363 dicta
881 1330 1085 1372 auctoritate,

346 1383 558 1428 praesentium
577 1383 668 1423 serie,
689 1383 790 1416 eidem
814 1383 992 1416 celsitudini
1017 1388 1087 1416 tuae

347 1437 549 1471 concedimus
573 1443 604 1470 ct
628 1437 839 1480 indulgemus,
863 1437 964 1481 quod,
982 1436 1007 1469 si
1032 1447 1088 1480 per

348 1497 378 1524 tc
402 1492 564 1536 quibusvis
595 1491 799 1525 collatoribus
831 1501 887 1524 seu
918 1490 1087 1524 collatrici-

346 1545 406 1578 bus
429 1555 705 1589 quorumcumque
736 1544 963 1578 beneficiorum
989 1545 1088 1577 eccle-

347 1599 545 1632 siasticorum
585 1599 774 1632 secularium
811 1599 857 1631 vel
893 1597 1088 1641 regularium

347 1651 499 1686 Ordinum
523 1662 797 1696 quorumcumque
817 1662 874 1695 per
890 1661 1014 1684 sacrum
1032 1652 1090 1685 Ro-

347 1715 475 1738 manum
492 1705 663 1749 Imperium
688 1704 820 1737 ubilibet
843 1705 1087 1738 constitutorum

348 1758 456 1799 (etiam
481 1757 525 1791 si¹
543 1759 597 1802 qui
622 1758 669 1791 vel
693 1758 718 1790 si
743 1768 824 1802 quae
849 1758 1021 1801 pontificali
1042 1758 1087 1791 vel

348 1811 409 1844 alia
441 1811 552 1856 quavis
583 1811 733 1855 dignitate
764 1812 1005 1855 praefulgeant,
1034 1822 1088 1845 seu

348 1864 502 1908 collegia,
531 1864 665 1908 capitula
696 1868 726 1896 et
755 1870 927 1897 conventus
955 1865 1088 1908 fuerint)

348 1927 444 1961 super
458 1917 589 1960 singulis
603 1916 765 1950 beneficiis
778 1917 1007 1958 ecclesiasticis,
1017 1928 1087 1951 cum

349 1973 424 2004 cura
449 1971 496 2003 vel
526 1970 592 2003 sine
621 1972 715 2010 cura,
740 1970 934 2003 secularibus
959 1971 1007 2003 vel
1032 1970 1089 2004 Or·

348 2024 456 2057 dinum
482 2024 661 2058 huiusmodi
682 2024 891 2067 regularibus,
908 2024 939 2056 in
959 2024 1089 2067 singulis

349 2077 596 2119 cathedralibus,
622 2077 716 2110 etiam
741 2077 1001 2121 metropolitanis,
1026 2078 1090 2110 col-

350 2130 472 2174 legiatis
489 2136 517 2163 ct
536 2130 604 2163 aliis
620 2130 782 2174 quibusvis
800 2130 939 2163 ecclesiis
954 2130 1088 2182 (etiamsi

349 2183 502 2217 beneficia
522 2183 703 2217 huiusmodi
725 2183 927 2216 canonicatus
951 2189 981 2216 ct
1005 2193 1091 2227 prae-

350 2237 490 2278 bendae,
515 2237 700 2281 dignitates,
724 2242 931 2282 personatus,
957 2238 1090 2270 admini-

350 2291 517 2324 strationes
545 2292 592 2324 vel
612 2291 714 2324 officia
739 2291 769 2323 in
794 2290 911 2324 eisdem
932 2282 1091 2324 cathedra-

351 2346 441 2386 libus,
455 2345 548 2379 etiam
564 2344 824 2388 metropolitanis,
838 2345 888 2377 ‘vel
906 2345 1090 2388 collegiatis,

351 2405 381 2432 et
398 2399 484 2443 ipsae
504 2397 711 2443 praebendae,
732 2398 763 2430 in
781 2398 840 2430 illis
857 2408 892 2431 cx
911 2398 1089 2432 huiusmodi

351 2452 492 2486 ecclesiis
516 2452 548 2485 in
572 2451 687 2496 quibus
711 2451 847 2485 maiores
876 2452 923 2484 vel
952 2452 1091 2485 minores

352 2505 549 2549 praebendae
575 2515 642 2538 esse
666 2510 856 2545 noscuntur,
881 2505 1001 2538 etiamsi
1027 2516 1091 2539 ma-

388 2622 398 2648 1
417 2620 489 2648 Edit.
506 2621 586 2650 Main.
603 2621 667 2657 legit
682 2621 807 2655 etiamsi,
823 2622 849 2649 si
863 2622 903 2656 (n.
919 2622 966 2656 τ).

1763 202 1827 236 679
1867 205 1922 239 An.
1939 212 1966 240 C.
1988 212 2058 242 1638

1118 262 1200 295 iores
1228 260 1360 301 fuerint,
1389 259 1478 293 etad
1497 259 1680 302 dignitates,
1708 269 1858 303 persona-

1119 320 1175 357 tus,
1192 314 1478 347 administrationes
1494 313 1542 347 vel
1559 312 1661 346 officia
1677 313 1858 354 huiusmodi

1117 367 1338 401 consueverint
1362 367 1415 411 qui
1440 377 1498 411 per
1521 366 1706 400 electionem
1729 366 1858 406 assumi,

1117 422 1224 466 eisque
1249 431 1324 454 eura
1348 420 1512 454 immineat
1535 420 1712 452 animarum
1727 447 1735 460 ,
1760 419 1856 452 durn-

1118 474 1212 508 modo
1236 474 1404 517 dignitates
1439 474 1524 518 ipsae
1559 473 1591 506 in
1626 472 1860 506 cathedralibus

1118 526 1222 561 etiam¹
1236 527 1488 571 metropolitanis
1501 530 1571 570 post
1587 526 1784 570 pontificales
1797 536 1861 559 ma-

1119 582 1211 622 iores,
1228 580 1300 614 aut²
1317 581 1490 624 collegiatis
1507 579 1688 614 huiusmodi
1706 580 1861 625 principa-

1119 635 1163 668 les
1175 644 1239 668 non
1253 634 1409 677 existant),
1419 633 1457 666 ad
1470 633 1656 666 eorumdem
1671 633 1858 668 collatorum

1119 694 1148 722 et
1173 688 1371 722 collatricum
1397 687 1607 727 collationem,
1631 687 1860 731 provisionem,

1121 741 1414 785 praesentationem,
1432 741 1627 782 electionem,
1645 750 1700 773 seu
1720 740 1862 784 quamvis

1121 795 1213 828 aliam
1238 795 1476 839 dispositionem
1500 793 1693 827 coniunctim
1718 794 1766 827 vel
1789 794 1863 827 divi-

1120 848 1179 881 sim
1202 848 1442 892 pertinentibus‚
1460 847 1592 891 singulis
1616 847 1761 891 personis
1786 857 1861 881 con-

1121 901 1274 941 ferendis,
1299 911 1354 934 seu
1378 911 1475 945 super
1498 901 1576 941 hoc,
1601 900 1685 945 quod
1709 911 1863 945 personae

1122 954 1301 988 huiusmodi
1325 955 1364 987 ad
1388 955 1440 987 illa
1472 954 1666 998 recipiantur
1691 959 1720 988 et
1743 954 1859 988 admit-

1122 1013 1245 1050 tantur,
1269 1018 1380 1052 preces
1409 1007 1552 1051 porrigi,
1576 1018 1631 1040 scu
1654 1007 1692 1040 de
1718 1008 1862 1051 personis

1121 1061 1239 1095 eisdem
1261 1061 1299 1094 ad
1324 1060 1504 1094 huiusmodi
1535 1060 1687 1093 beneficia
1711 1061 1859 1094 nomina-

1123 1115 1222 1148 tiones
1252 1114 1322 1147 fieri
1352 1114 1521 1157 contigerit
1552 1114 1741 1158 primarias,
1767 1114 1860 1148 iidem

1123 1169 1288 1202 collatores
1313 1174 1343 1201 et
1367 1168 1543 1202 collatrices
1568 1168 1668 1211 (salvo
1692 1168 1777 1212 quod
1799 1168 1863 1201 sin-

1122 1222 1214 1265 gulae
1234 1221 1417 1255 collationes
1442 1226 1472 1254 et
1495 1221 1637 1264 singulae
1657 1221 1807 1254 ecclesiae
1826 1231 1862 1255 ex

1122 1276 1181 1309 hoc
1205 1276 1287 1308 ultra
1305 1285 1399 1320 quam
1417 1275 1448 1307 in
1465 1285 1528 1308 uno
1546 1274 1698 1308 beneficio
1715 1285 1779 1309 non
1795 1285 1862 1318 gra-

1123 1334 1234 1362 ventur
1262 1339 1298 1362 ac
1331 1329 1389 1372 ipsi
1421 1329 1587 1362 collatores
1622 1334 1652 1362 et
1687 1329 1862 1363 collatrices

1122 1383 1232 1415 saltem
1249 1389 1385 1426 quatuor
1401 1382 1553 1415 beneficia
1570 1382 1779 1416 ecclesiastica
1793 1393 1864 1417 con-

1121 1436 1203 1469 ferre
1227 1436 1375 1479 habeant)
1397 1435 1576 1469 huiusmodi
1601 1436 1748 1480 precibus
1765 1442 1796 1470 et
1811 1447 1863 1471 no-

1124 1490 1347 1523 minationibus
1370 1500 1483 1534 parere
1501 1494 1531 1522 ct
1550 1489 1723 1531 intendere,
1740 1500 1863 1525 necnon

1121 1554 1273 1587 personas
1296 1543 1380 1588 ipsas
1411 1544 1450 1576 ad
1483 1543 1666 1577 huiusmodi
1690 1544 1863 1586 beneficia,

1122 1603 1288 1642 postquam
1315 1598 1392 1642 ipsis
1423 1598 1462 1631 de
1493 1598 1554 1630 illis
1579 1598 1729 1632 canonice
1754 1600 1862 1643 provi-

1121 1661 1190 1683 sum
1213 1651 1318 1691 suerit,
1334 1651 1418 1684 iuxta
1444 1650 1627 1684 earumdem
1652 1661 1783 1695 precum
1811 1659 1864 1686 aut

1122 1703 1372 1738 nominationum
1398 1709 1540 1737 tenorem
1570 1704 1715 1748 recipere
1746 1710 1777 1738 et
1809 1705 1863 1738 ad-

1122 1757 1246 1791 mittere
1269 1757 1419 1798 dcbeant,
1443 1763 1475 1790 et
1498 1757 1591 1790 etlam
1617 1763 1796 1799 teneantur,
1821 1758 1863 1791 ita

1123 1811 1208 1856 quod
1233 1811 1386 1845 celsitudo
1404 1816 1457 1844 tua
1473 1803 1568 1844 unam
1587 1815 1616 1845 et
1632 1812 1775 1845 eamdem
1796 1823 1864 1856 per-

1122 1875 1231 1898 sonam
1264 1864 1454 1908 supradictis
1485 1864 1688 1898 collatoribus
1716 1869 1745 1898 et
1769 1866 1863 1898 colla-

1123 1918 1255 1952 tricihus
1279 1918 1373 1952 simul
1412 1919 1461 1951 vel
1492 1918 1668 1952 successive
1699 1919 1863 1952 nominare

1123 1972 1235 2015 possit;

1167 2025 1182 2068 §
1205 2024 1235 2057 4.
1261 2024 1304 2057 lta
1329 2030 1451 2065 tamen,
1475 2025 1581 2068 quod,
1606 2035 1701 2069 quam
1726 2025 1863 2069 primum
1927 2033 2063 2055 confirmae·

1880 2062 1899 2081 in
1943 2059 2063 2081 huiusmodi

1124 2088 1257 2122 persona
1282 2078 1326 2111 sic
1345 2078 1505 2111 nominata
1529 2078 1567 2111 dc
1587 2078 1692 2122 aliquo
1707 2079 1863 2114 beneficio
1879 2093 1963 2113 procum
1975 2091 2064 2122 exequu-

1124 2130 1248 2174 prorisa
1265 2130 1368 2171 fuerit,
1385 2130 1452 2163 eius
1468 2131 1641 2164 nominatio
1663 2132 1767 2176 quoad
1787 2132 1864 2166 alios
1878 2117 1935 2162 3³³3?
1977 2118 2064 2133 ⁵⁸⁹⁴sp

1124 2184 1290 2217 collatores
1315 2184 1362 2217 vel
1387 2184 1563 2218 collatrices
1594 2185 1673 2217 sacta
1697 2185 1767 2229 ipso
1796 2186 1863 2219 iure

1123 2237 1261 2281 expiret,
1279 2243 1307 2269 ct
1333 2238 1437 2281 quoad
1461 2238 1586 2271 easdem
1607 2249 1717 2282 preces
1741 2240 1864 2273 canoni-

1125 2296 1228 2323 catum
1246 2294 1275 2324 et
1293 2291 1518 2335 praebendam,
1544 2302 1579 2325 ac
1603 2292 1787 2335 dignitatem
1809 2304 1863 2326 seu

1124 2349 1345 2388 personatum,
1378 2345 1681 2379 administrationem
1714 2347 1764 2379 vel
1796 2347 1865 2380 ossi-

1125 2398 1206 2431 cium
1232 2398 1263 2430 in
1288 2399 1349 2430 una
1373 2398 1505 2431 ecclesia
1523 2409 1582 2442 pro
1596 2398 1688 2432 unico
1704 2398 1865 2432 dumtaxat

1125 2451 1277 2484 beneficio
1306 2452 1483 2496 computari
1511 2452 1626 2485 debere
1650 2452 1862 2493 declaramus;

1124 2505 1270 2549 quodque
1295 2505 1495 2549 quicumque,
1513 2505 1674 2549 quibusvis
1697 2505 1729 2539 in
1753 2506 1860 2550 digni-

1160 2579 1171 2603 1
1191 2576 1284 2612 Aptius
1294 2581 1323 2603 ut
1338 2576 1401 2604 alibi
1417 2576 1720 2613 legeretursimpliciter
1730 2581 1756 2606 et
1771 2578 1863 2615 (usn).

1159 2622 1176 2648 ἱ.)
1190 2621 1366 2656 Subiutellige
1382 2630 1474 2658 praep.
1492 2622 1523 2649 in
1537 2624 1577 2656 (n.
1589 2623 1638 2658 τ.).
