2248 3229
127 225 175 252 An.
193 224 222 251 C.
244 223 311 250 ¹634

934 222 1075 248 nnnaxus

325 280 376 304 res
399 275 526 304 nostrae
546 270 805 314 Congregationis
830 270 1022 311 devolvatur,
1041 277 1067 303 et

325 336 363 359 eo
384 325 452 370 ipso
465 324 611 359 devoluta
626 325 665 358 sit
677 330 707 358 et
725 331 899 366 censeatur,
914 325 951 358 ad
969 326 1069 370 ipsos·
1086 330 1087 395 ,

325 389 385 423 que
409 379 566 423 pertineat
589 378 783 412 universitati
801 378 926 412 Ordinis
945 383 975 411 et
994 378 1070 411 Con-

325 432 519 476 gregationis
539 443 713 477 eorumque
737 433 872 475 negotiis
896 432 1067 465 secundum

325 486 563 520 constitutiones
588 486 764 531 providere,
788 492 848 518 tam
872 486 902 518 in
928 486 1069 530 spiritua-

325 539 408 573 libus
432 551 524 585 quam
551 540 789 584 temporalibus,
811 540 914 584 quoad
939 539 976 572 de
1002 549 1069 572 suc-

325 603 450 627 cessore
483 594 631 627 canoniee
667 594 829 638 provisum
860 593 953 627 suerit
984 593 1085 631 iuxta

325 647 425 682 dictae
459 653 585 681 nostrae
609 647 869 691 Congregationis
894 646 1066 691 privilegia

369 701 444 734 Cum
466 712 540 735 vero
557 701 715 746 praefatus
732 701 829 734 abbas
847 699 1004 744 generalis
1022 710 1069 732 su-

326 754 433 798 perior
458 755 520 787 viia
546 755 669 788 functus
695 755 806 794 suerit,
838 753 972 798 peractis
1001 752 1068 785 eius

326 807 511 848 exercitiis¹,
529 807 567 840 ad
585 807 768 841 electionem
788 806 980 840 successoris
999 816 1069 849 pro-

327 860 455 894 cedatur
480 862 597 903 statim,
628 863 749 894 cantata
774 860 862 904 prins
886 861 947 892 una
974 860 1068 892 missa

326 915 458 948 solemni
483 915 521 947 de
545 914 664 958 Spiritu
684 914 818 953 Sancto,
851 914 882 946 in
913 923 974 956 qua
1006 923 1070 945 om-

326 977 381 1001 nes
406 968 596 1008 sacerdotes,
613 968 665 1012 qui
688 967 832 1001 electioni
850 966 1000 999 interesse
1019 965 1069 998 ba-

327 1021 458 1063 bebunt,
478 1021 712 1055 communicent
737 1020 829 1053 unico
854 1019 984 1063 Corpori
1010 1019 1087 1064 D0-{¹

327 1075 402 1108 mini
428 1076 527 1109 nostri
553 1076 621 1108 Iesu
646 1073 771 1114 Christi,
791 1079 835 1114 ut,
859 1084 922 1106 uno
947 1073 1071 1106 eodem-

327 1138 388 1172 que
405 1128 524 1173 Spiritu
549 1129 662 1162 Sancto
688 1127 857 1167 informati,
875 1127 913 1160 de
930 1127 1070 1171 praelato

327 1181 385 1215 sibi
411 1182 568 1215 salubrius
593 1181 760 1225 providere
784 1181 920 1225 possintj,
940 1191 1003 1224 quo
1024 1191 1072 1214 ex-

328 1236 422 1280 pleto,
440 1236 471 1269 in
496 1236 566 1269 loco
585 1236 711 1280 capituli
733 1240 884 1268 consueto
902 1245 1073 1278 rongiega-

329 1290 366 1323 tis
388 1289 590 1333 praelegatur
622 1289 782 1322 decretum
810 1288 840 1320 in
866 1288 951 1320 Bulla
978 1288 1074 1320 resor-

329 1341 475 1376 mationis
500 1347 692 1382 contentum,
710 1352 772 1385 quo
793 1346 920 1374 eavetur
946 1351 985 1373 ne
1004 1341 1073 1386 quis

330 1395 403 1438 eligi
427 1395 525 1453 possit
542 1395 572 1427 in
588 1395 732 1428 abbatem
750 1394 928 1437 generalem
947 1393 1072 1427 Ordinis

331 1448 528 1492 superiorem
546 1448 599 1492 qui
628 1458 689 1481 non
714 1448 751 1480 sit
777 1448 814 1480 (le
840 1447 961 1491 gremio
987 1458 1074 1491 prae-

330 1502 410 1535 fatae
433 1501 694 1545 Congregationis
726 1502 935 1540 resormatae;
961 1500 1073 1533 deinde

330 1555 501 1599 pioeedant
521 1555 559 1588 ad
580 1555 647 1588 eius
672 1555 853 1589 eanonicam
876 1541 1072 1591 electione*

330 1620 425 1653 quam
450 1610 569 1642 nullam
590 1620 657 1642 esse
675 1609 884 1649 decemimus,
903 1609 951 1641 nis
956 1609 963 1640 i
981 1609 1073 1641 suerit

330 1669 452 1696 servata
469 1663 570 1696 forma
584 1663 730 1707 superius
744 1663 871 1701 tradita;
887 1667 926 1702 et,
940 1663 965 1695 si
975 1661 985 1678 ἵ
999 1662 1074 1694 alias

330 1717 441 1761 quovis
465 1717 559 1751 modo
577 1717 666 1751 sedes
689 1717 853 1750 abbatialis
873 1726 983 1749 vacare
1004 1726 1074 1749 eon-

332 1771 446 1814 tigerit,
472 1771 554 1804 idem
579 1771 773 1804 observetur.

377 1825 468 1858 Prior
482 1825 657 1858 claustralis
670 1825 763 1858 liuius
777 1825 968 1865 monasterii,
979 1834 1072 1868 quein

332 1878 501 1912 secundam
529 1887 699 1921 personam
733 1878 826 1911 totius
851 1877 976 1911 Ordinis
1007 1887 1074 1911 esse

334 1932 499 1973 volumus,
531 1931 567 1964 sit
601 1931 758 1972 sacerdos,
789 1941 924 1974 persona
949 1932 1073 1974 gravis,

332 1986 479 2030 antiquus
504 1985 536 2018 in
560 1985 685 2026 Ordine,
711 1985 957 2025 conversatione,
982 1985 1076 2018 mori—

333 2040 393 2073 bus
421 2045 451 2073 et
475 2039 652 2082 integritate
685 2038 764 2071 vitae
794 2038 1075 2077 commendabilis,

333 2103 441 2126 rerum
467 2099 495 2126 et
523 2093 640 2126 iurium
673 2092 796 2125 Ordinis
821 2092 960 2136 peritus,
987 2091 1076 2124 euius

333 2146 471 2180 officium
490 2146 526 2180 sit
544 2147 575 2180 in
593 2147 653 2180 hoc
679 2151 869 2179 monastello
893 2132 1093 2188 degentium*

335 2199 556 2243 ieligiosorum
581 2210 690 2234 cutam
715 2205 742 2232 et
769 2199 998 2232 eoireetionem
1019 2198 1076 2231 sub

334 2253 519 2287 auctoritate
557 2253 678 2287 abbatis
713 2252 868 2296 geneialis
905 2262 980 2296 supe
985 2251 1077 2284 rioiis

336 2306 452 2340 habe1e
476 2312 506 2340 et
530 2317 688 2346 θκθιοοιηει
713 2311 740 2340 et
766 2316 819 2340 eos
844 2305 997 2349 exemplo
1016 2305 1077 2337 xita

336 2365 366 2395 et
389 2361 485 2395 verbo
509 2360 670 2394 doetrinae
696 2361 850 2394 instruere
881 2360 911 2392 in
936 2359 1032 2398 bono,
1049 2347 1094 2391 et?

336 2415 419 2449 malo
434 2415 526 2448 etiam
553 2425 711 2456 remeare,
730 2415 830 2448 zelum
848 2413 1011 2455 religionis
1029 2412 1079 2445 lia-

336 2469 413 2503 bens
437 2469 610 2503 seeundum
632 2468 804 2502 seientiam.

381 2523 571 2567 Peiwigilet,
601 2528 633 2555 ut
658 2522 865 2556 obserxentur
897 2520 1024 2564 legulae
1051 2502 1097 2567 etl

374 2597 384 2623 1
403 2596 493 2625 Potius
508 2595 639 2630 exequiis
656 2602 738 2630 quam
754 2594 903 2621 arei-ciliis
918 2593 970 2628 leg.
988 2594 1027 2627 (n.
1032 2599 1055 2620 Τ.
1060 2601 1079 2627 y.

374 2642 389 2670 2
404 2641 570 2671 Particulam
584 2641 610 2669 si
625 2648 674 2668 nos
689 2639 811 2668 addimus
825 2642 867 2674 (n.
880 2639 927 2674 τ.).

1085 941 1086 945 ,
1103 910 1185 943 tibus
1211 910 1416 943 terminandis
1433 937 1439 949 ‚

1085 961 1285 1013 {definitores
1311 963 1530 997 nominamus,
1560 963 1680 1005 possint
1705 962 1846 1003 eliger-e·,

1100 223 1156 247 vni
1179 222 1227 247 ιιι).
1740 210 1774 242 lit
1789 211 1798 242 t

1086 271 1342 321 ,constitutiones
1373 269 1497 303 Ordinis
1529 273 1559 300 et
1590 267 1842 305 reformationis,

1104 334 1161 357 nee
1185 324 1265 357 absit
1285 334 1301 356 a
1319 322 1521 362 monasterio,
1538 321 1596 354 nisi
1615 321 1718 363 gravis
1738 330 1844 352 neees-

1086 402 1087 421 3
1104 378 1177 409 sitas
1195 382 1316 419 urgeat,
1334 380 1363 410 et
1377 380 1450 409 tune
1468 375 1505 407 ad
1527 374 1685 407 modicum
1711 377 1843 416 tempus,

1103 435 1133 462 et.
1150 430 1187 463 de
1204 429 1327 463 licentizi
1347 428 1599 462 reverendissimi
1617 425 1754 459 abbatis*
1774 435 1844 458 ron-

1102 484 1244 516 rentuale
1263 483 1435 527 capitulum
1461 482 1564 526 prima
1589 480 1741 524 cuiusque
1762 489 1845 512 men-

1103 537 1144 569 sis
1161 537 1211 569 die
1231 547 1292 569 non
1317 536 1481 580 impedita,
1500 541 1527 568 et
1547 534 1657 567 totio&
1675 544 1755 578 opus
1777 543 1843 564 esse

1102 589 1296 629 ἱιιόίοτιιειιίι,
1319 593 1477 623 σοῐιιοςιιι.

1146 643 1233 682 Cum,
1252 654 1286 675 ex
1311 642 1477 686 prixilegio
1505 642 1707 674 ¹&munorum
1734 640 1840 673 Ponti-

1102 695 1196 729 sieum
1222 695 1386 729 Maitinix
1408 700 1434 727 et
1462 695 1606 731 aliorum
1633 694 1786 727 indultum
1806 679 1870 724 siti,

1102 749 1204 782 abbati
1226 750 1363 791 generali
1383 755 1409 781 et
1429 749 1566 792 cipitulo
1584 747 1732 791 generali,
1750 747 1844 790 quod

1102 814 1160 847 pro
1186 803 1372 836 deliniendis
1397 803 1509 842 rausis,
1535 802 1640 834 litibus
1665 806 1692 833 et
1719 805 1844 833 contro-

1104 858 1213 889 vei-siis
1239 857 1442 893 dirimendis,
1468 867 1503 888 ae
1528 856 1661 897 negotiis
1686 865 1846 896 emergen-

1465 910 1586 953 aliquos
1611 909 1743 947 iudices,
1768 917 1846 950 quos

1104 1016 1241 1053 idcireo,
1269 1017 1381 1049 xirtute
1406 1016 1480 1048 dicti
1505 1015 1681 1059 privilegii,
1711 1020 1740 1046 et
1765 1014 1848 1045 iuxta

1086 1071 1265 1114 ,antiquam
1292 1071 1391 1103 nostri
1425 1069 1549 1103 Ordinis
1574 1068 1847 1105 consuetudinem,

1105 1124 1283 1163 statuimus,
1302 1129 1332 1155 ιιι
1353 1123 1381 1155 in
1399 1122 1535 1166 quolibet
1556 1121 1692 1165 capitulo
1710 1120 1847 1161 generali

1106 1178 1262 1220 eligantur
1279 1182 1415 1220 quatuor
1439 1175 1631 1209 definitores.
1653 1183 1788 1217 quorum
1809 1175 1850 1205 ol'-

1107 1231 1212 1264 licium
1231 1232 1266 1263 sit
1288 1235 1429 1273 tempore
1447 1229 1574 1273 capituli
1601 1228 1756 1271 generalis
1780 1238 1850 1259 con-

1107 1285 1227 1327 gregati
1246 1284 1338 1316 simul
1360 1294 1430 1317 eum
1457 1282 1721 1316 reverendissimo
1737 1280 1849 1313 abbate

1107 1338 1248 1372 delinire.
1268 1338 1427 1382 expedire,
1453 1336 1599 1369 decidere
1625 1341 1653 1368 et
1679 1335 1849 1368 terminare

1109 1391 1230 1425 minora
1256 1401 1399 1435 quaeque
1419 1391 1548 1433 negocia
1567 1389 1780 1431 (gravioribus
1805 1397 1851 1419 ea-

1108 1446 1209 1489 pitulo
1230 1445 1422 1487 reservatis),
1441 1445 1512 1476 item
1539 1443 1748 1475 discretorum
1774 1442 1852 1474 litte-

1108 1509 1158 1532 ias
1183 1499 1372 1538 examinare,
1398 1504 1427 1530 et
1452 1497 1567 1537 omnia,
1585 1507 1663 1540 quae
1680 1496 1718 1528 ab
1736 1495 1781 1527 eis
1799 1502 1849 1527 aut

1107 1552 1145 1584 ab
1171 1552 1239 1584 aliis
1259 1552 1350 1584 allata
1369 1554 1449 1592 sunt,
1467 1551 1504 1582 ad
1530 1550 1699 1593 capitulum
1721 1548 1849 1583 referre,

1108 1611 1136 1638 et
1151 1616 1230 1650 quae
1244 1604 1407 1638 reserenda
1421 1614 1483 1637 non
1502 1603 1690 1636 videbuntur
1708 1601 1848 1634 reiicere.

1152 1660 1185 1692 In
1210 1659 1385 1692 interstitiis
1410 1669 1484 1691 vero
1510 1657 1720 1701 capitulorum
1753 1655 1850 1687 abbas

1108 1713 1252 1757 superior
1277 1712 1432 1755 generalis
1456 1711 1493 1743 de.
1511 1721 1622 1743 eorum
1641 1709 1782 1749 consilio,
1799 1714 1851 1740 aut

1108 1767 1217 1800 saltem
1243 1766 1377 1800 duorum
1405 1777 1441 1799 ex
1466 1765 1552 1809 ipsis,
1570 1764 1685 1803 omnia,
1710 1773 1789 1807 quae
1813 1762 1850 1794 ad

1109 1831 1213 1854 mores
1250 1826 1277 1853 et
1304 1820 1341 1853 ad
1366 1820 1494 1863 regulae
1523 1829 1557 1851 ae
1595 1817 1850 1851 constitutionum

1108 1880 1247 1909 exactam
1273 1874 1505 1908 observantiam
1524 1884 1558 1905 ae
1578 1872 1672 1905 totius
1689 1870 1852 1914 religionis

1108 1935 1159 1962 aut
1178 1929 1343 1962 cuiuslibet
1370 1927 1571 1972 particularis
1589 1926 1723 1959 familiae
1740 1924 1852 1968 guber-

1109 1983 1266 2016 nationem
1292 1980 1624 2026 pertinent,similiter
1655 1978 1753 2022 possit
1776 1977 1852 2010 deti-

1109 2036 1187 2077 nire,
1208 2036 1375 2080 omniaque
1397 2041 1424 2067 et
1451 2034 1574 2077 singula
1590 2033 1716 2075 negotia
1733 2031 1771 2064 ab
1788 2042 1851 2064 uno

1110 2090 1245 2134 capitulo
1263 2099 1362 2133 nsque
1383 2089 1421 2121 ad
1446 2087 1529 2120 aliud
1551 2085 1755 2129 emergentia,
1773 2095 1851 2128 qum¹

1110 2143 1290 2176 dilationem
1316 2153 1378 2175 non
1403 2142 1575 2186 patiuntur,
1601 2140 1782 2179 terminare⁷
1802 2149 1852 2170 su-

1110 2196 1261 2240 periores.
1272 2196 1453 2229 definitores
1466 2200 1493 2227 et
1510 2193 1688 2234 officiarios,
1703 2192 1754 2236 qui
1770 2191 1854 2224 inlin-

1111 2250 1189 2283 biles
1202 2249 1273 2282 sacti
1292 2249 1416 2289 fuerint,
1431 2248 1599 2291 deponere,
1613 2252 1639 2279 et
1660 2247 1728 2279 loeo
1744 2255 1852 2278 eorum

1093 2309 1204 2346 atque
1229 2302 1445 2335 decedentium
1472 2301 1549 2333 alios
1573 2310 1629 2344 per
1654 2303 1774 2331 secreta
1795 2300 1854 2330 sut'-

1112 2356 1210 2399 fragia
1236 2356 1378 2389 sufficere
1412 2365 1509 2398 usque
1535 2353 1572 2386 ad
1596 2352 1776 2397 proximum
1801 2360 1854 2391 ge-

1112 2410 1217 2444 nerale
1235 2407 1696 2454 eapitulumueongregationes
1722 2407 1853 2439 fratrum

1094 2462 1150 2496 'di
1175 2473 1255 2496 noro
1282 2462 1443 2495 instituere
1470 2461 1498 2493 in
1525 2460 1670 2493 domibus
1696 2469 1749 2492 seu
1768 2468 1855 2502 prae-

1151 2548 1161 2573 1
1181 2546 1311 2581 Legerem
1331 2544 1452 2571 abbatis.
1472 2542 1674 2574 Cant-evitante,
1692 2543 1791 2576 puncto
1813 2539 1855 2566 iii-

1096 2591 1244 2627 terposito
1263 2592 1298 2625 LR-
1313 2590 1360 2622 τ.).

1097 2637 1101 2673 ἰ
1150 2636 1166 2663 ’2
1182 2635 1226 2664 Vel
1243 2635 1352 2671 quoties
1367 2635 1427 2670 lege
1443 2642 1490 2670 pro
1507 2633 1597 2665 toties,
1614 2632 1653 2660 rel
1670 2631 1738 2659 adde
1753 2632 1790 2668 (R.
1808 2631 1856 2665 τ.).

1852 219 1900 245 An.
1919 218 1946 244 s'⁴⁴
1967 218 2035 245 1634
2069 214 2071 220 '

1886 651 2022 672 Dtst

1939 659 2045 724 ,ιιυιιυζ-,ς

1867 684 1937 724 ¹{gratias
