2248 3229
253 215 304 243 An.
318 214 346 244 c.
370 214 434 243 ¹631
482 205 547 240 246

272 913 357 934 Mandat
369 912 435 938 publi-

251 942 296 960 cari
312 940 332 960 in
343 939 400 960 L'rbe
415 942 434 960 et

250 967 390 992 publicationi
398 966 434 986 hn-

251 993 341 1013 iusmodi
352 994 390 1013 stru
401 994 436 1013 tri-

250 1019 296 1040 huit
319 1020 435 1045 personalis

251 1046 435 1067 omnibusintima·

251 1073 322 1095 tionis.

290 1712 435 1737 'transumptis

251 1738 313 1769 fldem
322 1739 435 1765 dariprae·

252 1768 311 1792 cipit..

289 2085 436 2106 Sanctionem-

253 2116 293 2140 que
323 2112 435 2138 poenalem

252 2138 383 2165 superaddit.

449 268 556 296 notata
579 261 791 306 reperiantur)
811 261 914 304 palam
936 265 966 293 et
985 260 1112 303 publice
1135 259 1188 292 ha-

450 315 604 357 bendum,
630 325 664 347 ac
689 319 751 346 tam
783 313 871 346 illum
903 323 998 356 quam
1029 312 1135 345 omnia
1159 317 1189 345 et

449 368 571 412 singula
595 368 823 408 instrumenta,
851 370 1039 400 testamenta
1071 370 1101 399 et
1129 365 1189 398 alia

450 421 623 465 praemissa
648 420 880 460 concernentia,
898 420 929 452 in
948 419 1031 454 dicto
1047 418 1188 452 archivio

449 484 533 507 nune
557 479 587 506 et
610 484 668 517 pro
692 478 835 518 tempore
860 473 1016 506 insinuata
1027 472 1048 514 ¹,
1071 483 1126 506 seu
1150 472 1188 505 ad

450 526 689 560 custodiendum
701 527 824 567 tradita,
834 526 969 559 indicata
979 531 1008 559 et
1020 526 1188 570 descripta,

450 579 596 613 omnibus
621 585 652 613 et
676 580 807 623 singulis
832 580 870 612 de
895 579 956 613 illis
975 579 1119 613 notitiam
1136 579 1189 612 ha-

449 634 525 666 bere
556 644 656 678 eaque
687 634 792 677 legere
825 634 1000 668 volentibus
1031 633 1186 666 exhiben-

449 686 554 729 dum2,
579 691 609 721 et
632 687 760 720 illorum
781 688 903 731 copiam
920 687 1099 731 petentibus
1119 697 1190 720 eon-

450 739 634 781 cedendum,
648 742 837 784 competenti
856 741 1001 774 mercede
1016 741 1190 785 respective

449 795 588 838 recepta,
614 794 700 827 omni
724 796 814 828 mora
839 799 869 827 et
893 794 1040 828 dilatione
1064 799 1191 839 postpo-

450 847 535 888 sitis,
560 848 669 880 teneri.

494 901 509 944 g
533 899 562 933 8.
589 901 688 944 thue
719 905 901 945 praesentes
931 907 960 935 et
984 902 1017 934 in
1041 901 1085 934 eis
1110 911 1187 935 con-

450 958 534 987 tenta
557 954 596 987 ad
616 955 757 988 omnium
777 956 920 989 notitiam
940 955 1144 996 deducantur,
1162 961 1191 988 et

450 1018 489 1040 ne
509 1008 621 1051 aliquis
639 1008 676 1041 dc
693 1009 737 1041 cis
754 1008 961 1052 ignorantiam
986 1009 1191 1052 praetendere

450 1061 558 1104 possit,
579 1061 774 1102 mandamus,
791 1062 875 1105 quod
896 1062 1022 1095 caedem
1046 1072 1192 1106 praesen-

451 1119 496 1147 tes
520 1125 577 1158 per
601 1115 738 1159 aliquem
764 1126 818 1148 scu
842 1116 965 1159 aliquos
994 1126 1030 1148 cx
1058 1115 1192 1148 cursori-

450 1167 508 1200 bus
531 1169 648 1201 nostris
680 1168 719 1200 ad
748 1168 898 1201 ecclesiae
922 1168 1137 1202 Lateranensis
1163 1174 1192 1201 et

449 1221 596 1254 basilicae
625 1221 777 1265 Principis
802 1222 1023 1264 Apostolorum
1048 1221 1086 1254 dc
1107 1222 1191 1254 Urbe

450 1279 480 1306 et
510 1274 715 1307 cancellariae
745 1274 936 1318 apostolicae
969 1275 1072 1307 valvas
1100 1285 1135 1307 ac
1161 1274 1191 1306 in

450 1327 516 1360 acie
533 1327 639 1371 Campi
665 1327 776 1360 Florae
797 1327 965 1370 alligantur
986 1332 1016 1360 et
1032 1327 1193 1371 publicen-

449 1385 512 1421 tur,
537 1386 576 1423 et,
602 1391 674 1414 cum
706 1381 777 1414 inde
805 1381 1054 1424 amovebuntur,
1083 1391 1192 1414 earum

451 1434 593 1478 exempla
606 1434 638 1467 in
651 1434 768 1467 eisdem
780 1434 858 1467 locis
874 1435 965 1467 affixa
978 1434 1191 1475 dimittantur;

451 1498 541 1532 quae,
566 1488 610 1521 sie
635 1488 812 1532 publicatae
837 1493 867 1521 et
891 1489 1011 1529 affixae,
1028 1499 1138 1522 omnes
1163 1493 1193 1521 et

451 1541 592 1584 singulos
605 1552 683 1585 quos
701 1547 894 1575 concernunt
909 1542 1040 1585 perinde
1056 1542 1193 1575 afficiant

451 1599 482 1627 et
505 1600 635 1636 aretcnt,
663 1606 699 1628 ac
724 1596 749 1628 si
773 1596 943 1639 unicuique
967 1596 1094 1629 illorum
1122 1606 1193 1639 per-

451 1648 601 1682 sonaliter
625 1649 786 1682 intimatae
803 1655 833 1682 et
851 1649 1191 1689 notificatae-l'iiissen13

495 1702 511 1746 ἓ
536 1702 564 1736 9.
587 1704 687 1746 thue
712 1703 838 1736 illarum
864 1704 1080 1747 transumptis,
1099 1703 1191 1736 etiam

451 1755 623 1799 impressis,
645 1762 675 1789 et
699 1757 803 1799 sigillo
828 1757 960 1790 alicuius
982 1767 1135 1800 personae
1162 1757 1191 1789 in

451 1807 601 1851 dignitate
621 1809 830 1842 ecclesiastiea
848 1810 1034 1843 constitutae
1052 1810 1190 1851 munitis,

451 1866 481 1894 et
505 1871 600 1894 manu
624 1861 756 1894 alieuius
780 1862 893 1895 notarii
910 1862 1028 1905 publici
1054 1862 1191 1895 subscri—

450 1916 521 1958 ptis,
539 1915 646 1947 eadem
664 1925 794 1958 prorsus
810 1915 887 1948 sides
902 1915 1098 1956 adhibeatur,
1112 1926 1191 1959 quae

450 1968 668 2012 praesentibus
694 1968 906 2011 adhiberetur,
933 1969 958 2001 si
979 1969 1081 2002 forent
1105 1970 1192 2002 exhi-

450 2021 533 2055 hitae
557 2023 604 2054 vol
629 2027 781 2055 ostensae.

495 2075 509 2118 §
533 2074 585 2108 10.
610 2075 692 2109 Nulli
717 2086 793 2119 ergo
818 2076 946 2109 omnino
970 2076 1136 2110 hominum
1160 2076 1193 2108 li-

451 2133 520 2162 ceat
542 2129 623 2162 hanc
646 2130 794 2173 paginam
819 2130 1030 2171 decretorum,
1056 2130 1193 2163 declara-

451 2182 555 2223 tionis,
579 2182 801 2226 derogationis,
826 2183 1002 2225 voluntatis,
1027 2184 1134 2217 statuti
1163 2188 1193 2216 et

451 2236 587 2269 mandati
604 2241 787 2270 nostrorum
804 2237 986 2280 infringere,
1005 2237 1052 2270 rel
1070 2237 1098 2270 ei
1114 2247 1192 2270 ausu

452 2290 620 2324 temerario
652 2291 808 2325 contraire
818 2302 825 2331 3
852 2292 877 2324 si
908 2291 978 2335 quis
1002 2296 1107 2324 autem
1131 2291 1191 2324 hoe

451 2348 602 2379 attentare
637 2345 907 2389 praesumpserit,
943 2344 1190 2388 indignationem

451 2399 673 2442 omnipotentis
701 2398 756 2432 Dei
789 2409 825 2432 ac
853 2399 1020 2432 beatorum
1049 2398 1133 2431 Petri
1161 2403 1192 2431 et

452 2452 538 2485 Pauli
562 2453 777 2496 apostolorum
803 2452 869 2485 eius
893 2462 925 2485 sc
948 2451 1071 2485 noverit
1091 2451 1193 2484 incur-

452 2516 571 2539 surum.

489 2579 499 2603 1
518 2577 586 2604 Male
601 2577 664 2605 edit.
679 2577 757 2605 Maia.
775 2577 841 2612 legit
854 2577 998 2605 insiluala
1012 2577 1051 2612 (a.
1063 2577 1111 2611 T.).

489 2621 504 2647 ·2
521 2621 617 2650 Inscite
632 2622 675 2650 ed.
692 2622 770 2651 Μαίη.
788 2622 850 2658 legit
866 2622 1066 2651 exhibentibus
1083 2626 1117 2654 (n.
1130 2620 1177 2654 T.).

1782 155 1793 168 Ι

1035 212 1218 238 BULLARIUM
1237 211 1392 237 ROMANUM

1263 259 1374 292 Datum
1385 259 1511 300 Romae,
1521 259 1606 303 apud
1614 260 1643 294 S.
1657 260 1786 294 Mariam
1799 260 1961 300 Maiorem,

1221 322 1304 345 anno
1333 312 1559 346 Incarnationis
1588 313 1769 347 Dominicae
1796 322 1939 348 »mcxxxt
1951 339 1960 354 ,

1222 366 1326 400 idibus
1350 366 1557 410 septembris,
1582 376 1664 400 anno
1687 376 1728 400 lx.

1257 428 1316 455 Dat.
1333 428 1376 456 die
1395 428 1426 456 13
1440 428 1604 464 septembris
1621 428 1702 464 1631,
1718 429 1811 464 pontif.
1829 437 1873 457 an.
1890 436 1928 456 ix.

1265 517 1361 551 Anno
1378 527 1399 550 a
1414 517 1588 551 nativitate
1610 517 1746 551 Domini
1764 518 1869 551 nostri
1888 518 1963 551 Iesu
1977 531 2123 580 ori'ssbnmm
2142 531 2163 554 in

1224 570 1347 605 Christi
1374 581 1528 612 sincxxm,
1549 571 1728 605 indictione
1742 581 1807 612 xlv,
1823 571 1876 604 die
1891 581 1962 604 vero

1222 631 1288 655 xxn
1306 621 1504 665 septembris,
1528 622 1738 665 pontificatus
1756 626 1866 655 autem
1885 621 1964 655 San-

1223 675 1362 708 ctissimi
1394 676 1432 708 in
1472 675 1598 710 Christo
1635 677 1743 719 patris
1778 679 1808 709 et
1837 675 1964 709 domini

1222 730 1327 762 nostri
1364 729 1491 762 Urbani
1524 728 1638 762 divina
1665 729 1872 773 providentia
1902 729 1966 763 Pa-

1221 792 1283 825 pae
1307 781 1394 815 VIII
1409 792 1495 815 anno
1520 792 1563 823 1x,
1587 783 1813 826 retroscriptae
1838 782 1965 816 litterae

1224 835 1418 879 apostolicae
1442 835 1562 878 affixae
1579 839 1608 869 et
1622 835 1810 880 publicatae
1832 836 1966 879 filerunt

1224 888 1267 921 ad
1290 888 1400 922 valvas
1425 889 1639 922 basilicarum
1671 889 1702 923 S.
1735 889 1872 922 Ioannis
1895 889 1964 921 La-

1226 943 1432 981 termiensis,
1467 942 1637 986 Principis
1668 942 1899 986 Apostolorum
1929 941 1968 975 de

1228 995 1319 1041 Urbe,
1341 995 1556 1028 cancellariae
1573 995 1778 1039 apostolicae,
1799 1000 1827 1029 et
1843 996 1880 1029 in
1899 996 1968 1029 acic

1226 1048 1341 1091 Campi
1360 1048 1487 1089 Florae,
1509 1048 1654 1081 dimissis
1678 1048 1797 1081 ibidem
1819 1059 1878 1092 per
1901 1048 1966 1082 ali-

1224 1101 1312 1144 quod
1345 1102 1497 1144 temporis
1525 1102 1667 1145 spatium
1698 1102 1886 1135 earumdem
1914 1102 1968 1134 lil-

1226 1158 1371 1187 terarum
1403 1154 1622 1197 oriqinalibus
1654 1155 1827 1198 appensis,
1853 1154 1969 1188 deinde

1225 1207 1353 1247 amotis,
1377 1207 1577 1251 illorumque
1594 1212 1705 1251 postca
1725 1207 1967 1251 exemplaribus

1225 1259 1345 1292 ibidem
1375 1260 1499 1293 relictis
1530 1260 1657 1303 asficcis,
1682 1271 1741 1304 per
1771 1271 1822 1294 me
1851 1261 1968 1304 Ioseph

1225 1312 1388 1345 Masscum
1408 1313 1593 1346 Romanum
1612 1314 1812 1346 sanctissimi
1831 1313 1967 1346 Domini

1225 1364 1330 1397 nostri
1352 1364 1466 1408 Papae
1490 1374 1662 1397 cursorem.

1577 1428 1778 1462 Anausin-ns
1805 1437 1845 1461 DE
1872 1427 1967 1462 Bous

1596 1492 1657 1525 PI‘O
1671 1492 1756 1526 may.
1770 1491 1949 1514 C'thSOYutn.

1542 1615 1647 1649 CCXV.

1225 1695 1421 1728 illaudatam
1447 1694 1613 1727 cardinali
1638 1695 1742 1737 leyato
1760 1694 1969 1728 Feri-ariensi

1268 1749 1307 1781 de
1324 1748 1532 1781 restituendis
1546 1747 1709 1781 obsidibus
1722 1759 1742 1780 a
1755 1748 1786 1781 F
1785 1748 1968 1781 erdz'nando

1269 1802 1464 1844 imperatore
1493 1801 1600 1842 dalis,
1633 1802 1730 1834 iuxta
1759 1801 1968 1845 capitulatio-

1269 1865 1343 1888 nem
1369 1855 1521 1889 Cherusci
1538 1854 1558 1887 ¹.

1225 1934 1339 1962 Dilecto
1359 1935 1421 1962 filio
1440 1937 1544 1962 nostro
1573 1935 1678 1962 Ioanni
1702 1935 1854 1968 Baptistae
1881 1934 1967 1962 tituli

1261 1979 1288 2005 S.
1302 1979 1450 2013 Sylvestri
1465 1979 1497 2006 in
1513 1979 1613 2013 Capite
1627 1979 1802 2013 presbytero
1820 1979 1967 2006 cardinali

1261 2024 1392 2051 Pallotto
1411 2027 1596 2058 nuncupato,
1613 2023 1644 2051 in
1665 2023 1788 2051 civitate
1808 2027 1836 2051 et
1856 2025 1967 2051 ducatu

1260 2069 1370 2096 nostris
1386 2068 1626 2096 Ferrariensihus
1645 2071 1748 2096 nostro
1768 2071 1800 2096 et
1816 2068 1966 2102 Apostoli-

1260 2120 1312 2141 cae
1331 2113 1415 2141 Sedis
1436 2113 1470 2140 de
1490 2114 1586 2140 latere
1606 2114 1717 2148 legato,

1413 2166 1550 2194 Urbanus
1582 2167 1661 2200 Papa
1688 2166 1764 2194 vm.

1495 2228 1611 2256 Dilecte
1631 2229 1692 2262 fili,

1267 2273 1397 2301 salutem
1414 2275 1444 2300 et
1459 2274 1656 2307 apostoticam
1675 2273 1922 2302 benedictionem.

1269 2345 1326 2388 gl.
1340 2345 1427 2385 Cum,
1441 2344 1521 2378 sicut
1538 2355 1575 2377 ex
1591 2345 1704 2378 litteris
1721 2345 1826 2378 dilecti
1842 2345 1898 2378 filii
1913 2355 1966 2378 no-

1223 2398 1295 2431 bilis
1312 2398 1371 2431 riri
1387 2398 1488 2431 Caroli
1504 2399 1646 2431 Mantuae
1666 2398 1754 2431 ducis
1773 2398 1812 2431 ad
1830 2408 1887 2431 nos
1906 2397 1965 2431 sub

1225 2451 1275 2484 die
1292 2461 1333 2484 xx
1348 2451 1522 2496 praesentis
1542 2452 1658 2485 mensis
1679 2451 1863 2495 septembris
1883 2451 1965 2485 Goiti

1226 2505 1305 2538 datis
1329 2505 1507 2550 accepimus
1519 2504 1540 2546 ⁹,
1565 2505 1672 2538 civitas
1699 2505 1883 2546 Mantuam,
1906 2515 1965 2549 pro

1262 2577 1272 2602 1
1296 2576 1333 2603 Ex
1354 2577 1461 2612 Regest.
1482 2577 1509 2603 in
1529 2577 1630 2604 Secret.
1652 2576 1728 2604 Brev.

1260 2619 1276 2646 Ξ
1293 2620 1410 2648 Verbum
1424 2621 1588 2656 accepimus
1602 2620 1698 2648 deesse
1713 2620 1807 2648 censui
1821 2620 1859 2656 (n.
1877 2620 1925 2655 Τ.).

1980 211 2029 238 An.
2043 210 2072 238 G.
2094 209 2158 239 1631

2006 2349 2066 2372 raeti
2080 2349 2154 2372 serios.
