2248 3229
141 202 189 228 An.
206 201 235 228 C.
259 200 326 227 ¹630

951 198 1092 222 [tinans
1120 198 1173 222 ΗΠ
1198 199 1245 222 rP.

341 250 394 279 aut
411 245 495 289 quod
525 245 602 278 illud
619 245 755 279 habeant
775 245 968 286 consentire,
989 246 1084 289 quod-

342 309 402 343 que
422 298 569 342 deinceps
594 298 740 332 dominus
757 299 1026 343 archiepiscopus,
1045 300 1084 332 vi-

342 362 419 396 gore
435 351 536 385 dictae
553 353 714 393 cessionis,
728 353 781 395 sic,
797 358 827 385 ut
850 364 956 397 supra,
974 354 1082 393 sactae,

342 405 418 439 nihil
431 405 578 449 amplius,
589 406 698 450 quavis
708 407 904 447 auctoritate,
919 407 1018 447 titulo,
1032 410 1083 440 aut

345 459 420 500 iure,
439 458 562 492 etiamsi
579 458 755 502 indigerent
774 459 902 502 speciali
916 459 1084 499 mentione,

344 512 373 544 in
388 511 470 546 dicta
483 512 616 545 ecclesia
631 518 740 546 contra
759 518 787 545 et
808 513 837 546 in
855 513 1084 557 praeiudicium
1100 534 1102 549 ;

344 565 508 610 utriusque
537 566 679 608 collegii,
711 565 884 610 eorumque.
915 576 1065 610 personas
1077 592 1084 606 ,
1101 570 1103 586 z

344 619 474 659 t'ructus,
490 618 641 659 redditus,
658 624 829 662 proventus
846 625 875 652 et
895 619 1086 652 emolumen-

345 679 384 713 ta,
402 677 464 705 tam
490 672 683 706 coniunctim
711 684 805 717 quam
829 673 964 713 divisim,
984 672 1085 706 facere

344 737 399 760 seu
428 726 636 771 praetendere
661 727 782 770 possit,
807 737 901 770 quam
931 736 1030 770 usque
1055 726 1086 758 in

344 784 541 823 praesentem
577 778 659 812 diem
695 783 848 824 appareat
877 779 1024 812 habuisse
1056 784 1085 811 ct

346 833 455 866 l'ecisse
472 838 618 877 respectu
633 833 797 877 utriusque
811 833 946 875 collegii,
963 832 1086 876 singula

345 887 477 931 singulis
501 897 642 930 congrue
667 886 844 927 referendo,
866 886 923 926 rel,
949 885 1086 918 circum-

346 940 462 984 scripta
486 939 645 984 praesenti
670 939 823 979 cessione,
843 938 882 971 dc
907 938 975 971 iure
999 939 1087 982 prius

347 993 463 1026 habere
481 999 511 1026 et
535 993 638 1026 tacere
654 992 764 1037 quavis
780 992 976 1033 auctoritate,
996 992 1087 1025 titulo

347 1052 377 1079 et.
394 1046 463 1080 iure
479 1046 634 1091 potuisset
649 1051 679 1079 et
701 1051 825 1091 posset3
843 1051 872 1079 et
892 1046 977 1090 quod
994 1046 1088 1079 etiam

348 1099 529 1133 huiusmodi
550 1099 651 1133 cessio
672 1099 703 1132 in
722 1100 829 1143 quieto
846 1110 881 1133 ac
900 1100 1002 1133 libero
1030 1110 1089 1133 usu

348 1154 446 1198 ipsius
470 1154 631 1196 ecclesiae,
651 1164 686 1187 ac
704 1155 798 1187 etiam
816 1154 846 1187 in
866 1154 935 1186 aliis
959 1164 1089 1188 concor-

346 1207 442 1248 datis,
466 1208 645 1241 nullatenus
666 1207 872 1252 praeiudicet,
897 1218 955 1241 nec
980 1213 1090 1241 contra

347 1271 459 1295 eornm
482 1272 574 1295 usum
600 1267 628 1294 et
653 1261 763 1296 utilem
799 1260 1005 1295 substantiam
1037 1266 1091 1294 aut

348 1314 532 1348 exercitium
550 1314 788 1359 quomodolibet
813 1318 842 1348 et
866 1314 1090 1358 qualitercum-

346 1379 407 1413 que
431 1368 531 1413 possit
554 1368 703 1411 allegari,
729 1368 804 1401 alias
828 1367 985 1412 quaelibet
1009 1379 1091 1407 con-

348 1422 443 1455 traria
459 1422 638 1467 praetensio
663 1428 693 1455 et
717 1422 849 1465 quilibet
865 1427 953 1455 actus
973 1422 1004 1454 in
1021 1432 1091 1455 con-

349 1476 481 1509 trarium
509 1479 678 1509 attentatus
701 1475 763 1508 sint
792 1475 861 1519 ipso
886 1475 954 1508 iure
984 1475 1090 1516 nulla,

347 1539 410 1563 non
427 1529 530 1563 solum
545 1529 732 1573 praemisso,
749 1529 803 1562 sed
821 1529 915 1562 etiam
929 1529 1015 1562 omni
1029 1529 1090 1562 alio

347 1583 471 1617 meliori
488 1583 592 1617 modo.

392 1636 492 1670 Huius
524 1636 713 1670 concordiae
737 1636 881 1679 intuitu,
911 1635 956 1668 liti
987 1636 1086 1669 sabri-

347 1702 401 1725 cae
428 1691 610 1725 monasterii
640 1690 870 1724 monachorum
895 1690 924 1724 S.
950 1690 1088 1723 Ambro-

347 1744 384 1778 sii
409 1744 648 1778 Mediolanensis
672 1743 744 1777 finis
770 1748 924 1788 perpetuo
949 1743 1089 1788 impona—

351 1803 412 1838 tur,
436 1797 617 1841 neminique
641 1797 733 1830 liceat
756 1797 962 1841 praetendere
987 1797 1091 1831 demo-

354 1852 496 1885 litionem
518 1851 657 1884 fabricae
679 1851 831 1884 hactenus
861 1851 959 1884 sactae
998 1857 1028 1884 et
1059 1852 1091 1884 in

349 1907 492 1940 futurum
516 1905 685 1938 faciendae.
711 1905 888 1942 Teneantur
912 1910 1017 1938 tamen
1041 1905 1091 1938 ab·

349 1959 405 1994 bas
430 1965 459 1993 et
484 1959 630 1993 monachi
654 1959 832 2003 providere,
856 1969 894 1992 ne
919 1970 956 1992 ex
976 1959 1091 1992 huius—

350 2013 434 2047 modi
457 2012 594 2054 sabrica,
621 2017 682 2045 tam
706 2012 786 2045 sacta
811 2022 906 2055 quam
930 2011 1091 2052 facienda,

350 2066 502 2101 inseratur
524 2065 754 2110 praeiudicium
779 2065 930 2098 ecclesiae
954 2065 983 2098 S.
1011 2066 1092 2098 Am-

352 2120 460 2161 brosii,
485 2119 630 2153 videlicet
653 2119 745 2152 altius
770 2129 838 2152 eam
866 2118 1003 2152 tollendo
1028 2129 1093 2151 ver-

351 2185 403 2208 sus
427 2174 542 2208 dictam
575 2173 740 2207 ecclesiam
772 2173 854 2206 ultra
879 2172 1092 2206 summitatem

352 2228 382 2261 in
407 2239 468 2272 qua
491 2228 650 2272 reperitur
668 2228 704 2260 de
724 2227 894 2272 praesenti,
919 2227 966 2260 vel
991 2226 1092 2259 eidem

352 2283 454 2325 inagis
478 2282 763 2327 appropinquando
788 2281 905 2315 dictam
929 2281 1093 2322 fabricam,

352 2341 382 2370 ct
405 2336 585 2380 praecipue,
609 2346 648 2369 ne
673 2346 710 2369 ex
734 2331 815 2379 aquit
840 2334 965 2379 pluvia¹
983 2344 1093 2367 murus

352 2389 503 2423 ecclesiae
520 2399 536 2422 e
548 2388 665 2422 latere²
681 2389 865 2423 monasterii
879 2388 1093 2429 labefactetur,

352 2443 566 2479 construendo
589 2443 738 2486 cloacam,
756 2453 814 2487 per
831 2453 926 2487 quam
946 2442 999 2475 illa
1018 2442 1095 2475 rcci-

351 2499 457 2543 piatur
477 2502 507 2531 et
531 2497 664 2530 ducatur
689 2502 785 2530 extra.
807 2497 844 2529 Et
861 2496 934 2540 quia
951 2496 1094 2530 nonnul-

386 2570 401 2597 1
417 2568 513 2597 Potius
527 2568 665 2602 legeretur
676 2567 795 2602 pluviae
806 2567 848 2594 vel
858 2566 984 2602 pluviali
995 2566 1032 2602 (n.
1045 2567 1093 2601 TE).

386 2613 403 2641 2
417 2612 490 2641 Edit.
506 2612 588 2640 Main.
604 2611 671 2647 legit
686 2613 779 2640 latera
793 2612 832 2646 (n.
849 2612 899 2645 Τ.).

434 2666 512 2696 Buta.
532 2666 617 2695 Rom.
638 2680 672 2686 —
694 2666 753 2696 Vol.
774 2665 851 2694 XIV.
995 2664 1029 2692 24

1764 186 1824 221 185

1116 247 1164 280 lae
1189 247 1347 291 cappellae
1372 246 1472 280 dictae
1498 245 1647 279 ccclesiae
1665 255 1774 278 versus
1791 255 1856 278 mo-

1117 301 1304 334 nasterium.
1327 300 1491 333 occasione
1516 299 1643 332 luminis
1669 299 1856 341 ampliandi,

1117 363 1218 397 nuper
1248 353 1371 386 fuerunt
1399 353 1436 385 al)
1461 353 1589 396 antiqua
1621 362 1730 384 earum
1756 352 1853 384 fornia

1117 406 1329 444 deformatae,
1356 398 1476 439 abbatis
1501 411 1527 439 et
1555 404 1783 437 monachorum
1804 416 1852 435 vx>

1118 460 1224 503 pensis
1249 460 1279 492 in
1312 460 1450 503 priorem
1486 461 1618 493 sormam
1645 458 1857 494 reducantur,

1118 516 1271 556 quatenus
1285 512 1325 545 ita
1343 513 1484 546 videatur
1502 512 1749 545 eminentissimo
1766 517 1795 545 ct
1814 524 1858 544 rt·-

1120 565 1344 599 verendissimo
1358 566 1485 599 domino
1503 566 1653 599 cardinali
1667 565 1859 599 Borromaco

1119 619 1273 652 moderno
1291 619 1540 663 archiepiscopo,
1559 625 1587 651 et
1605 629 1667 652 non
1687 619 1775 653 alteri
1793 619 1860 651 cius

1120 672 1304 705 successori.

1164 723 1313 763 Tandem,
1327 733 1365 756 ne
1381 724 1586 767 imposterum
1601 723 1718 766 aliquid
1733 723 1763 754 in
1777 722 1860 755 dicta

1120 776 1252 810 ecclesia
1279 776 1461 816 innovetur,
1482 777 1570 817 nihil,
1587 782 1639 808 aut
1664 775 1861 809 restauratio-

1120 831 1178 871 nis,
1202 835 1253 863 aut
1278 840 1377 863 novae
1402 829 1662 863 reaedificationis
1688 833 1860 873 praetextu,

1121 884 1152 916 in
1176 883 1287 917 eadem
1312 883 1402 924 fieri,
1431 883 1488 915 nisi
1520 882 1686 915 accedente
1712 893 1861 926 expresso

1121 947 1276 970 consensu
1307 936 1509 969 illustrissimi
1547 935 1665 968 domiui
1700 935 1862 979 archiepi-

1122 991 1219 1035 scopi,
1236 990 1408 1034 praepositi
1434 989 1584 1023 ecclesiae
1605 994 1631 1021 et
1651 989 1785 1022 duorum
1812 999 1862 1021 ca-

1121 1044 1308 1078 nonicorum
1328 1054 1385 1088 per
1405 1054 1496 1077 suum
1522 1043 1694 1087 capitulum
1712 1042 1862 1085 deputan-

1122 1098 1247 1139 dorum,
1267 1107 1389 1130 necnon
1409 1097 1531 1130 abbatis
1549 1096 1688 1129 eiusdem
1714 1096 1864 1129 ecclesiae

1123 1157 1153 1185 et
1177 1152 1312 1185 duorum
1330 1151 1558 1184 monachorum
1577 1150 1614 1183 de
1633 1160 1768 1193 corpore
1795 1160 1862 1182 mo-

1123 1206 1252 1239 nasterii
1283 1206 1312 1239 S.
1344 1205 1502 1238 Ambrosii
1532 1215 1589 1249 per
1615 1205 1787 1237 monachos
1812 1205 1863 1236 eli-

1124 1260 1312 1303 gendorum,
1336 1260 1379 1292 ita
1403 1264 1437 1291 ut
1461 1260 1570 1292 saltem
1595 1258 1675 1291 duae
1696 1263 1801 1302 partes
1827 1270 1861 1291 ex

1124 1314 1225 1347 tribus
1242 1314 1445 1356 consentiant,
1461 1319 1489 1346 et
1507 1324 1569 1347 non
1587 1314 1675 1354 alias,
1693 1318 1762 1353 etc,
1780 1313 1862 1345 salva

1124 1373 1228 1400 tamen
1253 1367 1511 1411 superstantiaria
1541 1377 1613 1399 cum
1644 1366 1708 1399 suis
1733 1376 1864 1399 concor-

1124 1420 1212 1453 datis.
1240 1421 1275 1453 Et
1299 1420 1403 1464 quoad
1427 1430 1590 1464 expensas,
1608 1420 1666 1452 hac
1686 1419 1739 1452 ubi
1758 1430 1773 1451 a
1792 1419 1867 1452 side-

1124 1474 1206 1507 libns
1236 1484 1299 1507 non
1331 1473 1632 1513 subministrentur,
1658 1478 1688 1506 et
1723 1472 1777 1505 ubi
1802 1482 1865 1505 non

1124 1528 1226 1561 adsint
1258 1527 1399 1561 redditus
1435 1527 1482 1560 vel
1518 1532 1689 1571 proventus
1720 1526 1758 1559 ad
1782 1527 1865 1559 hunc

1125 1581 1270 1615 effectum
1295 1580 1440 1614 destinati
1460 1581 1513 1625 qui
1534 1581 1689 1614 sufficiant,
1714 1580 1743 1612 in
1769 1579 1866 1612 subsi-

1125 1634 1222 1675 dium,
1242 1634 1337 1667 abbas
1358 1640 1387 1667 et
1412 1634 1559 1667 monachi
1584 1644 1645 1667 non
1670 1633 1792 1677 possint
1816 1633 1865 1665 ad-

1125 1688 1236 1732 stringi
1268 1688 1305 1721 ad
1337 1687 1599 1721 contribuendum
1633 1687 1715 1720 ultra
1740 1687 1865 1719 tertiam

1123 1747 1256 1786 partem.
1275 1741 1406 1775 Attentis
1423 1741 1570 1774 omnibus
1591 1740 1778 1784 supradictis
1796 1750 1866 1773 con-

1125 1795 1261 1829 cordatis
1284 1796 1451 1829 voluerunt
1487 1806 1521 1828 ac
1547 1795 1653 1828 volunt
1669 1799 1763 1836 stain
1789 1793 1866 1826 illu—

1125 1849 1298 1883 strissimus
1322 1848 1467 1882 dominus
1489 1847 1755 1891 archiepiscopus,
1773 1857 1865 1890 quam

1125 1903 1187 1936 duo
1212 1902 1366 1946 collegia,
1390 1902 1475 1946 quod
1498 1911 1607 1935 omnes
1635 1901 1865 1934 controversiae

1126 1962 1155 1990 et
1185 1967 1402 2001 quaecumque
1435 1956 1503 1989 lites
1534 1961 1720 1988 censeantur
1748 1961 1776 1988 et
1806 1955 1862 1987 siut

1126 2011 1255 2044 omnino
1280 2010 1442 2051 extinctae,
1459 2020 1554 2053 super
1573 2008 1713 2042 dominio
1737 2019 1867 2052 quomo-

1126 2063 1244 2097 dolibet
1263 2068 1448 2107 praetensae
1470 2069 1531 2095 tam
1554 2073 1610 2106 lter
1635 2061 1799 2095 dominum
1816 2072 1865 2094 ar-

1127 2117 1365 2161 chiepiscopum
1397 2126 1491 2160 quam
1520 2126 1577 2159 per
1603 2121 1771 2158 utrumque
1796 2115 1863 2147 col-

1127 2170 1262 2214 legium,
1293 2175 1323 2203 et
1353 2173 1541 2214 perpetuum
1577 2169 1735 2201 silentium
1763 2167 1866 2211 quoad

1127 2235 1238 2258 omnes
1262 2224 1399 2268 desuper
1423 2223 1617 2267 impositum,
1635 2227 1706 2255 etc:

1172 2279 1186 2322 g
1211 2278 1240 2310 4.
1265 2278 1327 2311 Nos
1345 2304 1353 2318 ,
1389 2277 1503 2320 quibus
1538 2276 1675 2318 deinde,
1701 2281 1731 2307 et
1766 2275 1865 2307 eidem

1128 2332 1296 2365 francisco
1314 2330 1474 2371 cardinali,
1492 2330 1572 2362 sacta
1592 2329 1649 2362 suit
1667 2328 1868 2373 postmodum

1127 2396 1183 2430 per
1208 2385 1336 2419 eosdem
1350 2384 1523 2418 Robertuin
1541 2388 1570 2415 et
1586 2381 1788 2415 Theodorum
1805 2393 1869 2415 car-

1128 2440 1246 2473 dinales
1282 2439 1320 2472 de
1344 2437 1526 2482 praemissis
1558 2436 1703 2470 omnibus
1736 2435 1868 2476 relatio,

1128 2492 1298 2527 inviolabili
1323 2491 1527 2531 concordiae,
1549 2490 1613 2523 sive
1640 2489 1869 2529 transactionis,

1128 2546 1333 2590 omniumque
1364 2550 1394 2578 et
1426 2545 1624 2588 singulorum
1656 2542 1869 2587 capitulorum

1127 2600 1398 2646 praeinsertorum
1415 2597 1637 2640 observationi,
1651 2601 1804 2642 quantum
1817 2606 1871 2630 no-

1872 198 1916 223 Au.
1937 198 1963 222 Γ.
1990 197 2055 223 lti31)

1901 2281 1996 2301 Pontifex
2008 2286 2068 2306 prac-

1884 2308 1961 2328 dictam
1977 2313 2069 2328 concor-

1885 2335 1941 2355 diam
1952 2335 2068 2356 contii-mat,

1885 2366 1999 2387 omnesque
2011 2360 2069 2381 dese·

1885 2390 1930 2409 ctus
1946 2387 2037 2414 supplet.
