2248 3229
182 238 231 265 An.
253 238 282 266 c.
304 239 371 267 1638
418 231 481 266 660

248 459 361 488 Derogatio

179 487 338 506 contrariorum*

201 1576 278 1597 mutus
289 1576 304 1596 V
322 1576 356 1596 ule·

175 1603 240 1622 ctat-at
256 1603 356 1623 emitum-

175 1631 230 1648 taxat
251 1630 276 1650 aul
296 1629 357 1649 habi-

175 1657 216 1675 tum
227 1656 355 1681 :ntwittkqui

174 1687 211 1706 pru
231 1682 356 1702 intirmorum

174 1713 224 1727 cum
233 1711 277 1729 suut
287 1715 356 1730 neri-z·

235 2105 260 2126 Et
275 2103 324 2126 Pius
339 2105 355 2126 V

173 2131 228 2153 hona
276 2133 358 2158 acquiri

174 2165 211 2184 per
226 2159 262 2179 hos
282 2160 357 2179 lintres

174 2191 213 2205 nnn
224 2185 263 2206 sibi
274 2185 310 2206 sed
325 2185 356 2206 iu-

174 2211 243 2231 firmis.

378 291 487 322 nostra
511 290 548 322 ad
574 291 725 322 cautelam
751 290 893 323 absolvas
922 297 951 323 et
981 292 1115 324 totaliter

378 342 514 382 liberes,
542 343 701 386 dictasque
724 353 840 386 poenas
865 343 925 376 illis
949 349 979 376 et
1003 355 1112 377 eorum

378 395 508 437 singulis
533 395 668 438 gratiose
693 396 833 428 remittas
858 401 887 428 et
913 397 1079 430 condones.

420 447 476 490 §le
493 448 560 481 Non
578 449 773 481 obstantibus
791 449 1064 483 constitutionibus
1085 455 1115 483 et

376 501 623 534 ordinationibus
649 503 848 545 apostolicis,
879 513 934 543 ae,
961 509 1113 547 quatenus

376 565 453 597 opus
467 554 514 594 sit,
528 554 628 587 dictae
643 556 802 596 ecclesiae,
818 556 911 589 etiam
927 557 1111 600 iuramento,

375 606 612 640 confirmatione
637 609 825 651 apostolica,
852 610 899 641 rel
925 610 1036 653 quavis
1060 610 1113 642 fir-

375 659 480 692 mitate
505 660 564 692 alia
589 661 762 703 roboratis,
784 663 907 695 statutis
932 668 961 695 ct
985 673 1112 696 consue-

374 712 554 754 tudinibus,
579 715 752 758 ceterisque
783 716 948 749 contrariis
982 717 1111 759 quibus-

375 777 517 809 cumque.

417 819 528 852 Datum
551 820 685 861 Romae,
710 822 793 864 apud
819 822 847 854 S.
873 823 1000 855 Mariam
1022 823 1113 856 Maio-

372 882 449 912 rem,
474 872 531 905 sub
570 875 686 907 annulo
712 874 889 915 piscatoris,
914 876 962 909 die
995 887 1012 909 v
1045 877 1109 909 iulii

370 936 565 967 iimcxxxvm,
579 928 780 971 pontificatus
803 929 903 962 nostri
921 940 1002 963 anno
1017 941 1065 963 xv.

405 987 462 1015 Dat..
481 989 523 1016 die
538 989 554 1016 5
569 989 626 1017 iulii
644 990 721 1024 1038,
739 992 832 1026 pontis.
852 1000 921 1020 anno
938 999 983 1020 xv.

699 1134 781 1167 nex.
802 1114 804 1117 ’

373 1212 635 1256 Conqreqaliom's
673 1215 810 1247 Ioannis
846 1215 907 1248 Dei·
940 1221 1109 1249 conventas

413 1271 441 1298 ec
455 1265 632 1309 hospitalia
661 1268 696 1299 in
713 1269 832 1311 quibus
848 1273 924 1301 sunt
942 1269 1109 1301 duodecim

413 1318 562 1361 relt'yiosi
580 1319 618 1352 ab
638 1321 861 1364 episcoporum
886 1322 1110 1356 iurisdictione

415 1371 607 1404 eximuntur
620 1372 638 1405 ¹.

573 1453 708 1481 Urbanus
730 1454 809 1488 Papa
829 1455 906 1485 vm,

519 1499 554 1523 ad
574 1497 705 1525 futuram
724 1499 767 1525 rei
788 1500 968 1526 memoriam.

416 1566 430 1609 ᾗ
455 1567 484 1599 1.
510 1567 595 1608 Cum,
617 1569 696 1601 sicut
720 1569 851 1603 dilectus
875 1571 957 1603 tilius
982 1571 1110 1613 Angeli-

372 1629 426 1652 cus
451 1620 614 1664 Rampulla
639 1622 896 1665 Congregationis
922 1624 1044 1657 loannis
1057 1625 1109 1657 Dei

372 1679 558 1715 procurator
583 1676 738 1718 generalis
757 1676 848 1709 nobis
872 1688 974 1720 nuper
998 1679 1109 1721 exponi

371 1726 460 1767 fecit,
490 1738 547 1771 per
571 1729 739 1772 quamdam
760 1730 857 1762 felicis
882 1731 1110 1764 recordationis

372 1779 457 1812 Pauli
483 1781 505 1812 V
529 1782 733 1824 prohibeatur
758 1793 914 1826 expresse,
942 1796 980 1816 ne
1005 1785 1109 1827 plures

371 1832 409 1864 ad
434 1833 574 1866 habitum
605 1840 633 1867 et
664 1836 892 1877 professionem
917 1848 973 1880 per
998 1838 1110 1870 tratres

371 1885 470 1918 dictae
505 1886 761 1930 Congregationis
797 1890 911 1933 suscipi
947 1895 976 1922 et
1011 1891 1108 1923 emitti

371 1940 513 1972 solitam²
537 1941 762 1985 admittantur,
792 1955 885 1986 quam
911 1944 1108 1978 intirmorum

371 1999 401 2026 et
436 1994 662 2028 miserabilium
698 2008 904 2039 personarum
941 1999 1109 2032 necessitas

372 2047 490 2089 exigat,

416 2101 431 2144 g
455 2101 484 2133 ⁶2.
510 2102 552 2134 Ac
577 2113 633 2144 per
658 2103 749 2135 aliam
775 2104 1029 2137 constitutionem
1065 2106 1107 2138 Pii

373 2153 464 2186 etiam
490 2154 512 2186 V
537 2155 748 2189 Romanorum
775 2157 959 2190 Pontificum
982 2159 1110 2202 praede-

372 2214 532 2237 cessorum
557 2211 738 2239 nostrorum
765 2213 927 2249 statuatur,
949 2214 997 2251 ut,
1019 2210 1108 2253 quid-

371 2257 444 2302 quid
458 2257 714 2301 Congregationis
736 2261 915 2294 huiusmodi
930 2263 1041 2295 tratres
1062 2274 1109 2295 ac-

371 2310 509 2353 quirunt,
530 2322 592 2344 non
609 2313 679 2352 sibi,
697 2315 833 2357 exceptis
850 2315 1008 2349 dumtaxat
1027 2316 1107 2348 victu

371 2368 399 2396 et
410 2364 531 2405 vestitu,
546 2365 598 2397 sed
613 2367 803 2409 pauperibus
818 2368 951 2401 int‘irmis
965 2373 994 2403 et
1006 2369 1108 2412 hospi-

372 2417 495 2459 talibus,
521 2418 558 2451 ad
583 2430 717 2462 quorum
743 2421 904 2454 servitium
926 2423 1107 2465 particulari

372 2471 511 2506 instituto
536 2483 571 2505 ac
603 2479 674 2506 voto
706 2474 966 2518 obstringuntur,
996 2478 1105 2521 acqui-

373 2529 450 2564 rant,
468 2524 601 2568 indeque
619 2532 721 2569 pateat
745 2527 859 2560 dietam
885 2529 1108 2572 Congregalio-

410 2596 419 2619 l
441 2594 477 2620 Ex
493 2595 598 2629 Regest.
615 2596 641 2622 in
657 2598 757 2625 Scerct.
775 2599 851 2625 Brev.

409 2638 425 2664 2
441 2638 508 2673 Lege
524 2640 618 2675 solita,
638 2642 675 2667 iel
692 2643 807 2670 solitum
825 2646 851 2671 el
866 2644 981 2671 solitam
997 2651 1035 2679 tn.
1048 2645 1095 2680 T.).

944 244 1121 268 BULLARIUM
1146 244 1300 269 ROMANUM

1896 251 1946 279 An.
1967 251 2084 279 C.1638

1148 303 1219 325 nem
1236 303 1298 325 non
1317 303 1429 336 parum
1446 293 1484 327 ab
1502 294 1562 328 illis
1579 295 1784 338 religionibus
1802 298 1885 332 circa

1148 345 1323 379 libertatem
1350 351 1380 379 et
1403 347 1582 380 facultatem
1611 348 1777 382 duodecim
1810 352 1883 384 reli-

1148 398 1253 440 giosos
1277 398 1307 430 in
1332 398 1462 442 singulis
1487 399 1530 433 eis
1556 401 1759 435 conventibus
1779 408 1809 436 et
1827 403 1884 437 ho-

1147 452 1312 495 spitalibus
1337 453 1504 496 deputandi
1530 454 1673 488 differre:

1191 506 1205 548 ἓ
1229 505 1258 538 3.
1284 506 1379 539 Nobis
1402 513 1570 551 propterea
1594 509 1695 541 dictus
1715 509 1883 552 Angelicus
1956 524 2083 554 Procurator

1148 558 1308 592 humiliter
1333 561 1503 603 supplicari
1528 561 1620 602 fecit,
1651 568 1685 594 ut
1713 563 1883 605 praefatam
1900 552 2005 597 ἓῖῗῗζῖὲῗι
2031 553 2084 598 Ρὲἕξ

1147 611 1427 655 Congregationem
1460 614 1589 647 minime
1621 616 1882 659 comprehensam
1899 609 1964 650 l‘ssla
1988 609 2084 654 ἓῖῗᾞιῗῇ

1147 676 1214 698 esse
1239 666 1296 698 sub
1321 667 1458 708 decreto,
1484 669 1668 702 auctoritate
1689 671 1796 703 nostra
1826 656 2084 703 1]302322‡³},¹g¹,m„s⁰¹²

1146 719 1183 750 de
1208 729 1242 751 re
1267 719 1317 752 die
1342 730 1392 753 xxi
1418 720 1494 753 iunii
1512 731 1638 755 Mncxxv
1661 722 1741 755 inter
1758 722 1883 756 decreta

1146 771 1191 804 De
1206 771 1416 805 celebratione
1441 774 1455 816 ἓ
1479 773 1626 818 deinceps
1650 775 1761 817 edito¹,
1779 775 1883 808 decla-

1146 835 1225 864 rare,
1242 835 1277 858 ac
1302 825 1391 866 alias,
1417 831 1450 858 ut
1475 826 1563 868 infra,
1589 827 1753 871 indulgere
1770 828 1807 861 de
1827 828 1883 862 be-

1145 877 1295 919 nignitate
1320 879 1492 921 apostolica
1514 879 1728 922 dignaremur.

1188 931 1202 973 ξ
1226 931 1255 963 4.
1289 932 1351 964 Nos
1375 932 1492 974 igitur,
1518 934 1664 967 eumdem
1697 935 1881 978 Angelicum
1927 947 2081 979 *Urbanus-ab

1145 989 1382 1026 procuratorem
1401 986 1580 1028 generalem
1599 987 1785 1030 specialibus
1804 989 1885 1022 savo·
1899 980 2084 1031 ssffiifffisslssme'x‘ii

1145 1036 1231 1069 ribus
1246 1042 1275 1070 et
1288 1038 1396 1080 gratiis
1413 1039 1562 1082 prosequi
1577 1040 1725 1081 volentes,
1743 1046 1773 1073 et
1786 1051 1802 1073 a
1816 1041 1884 1085 qui·
1899 1031 1935 1084 {tt}
1946 1030 2084 1085 ςῗιῗῖξᾌῗῗὲἒὲἔ

1144 1088 1250 1121 busvis
1266 1091 1608 1133 excoi‘mnunicationis,
1625 1093 1839 1136 suspensionis
1855 1099 1885 1127 et
1900 1087 1939 1101 ⁰¹¹⁰
1954 1080 2055 1106 'el'mffl'

1145 1142 1310 1184 interdicti,
1329 1144 1459 1188 aliisque
1480 1146 1698 1179 ecclesiasticis
1714 1147 1884 1188 sententiis,

1145 1195 1285 1228 censuris
1307 1201 1336 1228 et
1356 1198 1476 1240 poenis,
1495 1208 1512 1230 a
1531 1198 1598 1231 iure
1619 1200 1666 1232 vel
1685 1199 1724 1232 ab
1745 1200 1882 1243 homine,

1144 1249 1252 1291 quavis
1265 1250 1429 1283 occasione
1443 1252 1489 1283 vel
1505 1254 1596 1285 causa
1621 1253 1700 1295 latis,
1722 1254 1747 1286 si
1767 1254 1883 1297 quibus

1144 1302 1382 1345 quomodolibet
1394 1304 1558 1337 innodatus
1567 1306 1679 1349 existit,
1689 1306 1727 1338 ad
1739 1307 1883 1340 effectum

1144 1356 1354 1398 praesentium
1372 1357 1531 1390 dumtaxat
1549 1359 1817 1402 consequendum,
1834 1360 1885 1392 ha-

1145 1419 1214 1440 rum
1240 1409 1319 1442 serie
1344 1409 1538 1443 absolventes
1563 1416 1592 1443 et
1616 1411 1793 1445 absolutum
1818 1413 1884 1445 sore

1145 1467 1316 1504 censentes,
1342 1463 1522 1497 huiusmodi
1539 1465 1820 1508 supplicationibus
1838 1466 1884 1498 in-

1145 1515 1267 1556 clinati,
1292 1516 1330 1548 de
1354 1517 1581 1551 venerabilium
1606 1519 1738 1552 fratrum
1759 1524 1882 1554 nostro-

1146 1580 1215 1601 rum
1241 1575 1365 1602 sanctae
1389 1571 1544 1604 Romanae
1569 1572 1726 1606 Ecclesiae
1745 1573 1884 1606 cardina-

1146 1623 1221 1655 lium
1250 1624 1384 1666 negotiis
1409 1625 1602 1667 regularium
1628 1627 1883 1670 praepositorum

1145 1676 1297 1717 consilio,
1332 1678 1504 1720 apostolica
1535 1679 1740 1720 auctoritate,
1774 1683 1883 1713 tenore

1146 1729 1367 1771 praesentium,
1393 1729 1589 1764 declaramus
1614 1737 1643 1763 et
1671 1732 1882 1773 decernimus,

1146 1787 1177 1812 ut
1194 1781 1296 1824 quoad
1318 1782 1416 1815 dictae
1436 1784 1694 1826 Congregationis
1712 1790 1882 1817 conventus

1145 1839 1174 1865 ct.
1199 1835 1379 1878 hospitalia,
1404 1836 1434 1868 in
1459 1837 1573 1879 quibus
1599 1843 1691 1870 erunt
1715 1837 1882 1870 duodecim

1145 1888 1292 1930 religiosi,
1320 1889 1459 1932 episcopi
1480 1891 1656 1923 nullatenus
1678 1901 1709 1923 se
1728 1891 1882 1934 ingerant,

1145 1946 1171 1973 et
1197 1941 1300 1984 qtrtoad
1326 1942 1395 1974 illos
1420 1947 1589 1977 conventus
1614 1955 1666 1977 seu
1695 1944 1882 1987 hospitalia,

1145 1995 1173 2025 in
1199 1995 1311 2037 quibus
1336 1996 1395 2027 crit
1415 1996 1517 2029 minor
1535 1997 1756 2039 religiosorum
1774 2008 1883 2030 nume-

1144 2059 1207 2087 rus,
1233 2047 1326 2080 iidem
1352 2048 1492 2092 episcopi
1516 2050 1635 2093 possint
1661 2050 1787 2083 insimul
1809 2061 1880 2083 cum

1144 2100 1326 2144 provinciali
1351 2102 1397 2134 vel
1424 2102 1484 2134 alio
1509 2103 1620 2136 maiori
1642 2102 1781 2135 eiusdem
1799 2103 1879 2136 Con-

1143 2155 1335 2197 gregationis
1352 2156 1514 2198 superiore
1538 2156 1576 2188 ad
1590 2156 1777 2189 revisionem
1795 2167 1880 2190 com-

1144 2212 1292 2251 putorum
1317 2208 1595 2242 administrationis
1617 2210 1801 2243 eorumdem
1827 2211 1881 2244 ho-

1143 2261 1300 2304 spitalium
1319 2263 1500 2305 procedere,
1520 2263 1560 2295 ita
1582 2268 1685 2296 tamen
1710 2268 1743 2298 ut
1771 2270 1881 2298 contra

1142 2325 1290 2357 personas
1308 2315 1339 2346 in
1357 2316 1454 2348 nihilo
1471 2327 1601 2359 prorsus
1623 2328 1654 2350 se
1674 2318 1879 2351 immisceant.

1186 2369 1201 2411 g
1227 2368 1255 2400 7.
1276 2369 1344 2402 Non
1362 2369 1556 2402 obstantibus
1581 2371 1720 2413 praefato
1745 2371 1880 2413 decreto,

1141 2431 1176 2454 ac
1202 2421 1362 2464 quibusvis
1375 2423 1443 2455 aliis
1461 2423 1733 2457 constitutionibus
1751 2429 1779 2457 et
1796 2424 1880 2457 ordi-

1142 2475 1319 2508 nationibus
1351 2476 1533 2519 apostolicis
1554 2487 1650 2520 super
1673 2487 1806 2511 numero
1831 2489 1880 2510 re-

1143 2530 1326 2572 ligiosorum
1342 2531 1371 2563 in
1387 2531 1527 2574 quolibet
1540 2533 1732 2565 monasterio
1746 2537 1798 2565 aut
1812 2542 1881 2565 con-

1967 2379 2080 2402 Contrariis

1896 2407 1990 2432 derogat.

1178 2601 1189 2627 1
1206 2600 1273 2628 Vide
1291 2601 1389 2628 Urbani
1403 2602 1462 2629 VlIl
1479 2602 1570 2630 Const.
1588 2610 1664 2637 Cva,
1681 2607 1745 2630 tom.
1757 2609 1816 2636 xxti,
1833 2611 1880 2638 pa-

1141 2645 1201 2681 gina
1217 2645 1278 2680 336,
1296 2649 1321 2673 et
1337 2647 1474 2682 speciatim
1490 2647 1503 2682 g
1521 2648 1562 2680 Μ,
1579 2656 1639 2683 pag.
1658 2648 1708 2675 339
1722 2657 1740 2674 α
1755 2648 1792 2683 (a.
1809 2648 1855 2683 T-).
