2248 3229
187 234 236 262 An.
252 234 282 263 C,
304 233 369 263 1631

238 1838 269 1860 tta
285 1840 368 1859 creatos

185 1865 280 1886 Pontifex
296 1866 369 1886 annul-

185 1893 215 1913 lat
246 1894 267 1912 et
296 1898 368 1912 eorum

185 1919 303 1939 creationes
312 1919 368 1939 inva-

184 1945 238 1966 uuas
253 1945 354 1966 declarat.

385 283 543 317 Romanae
555 282 711 316 Ecclesiae
723 281 926 321 camerarius,
935 280 972 314 de
982 281 1122 314 eiusdem

385 335 461 370 Sixti
486 335 738 380 praedecessoris
768 344 918 378 expresso
953 334 1122 375 mandato,

384 388 502 422 bonum
529 388 741 422 archiviorum
767 387 950 421 eorumdem
979 388 1122 431 regimen

385 447 415 475 et
437 442 632 475 notariorum
657 452 808 486 personas
837 451 1031 475 concernens
1056 441 1122 474 edi-

385 500 468 528 ctum
493 495 646 538 publicari
670 495 800 536 secerit;
825 500 855 528 et
879 495 960 528 inter
983 496 1058 536 alia,
1084 495 1122 528 ad

384 547 576 581 obviandum
600 548 708 581 litibus
732 554 761 581 et
785 549 852 582 aliis
870 549 1018 593 periculis
1042 559 1122 593 quae

383 602 416 634 in
435 601 500 634 dies
524 601 564 635 ob
589 602 779 646 imperitiam
804 603 1001 637 notariorum
1026 603 1122 637 susci-

383 655 540 697 tabantur,
555 656 639 700 quod
656 657 761 689 nullus
777 657 928 698 notarim,
943 668 1001 701 per
1017 668 1123 701 quam-

384 718 518 752 cumque
541 719 728 753 personam,
753 710 846 743 etiam
871 716 1035 754 praetextu
1061 721 1123 744 cu-

383 760 479 794 iusvis
508 762 684 804 facultatis,
716 763 809 796 etiam
842 773 878 796 ex
908 764 990 797 Urbe
1014 766 1123 797 nostra

384 824 561 857 concessae,
572 821 659 849 extra
669 817 842 850 Romanam
857 817 976 850 curiam
988 823 1122 859 creatus,

384 868 522 902 officium
546 870 720 903 notariatus
744 881 890 904 exercere
914 877 1039 915 posset,
1063 872 1121 904 nisi

384 923 511 965 praevio
536 924 681 967 rigoroso
698 925 840 958 examine
856 936 912 969 per
932 925 1122 968 gubernato-

383 985 451 1008 rem
476 981 529 1009 aut
553 974 752 1021 superiorem
777 978 838 1012 loci
855 989 926 1012 cum
945 979 1122 1012 interventu

383 1028 523 1064 advocati
541 1036 570 1064 et
586 1031 773 1065 archivistae
797 1032 990 1076 approbatus
1003 1033 1121 1073 fuisset,

384 1083 527 1117 statuerit
540 1089 570 1116 et
584 1083 784 1125 ordinaverit3
806 1085 1034 1127 gubernatores
1048 1095 1122 1118 vero

384 1135 554 1177 civitatum,
580 1137 722 1180 quinimo
746 1143 776 1170 et
799 1143 961 1181 praetores
978 1137 1122 1171 locorum

383 1188 488 1222 minus
499 1190 679 1233 insignium,
690 1191 782 1224 edicti
797 1191 977 1224 huiusmodi
989 1192 1050 1224 vim
1065 1191 1123 1224 hac

383 1242 416 1274 in
439 1246 527 1286 parte
551 1253 587 1276 ex
613 1243 731 1275 malitia
756 1243 805 1277 vel
828 1244 1025 1287 ignorantia,
1050 1244 1121 1278 licet

384 1295 506 1338 supina,
523 1296 627 1329 minus
646 1295 725 1329 bene
745 1297 965 1341 percipientes,
983 1308 1019 1330 ex
1037 1308 1123 1341 prae-

384 1347 488 1381 missis
504 1349 682 1383 facultatem
698 1350 824 1384 eosdem
842 1351 982 1384 notarios
996 1351 1121 1384 creandi

384 1401 443 1435 sibi
459 1402 641 1436 attributam
667 1403 762 1437 fuisse
786 1405 1066 1448 praesumpserint,
1087 1415 1123 1438 ac

384 1455 517 1499 proinde
538 1457 696 1500 ingentem
717 1458 925 1499 notariorum,
946 1459 1039 1491 etiam
1065 1458 1123 1491 im-

383 1509 558 1553 peritorum
588 1516 618 1543 et
646 1510 847 1554 ineptorum,
873 1522 1039 1545 numerum
1070 1517 1119 1545 te-

384 1573 471 1596 mere
487 1569 517 1597 et
534 1564 571 1597 de
588 1565 670 1598 sacto
688 1566 874 1606 creaverim,
892 1566 922 1598 in
942 1571 1069 1599 nostrae
1093 1571 1123 1598 et

385 1618 574 1660 apostolicae
598 1619 792 1652 auctoritatis
820 1619 1068 1663 praeiudicium,
1093 1625 1123 1652 et

385 1680 554 1713 gravamen
574 1672 837 1715 contrahentium,
857 1678 887 1705 ct
906 1673 1051 1713 aliorum,
1069 1673 1120 1716 qui

385 1723 535 1756 similium
560 1725 756 1758 notariorum
776 1727 873 1769 opera
898 1737 956 1769 pro
982 1731 1122 1770 tempore

383 1776 431 1809 usi
455 1777 577 1821 decepti
602 1784 836 1819 remanserunt,
861 1779 1027 1811 iacturam:

428 1830 443 1873 ξ
467 1830 496 1862 2.
517 1831 618 1870 Quare
642 1842 710 1872 nos,
727 1830 914 1864 temeritati¹
940 1832 1121 1866 huiusmodi

384 1893 563 1926 occurrere,
589 1884 768 1928 litibusque,
791 1885 967 1927 discordiis,
996 1886 1121 1929 praeiu-

383 1935 473 1969 diciis
497 1942 526 1969 et
551 1937 713 1978 scandalis,
734 1948 813 1981 quae
833 1938 943 1971 exinde
956 1939 1122 1982 provenire

384 1989 499 2032 solent,
525 1990 673 2032 obviare,
699 2001 734 2024 ac
767 1996 830 2024 tam
864 2002 922 2035 pro
953 1993 1123 2035 praeterito

384 2053 477 2087 quam
490 2045 652 2087 perpetuis
672 2045 785 2077 futuris
799 2045 994 2089 temporibus
1012 2056 1124 2090 oppor-

384 2100 460 2130 tuna
483 2099 610 2132 ratione·
627 2098 794 2142 providere
829 2099 989 2143 cupientes
1003 2127 1010 2140 ‚
1035 2106 1123 2133 motu

383 2152 526 2194 proprio,
550 2161 614 2185 non
631 2152 668 2184 ad
686 2152 816 2185 alicuius
843 2163 937 2196 super
954 2153 1015 2186 hoc
1031 2153 1122 2187 nobis

383 2204 506 2237 oblatae
530 2205 689 2248 petitionis
707 2205 894 2247 instantiam,
913 2206 967 2239 sed
982 2217 1019 2239 ex
1037 2209 1122 2240 certa

383 2258 492 2291 nostra
523 2258 673 2298 scientia,
699 2261 852 2302 meraque
876 2259 1121 2302 deliberatione,

383 2321 420 2344 ac
443 2311 482 2344 de
505 2311 694 2356 apostolicae
718 2312 881 2356 potestatis
906 2313 1121 2356 plenitudine,

383 2364 489 2398 habita
513 2365 606 2398 etiam
631 2376 649 2398 a
672 2366 831 2399 nonnullis
845 2366 953 2409 probis
970 2372 998 2399 et
1013 2367 1123 2410 peritis

385 2418 459 2451 viris
483 2428 540 2462 per
564 2429 621 2452 nos
646 2429 742 2463 super
766 2419 827 2453 hoc
858 2419 1013 2464 deputatis
1046 2430 1119 2453 sen-

384 2472 491 2513 tentia,
508 2473 682 2507 creationes
706 2475 913 2516 notariorum,
933 2485 990 2518 per
1010 2474 1124 2517 guber-

385 2528 510 2559 natores
539 2530 569 2560 et
591 2532 753 2570 praetores
777 2527 954 2572 praedictos
979 2533 1013 2560 ut
1037 2537 1124 2572 prae-

386 2578 484 2611 fertur
519 2580 639 2621 sactaS,
674 2581 776 2614 nullas
812 2587 842 2614 et
877 2581 1053 2621 invalidas,
1089 2592 1123 2614 ac

423 2642 434 2669 1
452 2640 522 2668 Edit.
538 2641 616 2670 Μαίη.
634 2643 697 2678 legit
713 2644 886 2673 temeritatis
900 2646 939 2678 (n.
952 2644 998 2678 r.)⁴

969 232 1149 262 BULLARIUM
1174 232 1330 258 Romnum

1910 233 1960 263 An.
1976 234 2005 264 C.
2023 234 2089 264 1631

1158 281 1286 314 nulliter
1309 285 1340 314 et
1363 284 1511 314 attentate
1536 281 1648 322 sactas;
1672 283 1819 327 ipsosque
1842 291 1895 317 no-

1158 335 1264 375 tarios,
1278 334 1331 367 tali
1348 339 1439 378 pacto
1457 340 1588 376 creatos,
1605 341 1768 379 praetextu
1784 346 1896 370 eorum

1159 388 1326 421 creationis
1343 387 1525 421 huiusmodi
1543 388 1631 422 nullo
1648 389 1742 422 modo
1757 390 1896 424 notarios

1158 451 1234 482 esse,
1259 451 1316 474 nec
1340 442 1482 485 reputari
1507 442 1634 482 debere,
1659 442 1830 494 apostolica
1846 453 1896 476 au-

1158 495 1312 536 ctoritate,
1329 500 1439 529 tenore
1456 495 1678 540 praesentium,
1697 495 1895 530 decernimus

1158 555 1187 582 et
1210 548 1416 592 declaramus.
1764 574 1767 576 .

1202 603 1216 646 g
1239 602 1268 636 3.
1295 603 1332 636 Et
1356 602 1579 644 nihilominus,
1603 603 1642 636 ad
1666 602 1893 636 consulendum
1924 617 2094 647 amusement

1158 656 1352 689 indemnitati
1372 656 1499 690 illorum
1523 657 1677 697 omnium,
1701 657 1754 701 qui
1779 657 1893 690 bonam
1909 648 2093 696 fgjgffiysssss

1157 709 1251 742 fidem
1276 709 1400 753 sequuti
1425 720 1534 743 eorum
1552 712 1650 753 opera
1668 715 1740 743 sunt
1754 710 1814 751 usi,
1831 721 1896 744 om·
1909 698 1978 753 '⁵¹33
1995 698 2094 743 εἷῗῖιηὲἶξ

1156 764 1208 796 nia
1231 769 1262 797 et
1285 764 1409 807 singula
1428 769 1622 804 testamenta,
1639 769 1703 797 tam
1723 763 1755 796 in
1771 763 1895 807 scriptis
1909 749 2093 805 {t‘cssllfliffffiffl

1157 828 1250 861 quam
1274 818 1496 862 nuncupativa,
1516 815 1688 858 codicillos,
1706 827 1829 851 necnon
1846 828 1896 850 cu·
1910 804 2094 858 ffl‘iissffiniefiiss

1157 871 1252 904 iusvis
1276 872 1401 914 generis
1425 876 1604 905 contractus
1624 876 1654 904 et
1677 871 1894 912 instrumenta,
1910 856 2095 913 ffflucg‘gugg'igj

1157 924 1279 967 aliaque
1303 930 1371 958 acta
1395 935 1451 968 per
1476 924 1594 957 similes
1610 924 1759 965 notarios,
1779 928 1842 956 tam
1857 922 1896 955 de
1911 911 2095 973 ssssnl¹¹3²0¹fflsslt³5

1157 977 1315 1020 praesenti
1347 977 1378 1010 in
1409 978 1473 1010 vita
1498 977 1674 1020 degentes,
1707 986 1800 1020 quam
1832 975 1895 1008 vit&
1910 963 2095 1020 affii'ixii'isstfe‘

1156 1031 1291 1072 functos,
1309 1042 1368 1075 pro
1384 1031 1532 1064 omnibus
1552 1036 1582 1064 et
1599 1030 1740 1074 singulis,
1758 1029 1896 1064 cuiusvis

1157 1084 1297 1126 ordinis,
1330 1090 1449 1125 status,
1479 1085 1595 1128 gradus
1626 1088 1656 1118 et
1686 1083 1894 1124 conditionis,

1157 1147 1193 1170 ac
1215 1137 1467 1182 quibuscumque
1492 1137 1632 1171 ecclesiis
1660 1140 1691 1171 et
1718 1136 1796 1170 locis
1819 1136 1895 1180 piis,

1157 1201 1211 1224 seu
1236 1191 1317 1225 inter
1341 1192 1412 1225 illos
1436 1197 1466 1225 et
1490 1192 1543 1224 illa
1567 1195 1677 1234 rogata
1701 1190 1846 1234 stipulata
1865 1195 1897 1224 et

1157 1244 1250 1285 sacta,
1276 1244 1370 1277 etiam
1395 1244 1561 1288 specialem
1587 1243 1820 1288 expressionem
1845 1253 1897 1276 re-

1158 1296 1371 1340 quirentibus,
1397 1297 1551 1341 personis,
1571 1297 1689 1330 eisdem
1711 1296 1896 1330 auctoritate

1157 1355 1187 1383 et
1212 1356 1321 1384 tenore
1345 1356 1500 1394 perpetuo
1525 1350 1749 1390 revalidamus;
1769 1359 1896 1383 omnes-

1157 1414 1218 1447 que
1235 1407 1265 1437 et
1284 1403 1425 1446 singulos
1442 1403 1602 1444 nullitatis‚
1619 1415 1656 1437 ex
1670 1403 1721 1437 tali
1739 1402 1897 1437 creatione

1157 1457 1316 1490 dumtaxat
1327 1448 1556 1501 provenientes,
1566 1458 1703 1491 desectus
1711 1457 1897 1500 (dummodo

1158 1516 1261 1544 tamen
1284 1511 1411 1544 nullitas
1428 1511 1596 1544 creationis
1613 1510 1793 1544 huiusmodi
1812 1520 1897 1544 acce-

1156 1571 1239 1609 ptata
1265 1566 1341 1598 etin
1357 1565 1506 1598 iudicium
1532 1564 1665 1598 deducta
1681 1564 1819 1597 nondum
1834 1564 1897 1597 sue-

1156 1619 1210 1662 rit)
1235 1629 1398 1659 sanamus3
1423 1617 1789 1662 ipsisque-testamentis
1814 1617 1896 1650 codi-

1157 1672 1257 1712 cillis,
1286 1672 1498 1705 contractibus
1535 1676 1566 1704 et
1595 1671 1672 1704 actis
1703 1670 1895 1713 (dummodo

1156 1725 1240 1758 aliud
1263 1736 1325 1758 non
1350 1725 1504 1768 obsistat)
1529 1725 1653 1768 plenam
1679 1729 1709 1757 et
1734 1724 1895 1757 indubiam

1156 1779 1249 1811 fidem
1276 1780 1308 1811 in
1333 1779 1448 1811 iudicio
1473 1784 1503 1811 et
1526 1784 1614 1811 extra
1638 1777 1726 1818 illud,
1741 1788 1776 1810 ac
1794 1777 1819 1810 si
1838 1787 1896 1821 pcr

1156 1832 1295 1865 notarios
1316 1832 1454 1874 legitime
1475 1835 1595 1865 creatos
1615 1834 1734 1873 rogata,
1751 1830 1895 1873 stipulata

1157 1891 1187 1918 et
1211 1885 1290 1917 sacta
1315 1885 1454 1925 fuissent,
1480 1884 1641 1924 adhiberi;
1667 1894 1769 1927 neque
1793 1883 1825 1916 in
1849 1883 1896 1916 iu-

1139 1935 1140 1939 ’
1156 1938 1238 1971 dicio
1258 1943 1310 1970 aut
1335 1943 1421 1970 extra
1445 1937 1522 1970 illud
1541 1937 1579 1970 de
1594 1936 1735 1970 nullitate
1755 1947 1791 1969 ex
1807 1946 1896 1979 prae-

1158 1992 1251 2024 missa
1275 1993 1368 2024 causa
1398 1992 1463 2024 ullo
1494 2001 1644 2034 umquam
1678 1995 1819 2033 tempore
1844 1995 1897 2022 aut

1156 2051 1247 2089 pacto
1272 2046 1373 2089 argui,
1391 2046 1452 2079 dici
1476 2045 1524 2079 vel
1549 2044 1665 2089 opponi
1688 2054 1790 2088 posse,
1806 2044 1896 2077 volu-

1157 2110 1226 2132 mus
1259 2103 1288 2133 et
1319 2091 1521 2138 mandamus3
1548 2108 1672 2131 necnon
1703 2097 1896 2130 sanationem

1157 2159 1186 2186 et
1210 2153 1467 2186 revalidationem
1492 2152 1679 2196 praedictas,
1702 2151 1733 2184 in
1757 2151 1898 2195 quolibet

1156 2206 1230 2240 dicti
1254 2207 1358 2240 Status
1383 2206 1591 2239 Ecclesiastici
1608 2206 1688 2247 loco,
1709 2216 1726 2237 a
1750 2205 1811 2245 die,
1832 2215 1897 2249 quo

1157 2260 1187 2292 in
1212 2260 1280 2304 ipso
1304 2260 1374 2292 loco
1404 2265 1585 2303 praesentes
1616 2264 1743 2292 nostrae
1773 2257 1897 2291 litterae

1157 2313 1251 2347 modo
1275 2324 1311 2347 ac
1335 2314 1437 2346 forma
1462 2313 1578 2346 ibidem
1604 2312 1722 2346 servari
1747 2311 1847 2345 solitis
1866 2316 1897 2345 et

1157 2367 1313 2400 consuetis
1336 2366 1513 2410 publicatae
1528 2366 1652 2408 suerint,
1669 2365 1814 2398 effectum
1831 2374 1897 2398 sor-

1156 2420 1218 2460 tiri;
1227 2424 1257 2454 et
1267 2419 1305 2452 de
1314 2420 1527 2464 publicatione
1540 2418 1719 2452 huiusmodi
1734 2417 1894 2462 publicum

1156 2473 1377 2506 documentum
1398 2474 1447 2515 (in
1467 2473 1556 2506 libris
1576 2472 1707 2506 archivii
1727 2470 1895 2504 cuiuslibet

1156 2527 1227 2567 loci,
1252 2526 1283 2559 in
1309 2538 1372 2570 quo
1388 2527 1469 2560 facta
1486 2526 1590 2567 suerit,
1610 2527 1672 2559 una
1691 2535 1763 2558 cum
1777 2523 1895 2556 eisdem

1157 2580 1373 2624 praesentibus
1386 2580 1601 2623 inserendum)
1615 2579 1683 2613 fieri
1697 2578 1821 2620 debere,
1839 2581 1913 2610 sta-·

1142 2634 1275 2672 tuimus
1301 2639 1329 2667 ct
1357 2634 1547 2668 ordinamus.
