2248 3229
268 236 448 265 An.c.1631
497 228 561 262 ‘2130

223 280 232 287 ⁴
466 286 607 319 omnium
637 290 759 317 tenores
787 284 1004 328 praesentibus
1030 295 1089 329 pro
1112 285 1204 328 plene

467 344 496 372 et
520 338 708 372 sufficienter
733 338 888 381 expressis
908 337 1068 378 habentes,
1089 338 1204 382 specia-

466 393 537 425 liter
562 397 591 424 et
618 402 765 435 expresse
792 391 1002 434 derogamus,
1029 392 1203 436 ceterisque

465 445 630 478 contrariis
654 446 912 489 quibuscumque.

510 500 525 540 Ξ
548 498 576 530 7.
605 499 756 532 Volumus
788 505 904 539 autem,
934 498 1019 543 duod
1048 509 1202 542 praesen-

466 550 541 583 tium
560 552 772 595 transumptis,
793 552 886 584 etiam
911 552 1083 595 impressis,
1110 562 1202 584 mauu

464 604 596 638 alicuius
620 606 734 639 notarii
759 606 876 649 publici
902 605 1098 650 subscriptis,
1116 610 1146 638 et
1167 605 1203 638 si-

464 658 539 700 gillo
564 669 717 702 personae
750 659 781 692 in
805 659 956 702 dignitate
993 659 1203 693 ecelesiastica

464 712 650 746 constitutae
675 712 820 753 munitis,
845 712 955 746 eadem
978 723 1109 757 prorsus
1132 712 1202 745 ubi-

464 775 524 808 que
548 765 626 799 sides
650 765 857 807 adhibeatur,
883 776 962 810 quae
985 766 1203 810 praesentibus

463 818 540 862 ipsis
565 819 779 861 adhiberetur,
804 820 829 853 si
853 820 956 853 forent
980 819 1135 854 exhibitae
1155 820 1202 853 vel

464 877 628 913 ostensae,
646 873 793 917 quodque
811 873 938 906 eaedem
956 877 1137 917 praesentes
1157 872 1204 905 lit-

464 929 558 966 terae,
573 926 636 959 sive
656 926 780 959 illarum
797 927 941 971 exempla
963 926 1002 959 ad
1026 927 1130 960 valvas
1153 926 1203 959 ba-

464 977 623 1012 silicarum
648 980 881 1023 praedictarum
902 984 934 1012 et
952 979 984 1012 in
1008 979 1074 1013 acie
1093 979 1202 1023 Campi

463 1032 575 1066 Florae
595 1033 775 1066 huiusmodi
800 1033 944 1066 similiter
962 1033 1061 1076 affixa,
1082 1043 1202 1075 omnes,

463 1096 541 1129 quos
567 1092 769 1128 concernunt,
791 1087 922 1130 perinde
947 1092 1069 1119 arerent
1093 1092 1122 1119 ct
1142 1086 1204 1119 affi-

463 1139 556 1180 ciant,
585 1150 620 1172 ac
649 1140 673 1172 si
702 1140 871 1183 unicuique
900 1140 1107 1184 personaliter
1132 1139 1203 1172 inti-

463 1198 546 1225 mata
570 1194 709 1226 fuissent.

505 1245 617 1278 Datum
633 1246 760 1285 Romae,
778 1246 858 1289 apud
877 1248 905 1279 S.
924 1247 1060 1288 Petrum,
1076 1246 1133 1279 sul)
1150 1256 1203 1278 an-

461 1299 535 1331 nulo
551 1299 727 1339 Piscatoris,
741 1299 790 1331 die
806 1310 845 1332 xx
860 1300 1038 1332 decembris
1053 1309 1203 1340 arnexxm,

462 1353 662 1396 pontificatus
685 1354 783 1387 nostri
809 1363 890 1385 auno
917 1364 958 1386 ix.

497 1414 555 1442 Dat.
573 1415 616 1443 die
631 1416 666 1443 ΞΟ
682 1415 834 1443 decembris
852 1416 929 1449 1631,
947 1415 1042 1451 pontif.
1061 1423 1130 1443 anno
1146 1422 1183 1442 ix.

307 512 450 537 'transumptis

268 538 325 559 credi
341 539 432 559 munitat.

289 1522 407 1544 publicatio
426 1522 445 1544 in

262 1550 319 1571 eum
506 1514 566 1547 Die
582 1518 610 1547 el
628 1524 713 1546 (111110
731 1514 917 1557 supradicto
935 1513 1037 1557 asfioea
1053 1519 1080 1547 el
1095 1514 1201 1557 publi-

462 1572 534 1600 cala
557 1568 621 1610 ficit
638 1568 681 1600 ad
698 1568 807 1601 valvas
832 1568 1041 1601 basilicarum
1057 1568 1087 1601 S.
1106 1568 1202 1601 Ioan-

460 1621 513 1653 m's
530 1620 770 1662 Lateraneusis,
795 1625 822 1653 et
847 1621 1017 1664 Principis
1032 1621 1057 1654 A
1062 1620 1202 1664 postolo-

460 1685 546 1714 rum,
570 1685 605 1707 ac
629 1676 666 1707 in
685 1676 753 1708 acie
777 1675 892 1718 Campi
911 1675 1039 1712 Florae,
1061 1674 1202 1718 aliisque

462 1728 537 1760 locis
562 1728 667 1760 solcas
691 1733 720 1761 ct
744 1729 922 1768 consuetis,
950 1731 986 1760 ul
1012 1727 1110 1760 moris
1137 1731 1200 1766 est,

458 1791 516 1823 per
535 1792 584 1813 me
598 1772 776 1814 Andream'
790 1780 1011 1823 Scalmanum,
1030 1780 1084 1814 SS.
1107 1780 1143 1813 D,
1161 1779 1200 1813 N.

460 1835 571 1878 Papae
596 1846 768 1869 cursorem.

756 1964 906 1997 CDXXIV.

466 2035 645 2069 Declarcztio
677 2045 773 2079 super
801 2035 1024 2068 nominatione
1054 2032 1202 2066 izccli'cum

503 2100 563 2133 pro
588 2090 770 2132 coynitione
788 2094 964 2121 cansarum
980 2088 1066 2120 inter
1082 2086 1203 2119 archic-

503 2142 673 2186 piscopum
698 2142 903 2175 Elborensem
931 2145 958 2173 ct
986 2139 1123 2173 Ordines
1139 2140 1202 2172 mi—

507 2194 618 2226 litares
644 2193 872 2238 Porluyalliae
896 2193 1089 2226 vertentium
1105 2191 1123 2225 ¹.

463 2266 642 2294 Charissimo
662 2266 693 2293 in
713 2266 828 2293 christo
848 2266 909 2293 filio
930 2269 1032 2293 nostro
1052 2264 1201 2298 Philippo,

499 2311 700 2346 Portuqalliae
713 2314 743 2338 et
753 2311 958 2345 Alqarhiorum
968 2310 1031 2345 regi
1043 2308 1201 2340 catholico,

672 2360 806 2386 Urbanus
826 2360 900 2392 Papa
920 2359 997 2386 V111.

552 2414 732 2442 charissime
749 2413 779 2440 in
801 2413 917 2440 Christo
937 2413 980 2439 fili
1000 2414 1114 2444 noster,

499 2460 628 2486 salutem
648 2462 678 2486 et
698 2459 893 2492 apostolicam
919 2457 1166 2485 benedictionem.

298 2538 400 2559 Reconset
415 2536 448 2557 lit-

263 2566 320 2586 teras
330 2566 381 2586 alias
393 2570 447 2585 eiua-

264 2594 333 2614 natas,

508 2530 521 2573 ἓ
548 2530 576 2563 l.
602 2531 684 2563 Alias
708 2541 725 2562 a
749 2529 839 2563 nobis
872 2534 1057 2562 emanarunt
1082 2528 1203 2561 litterae

503 2648 511 2674 t
535 2647 572 2675 Ex
592 2646 699 2683 Regest.
721 2647 747 2674 in
767 2647 867 2675 Secret.
885 2646 963 2674 Brev.

1022 237 1201 261 BULLARIUM
1225 236 1380 262 ROMANUM

1987 238 2041 266 An.
2058 238 2086 267 C.
2102 238 2168 268 1631

1238 285 1286 326 tis,
1314 285 1457 318 videlicet
1487 295 1506 318 a
1533 289 1638 328 tergo:
1671 286 1881 327 Charissimo‚
1905 290 1974 327 etc„

1237 339 1295 372 sub
1320 339 1380 372 dat.
1406 348 1481 372 xxV1
1509 338 1583 371 maii
1614 349 1765 374 uncxxvi.
1790 340 1975 384 -(Τ61101·

1238 397 1347 426 01116111
1381 393 1530 436 ipsarum
1566 393 1753 436 litterarum
1786 395 1970 434 omittitur,

1237 446 1317 489 quia
1333 447 1407 489 giam
1430 451 1506 480 sunt
1529 457 1586 479 suo
1610 446 1725 480 ordine
1736 445 1773 490 ¹).

1280 500 1294 542 ξ
1319 498 1348 531 ⁶2.
1373 499 1449 532 Cum
1473 505 1588 542 autem,
1605 500 1686 533 sicut
1709 499 1879 534 maiestatis
1903 505 1993 543 tuae·
2014 513 2172 543 nub-iumqan,

1236 552 1362 586 nomine
1386 553 1478 586 nobis
1500 563 1601 597 nuper
1626 553 1802 597 expositum
1826 553 1902 596 suit,
1926 540 2174 598 ea-Qii‘ssiiiissiiiffiff

1236 605 1306 638 dem
1332 606 1477 639 maiestas
1499 612 1551 639 tua
1567 608 1676 649 vigore
1692 606 1868 639 litterarum
1886 594 2173 650 p1·ae-{2Lii's'ifii'ii'e⁴³ibiss]

1237 659 1424 693 insertarum
1448 670 1501 693 sex
1533 660 1765 694 commissarios
1793 659 1974 693 huiusmodi
1989 648 2173 703 ἷέζοῖἶὲζέῗιῗὲἶ

1236 712 1465 755 nominaverit,
1491 723 1527 746 ex
1552 713 1667 756 quibus
1698 713 1799 746 dictus
1823 705 2075 756 archiepi-Wffl·

1236 777 1351 810 reopus
1383 770 1446 800 tres
1478 766 1650 809 recusavit,
1675 766 1788 810 reliqui
1812 776 1886 799 vero
1911 771 1974 799 tres

1237 820 1424 863 cognitioni²
1437 830 1604 853 causarum
1618 824 1648 853 et
1660 819 1908 853 differentiarum
1920 819 1975 852 hu-

1236 873 1372 907 iusmodi
1396 876 1514 915 vacent,
1538 883 1555 906 a
1579 872 1738 906 nonnullis
1761 877 1866 906 autem
1889 872 1976 905 dubi-

1237 932 1328 968 tetur,
1354 937 1409 967 an,
1435 926 1597 960 deficiente
1622 926 1670 960 vel
1693 925 1845 970 impedito
1869 925 1975 970 aliquo

1237 990 1273 1012 ex
1295 979 1394 1013 tribus
1418 979 1574 1013 iudicibus
1593 990 1649 1013 seu
1676 979 1900 1013 commissariis
1919 979 1976 1011 hu-

1236 1033 1383 1074 iusmodi,
1404 1034 1549 1067 maiestas
1573 1039 1626 1067 tua
1650 1033 1756 1074 aliurn,
1773 1033 1843 1066 loco
1863 1032 1975 1065 iudicis

1237 1097 1291 1119 seu
1306 1087 1514 1120 commissarii
1531 1087 1711 1120 huiusmodi
1736 1086 1910 1120 deficientis
1926 1085 1974 1119 vel

1237 1140 1399 1184 impediti,
1423 1141 1588 1174 nominare
1613 1133 1776 1184 possifflt
1805 1144 1975 1184 propterea

1238 1198 1299 1226 tam
1330 1194 1474 1227 maiestas
1507 1198 1557 1227 tua
1592 1204 1686 1237 quam
1717 1193 1976 1237 archiepiscopus

1237 1246 1415 1289 praedictus
1428 1247 1557 1279 dubium
1575 1247 1755 1280 huiusmodi
1780 1251 1975 1290 opportunae

1237 1299 1456 1332 declarationis
1475 1304 1600 1333 nostrae
1626 1299 1799 1332 ministerio
1816 1299 1854 1332 de
1871 1299 1975 1332 medio

1237 1353 1393 1385 removeri
1417 1352 1613 1386 desiderent:

1281 1406 1296 1448 ἓ
1308 1405 1337 1439 3.
1348 1407 1420 1447 Nos,
1431 1416 1556 1439 omnem
1567 1406 1729 1439 dubitandi
1742 1406 1905 1440 materiam
1919 1405 1975 1439 tol·
2005 1416 2133 1447 ιΝηιηεηῃιῑᾳ
2142 1418 2173 1437 111-

1236 1458 1311 1499 lere,
1329 1470 1364 1492 ae
1377 1469 1416 1492 ne
1436 1470 1600 1492 causarum
1619 1459 1799 1493 huiusmodi
1816 1458 1974 1502 expeditio
1988 1443 2172 1495 ῗὲζὲἷῖωωέἵηᾶῗῖο

1236 1518 1405 1557 propterea
1434 1512 1598 1547 differatur
1621 1512 1789 1557 providere
1820 1512 1973 1551 volentos,

1236 1566 1518 1610 supplicationibus
1531 1572 1593 1600 tam
1612 1566 1782 1599 maiestatis
1795 1571 1866 1599 tuae
1879 1576 1974 1609 quain

1236 1620 1309 1654 dicti
1334 1620 1564 1664 archiepiscopi
1577 1619 1757 1653 nominibus
1771 1619 1862 1652 nohis
1879 1629 1974 1662 super

1236 1674 1295 1706 hoc
1309 1673 1472 1705 humiliter
1486 1672 1641 1716 porrectis
1655 1671 1806 1712 inclinati,
1817 1671 1902 1715 quod
1913 1668 1976 1704 nia-

1236 1726 1329 1758 iestas
1345 1730 1406 1765 tua,
1422 1726 1453 1758 in
1469 1726 1574 1758 locum
1592 1725 1760 1758 cuiuslibet
1776 1735 1813 1757 ex
1828 1724 1918 1758 dictis
1932 1725 1975 1757 iu·

1235 1778 1356 1812 dieibus
1377 1789 1431 1812 seu
1445 1778 1671 1812 commissariis
1687 1789 1746 1822 pro
1768 1783 1910 1822 tempore
1923 1778 1974 1811 dc-

1236 1832 1369 1866 ficientis
1400 1843 1455 1866 seu
1484 1832 1648 1876 impediti,
1672 1832 1751 1865 duos
1782 1831 1860 1865 alios
1889 1831 1975 1866 iuxta

1236 1886 1368 1918 sormam
1387 1886 1653 1929 praeinsertarum
1666 1885 1842 1919 litterarum
1856 1884 1975 1928 qualifi-

1237 1946 1332 1978 catos,
1345 1949 1481 1982 quorum
1495 1948 1592 1971 unum
1607 1938 1707 1971 dictus
1719 1937 1974 1981 archiepiscopus

1236 1998 1415 2037 suspectum
1441 1992 1578 2035 allegare
1601 1992 1708 2036 possit,
1724 1992 1802 2024 alter
1827 2001 1901 2024 vero
1921 2001 1974 2024 co-
2022 1998 2029 2003 ·

1236 2046 1368 2089 gnitioni
1382 2046 1536 2079 dictarum
1552 2055 1718 2078 causarum
1739 2045 1824 2078 iuxta
1840 2045 1973 2077 sormam

1236 2099 1391 2132 dictarum
1416 2098 1592 2131 litterarum
1617 2098 1795 2138 incumbat,
1820 2097 1861 2131 ita
1890 2096 1974 2140 quod

1237 2152 1370 2195 amplius
1394 2151 1534 2184 recusari
1558 2156 1702 2194 nequeat,
1719 2150 1774 2184 sed
1790 2150 1887 2183 dietas
1905 2161 1976 2183 cau-

1237 2216 1286 2238 sas
1304 2216 1373 2238 cum
1398 2205 1465 2238 aliis
1489 2204 1645 2245 iudicibus
1670 2215 1725 2238 seu
1749 2204 1974 2238 commissariis

1237 2265 1426 2302 cognoscat,
1451 2264 1481 2292 et
1505 2258 1590 2291 iuxta
1617 2258 1884 2302 praeinsertarum
1918 2257 1975 2291 lit-

1238 2318 1375 2346 terarum
1408 2313 1542 2346 sormam
1576 2317 1606 2344 et
1637 2317 1778 2345 tenorem
1811 2310 1973 2351 terminet,

1237 2366 1356 2399 etiamsi
1381 2371 1480 2399 cesset
1504 2365 1764 2409 impedimentum
1789 2363 1917 2405 iudicis,
1942 2363 1974 2397 in

1237 2420 1326 2453 euius
1350 2420 1455 2453 locum
1480 2419 1659 2452 nominatus
1682 2419 1797 2459 suerit,
1826 2417 1974 2462 quodque

1237 2473 1390 2516 similiter,
1408 2472 1626 2506 deficientibus
1642 2483 1698 2506 seu
1717 2471 1876 2516 impeditis
1900 2470 1974 2504 duo-

1271 2553 1284 2579 1
1304 2552 1404 2588 Nempe
1418 2561 1464 2580 eas
1479 2552 1538 2580 vide
1558 2553 1585 2580 in
1604 2556 1668 2581 tom.
1689 2558 1746 2585 xm,
1767 2558 1826 2587 pag.
1845 2550 1906 2586 450,
1926 2549 1974 2578 sed

464 2584 616 2617 maiestati
637 2590 708 2617 tuae
726 2584 862 2617 directae
881 2583 997 2616 tenoris
1015 2582 1204 2626 subsequen·
1237 2597 1273 2624 ibi
1289 2602 1349 2624 sunt
1365 2598 1414 2625 suh
1430 2598 1522 2625 datum
1538 2597 1665 2626 ,1⁷er
1677 2596 1752 2624 maii
1766 2597 1803 2631 (n.
1818 2596 1866 2630 1.).

1271 2642 1286 2668 :²
1302 2641 1371 2671 Edit.
1387 2641 1467 2670 Main.
1483 2641 1547 2677 legit
1561 2641 1732 2677 coqnitionis
1745 2641 1783 2676 (R.
1799 2639 1848 2675 Τ,).
