2248 3229
0 561 33 1198 -W

0 1598 31 1887 φακὴ..-
0 1239 23 1586 ΜΛ

138 239 190 267 An.
203 237 234 265 C.
256 236 324 266 1638

946 235 1089 260 URBANUS
1113 235 1162 260 PP.
1187 235 1244 260 vm

337 284 420 330 plius
443 284 622 318 consultum
640 293 708 318 esse
725 283 898 329 cupientes,
915 283 1082 328 ipsumque

337 343 577 383 procuratorem
601 338 784 381 generalem
812 338 1004 383 specialibus
1030 339 1078 371 t'a-

339 391 467 426 voribus
491 396 522 424 et
546 391 656 435 gratiis
676 391 826 435 prosequi
844 391 1045 432 i·olentes,·et
1064 400 1081 425 a

338 445 500 489 quibusvis
512 445 857 485 excommunicationis,
867 445 1083 489 suspensionis

338 503 369 531 et
392 497 570 540 interdicti,
602 498 734 542 aliisque
767 497 988 532 ecclesiasticis
1011 507 1082 530 sen-

339 551 456 594 tentiis,
481 551 623 585 censuris
647 556 678 584 et
702 551 823 596 poenis,
847 561 865 584 a
889 550 958 584 iure
973 551 1021 584 vel
1043 550 1082 584 ab

338 605 477 648 homine,
498 605 608 649 quavis
628 605 793 639 occasione
817 605 865 639 vel
886 607 980 638 causa
1002 605 1081 645 latis,

337 659 363 693 si
387 659 502 703 quibus
525 659 764 703 quomodolibet
780 658 948 693 innodatus
968 658 1080 700 existit,

337 713 375 746 ad
401 712 548 746 effectum
573 713 788 757 praesentium
820 711 981 745 dumtaxat
1005 721 1079 746 con-

336 765 553 811 sequendum,
578 766 691 799 harum
716 766 798 800 serie
825 765 1023 799 absolventes
1051 771 1081 798 et

336 820 517 854 absolutum
531 820 598 854 sore
611 824 783 862 censentes,
797 818 1080 864 supplicationibus

337 873 422 907 illius
445 872 574 907 nomine
598 873 690 907 nobis
714 883 810 918 super
833 872 894 906 hoc
918 871 1080 906 humiliter

337 927 493 972 porrectis
524 927 688 968 inclinati,
719 927 932 971 praeinsertas
960 926 1079 959 litteras

335 981 410 1014 dicti
435 980 581 1024 Gregorii
604 979 867 1024 praedecessoris,
885 989 956 1013 cum
977 979 1079 1012 omni-

335 1035 394 1069 bus
411 1039 442 1068 et
461 1033 594 1078 singulis
614 1034 646 1067 in
665 1033 710 1067 eis
727 1033 892 1074 contentis,
906 1033 1078 1077 apostoliea

336 1087 533 1128 auctoritate,
545 1092 655 1120 tenore
668 1085 896 1130 praesentium,
909 1085 1078 1120 confirma-

335 1151 406 1175 mus
430 1146 461 1174 et
484 1140 713 1185 approbamuS,
737 1149 785 1181 ac,
811 1144 966 1184 quatenus
997 1150 1078 1184 opus

334 1195 384 1236 sit,
409 1195 614 1235 innovamus,
638 1204 762 1228 necnon
787 1193 934 1228 omnibus
958 1198 989 1226 et
1015 1193 1078 1227 sin-

334 1249 417 1292 gulis
440 1258 717 1292 quorumcumque
741 1248 1006 1282 monasteriorum
1025 1247 1075 1280 di-

334 1308 402 1337 ctae
421 1302 680 1346 Congregationis
703 1301 869 1334 abbatibus
889 1306 919 1335 et
938 1301 1079 1345 superio-

335 1356 422 1390 ribus
445 1355 687 1400 quomodolibet
710 1355 916 1400 nuncupatis,
942 1365 1025 1388 nunc
1049 1359 1079 1390 et

335 1420 395 1454 pro
421 1415 566 1453 tempore
590 1408 807 1451 existentibus,
826 1409 856 1441 in
877 1408 991 1443 virtute
1012 1418 1079 1441 san-

334 1468 401 1496 ctae
425 1462 622 1497 obedientiae
642 1472 678 1496 ac
698 1463 757 1496 sub
777 1462 1078 1496 excommunicatio-

333 1517 381 1550 nis
404 1517 484 1550 latae
509 1516 680 1551 sententiae
697 1518 798 1560 poena
816 1516 1031 1561 praecipimus
1048 1522 1077 1549 et

334 1570 540 1613 mandamus,
565 1580 605 1603 ne
628 1569 667 1603 ad
692 1570 887 1612 instantiam,
913 1580 1022 1614 preces
1047 1573 1077 1604 et

333 1623 571 1668 requisitionem
583 1633 857 1668 quarumcumque
868 1633 1075 1667 personarum

334 1683 396 1711 tam
410 1677 562 1711 laicarum
577 1688 671 1721 quam
689 1677 973 1711 ecclesiasticarum
988 1683 1076 1711 extra

333 1731 491 1775 gremium
511 1731 613 1764 dictae
629 1731 890 1775 Congrcgationis
907 1731 1076 1764 consisten-

334 1785 422 1826 tium,
447 1785 540 1818 etiam
566 1784 778 1819 cardinalatus
803 1785 925 1819 honore
949 1790 980 1818 et
1003 1795 1076 1829 qua-

334 1848 470 1882 cumque
499 1838 634 1871 seculari
663 1838 816 1881 dignitate
839 1843 870 1872 ct
891 1838 1075 1871 excellentia

333 1892 428 1926 etiam
452 1892 565 1934 ducali,
580 1892 689 1935 regali,
702 1892 858 1936 imperiali
876 1892 1074 1935 fulgentium,

333 1946 461 1990 quosvis
471 1945 572 1978 dictae
583 1945 842 1989 Congregationis
854 1946 1026 1979 monachos
1036 1945 1074 1978 ad

333 2001 470 2034 cuiusvis
495 1999 630 2043 generis.
643 1999 805 2041 rectorias,
823 1998 1002 2039 vicariatus,
1026 1998 1076 2031 ad-

334 2054 580 2088 ministrationes
605 2058 636 2086 ct
651 2053 754 2086 officia
771 2062 998 2096 quaecumque,
1013 2057 1074 2085 tam

333 2108 508 2153 spiritualia
527 2118 622 2152 quam
648 2107 852 2151 temporalia,
877 2106 1075 2155 sipgulorum

335 2163 600 2196 monasteriorum
619 2161 771 2204 deputare
784 2165 997 2204 praesumant,
1010 2170 1076 2194 eos-

333 2215 470 2260 demque
493 2215 594 2248 dictac
611 2213 871 2257 Congrcgationis
893 2214 1076 2254 monachos,

333 2269 562 2312 cuiuscumque
585 2267 706 2308 aetatis,
729 2267 857 2311 gradus,
877 2266 1076 2308 conditionis,

334 2322 600 2368 praeeminentiae
621 2327 650 2355 et
671 2321 866 2355 litteraturae
886 2321 1028 2363 existant,
1047 2327 1077 2355 et

333 2386 537 2422 quacumque
567 2375 718 2419 dignitate
751 2375 991 2419 praefulgeant,
1021 2375 1074 2420 qui

335 2437 397 2464 tam
423 2430 461 2463 ad
484 2430 692 2474 praelaturas,
715 2429 891 2472 dignitates,
913 2428 1030 2472 gradus
1046 2435 1076 2462 ct

334 2485 394 2518 alia
426 2484 528 2518 officia
553 2493 571 2516 a
594 2483 743 2527 praelatis
767 2494 825 2527 pro
850 2488 994 2527 tempore
1019 2493 1072 2516 re-

334 2537 446 2583 gimini
466 2537 567 2571 dictae
583 2536 842 2580 Congrcgationis
859 2536 1015 2581 deputatis
1032 2547 1077 2570 as-

335 2591 509 2636 sequenda,
533 2601 626 2635 quam
651 2590 746 2624 etiam
770 2590 808 2623 ad
833 2590 1006 2633 rectorias,
1031 2590 1076 2623 vi-

335 2645 490 2686 cariatus,
522 2643 808 2678 administrationes
831 2649 863 2677 et
886 2644 946 2677 alia
974 2643 1077 2677 officia

417 2708 496 2736 Butt.
516 2708 600 2736 Rom.
621 2722 655 2727 —
680 2707 736 2736 Vol.
758 2708 834 2735 XIV.
979 2708 1014 2735 82

1119 294 1352 329 quaecumque,
1377 289 1440 318 tam
1464 285 1641 330 spiritualia
1661 296 1755 330 quam
1780 291 1860 321 tcm-

1118 338 1257 382 poralia,
1278 349 1295 372 a
1319 339 1468 383 praelatis
1496 344 1526 373 ct
1556 340 1773 384 superioribus
1798 341 1860 374 sin-

1117 392 1264 434 gulorum
1289 393 1554 426 monasteriorum
1580 393 1794 438 impetranda,
1820 395 1858 427 ad

1115 444 1347 487 praedictarum
1379 456 1587 489 personarum
1617 447 1796 491 principum
1829 452 1859 480 et

1116 498 1331 540 praelatorum
1355 498 1393 531 dc
1418 500 1540 541 gremio
1560 499 1661 534 dictae
1677 501 1856 544 Congrega-

1117 551 1209 584 tionis
1226 561 1288 584 non
1306 551 1504 586 existentium
1522 554 1653 594 favores,
1671 564 1729 598 per
1746 565 1789 595 se,
1807 555 1856 588 vel

1115 603 1334 648 interpositam
1358 615 1537 649 personam,
1562 606 1681 640 directe
1706 608 1753 640 vel
1780 608 1858 641 indi-

1115 663 1210 699 recte,
1236 659 1358 692 occulte
1383 659 1430 692 vcl
1456 660 1579 703 palam,
1603 665 1654 694 aut
1680 661 1755 693 alias
1779 672 1858 705 quo-

1115 711 1289 745 modolibet
1305 713 1510 753 recurrerint,
1527 714 1574 746 vel
1592 713 1630 746 ad
1651 715 1857 758 praelaturas,

1114 764 1291 808 dignitates,
1316 766 1602 801 administrationes
1619 773 1649 801 et
1673 769 1733 801 alia
1752 769 1858 803 liuius-

1115 818 1200 851 modi
1224 818 1325 852 dictae
1349 820 1609 863 Congregationis
1637 827 1668 854 ct
1696 827 1856 856 monaste-

1113 871 1235 905 riorum
1255 872 1357 905 officia
1370 873 1590 916 aspiraverint,
1604 875 1651 907 vel
1667 874 1736 908 aliis
1751 875 1856 909 minus

1114 925 1264 969 legitimis
1289 931 1319 959 et
1342 926 1483 960 honestis
1508 927 1684 961 rationibus
1708 939 1743 962 ca
1768 929 1853 963 obti-

1112 988 1189 1011 nere
1213 979 1316 1012 conati
1342 980 1468 1020 suerint,
1485 980 1661 1023 praedictas
1679 991 1858 1015 excommu-

1112 1031 1278 1065 nicationis
1302 1032 1382 1065 latae
1407 1033 1578 1066 sententiae
1606 1034 1746 1078 aliasque
1772 1035 1857 1068 inha-

1112 1085 1244 1118 bilitatis
1269 1090 1299 1118 et
1323 1086 1510 1130 privationis
1534 1096 1662 1130 poenas,
1684 1087 1715 1120 in
1731 1089 1856 1132 praein-

1112 1139 1204 1172 sertis
1219 1139 1364 1182 Gregorii
1385 1139 1641 1183 praedecessoris
1655 1140 1767 1174 litteris
1784 1152 1855 1175 con-

1113 1197 1160 1225 tra
1184 1192 1299 1226 similia
1322 1196 1542 1237 perpetrantes
1566 1194 1791 1235 comminatas,
1815 1206 1853 1229 eo

1113 1245 1181 1289 ipso
1212 1246 1377 1279 incurrere
1401 1251 1431 1279 et
1455 1246 1626 1281 incurrisse
1655 1247 1856 1282 decernimus

1112 1304 1142 1332 ct
1165 1299 1373 1333 declaramus.

1157 1354 1172 1397 g
1196 1353 1225 1386 4.
1251 1354 1319 1387 Non
1343 1354 1540 1388 obstantibus
1565 1355 1713 1389 omnibus
1737 1361 1767 1389 ct
1792 1356 1856 1389 sin-

1112 1407 1215 1450 gulis,
1241 1418 1320 1451 quae
1345 1407 1376 1440 in
1401 1408 1606 1452 praeinsertis
1636 1409 1748 1445 litteris
1774 1410 1856 1443 idem

1111 1460 1283 1503 Gregorius
1297 1460 1523 1504 praedecessor
1538 1462 1635 1495 voluit
1646 1469 1710 1496 nou
1720 1463 1856 1506 obstare,

1111 1515 1286 1557 ceterisque
1299 1515 1466 1548 contrariis
1478 1515 1743 1559 quibuscumque.
1756 1517 1793 1550 Ut
1806 1527 1858 1550 au-

1111 1572 1172 1600 tem
1198 1568 1311 1600 liarum
1335 1568 1513 1601 litterarum
1540 1574 1721 1602 nostrarum
1745 1570 1855 1605 notitia

1109 1622 1148 1654 ad
1172 1632 1282 1655 omnes
1306 1622 1574 1655 monasteriorum
1594 1623 1695 1658 dictae
1715 1624 1854 1667 Congre-

1110 1675 1244 1718 gationis
1269 1675 1408 1717 abbates,
1434 1677 1615 1720 superiores
1632 1683 1663 1710 ct
1682 1679 1854 1712 monachos

1111 1730 1232 1762 facilius
1247 1730 1402 1770 deveniat,
1415 1730 1563 1763 volumus
1579 1730 1648 1763 illas
1666 1731 1697 1763 in
1714 1733 1854 1775 generali

1110 1783 1212 1816 dictae
1224 1783 1485 1826 Congregationis
1497 1784 1633 1828 capitulo
1645 1785 1770 1828 singulo
1781 1797 1855 1829 quo-

1109 1847 1170 1881 que
1193 1847 1275 1871 anno
1299 1837 1425 1881 publice
1450 1837 1531 1880 legi,
1556 1838 1690 1882 illasque
1714 1839 1746 1872 in
1770 1839 1855 1873 dicto

1109 1891 1246 1935 capitulo
1271 1891 1367 1924 lectas
1391 1891 1435 1924 sic
1461 1897 1584 1924 arctare
1607 1902 1643 1925 ac
1666 1892 1692 1925 si
1714 1893 1854 1935 legitime

1109 1945 1280 1990 unicuique
1303 1946 1514 1990 personaliter
1534 1946 1695 1980 intimatae
1713 1947 1854 1989 fuissent,

1110 1998 1299 2042 illarumque
1312 1999 1466 2042 exemplis
1483 1999 1656 2043 impressis,
1670 2010 1765 2032 manu
1781 2001 1855 2033 scri-

1109 2051 1166 2084 bac
1190 2051 1266 2085 dicti
1291 2051 1419 2095 capituli
1436 2052 1484 2084 vel
1502 2052 1616 2086 notarii
1641 2053 1759 2096 publici
1785 2053 1854 2086 sub-

1110 2105 1245 2149 scriptis,
1261 2111 1291 2138 et
1311 2105 1415 2148 sigillo
1432 2105 1641 2149 praesidentis
1659 2106 1758 2150 ipsius
1779 2107 1855 2140 Con-

1110 2159 1303 2202 gregationis
1332 2158 1380 2191 vel
1409 2158 1538 2191 alterius
1570 2159 1602 2191 in
1626 2159 1778 2202 dignitate
1802 2171 1852 2193 ec-

1110 2211 1284 2245 clesiastica
1324 2211 1484 2245 constituti
1523 2212 1672 2254 munitis,
1709 2213 1853 2246 eamdem

1110 2275 1243 2308 prorsus
1260 2264 1353 2297 fidem
1371 2264 1525 2305 adbiberi,
1541 2275 1621 2308 quae
1635 2265 1853 2309 praesentibus

1110 2319 1325 2360 adhiberetur,
1345 2318 1370 2351 si
1388 2318 1489 2352 forent
1514 2319 1670 2352 exhibitae
1688 2319 1735 2352 vel
1752 2324 1853 2353 osten-

1110 2383 1170 2406 sae.

1152 2427 1264 2461 Datum
1290 2428 1419 2467 Romae,
1445 2427 1529 2471 apud
1554 2426 1583 2460 S.
1602 2427 1732 2460 Mariam
1757 2427 1852 2461 Maio-

1110 2493 1194 2523 rem,
1217 2481 1276 2513 sub
1303 2481 1418 2513 annulo
1444 2481 1625 2521 l'iscatoris,
1655 2481 1703 2514 die
1725 2491 1758 2516 Χι
1777 2481 1851 2515 maii

1110 2545 1309 2577 ›iocxxxv111,
1326 2533 1529 2579 pontificatus
1545 2534 1645 2568 nostri
1663 2544 1744 2568 anno
1762 2545 1812 2569 xv.

1146 2600 1206 2627 Dat.
1228 2598 1272 2626 die
1293 2598 1322 2626 1¹
1344 2596 1408 2624 maii
1429 2596 1507 2630 1638,
1528 2596 1622 2631 pontis.
1641 2605 1711 2625 anno
1726 2604 1772 2625 xv.

1765 228 1828 264 649
1874 240 1924 268 An.
1939 240 1968 268 C.
1988 240 2058 269 1638
