2248 3229
32 227 81 255 An.
103 227 132 254 C.
153 226 218 255 ¹637

98 609 215 629 Contra-ts

31 635 127 662 dorent.

59 1354 147 1376 Noun.

842 226 984 250 suffixus
1009 226 1064 249 Vlll
1091 227 1138 250 ΓΡ,

230 274 314 320 quod
339 284 402 308 non
427 275 524 308 fueris
549 279 642 319 prout
666 275 718 308 alii
743 274 895 308 electores
922 284 974 307 ro-

230 334 339 369 catus‚
363 335 471 362 votum
497 334 527 362 et
551 329 738 372 suffragium
771 334 859 362 tuum
894 328 975 361 ferre

230 382 349 427 possis,
374 387 405 416 et
428 382 466 416 de
491 393 529 416 eo
549 382 703 416 habeatur
721 382 811 420 ratio,
842 381 972 426 perinde

230 446 265 469 ac
287 436 311 468 si
338 436 505 470 conventui
530 436 689 469 electorali
716 435 921 476 interfuisses,
942 429 986 470 et*

231 489 308 522 inibi
334 500 406 523 cum
430 489 499 522 aliis
524 489 714 522 electoribus
745 489 821 522 illud
852 489 975 522 tulisses

232 552 287 575 seu
311 543 419 576 ferres.

276 595 291 639 ἓ
315 594 345 628 4.
370 595 438 629 Non
471 594 667 629 obstantibus
697 595 974 628 constitutionibus

232 652 262 680 et
285 647 538 680 ordinationibus
562 647 742 691 apostolicis
757 675 764 688 ,
799 648 974 692 ceterisque

233 700 399 734 contrariis
416 700 678 745 quibuscumque.

276 754 387 787 Datum
398 754 652 798 Romae‚apudS.
664 755 802 796 Petrum,
813 754 871 788 sub
879 764 975 787 annu-

232 808 262 841 lo
273 808 451 848 Piscatoris,
459 808 508 841 die
518 818 595 842 xvu1
603 808 779 841 decembris
788 818 974 848 uncxxxvn,

233 861 437 906 pontificatus
461 862 560 896 nostri
578 872 662 896 anno
679 872 732 895 xv.

267 922 324 952 Dat.
343 923 386 951 die
402 923 436 951 18
452 923 606 951 decembris
625 923 701 957 ¹637,
722 923 819 959 pontif.
841 931 913 951 anno
929 930 972 950 κν.

527 1039 680 1074 DXCXlll.

231 1111 338 1156 Super
358 1110 584 1155 praecedentia
616 1111 702 1144 inter
733 1110 901 1154 requlares
925 1110 975 1143 dc'-

276 1174 442 1197 versorum
466 1163 627 1197 Ordimtm
639 1163 658 1196 ¹.

441 1235 577 1262 urbanus
597 1235 676 1268 Papa
695 1235 773 1266 vlu.

363 1280 399 1307 ad
421 1279 556 1307 futuram
570 1279 616 1306 rei
636 1280 816 1307 memoriam.

277 1342 293 1386 ἓ
318 1342 347 1375 1.
372 1342 481 1386 Nuper
505 1352 563 1385 pro
580 1347 668 1385 parte
688 1341 793 1375 dilecti
810 1341 864 1374 filii
884 1342 975 1374 Blasii

234 1406 250 1429 a
274 1395 392 1430 Cherso
416 1395 633 1439 procuratoris
657 1395 814 1438 generalis
843 1396 974 1428 fratrum

234 1448 358 1483 Ordinis
375 1449 530 1482 Minoi-um
548 1448 646 1481 sancti
664 1449 822 1482 Francisci
836 1449 975 1482 Conven-

235 1503 365 1536 tualium
391 1506 647 1546 nuncupatorum
677 1502 768 1535 nobis
797 1503 974 1546 expositum

235 1557 302 1598 fuit,
316 1556 400 1600 quod
414 1556 515 1589 dictus
529 1556 613 1589 Ordo
633 1561 782 1599 gravatur
805 1556 975 1589 admodum

235 1611 342 1644 litibus
365 1610 530 1644 occasione
554 1609 794 1654 praecedentiae
819 1621 890 1643 cum
908 1610 976 1643 aliis

235 1663 367 1697 aliarum
391 1663 582 1707 religionum
608 1663 809 1706 regularibus
839 1663 870 1695 in
894 1674 976 1707 pro-

235 1717 439 1758 cessionibus,
457 1727 492 1750 ex
510 1727 574 1761 quo
599 1717 735 1759 (etiamsi
760 1716 836 1750 alias
853 1727 871 1749 a
887 1727 977 1750 vene-

236 1771 389 1804 rabilibus
399 1770 548 1803 fratribus
556 1770 673 1803 nostris
682 1775 806 1803 sanctae
818 1769 975 1803 Romanae

237 1824 392 1857 Ecclesiae
405 1823 616 1856 cardinalibus
626 1823 760 1866 negotiis
782 1824 974 1866 regularium

237 1876 423 1921 praepositis
447 1875 610 1909 diversas²
633 1876 664 1908 in
687 1876 825 1920 praefata
845 1877 975 1910 materia

236 1929 484 1975 praecedentiae,
501 1939 595 1962 unam
613 1929 757 1963 videlicet
774 1934 884 1963 contra
899 1930 977 1963 eius-

237 1984 309 2017 dem
334 1983 458 2018 Ordinis
482 1983 520 2016 de
545 1982 749 2016 observantia
780 1988 978 2027 nuncupatos

237 2037 396 2077 arbensis,
421 2036 512 2069 aliam
537 2041 648 2069 contra
671 2036 841 2069 Servorum
867 2036 977 2070 Beatac

238 2092 352 2125 Mariae
377 2090 512 2134 Virginis
537 2089 723 2130 Soanensis,
755 2099 876 2123 necnon
901 2090 978 2123 duas

238 2145 314 2177 alias
338 2144 457 2177 litteras
474 2147 582 2177 contra
604 2143 859 2176 Praedicator-um
876 2154 980 2188 respe-

239 2199 318 2232 ctive
345 2198 496 2231 Ordinum
522 2197 633 2230 fratres
657 2196 856 2229 Cassanensis
877 2202 903 2229 ct
923 2198 979 2230 Fe-

240 2251 400 2286 rentinus³
419 2250 589 2284 obtinuerit
612 2250 729 2283 tenoris
748 2250 978 2294 subsequentis,

241 2306 400 2339 videlicet:

275 2370 287 2395 1
306 2367 379 2395 Cum'
389 2367 424 2395 de
446 2367 496 2395 liae
520 2367 633 2394 materie
653 2375 705 2395 non
726 2367 810 2402 possit
829 2366 887 2394 dari
908 2370 980 2394 certa

240 2414 343 2450 regula,
364 2421 441 2441 sacra
461 2413 637 2449 Congregatio
657 2412 683 2439 S.
701 2412 730 2439 [t.
751 2412 780 2439 E.
802 2412 980 2440 cardinalium

240 2459 354 2494 negotiis
372 2463 399 2485 et
418 2457 662 2486 consultationibus
682 2458 872 2492 episcoporum
892 2461 919 2484 et
937 2466 981 2485 re-

239 2504 374 2539 gularium
390 2503 542 2539 praeposita
555 2501 661 2529 censuit
676 2501 822 2529 servandas
836 2510 895 2530 esse
910 2502 982 2530 litte·

240 2557 284 2576 ras
298 2547 420 2584 Gregorii
435 2547 491 2575 xltt
508 2552 535 2575 et
549 2547 597 2575 tias
612 2547 711 2575 [rbani
729 2547 794 2574 l'lll.

275 2593 291 2620 2
307 2593 377 2620 Male
393 2592 458 2620 edit.
476 2592 555 2620 blein.
573 2592 636 2627 legit
651 2592 773 2620 diversis
787 2594 825 2626 (n.
842 2593 892 2627 τ.).

276 2638 292 2666 3
312 2637 469 2673 Legendum
490 2637 559 2665 foret
579 2637 735 2665 Ferentini
754 2637 850 2672 (η.τ.).

1056 274 1070 318 g
1094 274 1123 307 2.
1149 273 1234 307 Arbi.
1260 273 1529 306 All'arcivescovo.
1560 271 1656 314 Pare,
1691 273 1747 305 elie

1011 328 1056 361 sia
1079 332 1150 360 nata
1174 327 1342 360 differcnza
1373 326 1454 360 della
1484 325 1678 370 precedenza
1702 329 1749 360 tra

1010 381 1118 415 celesti
1144 380 1214 413 frati
1232 380 1262 413 di
1281 390 1335 413 san
1353 380 1527 413 Francesco
1544 379 1746 414 Conventuali

1009 435 1047 467 ed
1071 433 1260 474 Osserranti‚
1285 432 1450 476 allegando
1474 433 1548 476 ogni
1570 443 1611 466 un
1631 432 1662 465 di
1677 432 1749 466 loro

1009 488 1118 520 alcune
1136 487 1269 530 ragioni,
1286 497 1342 530 per
1359 486 1388 519 le
1404 486 1488 530 quali
1506 485 1532 518 si
1550 485 1749 530 persuadono

1009 541 1039 573 di
1064 540 1161 574 dover
1184 539 1355 584 precedere
1379 549 1396 571 a
1420 538 1463 582 gli
1487 539 1581 578 altri,
1611 539 1639 572 le
1663 538 1747 583 quali

1009 593 1168 627 essendosi
1181 592 1437 636 diligentemcnte
1451 591 1649 626 considerate
1667 592 1751 625 nella

1008 646 1261 691 Congrcgazione
1286 646 1316 679 di
1337 645 1438 690 questi
1456 645 1528 679 miei
1546 645 1749 679 illustrissimi

1008 701 1126 745 signori
1152 701 1291 745 preposti
1315 700 1354 733 da
1370 701 1484 734 Nostro
1504 700 1637 744 signore
1656 710 1750 744 sopra

1009 755 1036 787 le
1061 764 1153 787 cause
1177 754 1225 787 de‘
1239 753 1363 787 vescovi
1387 764 1403 787 e
1429 753 1577 796 regelari,
1602 753 1646 786 s'e
1671 753 1752 786 riso-

1009 808 1084 846 lut0‚
1110 807 1205 840 etiam
1231 817 1289 841 con
1308 807 1327 840 il
1345 817 1457 851 parere
1469 806 1750 840 dell'illustrissimi

1009 860 1175 905 protettori
1200 860 1230 893 di
1255 866 1334 893 tutte
1346 860 1406 893 due
1427 860 1456 893 le
1480 859 1636 903 religioni,
1653 859 1684 893 di
1704 860 1751 892 far

1009 914 1147 948 scrivere
1171 924 1189 946 a
1213 915 1247 947 V.
1276 914 1304 947 S.
1326 914 1394 956 che,
1420 914 1615 947 occorrendo
1635 914 1690 958 piu
1713 913 1751 947 si-

1011 967 1077 1000 mili
1103 967 1292 1010 dilferenze,
1316 968 1346 1000 le
1370 968 1496 1001 termini
1521 978 1612 1000 senza
1637 968 1749 1001 alcuna

1009 1021 1172 1055 eccezione
1185 1021 1374 1055 ncll'istcsso
1387 1021 1492 1062 modo,
1511 1022 1569 1054 che
1586 1022 1658 1065 quel
1675 1031 1752 1054 con-

1010 1078 1101 1108 vento
1126 1080 1219 1117 tenga
1244 1074 1263 1106 il
1288 1074 1392 1118 primo
1411 1085 1426 1107 e
1447 1074 1500 1118 piu
1527 1074 1630 1117 degne
1655 1074 1751 1118 luogo

1009 1128 1067 1161 clie
1083 1128 1099 1159 ὁ
1117 1128 1171 1172 piu
1191 1128 1294 1161 antico
1308 1128 1390 1161 nella
1415 1128 1504 1168 eiua,
1530 1127 1668 1161 secondo
1693 1127 1752 1161 che

1009 1182 1052 1214 s'e
1078 1182 1152 1214 fatto
1177 1182 1311 1223 sin'ora,
1336 1192 1394 1226 per
1418 1186 1535 1225 quanto
1559 1181 1584 1214 si
1609 1192 1748 1226 presup-

1010 1246 1109 1280 ponc,
1135 1235 1368 1280 imperciocclu':
1393 1239 1503 1280 questo
1531 1246 1637 1269 mezzo
1661 1241 1752 1269 usato

1009 1290 1128 1322 altrore
1153 1289 1170 1321 ὁ
1195 1294 1276 1322 stato
1309 1289 1368 1321 tale
1402 1289 1459 1322 elie
1488 1289 1529 1321 ha
1558 1288 1646 1322 linito
1677 1288 1751 1332 ogni

1010 1342 1234 1384 controversia⁷
1261 1353 1350 1376 come
1376 1342 1400 1375 si
1426 1353 1518 1386 spera
1545 1342 1603 1375 che
1620 1342 1685 1374 fara
1703 1352 1754 1374 an-

1010 1396 1068 1428 clie
1092 1396 1170 1429 costi
1195 1406 1251 1440 per
1271 1406 1377 1429 mezzo
1394 1395 1475 1428 della
1491 1395 1651 1440 prudenza
1671 1405 1688 1428 e
1705 1395 1755 1428 de-

1011 1455 1126 1482 strezza
1157 1449 1186 1482 di
1221 1450 1252 1482 V.
1279 1449 1319 1483 S.:
1345 1459 1360 1482 c
1393 1449 1466 1490 Dio,
1492 1459 1554 1483 ccc.
1580 1449 1702 1489 Roma,
1733 1450 1752 1482 6

1011 1514 1116 1537 marzo
1142 1503 1237 1536 1582.

1055 1557 1070 1600 g
1093 1556 1122 1589 3.
1149 1557 1183 1589 ΑΙ
1209 1567 1343 1590 vescovo
1367 1556 1398 1589 di
1415 1556 1526 1599 Soana,
1553 1567 1571 1590 ο
1594 1567 1652 1591 5υο
1673 1557 1752 1591 vica-

1011 1611 1067 1643 rio.
1094 1611 1242 1645 llavendo
1267 1611 1367 1645 inteso
1399 1612 1500 1655 questi
1534 1612 1607 1645 miei
1632 1612 1752 1656 signori

1011 1663 1224 1706 illustrissimi,
1251 1664 1308 1697 che
1334 1664 1365 1697 in
1387 1668 1505 1698 cotesta
1530 1664 1603 1698 citta
1623 1675 1701 1698 sono
1723 1665 1753 1697 in

1010 1716 1171 1761 disparere
1196 1717 1227 1750 di
1251 1717 1444 1761 precedcnza
1469 1717 1489 1750 li
1515 1717 1586 1750 frati
1607 1717 1654 1751 de'
1665 1718 1753 1751 Servi

1010 1781 1069 1804 con
1093 1771 1188 1815 quelli
1213 1771 1243 1804 di
1269 1782 1323 1804 san
1348 1772 1524 1805 Francesco
1541 1772 1754 1811 Conventuali,

1011 1825 1114 1857 banno
1131 1824 1238 1857 voluto
1263 1825 1321 1857 che
1345 1824 1374 1858 io
1392 1825 1489 1858 faccia
1511 1835 1622 1869 sapere
1639 1836 1656 1858 a
1673 1825 1706 1858 V.
1725 1827 1753 1859 S.

1010 1878 1068 1911 che
1093 1878 1174 1911 nella
1198 1877 1391 1922 precedcnza
1409 1878 1439 1911 di
1461 1878 1561 1922 questi
1585 1879 1655 1912 frati
1675 1879 1756 1912 Men-

1011 1932 1137 1971 dicanti‚
1162 1931 1298 1965 secondo
1323 1931 1343 1964 il
1369 1942 1482 1976 parere
1507 1932 1537 1964 di
1563 1933 1676 1966 Nostro
1706 1933 1755 1966 Si-

1012 1995 1121 2027 gnorc,
1139 1985 1291 2019 s'attende
1315 1986 1488 2018 solamente
1508 1985 1680 2019 l'antiehita
1706 1986 1754 2018 dvi

1012 2039 1081 2071 loro
1101 2039 1257 2079 conventi,
1279 2038 1346 2072 cioe
1371 2039 1429 2071 clie
1453 2038 1629 2082 precedano
1657 2040 1754 2083 quelli

1013 2091 1070 2124 clie
1094 2091 1196 2135 prima
1221 2091 1326 2124 hanno
1358 2096 1500 2124 ottenuto
1532 2091 1553 2124 li
1585 2094 1755 2125 monasteri

1013 2145 1062 2178 nei
1094 2145 1203 2188 luoglii
1239 2156 1297 2178 ove
1321 2145 1338 2176 ἰ·
1362 2150 1434 2178 nata
1462 2145 1491 2178 la
1522 2145 1714 2186 differenza;
1740 2158 1757 2179 c

1014 2198 1122 2243 percis·
1147 2199 1206 2231 ella
1229 2199 1320 2243 potra
1348 2198 1542 2241 dichiarare,
1571 2199 1630 2232 che
1660 2200 1755 2243 quelli

1014 2252 1202 2297 precedam,
1226 2253 1246 2285 li
1272 2253 1355 2298 quali
1379 2253 1482 2297 prima
1499 2263 1577 2286 sono
1594 2254 1699 2286 venuti
1719 2254 1756 2286 ad

1014 2306 1132 2339 abitare
1153 2305 1184 2338 in
1204 2311 1321 2339 cotesta
1339 2306 1422 2347 eiua,
1440 2306 1497 2340 che
1522 2307 1590 2339 sara
1617 2312 1756 2351 appunto

1015 2360 1176 2393 conforme
1211 2370 1226 2392 a
1259 2360 1364 2404 quello
1401 2360 1458 2393 elie
1483 2360 1537 2392 s'e
1563 2359 1695 2393 risoluto
1720 2360 1757 2392 cd

1015 2419 1176 2447 osservato
1198 2413 1227 2445 in
1248 2413 1318 2446 altri
1337 2413 1456 2456 luoglii,
1478 2423 1541 2446 ecc.
1560 2413 1701 2455 Roma,li
1715 2413 1758 2446 ⁶24

1015 2468 1044 2500 di
1072 2478 1166 2510 mags
1171 2467 1199 2501 io
1218 2467 1245 2500 1
1241 2467 1313 2500 )8.·1

1060 2521 1119 2564 §4
1123 2521 1188 2553 ‚At
1208 2531 1258 2554 vse
1262 2532 1339 2554 coxo
1359 2521 1389 2553 di
1407 2521 1550 2555 Cassano
1573 2522 1619 2554 Fu
1635 2521 1733 2555 dato
1727 2532 1757 2555 in

1015 2575 1268 2618 Congregazione
1293 2584 1335 2608 un
1360 2574 1545 2608 memoriale
1565 2574 1614 2608 dal
1640 2585 1757 2620 procu-

1017 2634 1121 2662 r·at01e
1153 2628 1298 2671 generale
1323 2628 1371 2662 dc'
1390 2628 1460 2662 frati
1492 2628 1695 2663 Conventuali
1726 2628 1757 2662 di

1652 213 1709 247 631
1761 223 1810 250 An.
1832 223 1946 252 c.1637

1784 286 1947 313 At·1*hr··3==«·n*qm

1764 314 1858 334 Arbensi.

1791 1567 1894 1597 Episcopo
1901 1567 1955 1587 Soa-

1745 1612 1751 1618 .
1768 1600 1835 1616 uelis!-

1796 2527 1844 2553 El

1773 2560 1804 2574 §.ss
1813 2534 1885 2574 epusl.

1909 2527 1957 2547 Cas-
