2248 3229
254 246 300 273 Au.
318 247 346 273 c.
370 246 437 274 rese
485 237 547 272 738

281 1263 376 1284 Hectoris
393 1268 435 1284 uiu-

255 1296 291 1310 uu*
301 1306 305 1310 .

285 1741 308 1760 tc
320 1742 437 1767 praelecto·

255 1773 306 1787 sumi

286 2432 403 2451 [tumul-ie.

452 295 582 339 propria
611 294 794 328 auctoritate
817 293 916 326 libere
946 293 1211 336 apprehendere„

452 353 480 380 et
498 347 723 391 apprehensam
742 352 894 390 perpetuo
911 345 1057 383 retinere,
1073 345 1192 378 fruetus

452 410 586 444 quoque,
612 399 688 439 iura,
714 396 917 432 obventiones
932 404 962 431 et
979 399 1192 432 emolumenta

451 463 667 497 quaecumque
692 463 729 485 ex
753 452 797 485 eis
822 453 1036 496 provenientia
1053 453 1210 496 percipe-r

452 516 495 546 re,
521 506 656 548 exigere,
682 506 785 538 levare
810 511 840 538 et
864 506 895 538 in
912 506 1068 539 dictorum
1093 506 1191 538 alum-

450 564 580 592 natuum
616 569 690 591 usus
725 564 755 591 et
791 559 953 592 utilitatem
987 563 1210 599 eonvei‘tei·e,t

452 611 559 644 vicarii
584 611 675 644 Urbis
700 612 748 644 vel
773 612 910 644 cuiusvis
940 612 1068 645 alterius
1101 612 1210 656 licen-r

453 665 495 697 tia
513 664 649 708 desuper
674 665 803 697 minime
821 665 985 708 requisita)
1004 675 1127 698 necnon
1147 665 1190 697 sa·
1208 677 1209 711 j

452 719 597 752 cultatem
635 718 801 751 amborum
838 719 1054 751 alumnatuum
1088 718 1192 752 huius-

451 770 535 804 modi
550 771 691 803 locorum
706 771 881 804 vacantium
895 771 1035 804 redditus
1046 771 1077 804 in
1089 772 1191 805 Monte
1208 806 1209 812 ,

452 825 576 858 Pietatis
592 825 630 858 de
651 825 733 858 Urbe
759 825 945 869 deponendi,
964 831 993 858 et
1014 825 1044 858 in
1061 827 1192 859 necessi·
1208 817 1209 824 ἵ

452 882 528 912 tates
546 888 656 911 eorum
678 879 895 912 alumnatuum
914 879 1061 923 impendi,
1080 880 1137 920 vel,
1155 880 1191 912 iis
1208 880 1209 893 ³

451 931 653 971 cessantibus,
678 931 716 964 ad
742 932 801 965 hoc
821 937 854 965 ut
877 943 1028 965 numerus
1052 933 1209 983 alumno-¹

450 996 522 1018 rum
543 985 674 1018 arbitrio
691 985 790 1019 dictae
805 987 1060 1029 congregationis
1077 987 1191 1020 haben·
1207 986 1209 1007 '¹

450 1038 508 1071 dae
525 1049 632 1072 coram
653 1039 794 1072 Romano
812 1039 960 1073 Pontifice
974 1050 1031 1083 pro
1048 1043 1190 1083 tempore
1207 1059 1209 1083 t

451 1091 601 1125 existente
625 1096 745 1125 tantum
770 1093 880 1135 augeri
910 1093 1023 1136 possit,
1051 1093 1190 1126 investiri

451 1144 636 1186 mandandi,
661 1155 696 1178 ac
721 1145 889 1188 deputandi
914 1146 945 1178 in
969 1151 1124 1178 rectorem
1150 1146 1209 1178 ‹li-¹

452 1203 575 1231 ctorum
612 1199 827 1231 alumnatuum
864 1210 922 1242 per
954 1199 1019 1231 eius
1052 1204 1192 1242 patentes

452 1256 608 1286 rectorem
626 1262 685 1296 pro
701 1257 843 1295 tempore
861 1251 934 1284 dicti
949 1252 1083 1295 collegii,
1104 1252 1192 1285 cuius

453 1316 546 1338 curae
571 1305 751 1338 immediate
777 1305 897 1339 subsint
922 1316 1031 1338 eorum
1057 1306 1210 1346 ῑιὶυιῃηί,Ἰ

452 1358 568 1402 quique
593 1358 770 1402 praedictae
795 1359 1050 1401 congregationi,
1075 1369 1131 1392 seu
1155 1359 1211 1392 ab

453 1413 488 1444 ea
512 1411 700 1455 deputando,
716 1412 840 1454 singulo
866 1411 1017 1445 trimestri
1039 1413 1192 1445 rationem
1210 1431 1211 1437 =

452 1464 514 1497 dati
532 1468 561 1498 et
582 1464 709 1508 expensi
727 1464 858 1498 reddere
876 1465 997 1505 debeat,
1019 1470 1048 1498 et
1065 1465 1194 1509 insuper

453 1517 600 1558 curandi,
626 1522 659 1550 ut
684 1517 819 1550 ministri
850 1522 879 1551 et
904 1517 1074 1551 servientes
1099 1516 1212 1551 aluni-'

452 1570 538 1603 natui
571 1570 721 1614 praedicti
754 1570 879 1613 collegii
912 1570 949 1603 de
988 1571 1193 1615 Propaganda

454 1624 528 1657 Fide
545 1624 637 1657 etiam
655 1624 790 1657 alumnis
804 1625 1039 1668 praedictorum
1058 1625 1192 1659 duorum

453 1678 670 1710 alumnatuum
697 1678 876 1711 ministrent
894 1683 923 1710 et
943 1678 1114 1711 inserviant
1128 1679 1194 1721 (ex-
1210 1714 1212 1719 ,

454 1731 550 1774 ceptis
568 1730 690 1763 duobus
704 1731 867 1773 praefectis
881 1741 940 1775 pro
958 1731 1092 1764 alumnis
1107 1742 1194 1775 prae-

453 1783 610 1817 dictorum
632 1783 767 1816 duorum
792 1784 1008 1816 alumnatuum
1027 1784 1066 1816 ab
1083 1785 1192 1817 eodem
1210 1788 1212 1819 t

452 1839 549 1870 fratre
573 1837 706 1870 Antonio
731 1837 888 1870 cardinale
908 1838 982 1870 dum
1007 1838 1127 1879 vixerit,
1154 1844 1212 1887 et,³

453 1895 523 1934 post
547 1891 613 1923 eius
639 1896 789 1931 mortem,
815 1891 853 1923 ab
879 1891 986 1924 eadem
1012 1892 1100 1924 saera
1125 1902 1213 1933 eon-y

453 1944 638 1987 gregatione
662 1944 699 1977 de
725 1945 929 1988 Propaganda
949 1944 1023 1977 Fide
1047 1936 1213 1998 deputari-i)

453 1998 521 2037 dis,
547 1998 600 2041 qui
632 1998 780 2041 praefecti
812 2003 844 2030 ut
876 2009 971 2041 supra
1003 1997 1194 2041 deputandi,

454 2050 535 2084 inter
567 2055 686 2083 ceteras
719 2050 896 2094 qualitates,
922 2050 1041 2083 habiles
1071 2050 1132 2083 sint
1157 2051 1212 2083 ad*

454 2104 594 2137 docenda
625 2103 728 2147 prima
760 2104 938 2137 rudimenta
971 2105 1212 2147 grammaticae,

455 2158 567 2190 latinae
591 2157 725 2190 alumnis
750 2157 984 2201 praedictorum
1007 2157 1142 2190 duorum
1167 2169 1213 2191 a-⁴

455 2210 763 2254 lumnatuum,idque
777 2211 901 2244 efficere
916 2216 1079 2244 teneantur
1096 2211 1194 2244 donec

455 2263 605 2308 praedicti
622 2263 739 2296 alumni
765 2264 888 2297 scholas
905 2264 1046 2308 publicas
1064 2264 1149 2297 adire
1166 2271 1192 2298 et
1212 2301 1214 2319 l

455 2318 653 2361 frequentare
674 2317 808 2360 valeant)
825 2317 917 2350 simili
942 2318 1126 2352 auctoritate
1151 2318 1196 2350 iti·
1213 2320 1214 2347 ἶ

455 2371 525 2404 dem
543 2376 697 2414 perpetuo
712 2370 878 2403 tribuunus
895 2375 925 2403 et
940 2371 1149 2415 impertimur.
1212 2362 1213 2366 Ἰ

501 2425 516 2468 g
544 2425 590 2457 10.
616 2425 822 2457 Decerneutes
840 2425 1011 2468 praemissa
1037 2425 1141 2458 onmia
1167 2430 1214 2467 et]

457 2477 589 2521 singula,
597 2488 631 2510 ae
642 2478 764 2510 easdem
775 2483 963 2521 praesentes,
974 2479 1037 2512 ullo
1047 2489 1194 2522 umquam
1212 2468 1214 2491 ³

459 2536 599 2574 tempore
616 2542 650 2563 ex
665 2531 915 2574 quilntscumque
929 2531 1030 2564 causis
1043 2531 1081 2564 de
1091 2532 1196 2564 snbre-

458 2583 572 2626 ptionis
597 2584 643 2616 vel
668 2583 882 2627 obreptionis,
901 2594 957 2616 seu
980 2584 1130 2618 nullitatis
1154 2584 1196 2616 vi—

461 2635 512 2676 tio,
537 2641 588 2668 aut
612 2636 790 2670 intentionis
814 2642 950 2679 nostrae,
975 2638 1022 2670 vel
1047 2647 1195 2682 quocum-

1037 245 1216 270 BULLARIUM
1241 246 1394 271 ROMANUM

1227 304 1287 337 que
1319 294 1380 327 alio
1408 293 1530 327 defectu
1554 295 1673 335 notari,
1697 295 1893 339 impugnari,
1917 304 1963 329 re-

1226 347 1374 386 tractari,
1399 357 1453 379 seu
1485 347 1577 379 etiam
1608 347 1769 390 revocari,
1795 348 1962 392 suspendi,

1227 399 1392 442 restringi,
1418 399 1567 439 limitari,
1592 404 1645 432 ant
1673 400 1705 432 in
1738 400 1786 439 ius
1817 401 1864 433 vel
1888 411 1961 435 con-

1227 452 1411 484 troversiam
1437 452 1553 492 vocari,
1571 463 1626 485 seu
1650 452 1686 484 ad
1712 453 1863 486 terminos
1887 453 1963 487 iuris

1226 505 1333 538 reduci
1349 515 1532 550 non‘posse,
1550 506 1656 549 sieque
1676 516 1732 549 per
1748 517 1964 552 quoscumque

1226 557 1345 591 iudices
1371 559 1547 592 ordinarios
1568 564 1598 591 et
1622 558 1791 601 delegatos,
1817 564 1846 591 et
1865 570 1964 593 carne-

1225 621 1278 643 rae
1309 612 1498 655 apostolicae
1523 612 1737 656 praesidentes
1770 611 1910 652 elericos,
1935 618 1965 645 et

1226 663 1365 697 eiusdem
1399 664 1428 698 S.
1461 666 1495 698 R.
1522 665 1554 697 Ε.
1589 666 1808 706 camerarium,
1833 671 1862 698 et
1886 665 1963 699 alios

1226 716 1414 759 cardinales,
1452 728 1487 750 ac
1517 718 1810 758 vicecancellarios,
1841 729 1963 752 necnon

1226 780 1390 803 causarum
1407 771 1514 814 palatii
1527 771 1691 815 apostolici
1709 772 1877 813 auditores,
1894 772 1964 806 sub-

1226 823 1285 855 lata
1312 823 1356 856 eis
1380 828 1409 856 et
1445 834 1556 857 eorum
1591 825 1718 858 cuilibet
1743 825 1850 869 quavis
1874 825 1964 859 aliter

1226 876 1382 909 iudicandi
1407 883 1437 910 et.
1461 877 1686 922 interpretandi
1710 879 1854 912 facultate
1871 883 1901 913 et
1915 889 1965 912 au-

1225 930 1378 969 ctoritate‚
1393 930 1524 964 iudicari
1543 937 1572 964 et
1591 931 1715 964 definiri
1731 932 1856 973 debere,
1874 942 1909 965 ac
1927 931 1964 965 ir-

1225 983 1320 1015 ritum
1338 988 1367 1016 et
1385 983 1487 1024 inane,
1505 984 1529 1017 si
1548 995 1637 1018 secus
1656 995 1750 1028 super
1774 985 1822 1018 his
1846 995 1862 1017 a
1887 995 1965 1029 quo-

1226 1046 1340 1080 quam,
1374 1037 1482 1080 quavis
1516 1038 1720 1077 auctoritate,
1753 1038 1886 1071 scienter
1917 1039 1964 1072 vel

1226 1089 1425 1132 ignoranter,
1451 1090 1618 1133 eontigerit
1643 1091 1798 1124 attentari.

1270 1143 1285 1185 g
1314 1143 1359 1175 Η.
1385 1143 1537 1181 Quocirca
1561 1143 1683 1177 dilectis
1716 1144 1787 1177 filiis
1813 1145 1965 1179 moderno

1227 1200 1256 1228 et
1281 1206 1338 1238 pro
1360 1201 1501 1239 tempore
1520 1197 1723 1230 existentibus
1744 1197 1835 1231 Urbis
1855 1198 1967 1241 guber-

1227 1248 1338 1288 natori,
1364 1259 1399 1281 ae
1424 1259 1587 1282 causarum
1614 1250 1720 1282 curiae.
1737 1260 1880 1283 camerae
1897 1261 1967 1294 apo-

1227 1301 1354 1335 stolicae
1376 1302 1514 1345 generali
1539 1302 1688 1343 auditori,
1713 1313 1834 1336 necnon
1858 1309 1967 1338 nostro

1228 1355 1258 1387 in
1283 1355 1393 1388 eadem
1419 1355 1501 1388 I'rbe
1531 1355 1660 1399 eiusque
1685 1348 1827 1390 districtu
1852 1357 1967 1391 vicario

1228 1408 1259 1441 in
1292 1409 1507 1452 spiritualibus
1533 1409 1683 1452 generali⁷
1708 1420 1765 1453 per
1797 1411 1968 1454 apostolica

1211 1462 1344 1506 ¹scripta
1371 1467 1457 1495 motu
1483 1462 1577 1494 simili
1604 1462 1799 1504 mandamus,
1816 1469 1969 1507 quatenus

1229 1514 1304 1558 ipsi,
1331 1515 1377 1547 vel
1403 1515 1466 1548 duo
1485 1543 1493 1557 ,
1519 1520 1571 1548 aut
1595 1526 1676 1548 unus
1701 1526 1820 1557 eorum,
1838 1527 1894 1560 per
1914 1527 1967 1559 se,

1230 1570 1277 1602 rel
1301 1569 1406 1611 alium,
1426 1580 1480 1602 seu
1508 1569 1595 1610 alios,
1609 1575 1788 1613 praesentes
1802 1570 1921 1604 litteras
1939 1578 1969 1605 et

1229 1622 1259 1655 in
1274 1623 1318 1655 eis
1332 1628 1476 1656 contenta
1493 1633 1720 1666 quaecumque⁷
1731 1623 1785 1656 ubi
1799 1629 1827 1656 et
1844 1624 1968 1666 quando

1228 1686 1306 1719 opus
1331 1675 1434 1715 fuerit,
1452 1686 1486 1708 ac
1504 1676 1625 1719 quoties
1643 1686 1701 1719 pro
1715 1681 1802 1719 parte
1819 1676 1968 1710 interesse

1229 1728 1409 1762 habentium
1427 1728 1543 1760 suerint
1560 1728 1710 1771 requisiti,
1723 1729 1969 1773 solemniter-pu-

1228 1781 1505 1825 l)lieantes‚eisque
1522 1782 1656 1814 efficacis
1673 1782 1862 1815 defensionis
1879 1793 1969 1826 prae<

1229 1836 1308 1869 sidio
1326 1836 1514 1875 assistentes,
1533 1835 1645 1867 saciant
1661 1836 1846 1869 auctoritate
1862 1838 1968 1870 nostra

1229 1889 1352 1922 easdem
1372 1893 1552 1932 praesentes
1574 1892 1602 1920 et
1627 1887 1658 1920 in
1683 1889 1728 1921 eis
1753 1894 1898 1927 contenta
1915 1889 1970 1923 hu<

1230 1941 1362 1975 iusmodi
1387 1941 1425 1974 ab
1451 1941 1606 1983 omnibus,
1632 1941 1670 1973 ad
1695 1952 1773 1985 quos
1797 1947 1916 1986 spectat
1940 1948 1970 1976 et

1231 2005 1287 2038 pro
1313 2000 1455 2038 tempore
1487 1994 1797 2038 spectabit,firniiter
1821 1995 1970 2029 et-invio-

1230 2048 1364 2081 labiliter
1381 2047 1550 2089 observari,
1563 2053 1591 2080 et
1609 2057 1691 2081 nune
1708 2052 1737 2082 et
1752 2059 1810 2092 pro
1828 2053 1969 2092 tempore

1230 2103 1378 2135 interesse
1396 2101 1547 2134 habentes
1564 2101 1740 2144 praedictos
1753 2101 1813 2134 illis
1838 2101 1968 2145 pacifice

1230 2156 1290 2189 t'rui
1308 2160 1337 2188 et
1355 2155 1509 2197 gaudere,
1527 2164 1589 2187 non
1614 2155 1831 2198 permittentes
1848 2165 1902 2189 eos
1918 2155 1968 2189 de-

1211 2200 1323 2253 ⁵super
1348 2220 1404 2253 per
1427 2218 1643 2252 quoscumque
1660 2208 1899 2252 quomodolibet
1922 2209 1969 2242 in-

1212 2268 1214 2289 ϊ
1230 2262 1333 2295 debite
1351 2261 1528 2299 molestarif,
1547 2261 1793 2294 contradictores
1813 2261 1969 2304 quoslibet

1231 2320 1260 2348 et
1284 2315 1417 2347 rebelles
1434 2324 1491 2358 per
1508 2323 1657 2346 censuras
1681 2319 1711 2345 et
1734 2323 1850 2357 poenas
1875 2314 1970 2347 eccle-

1212 2370 1214 2397 t
1231 2367 1380 2408 siassscas,
1397 2367 1519 2410 aliaque
1539 2371 1718 2410 opportuna
1742 2366 1820 2399 iuris
1844 2371 1875 2400 et
1897 2367 1968 2400 facti

1231 2421 1379 2462 remedia,
1409 2421 1616 2465 appellatione
1641 2421 1827 2465 postposita,
1841 2431 1968 2464 compe-

1231 2475 1356 2515 scendo,
1381 2485 1415 2508 ac
1441 2484 1589 2507 censuras
1614 2478 1642 2508 et
1666 2485 1782 2518 poenas
1807 2475 1890 2518 ipsas
1908 2485 1970 2508 ser-

1232 2530 1299 2560 vata
1320 2528 1421 2561 fornia
1446 2527 1575 2561 Concilii
1601 2527 1773 2560 Tridentini
1797 2533 1828 2560 et
1851 2527 1968 2561 iteratis

1230 2581 1350 2614 ric-ibus
1365 2581 1574 2624 aggravando,
1589 2581 1731 2614 invocato
1748 2580 1840 2613 etiam
1854 2579 1892 2612 ad
1909 2579 1968 2613 hoc

1230 2635 1255 2668 si
1272 2645 1351 2680 opus
1372 2635 1462 2668 suerit
1481 2635 1595 2668 auxilio
1613 2634 1734 2668 brachii
1751 2633 1910 2668 secularis.

1977 249 2026 276 An.
2041 248 2071 276 C·
2089 247 2158 276 1639

2008 1156 2163 1182 Exsquutorum

1981 1182 2096 1209 deputatio.
