2226 3235
71 245 121 273 An.
137 245 165 273 C.
188 244 256 272 1628

271 302 307 325 ex
332 291 446 335 quibus
470 291 490 324 ii
515 291 631 324 alumni
657 290 771 324 suerint
796 290 935 334 oriundi)
953 289 1012 322 dis-

271 344 458 389 pensandos.

117 415 256 443 sincerum
316 400 330 443 ἓ
355 399 384 433 6.
414 399 450 432 Et
478 410 514 432 ex
544 398 711 442 praedietis
743 399 839 431 scutis
860 397 1012 431 sexcentis

72 442 256 489 fiicccp'aiiil‘iiif
272 453 341 485 auri
365 453 403 485 de
433 454 575 492 camera,
608 463 687 495 quae
718 452 950 484 distribuuntur
975 451 1012 483 ad

72 494 257 542 &stztdffiiffI-'ss'ti
273 506 370 539 instar
384 507 599 550 eleemosynae
613 505 809 539 scholaribus
822 505 1013 549 pauperibus

73 550 146 568 “¹⁰¹‘'
273 565 359 592 extra
383 560 552 602 collegium
577 559 774 602 degentibus,
792 562 929 592 trecenta
946 564 1009 590 tan·

275 617 339 646 tum
357 613 475 646 eisdem
496 613 689 657 pauperibus
706 612 903 655 assignanda,
925 617 964 651 et,
982 616 1014 644 ut

274 667 425 700 hactenus
442 668 556 701 sactum
576 673 632 707 est,
650 666 875 707 distribuenda,
893 666 1013 709 reliqua

274 730 349 753 vero
371 724 508 754 trecenta
525 720 705 764 quindecim
731 719 876 759 alumnis,
894 719 947 762 qui
968 719 1014 751 iu-

274 779 452 806 ramentum
472 773 653 806 huiusmodi
670 772 850 817 praestituri
868 777 949 813 sunt,
965 783 1016 816 ap—

275 826 430 870 plicanda,
455 832 485 859 et
509 827 541 859 in
565 838 676 860 eorum
701 826 939 859 necessitatibus
963 825 1017 858 im-

275 880 440 924 pendenda
454 891 531 920 esse,
541 881 649 913 eadem
663 880 846 914 auctoritate
861 880 1015 921 volumus,

277 933 441 967 statuimus
465 940 557 978 atque
582 934 792 967 decernimus.

322 988 337 1030 ξ
363 988 390 1020 7.
407 987 562 1030 Ceterum,
581 998 653 1021 cuin
671 987 857 1021 dilectorum
877 987 1015 1021 filiorum

279 1041 537 1085 presbyterorum
554 1041 710 1074 societatis
728 1042 797 1074 Iesu
819 1041 850 1073 111
870 1041 931 1074 1100
947 1041 1018 1074 edu-

278 1094 451 1128 candorum
472 1095 798 1138 instituendorumque
815 1095 1017 1128 alumnorum

278 1159 408 1181 munere
433 1148 604 1191 diligentia,
630 1149 717 1189 fides,
742 1149 914 1192 integritas,
935 1154 965 1182 et
987 1150 1016 1181 in

278 1202 346 1235 aliis
367 1202 547 1235 huiusmodi
573 1202 732 1245 collegiis,
756 1207 786 1235 et
810 1203 841 1234 in
866 1202 926 1235 hoc
951 1203 1018 1246 ipso

280 1256 354 1288 satis
384 1256 508 1298 cognita
533 1256 573 1289 sit
604 1261 697 1301 atque
728 1262 910 1299 perspecta,
936 1256 1018 1288 idem

279 1309 446 1352 collegium
473 1315 565 1352 atque
590 1309 750 1342 scholares
775 1309 857 1341 illius
883 1310 1016 1353 presby-

281 1367 420 1395 terorum
445 1362 696 1406 praedictorum,
722 1363 802 1395 sicut
826 1362 928 1395 adhue
953 1363 1020 1403 fuit,

281 1415 438 1457 regimini,
460 1414 656 1456 institutioni,
671 1415 831 1448 doetrinae
846 1421 937 1458 atque
951 1426 1022 1459 pru-

282 1468 414 1508 dentiae,
428 1468 537 1501 eadem
552 1469 746 1510 auctoritate,
761 1469 854 1502 etiam
868 1474 1021 1513 perpetuo

283 1521 466 1554 subiicimus
490 1527 583 1565 atque
607 1522 832 1554 submittimus.

326 1575 341 1618 ξ
361 1574 390 1607 8.
409 1576 583 1616 Praeterea,
602 1581 634 1608 ut
652 1576 791 1608 eiusdem
813 1576 937 1618 collegii
952 1586 1023 1608 con-

282 1629 448 1661 servationi
474 1629 631 1672 bonoque,
656 1634 718 1661 tam
743 1628 774 1660 in
800 1629 857 1666 1115,
883 1639 962 1672 quae
984 1629 1021 1661 ad

283 1682 472 1715 scholarium
506 1682 733 1714 institutionem
760 1687 789 1714 et
813 1682 1021 1726 disciplinam,

281 1746 376 1779 quam
400 1746 479 1779 quae
503 1736 541 1768 ad
566 1735 692 1775 victum,
719 1736 875 1776 vestitum,
900 1736 1022 1779 aliaque

282 1788 461 1822 huiusmodi
484 1789 659 1822 necessaria
678 1789 845 1832 pertinent,
868 1795 1022 1833 opportu-

282 1841 354 1874 nius
378 1843 578 1883 consulatur,
604 1847 634 1874 et
657 1847 840 1885 promptum
866 1843 911 1875 eis
935 1854 1024 1886 para-

283 1899 411 1938 tumque
436 1895 587 1927 auxilium
612 1895 660 1935 sit,
686 1894 714 1927 S.
741 1896 775 1927 P..
802 1895 833 1927 E.
850 1896 1023 1928 cardinales

282 1948 524 1991 Congregationi
548 1948 586 1981 de
607 1948 812 1991 Propaganda
832 1948 907 1981 Fide
932 1960 1022 1993 prae-

283 2003 379 2035 fectos
410 2002 608 2046 praedictos,
633 2012 716 2035 nunc
741 2007 771 2034 et
794 2013 852 2045 pro
880 2007 1024 2047 tempore

284 2057 461 2097 existentes,
480 2056 618 2089 eiusdem
640 2056 763 2098 collegii
783 2061 978 2099 protectores
996 2062 1022 2090 et

285 2109 464 2142 defensores
485 2109 552 2154 (qui
577 2109 608 2142 in
632 2110 916 2153 viceproteetorem
942 2110 1025 2143 illius

285 2163 402 2196 dictum
433 2163 620 2196 modernum
653 2167 682 2197 ct
706 2174 764 2207 pro
794 2169 937 2208 tempore
962 2165 1025 2197 exi·

285 2222 418 2249 stentem
436 2217 577 2250 abbatem
596 2217 794 2257 Fuldensem,
810 2218 850 2249 ita
865 2223 977 2258 tamen,
992 2224 1023 2250 111

286 2270 316 2302 in
342 2270 540 2313 gravioribus
564 2270 642 2303 nihil
667 2271 849 2314 praecipere
868 2276 920 2304 aut
939 2282 1025 2303 man-

285 2323 360 2356 dare
373 2324 420 2356 vel
438 2324 538 2357 faeere
556 2324 655 2356 valeat
672 2324 739 2357 sine
757 2324 888 2357 consilio
910 2329 939 2357 et
957 2335 1027 2357 con-

286 2387 379 2410 sensu
403 2377 505 2410 nuntii
529 2377 693 2421 apostolici
718 2378 885 2421 praedicti,
913 2378 1027 2422 quibus

287 2431 404 2475 aliquid
423 2442 546 2472 eorum,
563 2442 642 2475 quae
656 2432 704 2464 vel
720 2432 751 2464 in
769 2432 827 2465 hac
844 2433 1027 2465 fundatione

288 2485 336 2517 vel
360 2484 392 2517 in
415 2484 534 2527 regulis
559 2496 575 2516 a
595 2485 842 2528 Congregatione
867 2486 1027 2529 praedicta

289 2538 472 2582 approbatis
490 2538 700 2580 eontinentur,
717 2539 885 2572 immutare
900 2540 1028 2574 minime

290 2591 397 2625 licebit
413 2592 531 2642 absque
545 2592 685 2625 eiusdem
698 2592 967 2636 Congregationis,
981 2594 1028 2626 vel

105 999 218 1025 Collegium
230 1005 261 1019 re-

79 1028 149 1053 gimini
175 1027 263 1052 presby-

79 1057 116 1074 ter·
127 1059 171 1074 rum
189 1053 262 1073 Socie-

79 1083 128 1100 taus
138 1081 184 1100 lesu
195 1080 262 1100 subii-

79 1107 114 1127 cit.

134 1585 267 1606 Protectores

85 1613 168 1641 collegii
191 1612 267 1632 consti·

85 1641 131 1659 mi!-

879 241 1022 265 ramnus
1044 241 1099 264 vm
1118 241 1166 264 rr.
1712 228 1753 260 537

1803 237 1850 262 An.
1874 236 1899 261 (Ἴ,
1922 236 1985 262 10⁹2ss

1046 288 1205 321 existentis
1223 288 1369 331 expressa
1387 285 1524 325 lieentia,
1541 285 1692 329 deputare
1714 296 1785 328 pos-

1047 341 1107 373 sint
1124 346 1153 373 et
1178 341 1313 383 valeant)
1331 339 1442 373 eadem
1466 339 1651 373 auctoritate
1677 337 1787 371 consti-

1048 395 1164 427 tuimus
1189 400 1282 438 atque
1308 405 1462 427 creamus.

1093 449 1107 491 §
1131 447 1160 480 9.
1186 448 1310 491 Illisque
1336 459 1370 481 ae
1389 446 1630 491 viceprotectori
1648 446 1787 490 praefato
1849 458 1931 477 cmii-m
1950 463 1989 477 au-

1049 512 1106 545 pro
1131 502 1250 534 salubri
1276 501 1358 534 illius
1384 501 1631 540 conservatione,
1649 487 1923 532 alanino·3211352'ttl22'?
1953 486 1990 530 ..fif

1050 567 1192 599 rumque,
1213 556 1371 589 bonorum
1393 561 1420 588 et
1441 566 1558 595 rerum,
1576 555 1691 587 iurium
1712 559 1788 586 tem-
1805 540 1901 563 ¹““¹¹¹¹¹'‘

1049 610 1204 653 poralium
1234 615 1264 642 et
1298 610 1507 653 spiritualium
1538 608 1676 641 eiusdem
1703 617 1811 640 oeco-.

1050 674 1179 704 nomos,
1204 663 1371 696 advocatos
1397 667 1426 696 et
1450 667 1672 706 procuratores
1702 661 1731 693 in
1753 672 1790 693 eo

1050 717 1219 761 deputandi
1238 722 1267 751 et
1283 717 1460 756 amovendi,
1477 727 1511 749 ac
1533 717 1610 749 alios
1628 716 1658 748 in
1679 726 1788 748 eorum

1050 771 1155 803 locum
1185 770 1409 812 substituendi,
1436 769 1644 809 disserentias,
1669 769 1737 800 lites
1762 773 1789 800 et

1051 825 1292 865 controversias,
1308 825 1388 857 inter
1402 834 1617 867 quascumque
1631 832 1790 867 personas7

1051 883 1114 911 tam
1132 879 1333 911 alumnorum
1352 888 1445 921 quam
1463 876 1718 918 ministrantium,
1736 876 1793 908 ele-

1052 932 1191 965 ricorum
1210 935 1239 965 et
1264 931 1428 969 laieorum,
1456 941 1519 963 non
1537 936 1641 963 tamen
1661 929 1792 973 presby-

1052 991 1193 1019 terorum
1212 985 1310 1028 ipsius
1323 984 1497 1024 Societatis,
1511 987 1644 1025 exortas,
1660 992 1794 1015 summa»

1053 1039 1109 1082 rie,
1135 1039 1321 1082 simpliciter
1345 1044 1375 1071 et
1399 1038 1436 1070 de
1460 1038 1572 1082 plano,
1597 1037 1662 1069 sine
1691 1036 1792 1078 figura

1053 1097 1106 1127 aut
1130 1093 1261 1136 strepitu
1283 1092 1400 1133 iudicii,
1418 1091 1628 1135 appellatione
1649 1100 1795 1134 quaeum-

1054 1157 1114 1191 que
1135 1148 1267 1187 remota,
1293 1146 1469 1186 decidendi,
1496 1143 1796 1185 delinieiidi,te1‘mi-

1054 1200 1170 1242 nandi,
1196 1205 1373 1243 statutaque
1398 1204 1427 1232 et
1452 1198 1676 1236 ordinationes,
1701 1196 1793 1229 disci-

1056 1254 1172 1297 plinam
1194 1253 1398 1286 domesticam
1424 1258 1453 1285 et
1470 1252 1571 1286 studia
1595 1252 1794 1284 alumnorum

1056 1306 1288 1349 praedictorum
1316 1305 1547 1343 concernentia,
1569 1315 1668 1347 aequa
1692 1309 1794 1336 tamen

1056 1365 1085 1392 et
1109 1360 1258 1400 honesta,
1284 1359 1442 1402 sacrisque
1468 1358 1639 1391 canonibus
1664 1363 1693 1390 et
1717 1357 1796 1390 Con-

1057 1413 1118 1446 cilii
1135 1413 1307 1445 Tridentini
1328 1413 1462 1445 decretis
1487 1422 1550 1445 non
1579 1411 1795 1455 repugnantia,

1057 1466 1187 1499 faciendi
1214 1472 1243 1498 et
1268 1465 1432 1505 condendi,
1457 1476 1536 1508 quae
1563 1470 1728 1509 postquam
1758 1465 1799 1496 fa-

1057 1525 1114 1561 cta,
1133 1520 1225 1559 edita,
1247 1523 1401 1558 revocata,
1422 1519 1587 1552 immutata
1607 1524 1635 1551 et
1657 1523 1798 1551 correcta

1058 1574 1183 1614 suerint,
1197 1573 1327 1617 perinde
1345 1573 1520 1605 habeantur
1533 1578 1563 1605 et
1580 1573 1798 1614 observentur,

1057 1639 1092 1661 ac
1117 1628 1142 1660 si
1168 1627 1351 1660 auctoritate
1377 1626 1551 1670 apostolica
1576 1626 1751 1674 approbata
1770 1630 1799 1657 et

1059 1681 1243 1714 confirmata
1268 1686 1381 1720 essent,
1400 1686 1495 1724 prout
1514 1680 1565 1712 illa
1589 1679 1628 1713 ab
1649 1680 1799 1712 omnibus

1058 1734 1130 1767 dieti
1157 1734 1281 1776 collegii
1300 1733 1435 1766 alumnis
1451 1733 1491 1765 ita
1512 1733 1621 1765 haberi
1648 1738 1676 1765 et,
1700 1733 1798 1765 invio-

1059 1788 1194 1820 labiliter
1219 1787 1379 1820 observari
1406 1786 1600 1828 mandamus,
1626 1787 1750 1829 plenam
1770 1792 1795 1818 et

1058 1842 1201 1882 liberam,
1226 1841 1411 1874 auctoritate
1428 1846 1457 1873 ct
1474 1845 1580 1874 tenore
1605 1840 1798 1884 praemissis,

1058 1896 1235 1928 facultatem
1261 1894 1476 1938 iml‘iertimur.

1104 1949 1118 1992 ξ
1136 1948 1186 1981 lt).
1212 1948 1299 1987 Quod
1314 1954 1417 1980 autem
1432 1948 1470 1980 ad
1484 1947 1638 1980 dictorum
1661 1947 1999 2002 3111111110--Μωῑὶῑκιιιιιὶιᾞριὲιιιέἶ

1059 2016 1128 2038 rum
1155 2002 1354 2037 admissionis
1375 2001 1503 2034 modum
1522 2007 1549 2034 et
1569 2002 1700 2034 sormam
1717 2002 1801 2034 dein·
1816 2009 1862 2027 ·’νυυ
1880 2009 2000 2056 '''-{,'-'{'''·'¹¹¹

1060 2069 1132 2102 ceps
1153 2056 1329 2090 habendam
1350 2056 1468 2095 attinet,
1494 2060 1649 2087 rectorem
1676 2055 1798 2098 praedi-
1815 2041 1907 2063 praesen
1926 2043 1947 2056 ¹¹

1060 2118 1144 2145 ctum
1166 2110 1239 2143 dicti
1261 2110 1395 2152 collegii,
1420 2120 1478 2152 pro
1504 2114 1645 2152 tempore
1666 2110 1800 2142 existen*

1061 2170 1132 2206 tem,
1154 2164 1273 2196 librum
1297 2163 1424 2203 habere,
1451 2162 1480 2194 in
1498 2173 1560 2205 quo
1577 2166 1725 2195 notentur
1745 2173 1800 2195 no-

1061 2218 1145 2250 mina
1162 2222 1191 2251 et
1204 2216 1403 2259 cognomina,
1418 2227 1452 2248 ac
1472 2215 1592 2259 patriae
1610 2220 1639 2248 et
1656 2222 1801 2259 parentes

1061 2273 1272 2309 alumnorum,
1295 2269 1347 2313 qui
1373 2269 1565 2313 recipientur
1583 2269 1613 2301 in
1638 2269 1720 2302 dicto
1742 2270 1801 2301 col-

1062 2325 1154 2367 legio,
1175 2330 1205 2357 et
1229 2335 1263 2357 ex
1290 2334 1326 2356 eo
1352 2323 1568 2363 dimittentur,
1593 2334 1629 2355 ex
1655 2323 1800 2366 dictoque.

1062 2378 1142 2411 libro
1159 2376 1289 2419 singulis
1314 2376 1402 2408 annis
1422 2376 1597 2418 catalogum
1617 2386 1726 2407 eorum
1748 2376 1800 2418 qui

1063 2431 1179 2474 recepti
1205 2436 1234 2463 et
1259 2430 1312 2473 qui
1344 2430 1464 2462 dimissi
1495 2430 1631 2469 suerint,
1657 2440 1727 2461 eum
1752 2429 1802 2461 die

1062 2495 1232 2527 menseque
1257 2484 1418 2526 ingressus
1439 2488 1468 2515 et
1488 2494 1633 2525 egressus
1657 2483 1801 2525 illorum,

1062 2538 1172 2571 nuntio
1197 2537 1358 2581 praedicto
1380 2537 1514 2576 mittere,
1539 2540 1573 2570 ut
1592 2537 1657 2580 ipse
1674 2536 1803 2569 nuntius

1063 2593 1150 2625 illum
1174 2592 1332 2635 praefatae
1357 2592 1394 2624 dc
1415 2591 1620 2634 Propaganda
1641 2591 1716 2623 Fide
1733 2601 1804 2624 con-

290 2648 398 2680 nostra
418 2652 471 2679 aut
487 2646 618 2679 Romani
631 2647 790 2680 Pontificis
808 2658 866 2691 pro
884 2652 1029 2692 tempore
1063 2647 1238 2691 gregationi
1264 2645 1476 2679 transmittere
1492 2645 1604 2689 possit,
1621 2645 1705 2689 quod
1722 2643 1747 2678 si
1766 2654 1802 2678 ex
