2248 3229
244 710 325 730 Causae
339 709 401 734 huius

218 737 383 757 Constituuoms.

257 2031 403 2053 Conni-matur.

222 2060 284 2083 prout
317 2064 336 2079 111
372 2064 404 2079 tu·

221 2084 287 2104 Mica.

217 223 265 251 An.
287 222 314 249 C.
338 222 404 249 1636
451 213 514 247 560
993 219 1171 244 nummum

734 269 830 301 nLV1.
1170 276 1173 290 ι

415 342 547 374 Fratres
571 340 705 373 Ordinis
722 339 942 372 Eremilarmu
961 339 1066 371 sancti
1084 339 1155 372 Au—

458 393 585 436 mistim
601 392 873 426 De'scalceatorum
893 396 1155 435 nuncupatorum

457 450 591 490 possunt
605 445 726 489 crigyere
743 455 867 478 crucem
886 445 920 478 in
931 445 1156 488 publicispro-

460 498 663 532 cessionibus.
1145 497 1148 501 ’

620 579 757 606 Urbanus
778 578 857 612 Papa
876 578 954 611 vm,

557 623 594 649 ad
613 623 745 650 futuram
764 622 810 649 rei
830 622 1012 649 memoriam.

460 695 551 734 Cum,
572 694 651 727 sicut
670 694 801 727 dilectus
822 693 905 726 silius
922 693 1092 727 modernus
1112 693 1156 726 vi-

417 748 519 780 carius
536 747 692 790 generalis
712 747 843 779 fratrum
863 747 987 780 Ordinis
1004 747 1156 779 Eremita-

416 811 487 833 rum
505 800 601 833 sancti
618 800 783 843 Augustini
802 799 1065 841 Discalceatorum
1083 810 1158 832 nun-

417 858 605 898 cupatorum
637 853 892 896 congregationis
926 853 1031 885 ltaliae
1066 853 1158 886 nobis

418 917 518 951 nuper
539 907 651 951 exponi
676 907 765 947 fecit,
786 906 878 948 alias,
899 913 1066 950 postquam
1092 906 1157 950 ipse

417 960 647 994 venerabilibus
661 960 810 992 fratribus
823 960 938 993 nostris
954 960 983 993 S.
998 961 1031 993 R.
1047 960 1079 992 E.
1095 970 1159 992 car-

417 1014 573 1047 dinalibus
598 1014 695 1047 sacris
719 1013 830 1047 ritibus
856 1013 1041 1057 praepositis
1066 1024 1159 1057 expo-

416 1068 528 1102 suisset
549 1067 726 1112 praedietos
750 1067 862 1099 fratres
886 1067 1093 1100 Discalceatos
1117 1067 1159 1099 in-

417 1121 568 1154 cederein
578 1120 834 1164 processionibus
844 1120 977 1163 publicis
994 1120 1051 1152 sub
1066 1130 1158 1152 cruce

417 1175 549 1207 fratrum
574 1173 783 1206 Eremitarum
810 1173 951 1205 eiusdem
977 1173 1074 1205 sancti
1102 1174 1159 1205 Au-

417 1227 544 1270 gustini,
562 1227 763 1270 petiissetque
788 1226 937 1258 fratribus
960 1226 1159 1259 Discalceatis

417 1279 597 1313 huiusmodi
612 1279 741 1312 concedi
754 1279 911 1312 licentiam
930 1279 1071 1322 erigendi
1086 1290 1159 1323 pro-

416 1334 516 1377 priam
536 1343 662 1366 crucem
677 1338 707 1365 et
724 1333 780 1365 sub
798 1335 831 1365 ea
856 1332 885 1364 in
904 1333 1159 1376 processionibus

416 1387 604 1427 incedendi,
629 1386 723 1419 iidem
754 1386 949 1418 venerabiles
980 1386 1091 1419 fratres
1116 1386 1156 1418 li-

418 1442 550 1475 centiam
572 1440 763 1484 praedictam
790 1440 942 1472 sratribus
960 1440 1159 1472 Discalceatis

419 1494 598 1538 huiusmodi
619 1494 676 1527 sub
694 1500 802 1526 nostro
818 1498 847 1527 et
863 1494 950 1527 Sedis
964 1494 1160 1537 Apostolicae
1177 1510 1178 1526 i

418 1547 615 1591 beneplacito
647 1547 880 1587 concesserint,
911 1546 1082 1579 dummodo
1107 1547 1157 1579 di-

418 1601 561 1644 gniorem
575 1601 678 1634 locum
697 1601 843 1634 omnibus
863 1600 931 1632 aliis
949 1600 1160 1643 regularibus,

418 1654 471 1699 qui
495 1655 645 1688 hactenus
666 1665 793 1687 crucem
813 1659 990 1695 erexerunt,
1012 1653 1162 1686 concede-

420 1713 498 1748 rent,
523 1713 618 1752 prout
645 1707 676 1740 in
707 1707 832 1739 decreto
858 1707 992 1750 desuper
1017 1711 1160 1740 emanato

420 1761 541 1805 plenius
561 1761 675 1793 dicitur
700 1760 870 1799 contineri,
896 1760 1061 1803 cupiatque
1085 1771 1159 1803 pro-

419 1819 527 1857 pterea
545 1813 646 1847 dictus
664 1813 798 1845 vicarius
815 1813 970 1855 generalis
987 1812 1160 1855 praemissa

420 1867 526 1900 omnia
542 1877 601 1909 pro
621 1866 748 1899 illorum
767 1865 924 1898 validitate
945 1871 974 1897 et
995 1865 1161 1898 subsisten-
1177 1887 1178 1890 =

421 1919 463 1952 tia
480 1919 675 1952 firmioribus
700 1919 889 1962 apostolicae
904 1924 1028 1951 nostrae
1046 1919 1160 1952 contir-
1177 1944 1178 1958 ,

422 1972 567 2019 motionis
582 1972 758 2016 patrocinio
776 1971 981 2004 communiri:
1177 2009 1179 2015 ⁴

465 2026 480 2069 ἓ
504 2025 533 2058 1.
560 2026 635 2065 Nos,
660 2025 777 2058 dictum
804 2025 955 2057 vicarium
982 2026 1159 2067 generalem

421 2079 610 2123 specialibus
637 2079 796 2111 favoribus
824 2084 853 2111 ct
877 2078 986 2120 gratiis
1011 2078 1160 2121 prosequi

422 2132 569 2172 volentes,
587 2137 617 2164 et
636 2142 652 2163 a
677 2131 841 2175 quibusvis
866 2131 1162 2164 excommunicatio-

422 2185 478 2226 nis,
497 2185 710 2229 suspensionis
731 2190 760 2217 et
782 2184 949 2224 interdicti,
967 2185 1099 2226 aliisque
1116 2195 1162 2216 ec-

421 2238 603 2271 clesiasticis
627 2238 799 2277 sententiis,
817 2237 958 2270 censuris
987 2242 1017 2269 ct
1041 2237 1179 2280 poenis„

421 2304 437 2324 a
463 2292 531 2326 iure
557 2293 603 2325 vel
628 2292 666 2324 ab
692 2292 839 2333 homine,
864 2291 972 2335 quavis
997 2291 1161 2324 occasione

422 2347 468 2379 vel
494 2347 587 2379 causa
612 2346 701 2386 latis,
728 2345 752 2377 si
782 2345 896 2388 quibus
925 2345 1180 2388 quomodolibet*

423 2399 587 2432 innodatus
603 2398 716 2438 existit,
730 2398 768 2430 ad
785 2398 929 2431 effectum
949 2397 1160 2441 praesentiunt

422 2452 579 2484 dumtaxat
594 2452 860 2495 consequendum,
878 2452 990 2484 harum
1016 2451 1096 2484 serie
1113 2450 1163 2483 ab·
1178 2466 1179 2480 2

423 2505 577 2538 solventes
609 2510 639 2537 et
672 2505 850 2537 absolutum
884 2505 950 2537 sore
978 2509 1139 2537 censentes
1154 2530 1161 2544 ,

424 2557 706 2600 supplicationibus
719 2558 801 2590 illius
816 2558 942 2590 nomine
960 2557 1049 2590 nobis
1067 2568 1161 2600 super

425 2611 482 2643 boc
508 2611 667 2645 humiliter
695 2612 848 2655 porrectis
879 2611 1026 2653 inclinati,
1055 2611 1180 2653 decre-1

1195 219 1348 243 nomnen
1938 219 1987 245 An.
2003 219 2033 246 G.
2055 218 2122 245 1636

1188 271 1254 298 tum
1279 266 1486 309 praedictum,
1511 276 1547 299 ac
1570 266 1674 300 omnia
1698 272 1727 300 et
1751 267 1873 310 singula
1892 267 1924 300 in

1189 329 1225 352 eo
1243 323 1398 360 contenta,
1415 318 1587 362 apostolica
1604 319 1799 361 auctoritate,
1815 325 1923 353 tenore

1188 372 1410 416 praesentium,
1425 371 1647 405 confirmamus
1660 377 1690 405 et
1705 374 1925 416 approbamus,

1190 427 1312 470 illisque
1338 425 1525 459 inviolabilis
1554 426 1744 470 apostolicae
1769 427 1926 461 firmitatis

1190 480 1287 512 robur
1311 479 1485 520 adiieimus,
1514 490 1550 512 ac
1579 489 1687 512 omnes
1720 484 1750 512 et
1778 479 1926 522 singulos,

1191 538 1251 564 tarn
1288 531 1365 564 iuris
1401 542 1495 575 quam
1523 531 1596 564 facti
1629 531 1788 571 defectus,
1818 531 1843 564 si
1874 533 1927 575 qui

1190 585 1327 628 desuper
1351 585 1588 628 quomodolibet
1605 584 1838 625 intervenerint,
1855 595 1928 629 sup-

1190 639 1321 683 plemus.

1235 693 1249 736 §
1274 692 1302 724 ⁶3.
1329 692 1537 724 Decernentes
1561 692 1622 733 illa,
1639 701 1760 725 necnon
1781 701 1928 736 praesen·
1974 704 2085 725 nuci-unm
2101 711 2126 725 is.

1191 751 1236 778 tes
1260 745 1388 786 litteras,
1408 744 1519 786 valida,
1535 744 1627 777 firma
1651 750 1681 777 et
1704 745 1842 778 efficacia
1865 744 1928 778 exi·
1945 733 2016 752 “¹³⁰²

1191 803 1273 831 stere
1290 803 1319 830 et
1336 798 1412 839 sore,
1431 808 1566 842 suosque
1579 798 1737 841 plenarios
1750 803 1780 831 et
1790 798 1930 840 integros

1191 851 1320 886 effectus
1345 850 1451 883 sortiri
1476 856 1506 883 et
1529 851 1681 891 obtinere,
1699 851 1852 894 dictisque
1867 851 1931 884 sra-

1192 904 1294 937 tribus
1314 903 1512 937 Discalceatis
1534 903 1714 936 huiusmodi
1734 903 1765 935 in
1787 903 1932 936 omnibus

1192 963 1221 990 et
1238 968 1295 1002 per
1311 957 1416 990 omnia
1430 957 1597 1000 suffragari
1614 957 1738 997 debere,
1755 967 1791 989 ac
1807 956 1931 989 irritum

1192 1017 1222 1044 et
1239 1011 1340 1052 inane,
1361 1011 1385 1043 si
1407 1010 1482 1054 quid
1507 1021 1596 1043 secus
1617 1020 1712 1054 super
1737 1009 1786 1042 his
1811 1020 1933 1053 a·quo-

1193 1075 1341 1107 cumque,
1369 1064 1477 1106 quavis
1502 1063 1702 1103 auctoritate,
1726 1062 1860 1095 scienter
1884 1063 1931 1095 vel

1192 1118 1382 1160 ignoranter,
1400 1117 1567 1160 contigerit
1584 1116 1738 1150 attentari.

1237 1172 1251 1214 ἓ
1275 1171 1304 1204 3.
1330 1171 1398 1204 Non
1430 1170 1625 1204 obstantibus
1656 1169 1930 1203 constitutionibus
1988 1210 1991 1215 Ι
2017 1181 2129 1210 cinnano

1193 1229 1223 1256 ct
1247 1223 1498 1257 ordinationibus
1522 1223 1712 1266 apostolicis,
1730 1233 1765 1255 ac
1782 1223 1857 1255 dicti
1878 1222 1932 1256 Or-
1947 1213 2106 1229 “uhfflwfflffl'

1193 1277 1295 1320 dinis,
1336 1277 1429 1310 etiam
1462 1277 1660 1316 iuramento,
1693 1276 1932 1309 confirmatione

1193 1331 1376 1374 apostoliea,
1398 1330 1446 1362 vel
1471 1329 1580 1373 quavis
1600 1329 1748 1362 firmitate
1765 1329 1824 1361 alia
1843 1329 1934 1362 robo-

1194 1384 1278 1425 ratis,
1288 1383 1409 1417 statutis
1420 1388 1449 1415 et
1459 1382 1749 1423 consuetudinibus,
1760 1382 1933 1426 ceterisque

1194 1436 1361 1470 contrariis
1377 1436 1638 1479 quibuscumque.

1236 1491 1347 1522 Datum
1373 1491 1499 1529 Romae,
1525 1489 1608 1532 apud
1633 1489 1661 1522 S.
1687 1489 1817 1521 Mariam
1842 1488 1934 1521 Maio-

1195 1555 1272 1583 rem,
1290 1544 1349 1576 sub
1367 1543 1482 1576 annulo
1506 1542 1684 1583 piscatoris,
1703 1541 1753 1575 die
1769 1551 1779 1575 1
1793 1541 1932 1575 octobris

1195 1606 1364 1639 uncxxxw,
1378 1596 1578 1640 pontificatus
1598 1595 1696 1628 nostri
1717 1605 1799 1628 anno
1824 1605 1888 1629 xiv.

1231 1659 1288 1686 Dat.
1311 1658 1353 1685 die
1371 1660 1381 1685 1
1401 1657 1519 1685 octobris
1534 1657 1614 1690 1636,
1631 1657 1726 1692 pontis.
1744 1665 1813 1684 anno
1829 1664 1883 1683 xw.

1512 1773 1621 1807 DLVII.

1194 1847 1290 1889 Reyis
1316 1846 1469 1878 catholici
1492 1844 1578 1878 zelus
1603 1845 1775 1885 excitatur,
1800 1854 1839 1876 ne
1859 1854 1933 1887 per-

1239 1900 1349 1932 mittat
1384 1910 1404 1930 a
1427 1899 1495 1930 suis
1520 1898 1683 1930 ministris
1708 1897 1871 1930 nonnulla
1894 1908 1936 1930 ec-

1239 1953 1413 1985 etesiarum
1438 1952 1520 1984 bona
1536 1951 1572 1984 in
1588 1951 1815 1994 Portu-(salliae
1840 1961 1936 1993 renna

1239 2005 1392 2048 occupari
1406 2004 1422 2036 ¹.

1196 2076 1376 2104 Charissimo
1397 2075 1427 2102 in
1444 2075 1561 2102 Christo
1580 2074 1642 2102 filio
1662 2077 1766 2102 nostro
1788 2074 1936 2109 Philippo,

1232 2122 1248 2147 Ρ
1256 2120 1435 2154 ortugalliao
1452 2122 1482 2146 et.
1491 2119 1696 2154 Alqarbiorum
1705 2118 1768 2153 regi
1778 2118 1936 2151 catholico,

1390 2174 1525 2200 Urbanus
1553 2173 1632 2207 Papa
1659 2173 1738 2200 VIII.

1280 2235 1458 2263 charissime
1478 2235 1509 2262 in
1530 2235 1648 2262 christo
1667 2235 1710 2262 fili
1731 2237 1851 2268 noster,

1247 2282 1375 2308 salutem
1392 2284 1422 2307 et,
1437 2280 1632 2314 apostolicam
1647 2279 1888 2307 benedictionem

1240 2342 1408 2375 Pastor-alis
1426 2342 1520 2375 officii
1545 2342 1644 2375 nostri
1669 2341 1808 2374 debitum
1833 2346 1863 2374 et
1882 2341 1935 2375 ho-
1977 2358 2098 2378 fixi-...immi

1178 2406 1180 2416 ¹
1196 2396 1281 2430 noris
1307 2396 1419 2428 domus
1444 2395 1497 2428 Dei
1515 2396 1609 2435 zelus,
1627 2405 1689 2438 quo
1706 2395 1737 2427 in
1762 2394 1884 2427 tuendis
1900 2405 1934 2427 ac

1196 2450 1306 2482 sai-ctis
1320 2449 1470 2493 tectisque
1488 2449 1710 2482 conservandis
1728 2449 1933 2482 ecclesiarum

1196 2504 1318 2536 iuribus
1343 2503 1466 2536 assidue
1490 2503 1614 2536 solliciti
1632 2513 1750 2543 sumus,
1771 2512 1834 2534 non
1858 2501 1935 2545 pati-

1197 2562 1256 2598 tur,
1278 2563 1311 2589 ut
1333 2568 1369 2590 ca
1393 2556 1631 2590 conniventibus
1647 2556 1745 2589 oeulis
1762 2559 1935 2599 praeterea-

1234 2621 1241 2644 1
1262 2618 1297 2645 L‘v
1314 2619 1419 2653 tugost.
1437 2618 1462 2644 iu
1478 2618 1577 2645 Secret.
1595 2617 1672 2644 Brev.
