2248 3229
109 230 160 257 An.
179 229 209 257 C.
226 229 290 258 1631

135 1781 264 1805 Man-tatum,
273 1781 299 1802 de

115 1813 157 1836 quo
170 1810 191 1829 iu
206 1809 299 1830 rubrica.

137 2258 187 2280 eum
198 2259 301 2280 facultati-

117 2285 156 2307 bus
171 2288 302 2313 opportunis.

918 225 1062 250 t‘RBANt'S
1086 224 1143 250 VIII
1166 225 1216 249 rr.

308 276 540 322 complemento
557 275 776 320 exequutionis
799 285 909 309 eorum
927 274 964 308 de
981 275 1049 318 qui-

307 331 366 363 bus
390 330 422 362 in
445 329 666 373 capitulatione
691 329 836 363 Cherasci
863 328 1016 368 convenit,
1033 337 1050 360 a

308 383 459 416 ministris
477 382 655 416 charissimi
679 383 711 415 in
736 382 858 416 Christo
878 382 933 414 filii
951 380 1050 415 nostri

308 436 497 470 Ferdinandi
512 437 726 469 Romanorum
742 436 825 478 regis
840 436 871 468 in
885 436 1052 479 imperato-

310 499 376 522 rem
395 489 485 522 electi
504 488 654 522 ministris
677 488 751 521 dicti
768 488 870 521 Caroli
888 488 976 521 ducis
993 487 1051 520 sub

310 541 420 575 eadem
430 541 480 574 (110
491 551 557 574 xxu
567 539 574 557 ¹
584 541 700 573 mensis
710 540 897 584 septembris
909 540 1052 573 restituta

309 605 365 628 seu
388 594 571 636 consignata
596 593 706 635 suerit,
736 593 900 637 dictusque
924 593 1052 626 Carolus

308 647 370 680 dux
395 647 488 680 etiam
514 647 724 689 contrasigna,
744 647 782 680 de
801 647 916 690 quibus
935 646 1053 690 pariter

309 704 508 740 convenerat,
527 699 658 741 miserit,
680 705 710 732 et
735 699 787 732 illa
811 699 867 740 eis,
887 709 966 743 quae
984 699 1052 742 ipse

309 753 347 786 ad
372 763 429 787 nos
445 757 536 786 antea
559 753 696 795 miserat,
717 752 912 786 concordare
929 762 1053 796 repere-

309 807 421 848 rimus,
439 810 670 851 proptereaque
687 806 793 839 omnia
812 810 841 840 et
863 806 997 849 singula,
1015 805 1054 838 de

309 861 426 905 quibus
451 861 482 893 in
506 860 589 894 (11010
607 861 677 894 loco
694 860 840 894 Cherasei
858 860 915 893 sub
933 860 983 892 die
1002 870 1053 892 xlx

310 914 388 948 iunii
405 914 519 948 ultimo
539 919 738 954 convenerat,
755 913 857 957 quoad
882 913 1053 957 praemissa

310 979 348 1002 cx
372 973 463 1012 parte
487 967 563 1001 dieti
586 966 774 1000 Ferdinandi
793 967 877 1010 regis
901 966 933 999 in
958 967 1055 1011 impc-

310 1028 450 1056 ratorem
468 1021 558 1055 electi
582 1021 750 1065 adimpleta
774 1019 846 1061 sint,
863 1031 921 1064 pro
941 1021 1055 1064 quibus

312 1086 422 1110 secure
439 1074 495 1108 ad⁹
511 1074 753 1118 exequutionem
770 1073 996 1106 demandandis
1013 1073 1056 1107 (li-

309 1129 382 1162 lecti
398 1128 454 1162 filii
472 1128 618 1162 colonelli
631 1127 775 1161 Octavius
792 1127 1054 1168 Piccolomineus,

310 1182 388 1216 baro
411 1182 542 1215 Ioannes
562 1181 700 1226 Baptista
719 1181 868 1222 Ecclesia,
886 1186 916 1214 et
935 1180 1056 1214 viceco-

311 1245 378 1269 mes
387 1234 608 1275 Wissebensis,
619 1234 760 1268 eiusdem
772 1234 961 1267 Ferdinandi
971 1234 1055 1277 regis

311 1289 343 1322 in
357 1289 583 1333 imperatorem
597 1288 686 1321 electi
699 1287 916 1328 cubicularis&
930 1288 1055 1321 obsides

310 1342 402 1376 nobis
426 1341 489 1375 dati
513 1342 650 1382 fuerunt,
675 1341 739 1375 suis
764 1342 833 1374 loco
861 1346 891 1374 et
914 1345 1056 1385 tempore

311 1395 514 1436 restituendi,
539 1395 595 1428 tibi
618 1406 693 1429 vero
724 1405 782 1440 per
811 1400 935 1428 nostras
960 1395 992 1427 in
1016 1394 1056 1428 si-

312 1449 379 1482 mili
396 1449 499 1483 sorma
516 1449 622 1482 Brevis
647 1450 807 1494 expeditas
826 1450 957 1490 litteras,
979 1459 1055 1493 qua-

312 1513 384 1535 rum
410 1507 534 1536 tenores
569 1503 792 1546 praesentibus
826 1513 885 1547 pro
910 1503 1002 1546 plene
1027 1507 1055 1535 et

313 1556 505 1589 sufficienter
529 1557 685 1600 expressis
710 1555 820 1589 haberi
846 1556 998 1597 volumus,
1012 1555 1057 1588 in-

313 1608 524 1649 iunxerimus,
541 1615 576 1641 ut
593 1609 717 1642 obsides
735 1609 915 1642 huiusmodi
941 1609 1058 1653 recipe-

313 1671 364 1694 res
381 1662 505 1695 nonnisi
522 1661 580 1695 sub
598 1663 692 1695 certis
709 1662 804 1696 modo
822 1668 851 1695 et
870 1663 970 1695 forma
985 1668 1057 1696 tunc

314 1714 472 1759 expressis
496 1715 706 1748 restituendos
718 1715 745 1747 ⁴:

358 1768 374 1812 g
397 1768 427 1801 ⁹2.
448 1768 520 1808 Nos,
538 1768 722 1812 praemissis
738 1768 873 1809 attentis,
893 1773 919 1801 et
942 1768 974 1800 in
994 1768 1057 1801 rim

316 1821 545 1865 capitulorum,
574 1821 612 1854 de
644 1822 768 1865 quibus,
796 1828 830 1854 nt
861 1822 1057 1866 praefertur,

315 1875 470 1914 convenit,
482 1874 607 1907 obsides
623 1875 801 1918 praedictos
818 1875 955 1908 libertati
971 1876 1058 1910 resti-

314 1928 446 1961 tuendos
471 1938 539 1961 esse
572 1933 754 1969 censentes,
780 1929 1057 1972 circumspectioni

315 1986 385 2014 tuae
402 1992 458 2025 per
474 1986 656 2025 praesentes
670 1981 874 2025 iniungimus,
892 1987 926 2014 ut
943 1982 1057 2023 statim,

315 2035 453 2078 acceptis
477 2035 711 2078 praesentibus,
732 2035 856 2068 obsides
881 2035 1058 2078 praedictos

314 2088 407 2131 plena
431 2088 574 2120 libertate
598 2088 715 2129 dones,
741 2088 864 2131 illisque
894 2094 924 2121 ct
948 2099 1057 2121 corum

316 2142 462 2181 cuilibet,
487 2152 550 2185 quo
574 2141 632 2174 sibi
654 2142 809 2185 placuerit
840 2142 933 2175 eundi
963 2143 1058 2176 facul-

316 2201 411 2228 tatem
436 2194 598 2228 concedas.

361 2252 375 2293 g
399 2248 428 2282 3.
454 2250 604 2282 Volumus
629 2254 744 2291 autem,
761 2255 795 2283 ut
820 2261 914 2294 super
938 2251 1059 2295 praedi-

317 2308 440 2336 ctorum
465 2302 610 2336 obsidum
634 2303 831 2344 liberatione,
864 2315 935 2337 cum
961 2315 1055 2348 prae-

318 2356 451 2390 sentium
477 2366 513 2389 ae
536 2356 677 2389 omnium
707 2362 738 2390 et
761 2357 959 2401 singulorum
984 2358 1060 2391 alio-

354 2459 365 2484 1
383 2456 420 2484 Ex
436 2456 591 2492 praemissis
606 2456 754 2492 legendum
768 2458 838 2485 foret
852 2464 888 2484 xx
902 2459 942 2492 (n.
954 2464 970 2485 τ
984 2458 1003 2493 ).

351 2501 367 2529 2
382 2501 533 2536 Praeposit.
549 2501 587 2528 ad
602 2509 652 2528 nos
666 2501 791 2529 addimus
805 2502 906 2536 (2312).

352 2546 368 2574 3
383 2546 420 2573 Ex
435 2546 486 2573 loc.
503 2546 598 2582 parali.
615 2554 678 2581 pag.
694 2545 746 2573 232
765 2546 874 2582 legend.
891 2546 962 2574 soret
980 2547 1058 2575 cubi-

317 2592 425 2620 cularii
439 2593 478 2625 (R.
495 2591 542 2626 T.).

351 2636 370 2663 4
387 2636 454 2664 Vide
473 2643 555 2672 supra
574 2643 636 2671 pag.
653 2635 700 2664 231
719 2636 757 2671 (n.
769 2636 816 2671 T.).

1084 284 1177 314 rum,
1207 281 1287 317 quae
1311 281 1369 316 pro
1399 269 1580 315 praemissis
1604 268 1665 303 rite
1688 272 1717 303 et
1740 273 1825 302 reete

1084 326 1274 371 peragendis
1303 324 1485 358 neccssaria
1508 327 1539 358 et
1562 327 1740 368 opportuna
1762 321 1827 356 fue-

1084 381 1160 423 rint,
1186 379 1367 419 insertione,
1393 378 1556 423 publicum
1582 377 1825 411 instrumentum

1085 433 1197 467 confici
1223 436 1253 466 et
1277 432 1429 465 celebrari
1455 442 1557 465 eures.

1129 487 1241 519 Datum
1251 486 1378 527 Romae,
1393 485 1474 529 apud
1485 485 1514 519 S.
1526 484 1654 518 Mariam
1666 484 1826 525 Maiorem,

1087 540 1144 573 sub
1161 540 1276 573 annulo
1290 539 1529 579 Piscatoi·is,die
1544 549 1618 572 xx1v
1639 537 1828 582 septembris

1086 604 1241 635 mcxxxi,
1266 594 1467 638 pontificatus
1490 593 1590 626 nostri
1614 603 1696 626 anno
1720 603 1763 627 lx.

1122 655 1181 684 Dat.
1197 655 1240 683 die
1255 655 1290 683 24
1305 654 1469 691 septembris
1486 653 1564 688 1631,
1580 654 1676 690 pontif.
1692 662 1761 682 anno
1776 660 1814 682 ix.

1396 781 1518 815 CDXVI.

1087 861 1179 895 Idem
1200 861 1395 895 mandalum
1421 861 1459 894 dc
1483 860 1692 894 restituendis
1712 859 1831 894 obsidi-

1110 922 1112 924 '
1133 915 1189 948 hus
1213 915 1301 948 <tatis
1325 925 1344 948 a
1368 925 1440 958 reye
1465 913 1686 949 Galliarum&

1088 986 1204 1014 Dilecto
1223 985 1285 1013 filio
1306 989 1409 1013 nostro
1434 984 1538 1013 Ioanni
1562 984 1717 1018 Baptistae
1745 984 1831 1012 tituli

1125 1031 1155 1058 S.
1169 1031 1317 1066 sylvestri
1333 1030 1363 1057 in
1376 1029 1478 1064 capite
1493 1029 1670 1063 presbytero
1686 1028 1832 1056 cardinali

1123 1075 1253 1102 Pallotto
1274 1076 1459 1108 nuncupato,
1476 1074 1508 1100 in
1529 1073 1653 1101 civitate
1673 1075 1705 1100 et
1721 1075 1832 1101 ducatu

1123 1119 1237 1146 nostris
1253 1118 1495 1147 Ferrariensihus
1515 1121 1619 1146 nostro
1639 1120 1670 1146 et
1684 1117 1833 1152 Apostoli·

1125 1171 1177 1192 cae
1197 1163 1283 1192 Sedis
1305 1163 1340 1191 de
1360 1164 1457 1191 latere
1477 1164 1589 1198 legato,

1299 1217 1435 1244 Urbanus
1451 1217 1530 1251 Papa
1544 1216 1623 1244 VIII.

1365 1279 1480 1307 Dilecte
1500 1278 1554 1309 fili,

1126 1325 1255 1353 salutem
1278 1326 1310 1352 et
1331 1325 1526 1359 apostolicam
1545 1323 1796 1352 benedictionem.

1135 1397 1150 1440 ξ
1174 1397 1204 1429 l.
1233 1396 1320 1436 Cum,
1346 1396 1427 1428 sicut
1450 1406 1487 1429 ex
1510 1395 1623 1428 litteris
1647 1394 1752 1429 dilecti
1776 1393 1832 1428 filii

1091 1450 1205 1483 nobilis
1230 1449 1289 1482 viri
1315 1448 1467 1482 Victoris‘z
1484 1449 1659 1482 Sabaudiae
1683 1448 1772 1482 ducis
1796 1448 1834 1481 ad

1091 1514 1148 1537 nos
1165 1503 1222 1536 suh
1240 1503 1290 1536 (110
1307 1513 1348 1536 xx
1366 1502 1539 1546 praesentis
1563 1501 1679 1535 mensis
1703 1506 1837 1546 septem-

1091 1556 1158 1589 bris
1182 1555 1361 1589 Moncalerii
1387 1555 1466 1588 datis
1493 1555 1683 1599 accepimus,
1707 1555 1835 1599 oppida,

1093 1610 1158 1643 sire
1182 1610 1261 1650 loca,
1279 1609 1317 1642 de
1341 1609 1455 1653 quibus
1474 1609 1505 1641 in
1522 1609 1744 1652 capitulatione
1762 1609 1837 1642 Che-

1092 1664 1174 1696 rasci
1200 1663 1354 1704 convenit,
1381 1674 1398 1695 a
1426 1663 1578 1695 ministris
1603 1662 1780 1696 charissimi
1806 1662 1837 1694 in

1092 1717 1214 1750 Christo
1247 1716 1303 1749 filii
1336 1716 1435 1749 nostri
1468 1715 1616 1748 Ludovici
1642 1715 1836 1749 Francorum

1093 1770 1177 1813 regis
1202 1769 1455 1803 christianissimi
1479 1768 1563 1802 (11010
1588 1768 1726 1802 Victorio
1746 1768 1838 1811 duci,

1094 1823 1157 1855 sive
1171 1823 1238 1855 eius
1252 1822 1413 1863 ministris,
1429 1822 1572 1856 restituta
1584 1822 1712 1861 suerint,
1725 1822 1839 1856 dictus-

1093 1887 1154 1919 que
1180 1875 1335 1908 Victorius
1360 1875 1421 1908 (lux
1446 1875 1538 1908 etiam
1564 1875 1774 1919 contrasigna,
1800 1876 1838 1910 de

1094 1929 1209 1973 quihus
1229 1929 1347 1973 pariter
1372 1934 1571 1969 convenerat,
1589 1929 1720 1969 miserit,
1738 1935 1768 1962 et
1785 1929 1837 1963 illa

1094 1983 1156 2025 eis,
1182 1994 1261 2027 quae
1286 1983 1323 2015 acl
1349 1993 1406 2015 nos
1432 1988 1520 2015 antea
1548 1983 1686 2024 miserat,
1711 1994 1839 2017 concor-

1094 2037 1168 2069 dare
1193 2036 1417 2080 repererimus,
1436 2041 1668 2080 proptereaque
1688 2037 1791 2069 omnia
1809 2042 1839 2071 et

1094 2090 1227 2133 singula,
1246 2090 1283 2122 (10
1301 2090 1415 2133 quihus
1440 2091 1471 2122 in
1491 2090 1574 2123 «licto
1598 2090 1668 2123 loeo
1693 2090 1837 2124 Cherasci

1094 2145 1151 2176 sul)
1167 2143 1215 2176 (110
1230 2153 1284 2177 xtx
1302 2143 1378 2176 iunii
1394 2143 1504 2176 ultimo
1523 2150 1721 2184 convenerat,
1735 2144 1838 2188 quoad

1094 2197 1267 2241 praemissa
1292 2208 1326 2230 ex
1352 2202 1441 2241 parte
1473 2197 1546 2229 dicti
1572 2197 1722 2231 Ludovici
1753 2198 1838 2241 regis

1094 2251 1265 2294 adimpleta
1294 2251 1376 2293 sint,
1402 2261 1461 2294 pro
1487 2251 1601 2294 quihus
1631 2262 1741 2284 secure
1766 2262 1837 2285 exe-

1094 2304 1268 2348 quatione⁸
1288 2304 1522 2345 ctemandandis,
1547 2305 1651 2338 dilecti
1676 2305 1733 2337 filii
1758 2316 1838 2338 mar-

1094 2359 1164 2391 chio
1180 2359 1217 2391 (10
1243 2359 1361 2392 Tarans
1387 2359 1601 2391 maresciallus
1622 2359 1734 2403 campi,
1752 2369 1837 2392 mar-

1094 2413 1165 2447 chio
1194 2413 1233 2446 (10
1260 2414 1428 2455 Nerestan,
1449 2413 1645 2447 colonnellus
1669 2413 1761 2446 unius
1785 2423 1836 2446 re-

1132 2503 1139 2529 1
1160 2502 1197 2529 Ex
1213 2502 1319 2537 Regest.
1336 2502 1363 2528 in
1379 2501 1480 2529 Seeret.
1503 2501 1636 2528 Brevium.

1129 2546 1145 2573 2
1160 2546 1317 2581 Legendum
1336 2547 1458 2574 Victorii
1472 2546 1509 2581 (R.
1523 2547 1572 2581 T.).

1129 2591 1145 2618 3
1164 2592 1258 2619 Potius
1279 2591 1471 2627 excrluutz‘onz'
1490 2590 1532 2619 vel
1557 2591 1595 2619 acl
1614 2590 1836 2627 exequutionem

1096 2640 1131 2671 in·
1144 2636 1193 2671 T.).

1725 210 1790 244 947
1837 219 1889 250 Λ11,
1908 220 1936 248 C.
1953 220 2019 250 1631

1907 1403 2031 1429 Adimpletis

1849 1437 1886 1458 per
1919 1432 2033 1453 Galliarum

1849 1465 1919 1484 segem
1945 1463 2035 1478 conveu-

1849 1486 1943 1506 tiouibus
1958 1484 2036 1506 Chora·

1851 1513 1881 1533 sei
1896 1512 1964 1536 initis,
