2221 3224
202 253 251 281 An.
273 253 302 280 C.
320 253 386 280 1629

246 1797 296 1818 Dor(
304 1799 337 1822 gat
346 1802 395 1816 eon-

213 1826 289 1844 trariis.

433 244 475 279 94

398 302 466 346 pari
491 300 685 339 mandamus,
710 303 864 342 quatenus
888 298 957 341 ipsi,
982 298 1030 329 vel
1055 297 1135 337 duo,

399 359 451 389 aut
474 365 554 387 unus
579 364 699 392 eorum,
724 363 780 396 per
805 362 847 392 se,
872 351 920 384 vel
945 351 1056 390 alium,
1082 361 1136 383 seu

400 409 486 450 alios,
500 413 680 451 praesentes
694 407 823 445 litteras,
841 409 871 437 et
887 404 917 437 in
936 404 979 437 eis
993 409 1137 439 contenta

400 471 626 503 quaecumque,
647 459 700 491 ubi
725 464 754 491 et
779 457 903 501 quando
927 467 1007 501 opus
1031 456 1136 497 suerit,

400 519 430 546 et
453 514 575 557 quoties
598 523 655 555 pro
680 516 768 555 parte
792 510 949 543 Francisci
971 509 1138 543 cardinalis

400 572 429 598 et
454 567 520 598 eius
538 567 567 598 in
585 565 675 598 dictis
694 564 892 598 monasteriis
909 574 1136 605 successorum,

400 619 446 651 vel
467 620 600 652 aliorum
618 629 755 662 quorum
780 618 919 650 savorem
942 617 994 649 illa
1014 627 1139 650 concer-

399 678 485 713 nunt,
510 671 626 704 suerint
649 671 802 714 requisiti,
829 671 1012 704 solemniter
1036 669 1138 713 publi-

400 730 514 764 cantes,
539 724 662 767 illisque
686 723 820 756 efficacis
838 723 1026 756 defensionis
1051 733 1140 766 prae—

401 777 479 809 sidio
489 777 677 818 assistentes,
690 777 811 817 saciant,
822 776 1006 809 auctoritate
1020 778 1139 816 nostra,

401 830 524 863 casdem
550 835 730 874 praesentes
755 831 874 862 litteras
895 835 924 862 et.
948 830 979 862 in
997 829 1041 862 eis
1066 840 1140 862 con-

402 889 484 916 tenta
519 884 699 917 huiusmodi
730 883 768 915 ab
793 883 960 923 omnibus,
992 883 1031 915 ad
1062 894 1141 926 quos

402 940 519 979 spectat
544 942 573 969 et
594 948 651 980 pro
671 942 812 980 tempore
834 936 986 980 spectabit,
1013 947 1142 979 quomo-

402 990 518 1022 dolibet.
531 990 560 1022 in
575 990 727 1030 futurum,
738 990 871 1022 tirmiter
881 993 910 1023 ct
921 989 1142 1022 inviolabiliter

402 1043 578 1082 observari,
604 1054 639 1075 ac
663 1043 864 1076 Franciscum
886 1043 1087 1084 cardinalem,
1114 1048 1143 1075 et

403 1096 470 1129 eius
484 1096 514 1128 in
529 1097 727 1129 monasteriis
738 1097 917 1129 huiusmodi
933 1107 1142 1137 successores,

403 1149 542 1192 aliosque
559 1151 724 1193 praelatos,
740 1150 799 1181 illis
812 1150 941 1193 pacifice
957 1149 1017 1181 frui
1032 1153 1061 1182 et.
1072 1160 1144 1192 gau-

404 1203 495 1241 dere3
521 1213 583 1235 non
607 1203 823 1246 permittentes
849 1213 902 1235 eos
927 1203 1063 1246 desuper
1086 1213 1144 1246 per

404 1266 620 1298 quoscumque
641 1256 878 1298 quomodolibet.
898 1255 1034 1287 indebite
1051 1256 1145 1288 mole-

405 1309 497 1348 stari,
524 1310 771 1341 contradictores
797 1309 950 1352 quoslibet
970 1312 998 1341 et
1011 1308 1144 1341 rebelles

405 1374 463 1405 per
499 1373 646 1395 censuras
683 1368 712 1395 ct
747 1373 863 1406 poenas
897 1363 1144 1403 ecclesiasticas,

406 1417 530 1459 aliaque
547 1422 723 1459 opportuna
746 1416 822 1449 iuris
847 1422 875 1448 et
900 1417 969 1448 sacti
987 1416 1143 1458 remedia,

406 1469 616 1512 appellatione
642 1480 839 1512 ‹pi-‘icmnqmi=
865 1471 997 1509 remota,
1019 1480 1145 1513 compe-

408 1522 532 1560 scendo,
557 1532 592 1554 ac
617 1522 793 1562 sententias,
819 1532 967 1554 censuras
988 1528 1015 1554 et
1030 1533 1145 1566 poenas

409 1577 508 1620 ipsas,
534 1579 654 1609 servata
680 1577 781 1609 forma
805 1577 934 1609 Concilii
955 1576 1145 1616 Tridentini,

410 1630 502 1661 etiam
529 1630 646 1661 iteratis
671 1630 791 1662 vicibus
816 1629 1033 1672 aggravando,
1059 1629 1146 1662 invo-

410 1688 478 1715 cato
503 1683 541 1714 ad
566 1683 636 1723 boc,
661 1683 684 1715 si
711 1693 789 1726 opus
812 1683 915 1722 l'uerit,
940 1682 1056 1715 auxilio
1079 1683 1148 1716 bra-

410 1736 471 1768 cliii
497 1737 654 1769 secularis.
915 1770 918 1773 Δ

455 1790 469 1832 g
492 1789 542 1822 20.
568 1791 636 1822 Non
661 1789 855 1822 obstantibus
879 1789 942 1822 litis
965 1789 1147 1833 pendentia,

410 1842 540 1885 aliisque
561 1835 751 1886 praemissis,
767 1853 812 1884 ac,
835 1848 988 1886 quatenus
1005 1853 1082 1885 opus
1101 1843 1147 1882 sit,

410 1899 518 1928 nostra
543 1896 579 1927 de
600 1896 667 1928 iure
692 1896 832 1939 quaesito
856 1906 918 1928 non
939 1896 1086 1936 tollendo,
1114 1906 1149 1928 ac

411 1949 594 1982 recolendae
615 1949 786 1981 memoriae
807 1949 891 1981 Pauli
910 1949 1008 1991 Papae
1026 1949 1050 1980 ll
1068 1948 1150 1980 simi-

359 2036 362 2039 ,
412 2003 482 2035 liter
507 2002 759 2046 praedecessoris
783 2002 882 2035 nostri
913 2002 950 2034 de
975 2002 1070 2034 rebus
1094 2002 1150 2034 Ec-

413 2056 524 2087 clesiae
539 2066 600 2087 non
616 2055 796 2096 alienandis,
814 2055 947 2100 aliisque
961 2055 1149 2098 al'iostolicis,

412 2116 534 2139 necnon
560 2107 590 2138 in
616 2106 814 2138 Lateranensi
834 2111 863 2138 et
880 2106 948 2138 aliis
973 2105 1153 2138 universali-

413 2159 471 2192 bus
495 2170 616 2192 necnon
638 2159 883 2203 provincialibus
904 2164 930 2191 et
952 2159 1151 2202 synodalibus

415 2213 555 2246 conciliis
580 2212 669 2245 editis
694 2213 739 2245 vel
767 2212 904 2253 edendis,
924 2212 1153 2245 constitutioni-

414 2267 473 2299 bus
509 2272 538 2299 et
574 2266 841 2305 ordinationibus,
863 2276 897 2298 ac
922 2266 1068 2298 omnibus
1091 2266 1152 2298 illis

415 2330 494 2362 quae
519 2320 632 2352 Paulus
658 2324 687 2353 et
708 2320 879 2361 Gregorius
895 2319 1152 2362 praedecessores

414 2373 543 2417 praefati
562 2374 592 2405 in
606 2373 737 2415 singulis
755 2384 863 2406 corum
878 2373 994 2405 litteris
1007 2373 1152 2416 praefatis

415 2427 579 2459 voluerunt
601 2436 663 2459 non
688 2427 825 2465 obstare,
842 2436 963 2458 necnon
980 2425 1105 2458 Ordinis
1118 2436 1153 2458 ac

415 2480 679 2512 monasteriorum
698 2483 728 2513 et
752 2479 949 2522 prioratuum
969 2489 1004 2511 ac
1025 2488 1154 2520 congre-

416 2534 549 2575 gationis
573 2533 763 2567 Cassinensis
787 2532 977 2574 huiusmodi,
997 2524 1090 2565 etiam
1111 2532 1155 2564 iu-

416 2592 579 2627 ramento,
610 2587 849 2620 confirmatione
885 2586 1076 2629 apostolica,
1106 2585 1154 2618 vel

417 2641 525 2685 quavis
542 2642 688 2674 firmitate
706 2641 765 2674 alia
790 2640 961 2681 roboratis,
982 2639 1102 2674 statutis
1127 2643 1155 2672 et

975 249 1154 273 BULLARIUM
1179 248 1332 272 ROMANUM

1169 295 1457 335 consuetudinibus,
1475 294 1733 335 ordinationibus,
1749 294 1858 328 usibus
1877 297 1906 327 et

1170 348 1399 388 stabilimentis,
1423 347 1596 391 privilegiis
1620 357 1755 391 quoque,
1780 346 1907 380 indultis

1171 406 1199 435 et
1222 402 1334 435 litteris
1354 400 1545 444 apostolicis,
1568 405 1632 433 tam
1656 400 1716 434 illis
1740 410 1834 444 quam
1859 409 1908 432 eo-

1171 466 1240 488 rum
1259 454 1476 498 superioribus
1493 459 1523 487 et
1539 453 1693 498 personis,
1708 453 1765 486 sub
1782 453 1909 497 quibus-

1171 518 1305 551 cumque
1330 508 1492 546 tenoribus
1527 511 1557 541 et
1586 507 1719 548 formis,
1749 517 1785 540 ac
1814 505 1907 539 etiam

1171 562 1332 606 quibusvis
1371 561 1643 604 derogatoriarum
1679 560 1908 603 derogatoriis,

1171 616 1302 658 aliisque
1319 614 1547 647 efficacioribus
1561 619 1591 647 et
1604 614 1735 647 insolitis
1752 612 1909 654 clausulis,

1173 668 1430 711 irritantibusque
1452 672 1481 700 et
1498 667 1565 700 aliis
1585 667 1729 708 decretis,
1746 667 1778 704 in
1794 675 1910 710 genere

1173 723 1221 755 vel
1246 722 1277 754 in
1303 721 1417 766 specie,
1444 721 1536 754 etiam
1562 725 1649 753 motu
1673 720 1766 753 simili
1791 723 1822 754 et
1841 729 1911 753 con-

1173 775 1381 815 sistorialiter,
1398 785 1433 807 ac
1450 774 1535 814 alias,
1552 774 1583 806 in
1600 773 1794 807 contrarium
1807 773 1911 806 forsan

1173 829 1419 873 quomodolibet,
1438 828 1531 861 etiam
1557 827 1675 861 iteratis
1694 827 1824 867 vicibus,
1842 836 1913 860 con-

1174 883 1270 915 cessis
1293 882 1419 925 (quibus
1437 881 1593 923 omnibus,
1611 880 1733 913 etiamsi
1753 880 1829 912 alias
1853 889 1913 923 pro

1175 936 1300 968 illorum
1321 935 1486 968 sufficienti
1504 934 1708 977 derogatione
1726 932 1764 966 de
1780 933 1841 965 illis
1866 942 1915 965 eo-

1175 999 1308 1032 rumque
1322 989 1394 1022 totis
1414 988 1577 1022 tenoribus
1597 987 1749 1031 specialis,
1768 985 1915 1030 specifica

1175 1048 1205 1075 et
1230 1053 1375 1086 expressa
1401 1047 1430 1074 et
1454 1041 1613 1074 individua
1637 1051 1672 1073 ae
1696 1040 1735 1072 de
1757 1039 1853 1072 verbo
1876 1038 1914 1071 ad
1934 1038 1939 1042 ’

1175 1096 1316 1138 verbum,
1342 1106 1405 1128 non
1429 1100 1532 1128 autem
1559 1105 1617 1138 per
1640 1094 1795 1126 clausulas
1820 1102 1914 1136 gene-

1177 1149 1258 1182 rales
1275 1149 1357 1182 idem
1376 1149 1592 1192 importantes,
1610 1147 1728 1180 mentio
1748 1156 1803 1179 seu
1819 1156 1915 1190 quae-

1177 1203 1222 1236 vis
1238 1203 1299 1235 alia
1323 1202 1484 1246 expressio
1508 1201 1652 1234 habenda
1668 1206 1721 1233 aut
1736 1200 1840 1244 aliqua
1857 1199 1916 1232 alia

1177 1256 1332 1299 exquisita
1354 1256 1456 1289 forma
1480 1255 1518 1288 ad
1542 1255 1603 1288 hoc
1631 1254 1784 1287 servanda
1813 1253 1915 1295 soret,

1178 1320 1288 1342 eorum
1302 1314 1436 1349 tenores,
1454 1319 1490 1342 ae
1510 1309 1535 1341 si
1554 1308 1591 1341 de
1608 1307 1705 1341 verbo
1722 1307 1760 1340 ad
1774 1306 1916 1346 verbum,

1178 1362 1253 1394 nihil
1288 1363 1411 1405 penitus
1443 1362 1561 1394 omisso
1593 1366 1624 1394 et
1658 1362 1760 1393 forma
1792 1360 1824 1392 in
1857 1359 1918 1392 illis

1179 1416 1291 1448 tradita
1316 1416 1490 1455 observata,
1511 1414 1620 1447 inserti
1640 1414 1751 1455 forent,
1768 1422 1917 1457 praesen-

1179 1470 1260 1503 tibus
1284 1470 1401 1502 eisdem
1427 1480 1485 1512 pro
1504 1469 1595 1512 plene
1615 1473 1645 1500 et
1661 1467 1853 1501 sufficienter
1870 1476 1921 1499 ex-

1179 1523 1296 1566 pressis
1321 1523 1491 1561 babentes,
1515 1522 1576 1554 illis
1607 1521 1682 1554 alias
1716 1521 1748 1553 in
1779 1531 1836 1553 suo
1866 1530 1920 1553 ro-

1180 1576 1256 1609 bore
1280 1575 1505 1619 pcrmansuris,
1519 1575 1578 1606 hac
1591 1574 1658 1607 vice
1670 1574 1831 1607 dumtaxat
1850 1583 1920 1616 spe-

1181 1629 1301 1661 cialiter
1325 1634 1355 1661 et
1384 1638 1538 1671 expresse,
1566 1627 1678 1660 harum
1707 1626 1798 1667 serie,
1822 1631 1920 1667 motu,

1181 1682 1307 1716 scientia
1333 1687 1362 1714 et
1386 1681 1548 1725 potestatis
1573 1679 1765 1724 plenitudine
1791 1679 1921 1724 paribus

1181 1735 1384 1778 derogamus)
1409 1734 1575 1767 contrariis
1592 1733 1851 1777 quibuscumque,
1869 1737 1922 1766 aut

1182 1789 1206 1821 si
1231 1788 1392 1832 quibusvis
1417 1787 1626 1820 communiter
1654 1791 1707 1818 aut
1733 1785 1858 1818 divisim
1882 1785 1921 1818 ab

1182 1842 1291 1874 eadem
1317 1841 1355 1874 sit
1383 1840 1461 1873 Sede
1479 1839 1632 1872 indultum
1654 1839 1739 1882 quod
1766 1837 1922 1879 interdici,

1183 1894 1331 1938 suspendi
1367 1894 1414 1926 vel
1451 1892 1718 1926 excommunicari
1752 1901 1816 1925 non
1849 1901 1922 1934 pos-

1183 1948 1244 1980 sint
1270 1958 1327 1991 per
1352 1947 1472 1983 litteras
1499 1946 1687 1990 apostolicas
1718 1955 1781 1978 non
1812 1944 1924 1977 facien-

1185 2005 1228 2031 tes
1249 1999 1373 2042 plenam
1400 2003 1429 2030 et
1454 2007 1635 2040 expressam
1663 2007 1698 2028 ac
1715 1995 1752 2028 de
1770 1995 1866 2028 verbo
1884 1995 1923 2028 ad

1185 2052 1314 2085 verbum
1328 2051 1365 2084 de
1383 2051 1503 2083 indulto
1520 2049 1700 2083 huiusmodi
1719 2048 1923 2089 mentionem,

1185 2110 1214 2137 et
1238 2105 1376 2148 qualibet
1399 2104 1459 2136 alia
1484 2103 1584 2136 dictae
1609 2102 1697 2135 Sedis
1728 2101 1925 2144 indulgentia

1185 2158 1324 2202 generali
1343 2158 1389 2190 vcl
1407 2157 1543 2201 speciali,
1562 2156 1788 2199 cuiuscumque
1805 2155 1924 2188 tenoris

1185 2213 1313 2251 existat,
1339 2222 1396 2254 per
1420 2221 1512 2254 quam
1537 2209 1754 2253 praesentibus
1780 2219 1844 2242 non
1866 2219 1922 2242 ex-

1184 2274 1324 2308 pressam
1355 2264 1400 2296 vel
1430 2263 1566 2295 totaliter
1590 2272 1653 2295 non
1677 2262 1827 2294 insertam
1851 2261 1925 2294 effe-

1186 2322 1252 2351 ctus
1269 2327 1377 2350 earum
1402 2315 1548 2359 impediri
1571 2315 1670 2348 valeat
1690 2314 1926 2359 quomodolibet

1186 2372 1232 2404 vel
1251 2370 1381 2409 differri,
1405 2375 1436 2401 et
1460 2369 1497 2402 de
1517 2366 1588 2413 qu'a,
1606 2368 1778 2412 cuiusque¹
1799 2373 1865 2402 toto
1883 2372 1927 2401 te-

1186 2435 1262 2459 nore
1287 2423 1431 2457 habenda
1448 2423 1529 2456 sitin
1544 2423 1659 2456 nostris
1679 2423 1791 2457 litteris
1808 2421 1926 2455 mentio

1188 2479 1342 2524 specialis.

1233 2533 1247 2575 ξ
1263 2532 1314 2565 9-1.
1341 2532 1490 2565 Volumus
1507 2536 1622 2571 autem,
1643 2529 1729 2575 quod
1745 2529 1926 2563 earumdem

1187 2585 1399 2629 praesentium
1413 2584 1628 2628 transumptis,
1645 2583 1740 2617 etiam
1755 2583 1927 2626 impressls,

1223 2648 1235 2675 1
1254 2647 1323 2675 Edit.
1340 2647 1422 2675 Maia.
1440 2647 1504 2683 legit
1518 2647 1717 2682 cuiuscumque
1732 2648 1771 2682 (n.
1788 2645 1837 2683 τ.).

1916 245 1966 272 An.
1988 245 2017 272 c,
2035 231 2103 272 1629

1980 2533 2126 2560 'transumptis

1892 2581 1899 2587 ,
1942 2561 2000 2582 credi
2015 2560 2109 2582 mandat.
