2248 3229
127 222 178 251 An.
193 223 223 250 C.
245 222 313 252 1638

151 443 251 464 facultas
262 460 266 467 .
283 444 309 465 de

125 475 168 496 qu
182 471 202 491 in
217 471 309 493 mhi-tea.

186 2197 267 2223 „eroga
271 2202 277 2218 1
281 2199 285 2219 i
289 2208 300 2219 υ

116 2228 276 2249 θοοῑηήυῖυιη.

936 223 1078 249 υηιιΑΝυε
1102 223 1159 249 rm
1183 224 1230 248 ΡΡ.
1746 216 1810 251 665

325 270 407 314 fecit,
424 275 458 305 ut
473 271 505 304 in
522 273 703 316 praemissis
720 278 916 318 opportunae
933 272 1069 306 declara·
1101 271 1329 319 suetudinibus,
1347 273 1523 318 ceterisque
1543 273 1690 308 omnibus
1703 285 1784 319 quae
1800 275 1845 309 di-

325 324 418 359 tionis
438 330 565 359 nostrae
583 326 758 360 ministerio
777 326 947 371 providere
963 326 1002 359 de
1017 326 1068 360 be·
1101 331 1168 359 ctus
1192 326 1264 360 Pius
1288 327 1513 371 praedecessor
1537 327 1636 361 voluit
1662 327 1694 360 in
1718 328 1845 372 praedi-

325 377 477 421 nignitate
501 379 673 423 apostolica
698 379 914 423 dignaremur.
1101 379 1158 411 ctis
1182 379 1247 412 suis
1271 385 1301 412 et
1325 390 1382 413 nos
1407 381 1438 413 in
1456 380 1573 415 nostris
1598 380 1757 414 voluimus
1780 390 1844 414 non

368 431 384 475 ἓ
400 429 430 463 ⁶2.
447 431 510 464 Nos
528 431 634 475 igitur,
647 432 749 465 dictae
765 432 1020 475 congregationis
1037 438 1066 465 et
1100 431 1235 473 obstare,
1261 433 1438 477 ceterisque
1455 433 1622 466 contrariis
1641 433 1845 478 quibuscum-

324 484 408 517 illius
433 485 697 518 monasteriorum
723 484 918 518 indemnitati
944 495 1067 529 peram-
1100 495 1170 528 que.

323 537 405 582 plius
419 538 596 571 consultum
611 537 1083 595 cupientes‚illasquc¹specia—i
1143 538 1158 581 ξ
1183 537 1212 570 4.
1239 539 1389 571 Volumus
1406 545 1520 580 autem,
1546 545 1580 572 ut
1600 550 1756 574 novorum
1774 551 1844 574 cen·

323 590 574 625 libussavoribus
587 596 617 624 et
634 590 900 635 gratiisprosequi
916 592 1064 633 volentes,
1099 601 1190 623 suum
1228 591 1409 625 huiusmodi
1443 593 1604 637 impositio
1636 599 1667 627 et
1697 599 1840 628 veterum

324 654 358 677 ac
368 644 496 678 illorum
509 643 687 687 singulares
698 654 851 688 personas
868 654 886 677 a
901 644 1065 688 quibusvis
1082 666 1083 678 ³
1099 643 1246 677 extinctio
1271 645 1364 678 unico
1383 650 1530 680 contextu
1556 646 1642 687 liant,
1660 647 1707 680 vel
1729 648 1841 681 saltem

323 697 668 739 excommunicationis,
685 697 900 742 suspensionis
917 702 947 731 et
968 698 1063 731 inter·
1080 708 1083 751 g
1098 698 1251 740 pecuniae
1276 708 1313 731 ex
1337 701 1417 731 nova
1442 698 1642 742 impositione
1659 700 1842 734 huiusmodi

321 751 406 791 dicti,
419 751 552 795 aliisque
568 752 788 786 ecclesiasticis
805 752 978 792 sententiis,
991 762 1064 785 cen·
1081 754 1083 762 '
1098 751 1318 794 provenientes
1344 762 1440 796 penes
1465 758 1602 786 montem
1635 753 1759 797 pietatis
1790 759 1844 788 aut

321 803 403 837 suris
427 809 457 837 et
480 804 611 848 poenis,
633 815 651 838 a
676 805 743 838 iure
768 805 816 838 vel
848 804 886 838 ab
916 805 1062 846 homine,
1097 814 1264 848 personam
1300 805 1361 838 side.
1398 810 1428 838 et
1465 806 1663 840 facultatibus
1698 807 1843 842 idoneam

320 857 430 902 quavis
454 857 619 891 occasione
636 858 684 891 vel
701 860 794 891 causa
811 858 890 899 latis,
907 858 932 891 si
950 858 1064 902 quibus
1078 894 1081 908 Ι
1097 858 1307 901 deponantur,
1332 858 1403 891 inde
1427 868 1490 892 non
1508 859 1699 893 amovendae
1718 860 1778 894 nisi
1803 860 1841 894 ad

320 910 559 955 quomodolibet
584 911 750 945 innodatae
769 912 916 952 existunt,
936 912 974 945 ad
991 911 1064 945 effe·
1078 909 1081 924 ¹
1097 910 1242 943 effectum
1264 911 1463 945 extinctionis
1487 913 1676 955 praedictae.

321 970 406 998 ctum
436 965 652 1009 praesentium
679 965 841 998 dumtaxat
868 975 1063 1010 consequen·
1141 963 1253 996 Datum
1283 964 1409 1004 Romae,
1430 965 1511 1009 apud
1536 966 1564 999 S.
1590 966 1720 998 Mariam
1745 966 1842 1000 Maio-

319 1018 529 1061 dum,liarum
543 1019 625 1052 serie
634 1010 840 1061 absolventes
858 1024 888 1052 et
904 1020 1062 1053 absolutas
1097 1026 1175 1057 rem,
1193 1017 1251 1049 sub
1268 1018 1385 1050 annulo
1404 1018 1582 1058 Piscatoris,
1600 1019 1649 1052 die
1666 1029 1697 1053 xi
1714 1020 1840 1063 augusti

320 1072 386 1106 sore
409 1078 586 1113 censentes,
610 1072 791 1105 huiusmodi
817 1073 1059 1117 supplicationi·
1096 1080 1292 1112 ›tncxxxvnn
1317 1071 1518 1115 pontificatus
1539 1072 1638 1106 nostri
1657 1083 1738 1106 anno
1755 1082 1818 1107 xvt.

318 1125 378 1158 bus
394 1125 544 1164 inclinati,
562 1125 646 1169 quod
664 1125 695 1158 in
713 1125 774 1158 vim
790 1127 1060 1170 praeinsertarum
1076 1147 1079 1156 ·
1132 1133 1188 1161 Dat.
1210 1133 1253 1161 die
1276 1135 1304 1162 11
1326 1135 1434 1170 augusti
1454 1135 1538 1171 11538,
1557 1136 1653 1172 pontit.
1670 1144 1742 1164 anno
1757 1143 1812 1165 xvi.

317 1184 498 1212 nostrarum
524 1179 701 1212 litterarum
719 1179 889 1212 abbatibus
907 1186 1061 1214 monaste-

317 1231 440 1265 riorum
465 1231 567 1264 dictae
591 1232 846 1275 congregationis
867 1232 1061 1276 intelligatur

318 1284 514 1328 intelligique
533 1284 655 1326 debeat,
672 1285 792 1329 absque
808 1286 869 1318 alia
890 1286 1014 1319 lieentia
1031 1293 1060 1320 et
1413 1287 1522 1322 DCXV.

317 1337 554 1386 approbatione,
572 1348 721 1371 concessa
743 1339 871 1372 facultas
891 1350 987 1383 super
1006 1350 1057 1374 eo-

317 1401 388 1424 rum
409 1396 439 1423 et
463 1390 563 1425 dictae
581 1392 837 1435 congregationis
855 1394 1060 1428 monasterio-

318 1454 389 1477 rum
413 1444 505 1477 bonis
529 1445 695 1478 stabilibus
727 1455 847 1486 novos,
879 1456 1000 1479 annuos
1029 1453 1059 1480 et

316 1497 510 1531 redimibiles
534 1508 646 1532 census
670 1499 755 1531 iuxta
781 1499 915 1532 sormam
943 1501 1058 1534 consti-

316 1550 446 1584 tutionis
470 1551 601 1595 praesati
627 1551 671 1585 Pii
691 1552 945 1596 praedecessoris
961 1554 1064 1598 imposs

316 1603 421 1644 nendi,
442 1604 480 1636 ad
505 1604 651 1638 effectum
676 1615 790 1638 census
815 1616 946 1646 annuos,
964 1618 1059 1651 super

315 1658 414 1703 ipsius
433 1659 689 1702 congregationis
702 1659 792 1692 bonis
805 1659 970 1694 stabilibus
983 1661 1058 1694 alias
1128 1658 1242 1686 DilthO
1262 1658 1333 1687 filio.
1350 1666 1456 1694 magno
1471 1659 1616 1694 magistro
1638 1659 1800 1695 hospitalis

315 1711 355 1745 de
377 1711 466 1746 Sedis
489 1712 686 1756 Apostolicae
716 1713 842 1746 lieentia
870 1713 1057 1758 impositos,
1226 1703 1254 1730 S·
1277 1703 1400 1730 Ioannis
1421 1704 1698 1754 Hierosolymitani,

315 1775 387 1799 cum
411 1765 553 1809 pecuniis
584 1775 739 1799 novorum
770 1776 922 1800 censuum
951 1767 1059 1801 huius-
1301 1749 1439 1815 Urbanus
1456 1749 1534 1782 Papa
1551 1748 1630 1776 ΗΠ

315 1818 421 1858 modi,
445 1818 484 1850 ad
507 1818 664 1851 minorem
689 1823 793 1852 tamen
819 1820 973 1853 rationem
998 1832 1057 1865 pro
1366 1811 1484 1860 ”necle
1504 1811 1561 1844 fili,
1652 1856 1657 1861 ,
1696 1856 1702 1862 ,

315 1871 456 1915 quolibet
487 1871 668 1904 centenario
692 1876 721 1904 et
746 1882 828 1905 anno
853 1872 917 1906 sive
942 1874 1056 1909 minori
1127 1855 1257 1882 samtem
1281 1858 1312 1882 et
1335 1856 1533 1888 apo⁵t⁰l¹⁰³m
1552 1856 1800 1884 henedmtmnem'

315 1925 507 1958 interusurio
531 1924 686 1965 obnoxiis,
710 1935 805 1969 super
828 1926 938 1959 eodem
960 1928 1056 1962 fundo
1136 1926 1150 1969 ξ,
1175 1925 1203 1958 ι1.
1229 1926 1336 1970 Nuper
1360 1937 1419 1970 pro
1444 1931 1534 1970 parte
1553 1926 1741 1961 dilectorum
1759 1927 1837 1961 silio-

314 1983 346 2011 et
367 1988 431 2011 non
454 1978 530 2010 alias
549 1977 749 2022 accipiendis,
773 1981 896 2011 serrata
922 1980 952 2012 in
977 1981 1054 2014 reli·
1072 2014 1075 2024 ,
1092 1989 1161 2011 rum
1187 1979 1363 2012 iuratorum
1388 1979 1600 2013 universitatis
1618 1987 1648 2013 et
1670 1981 1835 2014 hominum

314 2031 385 2075 quis
412 2031 593 2064 earumdem
619 2031 795 2064 litterarum
828 2032 947 2073 forma,
972 2034 1056 2066 redi·
1091 2031 1212 2064 insulae
1228 2031 1554 2066 Melevitanae²nobis
1572 2034 1749 2077 expositum
1766 2035 1835 2076 suit,

315 2084 429 2124 mendi,
442 2084 616 2128 apostolica
629 2085 825 2126 auctoritate,
844 2090 952 2119 tenore
970 2097 1056 2130 prae-
1090 2084 1174 2128 quod
1195 2085 1266 2128 ipsi,
1283 2085 1323 2118 ob
1348 2084 1513 2128 penuriam
1539 2086 1584 2118 rei
1610 2087 1835 2121 frumentariae

315 2139 466 2179 sentium,
491 2138 692 2171 decernimus
717 2144 746 2171 et
771 2139 977 2172 declaramus.
1089 2149 1199 2171 eorum
1211 2149 1304 2171 curae
1315 2138 1619 2172 etadininistrationi
1634 2141 1834 2181 commissae,

359 2191 412 2236 §3-
427 2193 494 2226 Non
508 2192 703 2226 obstantibus
715 2193 1054 2228 seticisrccordationis
1089 2201 1150 2234 qua
1174 2191 1391 2235 superioribus
1415 2192 1505 2225 annis
1530 2192 1612 2225 dicta
1629 2194 1732 2226 insula
1752 2194 1835 2228 labo-

315 2246 401 2280 Pauli
420 2245 519 2290 Papae
537 2246 562 2278 11
579 2246 671 2280 etiam
690 2246 942 2290 praedecessoris
955 2249 1054 2282 nostri
1090 2246 1178 2285 ravit,
1203 2245 1303 2279 coacti
1328 2246 1471 2286 suerunt,
1496 2257 1533 2279 eo
1558 2247 1631 2291 quia
1656 2247 1833 2282 ordinarias

315 2298 353 2332 de
377 2299 472 2332 rebus
492 2299 650 2332 Ecclesiae
674 2310 736 2333 non
761 2300 947 2341 alienandis,
972 2302 1056 2334 aliis-
1072 2334 1074 2349 ,
1090 2299 1456 2332 frumcntiextractiones
1477 2310 1493 2332 e
1507 2310 1605 2343 regno
1622 2300 1745 2335 Siciliae
1759 2306 1833 2335 tunc

315 2362 376 2397 que
389 2352 664 2386 constitutionibus
678 2359 707 2385 et
720 2353 972 2387 ordinationibus
985 2365 1056 2399 apo·
1072 2355 1073 2366 ¹
1089 2353 1228 2395 graviori
1253 2363 1395 2386 annonae
1419 2353 1600 2388 difficultate
1621 2365 1730 2398 presso
1756 2355 1834 2388 obti-

314 2406 441 2448 stolicis,
463 2415 585 2439 necnon
608 2407 872 2449 congregationis,
890 2408 1009 2441 ordinis
1026 2415 1056 2442 ct
1072 2442 1074 2452 ‚
1089 2417 1165 2440 nere
1191 2407 1319 2439 minime
1344 2412 1526 2451 potuerunt,
1552 2408 1744 2441 frumentum
1770 2409 1831 2442 sibi

314 2460 578 2494 monasteriorum
603 2461 849 2504 praedictorum,
865 2462 958 2495 etiam
977 2463 1056 2496 iura-
1089 2471 1106 2493 c
1130 2461 1260 2494 remotis
1284 2461 1425 2504 partibus
1446 2471 1600 2505 quaerere
1625 2471 1681 2494 seu
1708 2472 1833 2506 compa-

314 2518 436 2553 mento,
461 2512 699 2546 confirmatione
724 2514 908 2557 apostolica,
928 2515 973 2547 vel
994 2515 1054 2548 alia
1127 2543 1136 2567 ¹
1157 2540 1193 2567 Ex
1209 2540 1306 2567 lteoost
1332 2541 1357 2567 in
1374 2540 1465 2567 <acret
1492 2540 1558 2568 ΒΓΗ

315 2566 425 2611 quavis
445 2565 593 2599 firmitate
611 2566 777 2607 roboratis,
794 2567 917 2601 statutis
935 2571 964 2602 et
980 2578 1053 2602 00¹¹·
1124 2584 1140 2612 2
1156 2563 1221 2612 uere
1237 2558 1408 2620 e‘i'de'incesss
1429 2561 1569 2612 uideretur
1585 2585 1728 2622 tegendum
1746 2587 1832 2615 Mezi-

351 2630 361 2657 ¹
380 2628 473 2665 Aptius
487 2628 547 2664 lege
563 2628 672 2664 illaque
687 2627 723 2655 id.
736 2636 760 2656 e.
779 2629 954 2656 ›nonaum-ia
968 2630 1053 2666 (thr).
1089 2631 1178 2658 censis
1193 2630 1234 2657 vel
1251 2630 1409 2658 Melitanae
1423 2631 1461 2664 (n.
1477 2630 1526 2665 τ.).

414 2682 491 2711 Bau.
508 2682 591 2709 Rom.
618 2699 636 2701 μ
661 2683 718 2710 vul.
741 2683 814 2709 XIV.
961 2683 994 2709 8t

1076 1362 1077 1391 ἶ
1093 1366 1125 1400 F
1123 1367 1251 1399 acuum
1268 1378 1386 1408 nzccqno
1400 1369 1558 1411 maqislro
1577 1369 1751 1412 hospitalis
1767 1380 1840 1403 san-

1138 1420 1182 1451 cti
1192 1419 1330 1452 Iocmm's
1339 1420 1635 1463 Hierosolymilam'
1648 1422 1840 1465 imponendi

1137 1473 1299 1516 qabellam
1318 1474 1352 1505 in
1372 1474 1483 1506 insum
1503 1473 1699 1507 Melevilana
1714 1485 1774 1518 pro
1788 1485 1838 1508 ex-

1139 1527 1293 1558 tinctione
1313 1527 1399 1559 aere's
1416 1527 1520 1560 alieni
1537 1528 1694 1560 contracti
1710 1528 1748 1561 ob
1771 1538 1835 1561 an-

1074 1580 1077 1610 Ι
1136 1589 1242 1612 nonae
1259 1579 1408 1622 inopiam
1423 1580 1440 1611 ¹.
1647 1579 1650 1582 ⁴

1856 226 1903 256 An.
1922 226 1951 255 C.
1971 227 2041 255 ¹638

1852 1940 1860 1950 ⁴
1877 1936 1957 1957 causas
1969 1936 2035 1962 impo-

1850 1962 1933 1983 nendae
1967 1968 2034 1984 nova·

1851 1991 1912 2010 tane
1927 1988 1993 2010 refert
