2248 3229
98 250 148 277 An.
165 248 194 276 C.
216 247 286 276 1633

126 683 242 704 Daventum
253 686 283 704 est

100 710 127 732 ad
142 711 283 732 concordiam.

134 1861 178 1884 Qua
193 1859 292 1880 statuitur

107 1890 130 1908 ut
157 1889 215 1907 certa
243 1891 292 1911 pars

108 1914 224 1938 vectigalis.
234 1912 291 1938 qnod

108 1946 134 1961 eo
149 1941 169 1960 in
180 1945 243 1965 regno
254 1945 291 1965 pro

108 1968 151 1987 sale
160 1967 291 1989 soti-nunec-

108 1993 232 2013 clesiasticis
255 1992 292 2013 ad-

109 2020 220 2041 iudicetur.

911 246 1053 272 URBANUS
1077 247 1133 272 vm
1157 248 1205 272 1³1⁷.

295 295 416 339 mitum,
440 295 606 337 baronum,
633 296 784 341 equitum,
804 296 970 337 nobilium,
996 296 1035 329 ei-

295 350 436 391 vitatum,
454 350 724 392 communitatum,
748 356 777 384 et
801 351 936 384 aliorum
961 361 1035 394 quo-

297 414 504 449 rumcumque
528 404 726 438 subditorum
751 405 858 448 regni,
883 405 964 438 bona
989 413 1036 437 cc-

296 457 469 491 clesiastica
503 463 537 491 ut
571 459 749 502 praefertur
786 458 1035 502 possidentium,

297 510 496 544 conscientiis
521 511 759 551 consulendum,
789 512 976 545 catholicam
1001 512 1036 543 si-

297 563 368 596 dem
394 567 423 598 ct
447 564 633 610 religionem
651 564 681 596 in
705 562 772 609 ipso
798 576 896 608 regno
922 564 1036 598 confir-

298 618 454 659 mandam,
472 617 646 660 augendam
672 624 701 651 et
725 619 982 661 conservandam,
1003 630 1037 650 ac

297 681 356 715 pro
380 671 464 705 bono
488 671 615 715 publico
644 672 757 715 quietis
788 678 817 706 et
847 673 933 717 pacis
958 672 1038 704 inter

298 725 526 759 ecclesiasticos
556 731 586 758 et
616 726 711 759 laicos
736 726 824 770 regni
849 725 1038 770 supradicti,

299 783 407 812 mutua
431 778 596 812 conventio
621 779 683 819 fiat,
701 790 757 823 per
779 790 872 823 quam
898 779 978 812 idem
997 789 1041 811 se·

299 833 484 866 rcnissimus
507 833 653 867 dominus
671 833 885 867 Ferdinandus
910 833 1041 877 impera-

299 892 349 920 tor
365 888 492 930 electus,
509 888 553 921 uti
570 888 737 921 Bohemiae
755 898 819 928 rex,
837 887 963 921 nomine
985 897 1041 920 suo

300 951 493 985 suorumque
524 941 556 973 in
592 941 702 975 eodem
737 951 835 984 regno
872 940 1041 974 Bohemiae

300 994 473 1027 haeredum
491 999 520 1027 et
534 1004 752 1028 successorum
767 1004 1041 1038 quorumcumque

300 1047 331 1079 in
350 1052 551 1092 perpetuum,
566 1047 768 1081 Sanctissimo
782 1047 916 1081 Domino
932 1051 1042 1081 nostro

301 1101 402 1145 Papae
427 1101 551 1135 Urbano
577 1101 642 1134 VIII
667 1104 697 1135 ct
720 1106 845 1135 sanctae
870 1101 940 1134 Scdi
966 1103 1043 1146 Apo-

301 1155 438 1196 stolicae,
457 1160 496 1196 et,
514 1165 572 1199 pro
590 1155 661 1195 illis,
678 1155 892 1189 illustrissimo
910 1160 939 1189 et
955 1166 1042 1189 reve-

301 1208 488 1242 rendissimo
501 1207 630 1242 domino
644 1208 775 1242 Ernesto
789 1209 817 1243 S.
829 1210 862 1243 R.
876 1210 907 1242 E.
918 1209 1044 1254 presby-

302 1267 369 1295 tero
393 1262 544 1296 cardinali
568 1263 606 1295 ab
631 1263 772 1296 Ilarrach
805 1263 1043 1308 archiepiscopo

302 1315 451 1359 Pragensi
481 1321 512 1349 et
542 1316 755 1350 illustrissimo
785 1322 815 1350 et
847 1317 1043 1350 reverendis-

303 1369 383 1403 simo
413 1370 541 1404 domino
569 1370 675 1403 Ioanni
707 1371 861 1414 Baptistae
892 1372 920 1404 S.
951 1367 1043 1404 RjE.

303 1423 488 1468 presbytero
499 1423 649 1457 cardinali
664 1424 795 1457 Pallotto
806 1424 1045 1468 archiepiscopo

304 1476 582 1519 Thessalonicensi,
592 1477 701 1510 nuntio
715 1477 897 1522 apostolico⁷
908 1477 1046 1521 plenipo-

305 1530 457 1563 tentiariis
471 1540 488 1562 a
504 1530 565 1563 Sua
583 1530 749 1564 Sanctitate
767 1531 932 1574 deputatIS,
950 1531 980 1563 in
994 1531 1046 1563 be-

304 1583 451 1616 neficium
469 1584 627 1617 Ecclesiae
651 1590 681 1616 et
695 1584 866 1617 catholicae
881 1584 1045 1627 religionis

305 1637 506 1681 universique
531 1637 607 1670 cleri
627 1637 658 1669 in
679 1637 859 1681 supradicto
877 1637 1045 1671 Bohemiae

304 1700 414 1733 regno,
431 1694 617 1734 perpetuum
633 1700 770 1723 annuum
786 1690 943 1724 redditum
959 1691 1045 1735 quin—

306 1742 408 1776 decim
417 1743 655 1785 cruciferorum,
665 1749 809 1787 quartam
818 1748 938 1788 partcm
954 1745 1045 1778 unius

306 1797 418 1829 ssoreni
445 1797 619 1830 Rhenensis
649 1798 925 1840 constituentium,
952 1809 1046 1842 super

307 1850 448 1893 quolibet
471 1850 577 1884 modio
602 1851 689 1891 salis,
706 1861 799 1894 quem
817 1852 910 1894 vulgo
935 1852 1045 1885 Gross-

307 1903 433 1936 kueffen
459 1907 590 1946 vocant,
617 1904 702 1948 quod
733 1904 765 1936 in
792 1905 965 1948 praefatum
995 1916 1045 1938 re-

307 1968 403 2001 gnum
417 1957 584 1991 Bohemiae
597 1958 805 2002 undequaque
822 1958 1046 2001 introducetur,

307 2012 354 2044 vel
368 2012 400 2044 in
416 2011 484 2055 ipso
497 2011 664 2045 Bohemiae
682 2022 779 2055 regno
800 2012 975 2053 effodietur,
993 2023 1047 2046 seu

308 2070 518 2109 excoquetur,
544 2066 591 2099 vel
616 2066 692 2099 alias
716 2066 954 2110 quomodolibet
978 2077 1048 2099 con-

308 2118 431 2152 ficietur
457 2119 503 2162 (si
527 2119 652 2162 quando
680 2119 753 2152 salis
778 2120 846 2153 sons
871 2130 926 2152 seu
951 2120 1048 2153 salina

309 2173 340 2205 in
360 2172 444 2206 dicto
460 2172 627 2206 Bohemiae
646 2183 744 2216 regno
763 2173 793 2206 in
810 2184 902 2206 usum
921 2173 1046 2217 veniat),

309 2225 340 2258 in
365 2226 502 2259 savorem
531 2227 714 2260 eorumdem
747 2227 1047 2268 ecclesiasticorum,

309 2289 344 2311 ac
368 2289 425 2324 per
450 2279 610 2313 ministros
634 2285 664 2313 et
690 2280 838 2313 officiales
863 2290 973 2314 eorum
997 2291 1050 2314 no-

309 2333 393 2366 mine
429 2332 622 2376 deputandos
659 2343 675 2365 a
707 2333 848 2366 kalendis
876 2334 1049 2377 praesentis

309 2386 426 2420 mensis
449 2386 554 2419 martii
574 2391 605 2419 et
624 2386 662 2419 ab
683 2386 755 2419 inde
779 2387 811 2419 in
836 2391 997 2430 posterum
1020 2387 1049 2419 in

309 2445 500 2484 perpetuum
526 2439 735 2482 exigendum,
760 2440 886 2473 realiter
916 2445 946 2472 et
978 2451 1048 2473 eum

310 2492 423 2526 effectu
457 2492 558 2525 tradet
592 2496 685 2536 atque
720 2493 877 2535 assignet3
913 2492 1048 2526 vicissim

311 2556 395 2589 vero,
416 2557 474 2590 pro
498 2549 586 2590 parte
606 2545 840 2590 praedictorum
865 2547 1049 2580 ecclesiasti-

312 2610 431 2642 eorum,
451 2599 519 2632 iura
536 2609 615 2643 quae
639 2599 698 2643 ipsi
723 2599 838 2632 habent
855 2603 884 2633 et
907 2599 951 2632 eis
969 2610 1050 2633 com-

312 2658 421 2698 petunt
449 2664 543 2697 supra
571 2659 600 2687 et
628 2663 686 2696 pro
710 2652 932 2686 infradicendis
958 2653 1049 2688 bonis

1068 295 1295 337 ecelesiasticis,
1321 298 1355 331 ut
1379 295 1468 339 infra,
1481 294 1622 329 ahenatis
1646 300 1699 328 aut
1723 296 1811 339 oppi-

1069 350 1210 393 gnoratis
1228 355 1257 383 et
1273 350 1437 394 possessis,
1455 350 1486 382 in
1500 350 1637 384 favorem
1657 348 1810 393 praedicti

1069 403 1261 436 serenissimi
1287 403 1405 437 domini
1432 403 1620 436 Ferdinandi
1645 402 1812 446 imperato-

1070 457 1112 489 ris
1130 458 1230 498 electi,
1251 457 1295 491 uti
1314 457 1481 490 ssohemiae
1505 457 1600 500 regis,
1619 466 1813 500 suorumque

1071 510 1101 542 in
1127 509 1237 543 codem
1272 510 1438 543 Bohemiac
1463 520 1561 553 regno
1586 509 1758 542 haeredum
1783 514 1813 542 et

1071 574 1291 596 suceessorum
1323 574 1598 608 quoruincumcpie
1631 563 1662 596 in
1696 573 1813 607 perpe-

1075 621 1161 649 tuum
1188 617 1417 650 catholiCorum
1442 617 1582 660 legitime
1607 616 1789 649 intrantium
1805 642 1813 656 ,

1073 675 1101 703 ct
1119 671 1233 714 quibus
1250 671 1317 715 ipse
1339 671 1557 705 serenissimus
1575 670 1721 704 dominus
1739 670 1813 702 Fer-

1073 724 1227 758 dinandus
1260 731 1289 758 ct
1321 725 1473 770 praedicti
1508 725 1575 758 eius
1609 724 1760 757 haeredes
1785 728 1814 756 et

1074 789 1272 812 successores
1286 779 1453 812 Bohemiac
1472 790 1561 822 reges
1575 778 1727 818 dederint,
1745 777 1816 810 siin-

1074 831 1209 875 plicitcr,
1234 836 1397 876 perpetuo,
1415 843 1450 866 cx
1477 834 1571 866 causti
1596 830 1815 874 assignationis

1074 895 1110 918 ac
1130 889 1256 918 mutuae
1276 886 1491 919 conventionis
1507 885 1684 929 praedictae
1709 884 1817 917 cedan-

1076 943 1126 971 tur
1140 943 1170 972 ct
1184 939 1397 972 concedantur
1412 939 1519 982 (modo
1538 944 1642 972 tamen
1660 942 1689 972 et
1705 939 1816 978 sormst,

1075 1002 1110 1025 ac
1135 991 1193 1024 sub
1218 992 1505 1033 reservationibus,
1531 991 1762 1026 conditionibus
1787 995 1817 1023 ct

1076 1046 1175 1090 pactis
1199 1046 1280 1079 infra
1304 1046 1396 1080 latius
1420 1046 1595 1090 descriptis,
1614 1045 1768 1079 contentis
1788 1049 1818 1077 et

1076 1099 1263 1144 annotatis),
1295 1110 1388 1144 quam
1423 1100 1549 1144 quidem
1575 1099 1817 1133 conventionem

1077 1153 1298 1186 Sanctissimus
1328 1145 1480 1187 Dominus
1510 1155 1622 1187 Noster
1655 1163 1691 1185 ex
1717 1152 1818 1185 causis

1078 1207 1282 1250 supradictis,
1303 1217 1338 1240 ae
1368 1207 1406 1240 de
1435 1207 1575 1240 eiusdem
1603 1217 1709 1240 sacrae
1737 1217 1815 1239 con-

1077 1260 1271 1303 gregationis
1292 1260 1444 1293 sententia
1469 1260 1623 1304 probavit.

1122 1314 1200 1346 Ilinc
1225 1319 1271 1347 est
1295 1314 1379 1358 quod
1404 1324 1485 1347 anno
1510 1324 1527 1346 a
1550 1314 1714 1348 Nativitate
1741 1313 1819 1346 cius-

1078 1366 1149 1399 deni
1174 1367 1297 1400 Domini
1323 1367 1489 1400 millesimo
1515 1366 1742 1400 sexcentesimo
1769 1367 1820 1399 tri-

1078 1420 1210 1463 gesimo,
1228 1421 1397 1455 indictione
1418 1420 1644 1462 deeimatcrtial,
1662 1420 1712 1453 die
1744 1430 1818 1453 vero

1079 1475 1187 1507 octava
1213 1475 1329 1508 mensis
1354 1474 1457 1507 martii
1472 1472 1486 1517 ,”
1503 1474 1703 1518 pontificatus
1728 1484 1819 1518 prae-

1079 1528 1152 1562 dicti
1170 1528 1363 1562 Sanctissimi
1381 1528 1504 1561 Domini
1521 1528 1623 1562 nostri
1641 1528 1756 1561 Urbani
1772 1527 1821 1559 di-

1079 1582 1150 1615 vina
1170 1581 1366 1626 providentia
1387 1581 1504 1625 Papae¹
1522 1582 1586 1615 VIII
1604 1589 1685 1615 anno
1703 1591 1757 1621 vn,
1775 1591 1820 1614 re-

1079 1646 1213 1679 gnorum
1240 1641 1343 1669 autem
1377 1636 1568 1669 serenissimi
1601 1636 1719 1669 domini
1744 1635 1819 1668 Fer-

1079 1690 1205 1722 dinandi
1236 1689 1437 1733 imperatoris
1469 1689 1580 1729 electi,
1609 1688 1741 1722 Romani
1768 1698 1819 1728 xx,

1080 1743 1250 1786 flung-arici
1265 1754 1309 1776 ΧΠ
1326 1748 1355 1776 et
1373 1743 1532 1776 Bohemici
1548 1742 1659 1783 x111‚in
1676 1747 1820 1775 nostrum

1080 1797 1275 1830 notariorum
1302 1797 1333 1829 in
1358 1796 1493 1829 solidum
1520 1802 1704 1839 rogatorum
1730 1805 1819 1839 prae-

1080 1849 1215 1882 sentium
1240 1850 1278 1882 ad
1304 1850 1379 1883 haee
1397 1849 1573 1893 specialiter
1590 1854 1773 1882 vocatorum
1791 1853 1821 1881 et

1080 1903 1293 1937 adhibitorum
1316 1903 1492 1947 praesentia
1512 1908 1692 1947 praesentes
1708 1908 1738 1936 et
1754 1913 1821 1946 per-

1081 1957 1231 1990 sonaliter
1256 1957 1414 1991 constituti

1125 2009 1358 2044 Illustrissimus
1394 2014 1423 2044 et
1454 2010 1735 2044 reverendissimus
1769 2009 1821 2043 do-

1082 2063 1184 2096 minus
1210 2064 1358 2097 Ernestus
1383 2064 1411 2097 S.
1431 2064 1463 2096 R.
1482 2064 1514 2096 E.
1537 2063 1701 2108 presbyter
1725 2063 1822 2097 cardi-

1081 2117 1159 2149 nalis
1183 2117 1221 2149 ab
1246 2117 1667 2161 Harrach,archiepiscopus
1688 2117 1823 2160 Pragen-

1082 2170 1143 2213 sis,
1169 2181 1204 2204 ac
1232 2171 1463 2204 illustrissimus
1484 2175 1512 2204 et
1540 2171 1821 2204 reverendissimus

1082 2224 1228 2258 dominus
1252 2225 1382 2258 Ioannes
1407 2225 1545 2268 Baptista
1570 2225 1598 2258 S.
1624 2225 1658 2257 P..
1684 2225 1716 2257 E.
1738 2235 1822 2268 pres-

1083 2278 1172 2322 byter
1196 2278 1364 2311 cardinalis
1390 2278 1549 2321 Pallottus,
1564 2278 1821 2321 archiepiscopus

1082 2331 1377 2373 Thessalonicensis,
1398 2332 1538 2365 ciusdem
1556 2331 1746 2365 Sanctissimi
1766 2331 1821 2363 Do-

1083 2385 1158 2418 mini
1183 2386 1282 2419 nostri
1307 2390 1337 2418 et
1361 2390 1484 2419 sanctae
1509 2385 1596 2418 Sedis
1625 2384 1820 2428 Apostolieae

1083 2439 1165 2483 apud
1189 2449 1309 2472 sacram
1331 2449 1508 2472 caesaream
1523 2438 1715 2471 maiestatem
1735 2447 1822 2481 prae-

1083 2492 1196 2525 dictam
1215 2503 1287 2526 cum
1305 2492 1449 2525 facultate
1466 2492 1504 2525 de
1521 2492 1616 2524 latere
1636 2491 1729 2534 legati
1747 2500 1822 2523 nun-

1083 2546 1167 2588 cius,
1192 2557 1228 2579 ex
1253 2547 1333 2587 una,
1358 2545 1396 2578 ad
1429 2546 1505 2579 haec
1530 2549 1559 2579 et
1583 2544 1781 2588 infrascripta
1805 2554 1822 2576 a

1083 2600 1255 2643 praelibato
1265 2598 1465 2633 Sanctissimo
1475 2598 1609 2632 Domino
1622 2602 1729 2632 nostro
1741 2598 1821 2641 Papa

1121 2664 1131 2690 1
1152 2662 1220 2690 Edit.
1238 2662 1317 2690 Main.
1334 2661 1397 2698 legit
1413 2662 1496 2698 Papa
1510 2662 1546 2698 (R.
1563 2664 1610 2697 Τ.).

1714 236 1778 271 333
1824 246 1874 274 An.
1890 245 1918 274 c.
1939 246 2007 274 1633
