2248 3229
135 210 185 239 An.
201 210 231 239 C.
250 210 318 239 1636

161 438 251 460 Ministri
263 437 319 463 regis

135 466 196 487 bonis
216 466 320 487 nonnuttss

135 493 239 514 eeclesias
278 499 319 519 prt-

136 525 185 541 nr·
202 522 291 541 tentant.

146 1935 242 1957 Pontifex
251 1940 320 1959 regom

134 1963 239 1985 hortatur.
249 1968 274 1982 ne
283 1962 320 1982 hu·

134 1989 224 2010 iun-mom
254 1991 320 2009 atten-

135 2018 180 2036 hu
190 2018 304 2041 perannat.

952 207 1093 233 t'nBANth
1118 207 1174 233 VIII
1198 208 1247 233 PP-

334 267 414 301 muS,
434 265 514 302 quae
539 256 571 290 in
594 256 797 291 ecclesiarum
821 257 963 302 ipsarum
993 257 1076 291 dam-

334 322 410 346 num
433 311 726 356 praeiudiciumque
747 311 922 347 temerariis
947 311 1076 345 ausibus

335 365 584 400 committuntur.

379 420 394 463 §
418 419 448 452 ¹1.
473 418 550 453 Cum
573 419 688 463 itaque,
704 418 784 452 sicut
808 428 872 452 non
896 417 963 451 sine
987 417 1076 461 gravi

334 472 431 506 animi
447 472 547 506 nostri
565 471 708 505 molestia
729 471 917 516 accepimuS,
933 470 1076 505 nonnulli

336 525 507 560 maiestatis
532 531 602 559 tuae
620 525 651 558 in
669 525 880 568 Portugalliae
898 534 997 568 regno
1017 524 1076 557 mi-

336 580 436 622 nistri,
453 578 592 613 indebito
613 578 691 622 legis
711 578 829 612 laicalis
847 578 936 622 (alias
955 588 1012 622 per
1036 578 1077 611 se-

335 633 403 667 licis
427 632 657 666 recordationis
682 631 871 675 Gregorium
897 632 1013 676 Papam
1038 630 1076 664 lx

334 685 612 732 praedecessorem
631 691 774 719 nostrum
787 684 970 728 abrogatae)
989 693 1078 728 prae-

335 745 430 783 textu,
448 739 551 774 conati
568 739 630 773 sint
646 745 676 773 et
689 743 842 773 conentur
861 737 1009 772 ecclesias
1022 748 1077 771 seu

334 793 491 838 cappellas
515 803 551 827 ac
575 798 729 837 perpetua
753 791 905 826 beneficia
929 791 1076 825 ecclesia-

335 847 412 881 stica
428 851 458 882 et
474 847 534 880 alia
558 847 627 881 loca
651 847 704 891 pia
728 846 793 880 suis
809 845 910 887 bonis,
928 846 1021 879 etiam
1039 845 1078 878 ab

334 900 553 946 antiquissimo
578 906 722 944 tempore
746 899 899 944 possessis
923 904 953 933 et
972 899 1079 943 acqui-

335 955 402 988 sitis
426 954 519 988 etiam
540 965 576 988 ex
601 954 712 997 legatis
736 963 792 987 seu
816 952 1078 997 dispositionibus

335 1009 461 1053 piorum
487 1007 737 1042 christifidelium
762 1016 821 1051 pro
850 1016 979 1040 suarum
1005 1006 1075 1039 ani-

335 1072 459 1096 marum
473 1061 641 1105 refrigerio
657 1060 744 1095 sactis
761 1066 791 1093 et
811 1059 938 1101 relictis,
951 1059 1079 1104 privare

335 1122 365 1150 et
389 1115 545 1160 spoliare,
570 1114 705 1158 indeque
739 1113 816 1148 oriri
840 1113 939 1158 possit
961 1113 1079 1147 nedum

335 1169 450 1203 iniusta
473 1167 607 1213 privatio
632 1172 662 1200 et
681 1167 828 1211 spoliatio
846 1167 877 1200 in
894 1167 1078 1200 earumdem

334 1222 540 1256 ecclesiarum
559 1227 589 1255 et
599 1220 828 1255 beneficiorum
843 1220 1078 1262 detrimentum,

334 1287 370 1310 ac
394 1275 552 1310 revocatio
575 1275 753 1318 legatorum
769 1303 776 1317 ,
796 1275 1080 1319 fundationumque

334 1331 469 1375 piarum,
494 1333 524 1364 et
556 1328 730 1363 subtractio
755 1328 982 1372 suffragiorum
1007 1328 1076 1361 ani-

336 1384 447 1417 mabus
456 1382 658 1417 fundatorum
670 1388 825 1427 perpetuo
837 1382 1080 1425 assignatorum,

336 1437 390 1471 sed
407 1437 502 1470 etiam
519 1436 668 1470 extinctio
686 1436 850 1469 titulorum
874 1435 1078 1469 ecclesiarum

336 1494 366 1525 ct
389 1490 616 1524 beneficiorum
641 1490 834 1531 huiusmodi,
852 1489 946 1523 etiam
972 1494 1080 1523 contra

337 1544 520 1578 modernam
535 1548 565 1576 et
583 1543 743 1587 antiquam
761 1543 851 1586 regni
869 1543 1080 1585 Portugalliae

335 1597 582 1637 observantiam;
597 1603 637 1637 et,
651 1597 723 1630 licet
740 1597 829 1631 annis
842 1597 1021 1641 praeteritis
1034 1607 1081 1630 ea-

335 1652 408 1685 dem
424 1651 604 1696 praetensio
622 1650 715 1684 suerit
733 1650 891 1692 suscitata,
909 1652 962 1684 tua
976 1656 1080 1685 tamen

335 1717 371 1739 ac
395 1715 508 1749 regum
534 1704 745 1748 Por-tugalliae
769 1704 926 1738 maiorum
952 1710 1080 1738 tuorum

336 1759 450 1804 pietate
474 1759 625 1793 hactenus
649 1769 776 1803 semper
799 1758 900 1802 sopita
925 1758 1020 1792 suerit
1049 1759 1081 1792 in

337 1814 475 1847 savorem
500 1813 717 1854 ecclesiarum,
743 1812 972 1847 beneficiorum
993 1818 1024 1847 et
1039 1813 1081 1847 lo-

337 1877 448 1901 corum
474 1867 600 1911 piorum
624 1866 823 1900 huiusmodi:

381 1920 397 1964 5
421 1919 450 1953 Ξ.
476 1920 539 1954 Nos
563 1925 659 1961 certe,
676 1930 868 1964 quamquam
886 1919 1034 1964 egregius
1051 1924 1081 1955 et

335 1985 352 2006 a
373 1973 548 2008 maioribus
565 1974 626 2007 tuis
646 1979 793 2018 acceptus
817 1974 989 2008 maiestatis
1010 1980 1080 2008 tuae

337 2027 499 2072 religionis
513 2027 597 2061 zelus
614 2027 705 2061 nobis
722 2027 846 2061 abunde
861 2028 1048 2071 polliceatur
1060 2029 1079 2070 ¹,

336 2080 385 2114 se'
403 2081 487 2114 circa
503 2080 676 2126 praemissa
693 2091 744 2114 eas
762 2081 899 2115 rationes
917 2081 1079 2124 initurum,

335 2135 450 2180 quibus
474 2135 679 2169 ecclesiarum
694 2161 701 2175 ‚
726 2134 954 2168 beneficiorum
980 2135 1079 2169 eccle-

335 2189 545 2229 siasticorum,
564 2188 772 2232 locorumque
785 2188 913 2232 piorum
928 2188 1079 2221 indemni-

336 2243 389 2276 tati
414 2246 444 2277 et
464 2242 643 2275 animarum
668 2241 921 2276 christifidelium
946 2242 1079 2285 refrige-

288 2318 293 2323 -
335 2298 383 2332 rio
406 2296 593 2342 opportunis
617 2296 792 2330 rationibus
817 2296 1020 2336 consulatur;
1038 2296 1079 2330 ob

335 2361 444 2385 curam
468 2356 572 2384 tamen
595 2350 782 2384 universalis
795 2349 954 2383 Ecclesiae
979 2349 1079 2383 humi-

336 2405 412 2440 litati
436 2409 563 2438 nostrae
595 2403 745 2437 divinitus
768 2403 970 2437 commissam
997 2404 1078 2438 Pon-

336 2459 512 2503 tificiaeque
546 2463 672 2492 nostrae
709 2458 739 2490 in
772 2457 968 2490 maiestatem
993 2462 1077 2491 tuam

335 2513 496 2547 charitatis
521 2512 642 2546 viscera
672 2511 775 2546 facere
806 2521 869 2545 non
893 2522 1077 2556 possumus,

372 2588 382 2614 1
401 2585 468 2613 Male
483 2584 548 2613 edit.
566 2583 645 2611 Μαίη.
661 2584 726 2619 legit
738 2584 935 2619 polliceantur
951 2584 988 2618 (a.
1001 2583 1049 2619 τ.).

370 2631 387 2659 2
401 2630 495 2667 Aptius
511 2629 647 2657 videretur
666 2628 808 2663 tegendum
825 2632 850 2656 te
865 2632 905 2664 (n.
922 2628 970 2663 T.).

455 2683 533 2713 Bau.
550 2684 631 2713 Rom.
647 2699 682 2705 —
702 2684 759 2712 Vol.
777 2683 851 2711 xlv.
998 2684 1028 2711 71

1109 258 1186 302 quin
1211 267 1279 290 eam
1304 260 1435 302 paterne
1461 257 1491 290 in
1517 255 1650 290 Domino
1675 256 1852 299 hortemur,

1109 317 1152 352 ut,
1169 312 1269 345 avitae
1295 310 1417 344 virtutis
1437 311 1605 352 emulator,
1625 310 1781 353 ecclesias,
1801 311 1853 345 be-

1109 365 1220 398 neficia
1245 371 1276 399 et
1299 366 1368 398 loca
1386 365 1437 409 pia
1453 365 1636 399 huiusmodi
1652 365 1717 398 suis
1741 365 1854 399 immu-

1108 419 1268 458 nitatibus,
1281 418 1435 462 bonisque
1451 429 1487 452 ac
1500 419 1622 452 iuribus
1637 418 1767 463 pacifice
1790 418 1853 452 frui

1109 477 1139 504 et
1163 471 1302 514 gaudere
1326 471 1427 511 saciat,
1448 481 1506 505 nec
1531 472 1583 504 illa
1608 482 1666 516 per
1690 472 1853 506 ministros

1110 524 1288 569 praedictos
1324 524 1460 569 desuper
1496 525 1656 559 molestari
1697 536 1753 559 seu
1787 526 1853 560 ullo

1110 578 1205 612 modo
1222 578 1390 623 inquietari
1409 578 1580 622 permittat,
1598 579 1689 612 nobis
1706 580 1766 624 ipsi
1784 590 1854 624 per-

1110 631 1276 665 suadentes
1300 630 1443 664 camdem
1469 631 1553 664 illam
1579 631 1724 674 gloriam,
1752 632 1853 676 quae¹

1109 685 1234 730 pietatis
1258 685 1290 717 in
1313 685 1412 718 Deum
1437 689 1468 717 et
1492 694 1667 728 propensae
1684 684 1714 717 in
1739 695 1790 718 res
1806 696 1853 718 sa-

1111 748 1181 772 cras
1205 738 1374 772 voluntatis
1398 738 1530 781 aliisque
1554 737 1766 771 laudabilibus
1787 749 1853 772 me-

1110 791 1179 825 ritis
1204 791 1351 825 maiestas
1376 796 1429 824 tua
1458 791 1622 835 hucusque
1651 790 1763 835 adepta
1787 796 1854 832 est,

1111 846 1150 879 ad
1173 845 1359 890 ampliorem
1377 844 1549 889 parandam
1566 844 1621 878 tibi
1645 845 1789 878 stimulos
1805 844 1855 878 ad-

1111 899 1263 939 dituranu
1284 898 1343 932 alia
1358 899 1441 931 enim
1460 898 1596 932 adiicere
1620 899 1783 932 consuevit
1798 899 1855 933 Do-

1111 953 1215 986 minus
1232 963 1366 996 regnum
1385 963 1475 986 suum
1493 952 1596 996 primo
1621 953 1853 996 quaerentibus.

1111 1006 1208 1040 Nobis
1232 1006 1383 1050 profecto,
1401 1006 1555 1050 quidquid
1579 1006 1618 1038 ad
1638 1006 1855 1047 ecclesiarum,

1111 1060 1339 1094 beneficiorum
1353 1070 1388 1093 ac
1406 1059 1532 1104 piorum
1547 1059 1690 1093 locorum
1713 1059 1854 1093 savorem

1111 1113 1143 1146 in
1159 1113 1342 1158 praemissis
1355 1112 1491 1156 gesseris
1507 1118 1537 1145 et
1553 1112 1691 1154 iusseris,
1706 1117 1769 1145 tam
1787 1123 1857 1156 gra-

1113 1171 1180 1201 tum
1204 1167 1273 1209 erit,
1291 1177 1385 1212 quam
1410 1177 1491 1211 quae
1515 1166 1695 1210 gratissima
1712 1166 1856 1200 accidere

1113 1226 1260 1266 possunt,
1285 1226 1315 1253 et
1338 1220 1397 1254 hac
1419 1230 1514 1263 super
1538 1230 1572 1253 re
1597 1230 1669 1252 cum
1694 1219 1856 1253 maiestate

1113 1276 1167 1308 tua
1190 1275 1290 1308 fusius
1306 1275 1439 1308 disseret
1454 1273 1588 1307 nuncius
1605 1278 1713 1307 noster
1733 1273 1856 1318 episco-

1112 1339 1171 1373 pus
1196 1328 1447 1372 Senogalliensis.
1466 1328 1545 1361 Dum
1560 1337 1634 1361 vcro
1651 1327 1856 1371 apostolicam

1114 1383 1366 1416 benedictionem
1398 1381 1454 1414 tibi
1491 1381 1605 1414 iterum
1635 1380 1856 1424 impertimur,

1114 1437 1190 1469 susis
1207 1436 1245 1468 ad
1263 1436 1359 1468 Deum
1376 1434 1526 1478 precibus
1543 1434 1632 1467 enixe
1649 1434 1856 1477 postulamus,

1114 1495 1148 1523 ut
1171 1489 1353 1523 caelestium
1378 1488 1552 1532 gratiarum
1572 1487 1654 1522 dona
1672 1487 1726 1522 tibi
1742 1487 1858 1531 iugiter

1115 1543 1322 1588 impertiatur.

1158 1597 1270 1630 Datum
1295 1596 1326 1629 in
1350 1597 1430 1629 Arce
1454 1594 1643 1639 Gandulphi⁷
1673 1593 1858 1629 Albanensis

1114 1651 1277 1693 dioecesis,
1304 1650 1362 1683 sub
1378 1650 1495 1683 annulo
1514 1648 1692 1692 Piscatoris‚
1711 1649 1760 1682 die
1779 1658 1858 1683 xvnt

1114 1706 1254 1740 octobris
1290 1714 1455 1739 uncxxxvt
1469 1731 1477 1746 ,
1513 1703 1714 1747 pontificatus
1756 1703 1856 1737 nostri

1115 1769 1196 1793 anno
1220 1769 1285 1793 xiv.
1702 1765 1710 1776 ¹

1150 1821 1209 1849 Dat.
1227 1820 1270 1849 die
1284 1820 1318 1848 18
1334 1819 1452 1848 octobris
1468 1819 1548 1854 1636,
1569 1818 1664 1855 pontif.
1685 1826 1755 1847 anno
1774 1825 1829 1848 xiv.

1426 1937 1552 1971 DLVlll.

1116 2010 1280 2054 Oppidum
1305 2009 1486 2043 Mercalelli
1513 2008 1678 2043 Urbaniae
1697 2008 1859 2052 episcopa-

1160 2064 1219 2104 tui,
1244 2064 1399 2097 Lamolae
1416 2067 1525 2095 aulem
1539 2061 1694 2105 oppidum
1711 2060 1859 2094 ecclesiae

1157 2117 1188 2150 S.
1213 2116 1336 2159 Anqeli
1352 2115 1460 2159 quoad
1478 2114 1740 2148 iurisdictionem
1764 2114 1859 2148 eccle-

1157 2170 1325 2203 siasticam
1349 2168 1552 2201 addicuntur
1563 2167 1584 2200 ².

1318 2241 1455 2268 Urbanus
1475 2240 1555 2274 Papa
1574 2239 1654 2272 VIII,

1243 2286 1279 2314 ad
1298 2288 1474 2320 perpetuam
1493 2285 1536 2313 rei
1557 2284 1737 2312 memoriam.

1157 2350 1172 2393 g
1196 2349 1227 2382 l.
1255 2349 1331 2383 Cum
1357 2358 1458 2392 nuper
1482 2357 1540 2381 nos
1569 2347 1606 2380 ad
1631 2346 1858 2391 omnipotentis

1112 2403 1166 2437 Dei
1192 2402 1316 2436 laudem
1342 2407 1373 2435 et
1396 2402 1499 2436 cultus
1528 2401 1625 2434 divini
1651 2405 1856 2444 augmentum

1149 2495 1158 2520 1
1179 2492 1334 2528 Legendurn
1351 2500 1441 2528 quam
1459 2493 1498 2526 (a.
1515 2491 1564 2524 τ.).

1147 2538 1165 2565 2
1181 2538 1217 2565 Ex
1234 2537 1342 2573 Regest.
1358 2537 1383 2563 in
1399 2537 1501 2563 Secret.
1526 2535 1602 2562 Brev.
1620 2549 1653 2555 —
1673 2534 1803 2563 Erectum
1823 2534 1857 2563 ab

1113 2585 1170 2620 ipso
1186 2584 1238 2610 hoc
1254 2582 1383 2610 l'ontilice
1401 2581 1535 2609 Urbaniae
1553 2581 1738 2616 episcopatum
1754 2579 1815 2607 vide
1831 2579 1858 2607 in

1114 2627 1291 2664 praecedenti
1307 2634 1388 2662 anno,
1404 2634 1478 2654 num.
1496 2632 1598 2661 nxxxv,
1619 2633 1703 2661 supra
1717 2632 1778 2660 pag.
1794 2624 1856 2653 513.

1762 198 1822 234 561
1873 207 1922 237 An.
1939 208 1967 238 c.
1985 207 2055 238 1636

1904 2354 1992 2376 Emete-
2007 2361 2020 2376 ι
2036 2361 2059 2376 sc

1873 2387 1900 2402 nu
1918 2387 1941 2402 er
1952 2381 2060 2402 Urbaniao

1873 2410 1893 2429 et
1911 2408 2060 2434 ’.Angeliept-

1873 2437 1974 2462 scopatus
1985 2434 2058 2456 rosere.
