2248 3229
0 2989 9 3014 ι’
0 2812 11 2965 ’σὴᾼοτν
0 2714 10 2787 ..ν-Π
0 2656 11 2678 ἰ

124 258 174 284 An.
191 256 220 284 C.
243 254 314 283 ¹638

292 1673 295 1676 ι
338 1638 391 1665 aut
409 1633 441 1665 in
458 1632 594 1665 nullius⁴
618 1633 769 1672 favorem,
789 1637 843 1665 aut
867 1642 988 1673 eorum,
1008 1641 1079 1663 nee-

929 252 1071 278 L'rtmxus

322 302 566 346 incorporandi,
590 312 626 336 ac
650 302 821 336 nominatis
845 306 874 334 et
899 301 967 334 aliis
993 306 1081 334 con-³

323 355 466 395 ferendi,
499 356 762 396 commendandi,
793 355 1008 399 supprimendi
1034 360 1064 387 et

323 408 537 452 extinguendi,
561 409 693 452 aliisque
717 409 795 443 citra
812 418 957 441 accessus
974 411 1004 441 et
1020 417 1065 440 re-

324 472 452 504 gressus
475 462 514 495 de
538 472 693 496 consensu
717 462 925 503 facultatibus,
943 460 1065 499 litteris,

326 515 479 548 mandatis
510 521 540 549 et
572 516 700 548 indultis
724 515 992 559 quibuscumque,
1017 513 1064 546 et¹

326 578 397 600 cum
423 569 678 612 provisionibus,
712 568 907 603 commendis
938 573 968 600 et
998 565 1085 599 aliis'

326 621 584 665 dispositionibus
609 634 646 656 ex
667 629 740 656 tune
761 626 789 656 et
806 621 925 665 gratiis,
942 620 1068 664 quibus-

327 674 372 707 vis
389 675 545 718 personis,
566 676 794 719 cuiuscumque
815 674 986 717 dignitatis,
1007 670 1086 706 sta-²

328 734 394 769 tus,
419 728 536 771 gradus
561 730 608 762 vel
633 729 822 762 conditionis
847 727 1087 767 existentibus„

328 786 358 813 et
389 792 588 825 quacumque
616 782 709 814 etiam
742 781 918 825 imperiali,
948 777 1069 822 regali,

328 835 472 878 reginali,
496 835 610 874 ducali,
628 835 692 868 sive
709 833 891 879 episcopali,
914 833 1070 877 arehiepi-
1086 834 1088 853 ³

329 889 465 932 scopuli,
488 888 691 932 patriarchali
716 888 763 921 vel
789 887 901 921 maiori
933 887 1071 920 auctori-

330 947 408 982 tate,
433 942 699 985 praeeminentia,
728 941 890 974 nobilitate
914 944 944 974 et
967 940 1070 973 excel-

330 995 426 1028 lentia
445 1022 452 1036 ‚
491 1005 528 1028 ae
566 995 660 1029 etiam
699 994 910 1027 cardinalatus
949 993 1071 1027 honore

331 1047 534 1092 fungentibus
550 1047 572 1088 ³,
607 1053 638 1081 et
674 1047 880 1080 familiaribus
915 1046 1090 1080 continuis

332 1102 596 1135 commensalibus
626 1101 763 1142 nostris,
788 1100 881 1133 etiam
907 1100 1073 1143 descriptis

332 1161 363 1188 et
381 1154 529 1198 antiquis,
545 1159 576 1187 et
599 1154 629 1186 in
647 1164 756 1187 eorum
779 1153 837 1186 ad³
857 1153 1073 1193 ecclesiarum,
1090 1164 1092 1177 ·

333 1208 426 1240 etiarn
439 1207 678 1247 cathedralium,
699 1211 729 1239 et
747 1206 1074 1250 metropolitanarum,
1092 1204 1093 1207 ’

333 1271 369 1294 ac
399 1260 676 1304 patriarchalium,
702 1264 731 1292 et
754 1259 986 1303 principalium,
1011 1269 1075 1292 mo-

333 1314 544 1347 nasteriorum
563 1340 570 1354 ,
607 1322 789 1345 mensarum
826 1311 1046 1355 capitularium
1068 1338 1075 1352 ,

335 1367 521 1410 dignitatum
546 1371 576 1399 et
599 1365 735 1398 aliorum
755 1365 983 1398 beneficiorum
1001 1375 1077 1408 quo-

335 1430 556 1464 rumcumque,
582 1430 653 1452 cum
679 1421 755 1452 cura
778 1425 808 1452 et
833 1419 898 1452 sine
923 1420 1010 1459 eura,
1028 1428 1077 1451 se-

336 1473 491 1506 cularium
515 1478 546 1506 et
569 1473 753 1516 quorumvis
780 1472 931 1505 Ordinnm
959 1471 1079 1513 regula-

338 1526 442 1566 rium,
477 1526 620 1559 locorum
655 1526 803 1569 piorum,
838 1525 1078 1558 universitatum

337 1579 514 1612 studiorum
529 1607 536 1620 ‚
568 1584 599 1612 et
623 1579 757 1612 aliorum
781 1587 1078 1622 quorumcumque,

338 1695 402 1719 non
426 1686 543 1718 iurium
568 1685 776 1725 cessionum⁵‚
801 1685 850 1717 vel
881 1685 1057 1717 ablatorum
1073 1711 1080 1725 ,

339 1743 393 1771 aut
415 1738 602 1782 spoliorum,
622 1738 822 1778 damnorum,
839 1737 932 1771 etiam
957 1747 1014 1780 per
1038 1737 1082 1769 in-

340 1791 449 1824 fideles
480 1791 638 1824 illatorum
655 1818 662 1831 ,
687 1796 717 1824 et
741 1791 966 1834 obsequiorum
990 1791 1081 1823 nobis

341 1845 562 1888 Romanaeque
583 1845 739 1878 Ecclesiae
762 1845 810 1877 vel
827 1844 986 1887 praefatae
1009 1843 1081 1878 Sedi

342 1904 395 1931 aut
424 1908 482 1942 pro
508 1897 569 1930 fide
593 1897 747 1931 catholiea
772 1897 1001 1940 impensorum,
1027 1907 1082 1929 seu

342 1951 507 1995 quibusvis
531 1951 599 1984 aliis
631 1950 892 1993 excogitabilibus
916 1955 947 1983 et
970 1959 1083 1992 urgen-

343 2005 471 2038 tissimis
497 2010 527 2037 et
555 2004 688 2037 insolitis
716 2013 839 2037 necnon
870 2002 1084 2046 exprimendis

344 2058 456 2097 causis,
470 2050 734 2098 consideratione,
752 2055 1028 2099 contemplatione,
1042 2055 1085 2087 in-

345 2105 468 2152 stantia,
494 2110 618 2149 intuitu,
643 2105 764 2142 rat'ionc
789 2109 836 2141 vel
861 2114 1028 2151 respectu,
1050 2118 1085 2141 ac

346 2168 431 2197 motu
457 2163 610 2206 proprio,
635 2173 671 2195 ac
695 2173 731 2195 cx
757 2163 844 2194 certa
877 2161 1024 2203 scientia,
1050 2171 1086 2194 ac

345 2216 383 2249 de
408 2216 599 2259 apostolicae
624 2214 787 2259 potestatis
812 2214 1026 2257 plenitudine,
1051 2224 1086 2246 ae

347 2279 419 2302 cum
433 2268 595 2312 quibusvis
608 2269 832 2301 antelationum
848 2266 1086 2310 praerogativis,

347 2322 622 2361 declarationibus,
637 2321 903 2362 concessionibus,
918 2320 1087 2359 favoribus,

348 2375 618 2420 suspensionibus,
638 2385 673 2408 ac
698 2374 806 2417 gratiis
834 2379 864 2406 et
888 2371 1107 2407 restitutioni-i

390 2475 396 2500 Ι
417 2473 444 2500 ln
460 2472 518 2500 loco
535 2472 663 2508 parallelo
679 2471 777 2506 legitur
791 2471 881 2498 etiam
899 2472 934 2504 (n.
947 2472 994 2503 τ.).

384 2517 402 2543 9.
417 2518 445 2544 1η
462 2516 520 2544 loco
536 2516 665 2551 parallelo
679 2516 777 2551 legitur
795 2515 971 2549 sumentibus
986 2516 1022 2548 (n.
1038 2514 1087 2548 τ.).
1108 2535 1109 2542 ,

385 2562 402 2587 3
418 2562 545 2595 [egerem
561 2570 593 2588 ac
610 2569 657 2595 pro
672 2561 710 2587 act
725 2566 764 2593 tn.
776 2561 824 2593 τ.).

387 2607 402 2633 4
419 2606 445 2632 ln
462 2606 520 2632 loeo
536 2605 667 2641 parallelo
683 2605 780 2639 legitur
796 2605 876 2632 illius
893 2605 927 2639 (n.
946 2604 994 2637 τ.).

386 2651 403 2678 5
418 2651 448 2678 ln
464 2651 522 2677 loco
538 2650 668 2686 parallelo
684 2651 783 2685 legitur
797 2658 936 2677 crssorum
952 2651 990 2682 (ti.
1008 2650 1055 2682 τ.).

1095 251 1151 276 vm
1174 251 1223 275 1¹1³.

1096 300 1154 333 bus
1170 327 1178 339 ,
1202 296 1507 336 modificationibus,
1533 293 1780 338 exceptionibus,
1807 297 1838 326 et

1097 352 1306 391 annullativis,
1326 350 1546 390 i1·1·iiaiivis,ac
1563 347 1836 390 derogatoriarum

1080 401 1327 449 fdemgatoriis,
1352 414 1475 437 necnon
1499 402 1671 446 praefatam
1707 405 1737 434 ct
1761 399 1837 432 alias

1082 485 1083 496 ,
1100 468 1314 503 quascumque
1328 467 1491 490 concessas
1504 462 1534 489 et
1548 453 1763 489 concedendas
1773 462 1841 496 gra-

1082 504 1085 547 Ῐ,
1101 512 1157 546 tias
1178 511 1450 555 suspendentibus,
1468 521 1503 543 ae
1522 509 1582 542 illis
1606 507 1840 550 derogantibus,

1101 576 1222 598 necnon
1248 565 1360 598 mentis
1385 570 1416 597 et
1448 563 1627 597 intentionis
1659 573 1695 595 ae
1726 570 1841 605 perpe-

1103 624 1173 651 tuae
1194 623 1224 651 et
1244 617 1509 651 incommutabilis
1526 615 1693 650 voluntatis
1716 620 1842 648 nostrae

1103 672 1198 704 fuisse
1215 677 1245 704 et
1258 682 1327 704 esse
1339 671 1377 703 de
1394 680 1457 703 non
1475 669 1652 703 revocando
1667 674 1696 701 et
1718 678 1845 712 suspen-

1103 725 1205 757 dendo
1230 724 1347 768 gratias
1371 723 1512 765 easdem,
1531 728 1561 756 et
1585 723 1646 755 illis
1669 732 1733 756 non
1757 722 1846 755 dero-

1104 777 1237 821 gando¹,
1255 778 1492 822 quomodolibet
1508 776 1734 817 attestantibus,
1755 782 1786 810 ct
1814 775 1846 808 in

1104 832 1272 876 pristinum
1303 838 1334 865 et
1355 832 1584 864 validissimum
1617 836 1730 865 statum
1757 841 1847 874 repo-

1105 886 1261 927 nentibus,
1287 886 1534 925 restituentibus,
1552 896 1587 918 ae
1611 885 1750 929 plenarie
1768 885 1847 917 rein-

1106 940 1312 982 tegrantibus‚
1329 950 1365 972 ac
1382 950 1439 983 per
1463 939 1592 972 modum
1617 938 1697 981 pacti
1726 943 1756 971 et
1780 937 1847 970 initi

1106 996 1285 1026 contractus
1299 1003 1334 1025 ae
1355 992 1499 1036 perpetui
1513 992 1629 1032 statuti,
1642 1002 1764 1025 necnon
1779 1001 1849 1034 gra-

1108 1047 1165 1080 tias
1195 1047 1278 1090 ipsas
1309 1051 1343 1078 ut
1374 1046 1412 1078 de
1443 1051 1515 1079 actu
1546 1046 1728 1079 vacantibus
1753 1055 1848 1089 expe-

1107 1106 1203 1140 ctare,
1224 1105 1253 1132 ct
1278 1109 1313 1132 ex
1339 1103 1412 1132 tunc
1429 1108 1501 1132 vere
1519 1104 1549 1131 et
1569 1108 1630 1131 non
1656 1098 1738 1138 fiete,
1755 1098 1848 1130 etiam

1090 1153 1212 1198 ¹quoad
1236 1153 1470 1197 possessionem
1496 1152 1653 1186 dictorum
1679 1151 1850 1184 beneficio-

1109 1217 1179 1239 rum
1195 1216 1230 1239 ac
1247 1216 1358 1239 omnes
1376 1206 1453 1238 iuris
1469 1210 1499 1238 et
1516 1205 1587 1238 facti
1609 1203 1770 1244 desectus‘2‚
1784 1204 1850 1247 plc-

1110 1270 1184 1293 num
1202 1270 1271 1292 esse
1295 1259 1421 1292 sortitas
1442 1258 1587 1291 effectum
1609 1257 1851 1291 decernentibus

1111 1319 1141 1346 et
1164 1313 1395 1346 declarantibus
1410 1340 1417 1354 ,
1443 1312 1574 1355 aliisque
1599 1311 1850 1354 efficacioribus,

1111 1367 1336 1400 efficacissimis
1354 1372 1384 1399 et
1401 1366 1533 1399 insolitis
1551 1365 1707 1405 clausulis,
1722 1375 1779 1408 per
1795 1375 1853 1398 nos

1112 1426 1142 1453 et
1166 1420 1278 1453 Sedem
1302 1419 1487 1463 praefatam,
1509 1424 1562 1451 aut
1578 1419 1646 1451 eius
1670 1419 1799 1461 legatos,
1822 1418 1853 1450 in

1094 1499 1096 1501 >
1113 1484 1229 1516 genere
1246 1474 1293 1506 vel
1312 1473 1341 1506 in
1359 1473 1472 1517 speeie,
1488 1473 1580 1505 etiam
1601 1471 1796 1511 nominatim,
1815 1471 1854 1503 de

1113 1527 1204 1559 dictis
1217 1527 1378 1560 benefieiis
1392 1531 1421 1558 et
1432 1526 1500 1558 aliis
1514 1524 1753 1569 quomodolibet
1765 1534 1852 1557 ema-

1114 1581 1209 1620 natis;
1236 1580 1350 1623 quibus
1372 1579 1507 1622 (etiamsi
1534 1579 1563 1611 in
1589 1579 1660 1618 illis,
1673 1577 1757 1621 quod
1783 1577 1854 1610 illac

1096 1654 1097 1664 i
1114 1633 1237 1667 nonnisi
1252 1633 1346 1667 certis
1359 1633 1460 1666 modis
1475 1636 1505 1666 et
1519 1632 1626 1665 formis
1640 1631 1714 1664 inibi
1733 1640 1857 1674 expres-

1115 1687 1156 1720 sis
1173 1692 1203 1720 et
1219 1687 1397 1727 nominatis,
1414 1686 1581 1729 verbisque
1601 1690 1632 1718 et
1656 1684 1753 1727 signis
1780 1683 1857 1716 inibi

1098 1740 1277 1784 ,appositis
1294 1746 1324 1772 et
1349 1739 1434 1773 omni
1459 1739 1655 1772 diversarum
1680 1738 1857 1770 litterarum

1116 1794 1360 1837 apostolicarum
1385 1792 1582 1836 expeditione
1603 1797 1633 1824 et
1664 1790 1859 1823 intimatione

1116 1847 1209 1880 etiam
1227 1846 1359 1879 diversis
1383 1845 1579 1889 temporibus
1596 1843 1748 1884 facienda,
1765 1854 1801 1876 ac
1820 1843 1859 1876 de

1117 1910 1271 1933 consensu
1297 1910 1406 1933 eorum
1439 1908 1576 1942 quorum
1603 1897 1754 1930 interesse
1778 1906 1856 1930 con-

1118 1953 1314 1992 cernebatur,
1328 1952 1486 1985 autetiam
1501 1951 1679 1983 nullatenus
1700 1949 1858 1993 suspendi,

1119 2005 1288 2045 moderari,
1308 2011 1361 2037 aut
1377 2005 1422 2037 eis
1440 2005 1471 2036 in
1491 2004 1597 2046 aliquo
1623 2002 1769 2045 derogari
1789 2013 1861 2045 pos-

1119 2063 1174 2099 set,
1191 2064 1231 2098 et‚
1252 2061 1404 2101 quatenus
1429 2057 1706 2100 suspenderentur,
1723 2060 1777 2088 aut
1801 2055 1861 2088 illis

1119 2112 1338 2154 derogaretur,
1363 2110 1454 2143 toties
1479 2109 1517 2142 de
1540 2119 1633 2149 novo,
1654 2113 1684 2141 et
1707 2108 1765 2141 sub
1789 2119 1862 2152 qna-

1121 2174 1255 2208 cumque
1280 2163 1351 2196 data
1376 2173 1433 2206 per
1453 2163 1522 2196 illos
1550 2173 1685 2206 quorum
1711 2162 1862 2194 interesse

1103 2251 1105 2255 Α
1121 2216 1370 2250 concernebatur
1391 2215 1544 2258 eligenda,
1563 2225 1711 2248 concessa
1735 2220 1766 2247 et
1785 2215 1864 2248 facta

1122 2271 1182 2304 sint
1207 2276 1237 2303 et
1260 2280 1328 2303 esse
1355 2275 1540 2303 censeantur
1567 2279 1603 2302 ac
1628 2269 1768 2312 expediri
1790 2279 1862 2312 pos-

1123 2324 1193 2363 sint,
1210 2334 1246 2356 ac
1263 2323 1307 2357 sie
1325 2329 1355 2356 et
1370 2333 1432 2356 non
1451 2322 1558 2355 aliter-³
1575 2333 1632 2366 per
1648 2332 1864 2366 quoscumque

1124 2378 1242 2411 iudices
1275 2383 1305 2410 et.
1334 2387 1486 2421 personas
1512 2376 1643 2409 iudicari
1667 2376 1789 2416 debeat,
1814 2385 1865 2408 ca-

1125 2437 1234 2465 veatur
1247 2432 1420 2475 expresse),
1439 2431 1565 2464 illorum
1579 2429 1721 2463 omnium
1740 2434 1865 2462 tenores

1106 2498 1108 2505 1
1126 2485 1345 2529 praesentibus
1362 2495 1421 2528 pro
1439 2483 1630 2517 sufficienter
1650 2482 1807 2527 expressis
1829 2492 1866 2516 ac

1162 2558 1170 2583 1
1197 2556 1262 2584 Male
1282 2556 1325 2583 ed.
1347 2556 1429 2582 Μαίη.
1451 2554 1515 2589 legit
1535 2554 1739 2589 deroyanlibns
1757 2554 1797 2589 (rt.
1816 2553 1865 2588 τ.).

1161 2602 1178 2628 2
1194 2602 1292 2628 Forsan
1309 2600 1414 2636 legend.
1432 2601 1545 2634 effectus
1561 2607 1608 2635 pro
1625 2600 1749 2634 desectus
1763 2601 1803 2633 (n.
1816 2599 1865 2632 τ.).

1162 2648 1177 2673 ζ’,
1194 2647 1262 2673 Mate
1279 2646 1344 2673 edit.
1363 2645 1440 2672 Main.
1460 2645 1566 2679 legituc
1576 2645 1601 2671 si
1613 2653 1668 2671 non
1681 2645 1866 2680 alites-(nm).

1738 233 1801 268 683
1849 243 1899 271 An.
1917 242 1946 270 C.
1964 241 2034 270 1638
