2248 3229
930 205 1024 229 rxnsx
1050 206 1153 231 annm
1702 198 1767 233 775

360 255 436 291 item
461 257 624 292 seminarii
649 256 798 300 Romani,
824 257 865 292 82
889 269 926 294 a:
957 261 1056 302 ipsius
1088 259 1229 302 religiosi
1259 268 1321 293 non
1346 263 1477 303 possunt
1508 262 1554 295 uti
1586 260 1717 295 indultis
1742 271 1812 296 cru·

362 310 481 350 ciatae,
507 310 548 343 55
573 321 608 345 ιι;
635 315 795 351 votorum,
820 320 902 356 quae
927 311 967 345 ab
1000 313 1046 345 eis
1076 314 1175 346 emitti
1204 312 1324 354 solent,
1355 313 1553 358 dispensatio
1583 313 1641 348 soli
1672 313 1813 348 Romano

362 362 505 397 Pontifici
531 367 702 405 reservata,
729 364 792 398 270
815 376 851 401 a:
880 366 910 398 in
930 366 1000 399 roto
1025 366 1064 398 de
1090 375 1151 398 non
1177 365 1382 409 acceptandis
1399 366 1608 410 dignitatibus
1625 376 1682 400 eae
1702 376 1813 401 omnes

362 416 678 460 comprehenduntur
702 417 874 461 dignitates
899 422 929 452 et
957 419 1076 460 osticia,
1101 427 1182 463 quae
1208 427 1367 452 annexam
1397 419 1518 454 habent
1548 420 1812 462 iurisdictionem,

365 469 428 503 272
464 480 501 508 a;
542 469 741 514 indulgentia
780 470 922 515 plenaria
960 470 1162 505 visitantibus
1202 473 1355 505 ecclesias
1387 472 1554 507 Societatis
1589 474 1621 507 in
1652 472 1705 507 die
1735 473 1813 507 resto

364 522 394 556 S.
420 522 578 556 Francisci
604 523 743 565 xaverii,
770 526 892 558 etiamsi
917 526 948 558 in
973 526 1066 558 aliam
1091 525 1176 558 diem
1201 526 1415 567 transferatur,
1441 525 1503 559 684
1530 525 1555 558 b.

275 577 427 610 Somasca
452 576 517 619 (del
539 576 647 610 clerici
667 577 839 619 regulares,
857 577 929 611 vide
945 577 1158 621 Congrcgatio
1175 578 1365 612 clericorum
1384 579 1576 621 regularium
1594 579 1633 613 de
1649 579 1812 614 Somasca.

274 629 409 673 Spiritus
425 629 530 663 Sancti
556 630 677 668 militia,
705 631 763 664 231
791 642 826 667 a:
853 633 955 665 exteri
980 633 1011 665 in
1037 641 1106 665 eam
1131 632 1252 666 admitti
1278 636 1420 676 possunt,
1448 633 1510 667 252
1535 644 1571 669 α;
1602 637 1696 678 atque
1715 635 1809 668 etiam

364 686 466 715 aetate
492 684 640 719 minores,
667 684 730 717 319
756 684 783 716 b.

274 734 451 779 Spoliorum
477 735 743 770 subcolleetorum
769 737 901 770 crimina
927 738 1021 771 ctiam
1054 741 1123 782 post
1154 739 1295 773 osticium
1328 739 1495 774 dimissum
1520 740 1559 774 ab
1584 741 1814 776 matuariorum

362 788 505 822 iudicum
531 789 750 823 iurisdictione
777 790 1017 832 subtrabuntur,
1044 792 1106 824 532
1123 803 1163 828 a:
1189 796 1326 826 attamen
1353 802 1392 826 ne
1417 795 1518 827 maior
1542 793 1748 839 delinquendi
1778 793 1813 828 li-

363 841 469 876 bertas
501 847 663 882 nascatur,
696 843 881 878 collectores
905 843 1079 887 spoliorum
1104 847 1152 879 ius
1176 845 1293 879 habent
1318 846 1464 889 priVandi
1489 846 1737 881 subcoliectores
1757 846 1812 882 tall

365 897 586 938 exemptione,
611 895 674 929 532
701 896 728 928 b.

276 947 379 982 Status
406 947 620 982 Ecclesiastici
646 948 740 982 feuda
766 950 885 982 exteris
910 959 972 982 non
999 950 1166 984 vendenda
1190 953 1259 985 sine
1285 952 1412 986 licentia
1436 953 1609 994 Pontificis,
1635 953 1698 987 616
1723 953 1756 994 b;
1787 954 1814 988 si

364 1001 553 1043 vendantur,
579 1001 687 1035 titulus
712 1002 855 1041 ducatus⁷
881 1004 1077 1047 principatus
1102 1008 1160 1038 etc.
1187 1006 1217 1037 in
1244 1009 1418 1048 emptorem
1444 1016 1506 1039 non
1532 1006 1726 1047 transfertur,
1753 1007 1812 1041 nisi

364 1056 395 1088 in
422 1054 480 1088 hoc
504 1057 598 1088 etiam
623 1055 784 1088 pontificis
809 1055 965 1090 indultum
991 1057 1131 1097 accedat,
1156 1057 1216 1090 721
1245 1058 1262 1089 b
1288 1061 1318 1091 et
1341 1068 1401 1102 seq.

275 1107 455 1152 Stephanus
479 1108 628 1142 Duratius
653 1118 798 1142 camerae
825 1109 1017 1153 apostolicae
1044 1110 1259 1145 thesaurarius
1283 1110 1458 1154 generalis,
1484 1111 1546 1146 122
1571 1111 1595 1145 b.

277 1160 416 1196 Subsidii
441 1170 532 1195 mons
556 1160 708 1196 vacabilis
733 1163 764 1196 in
790 1161 874 1196 Urbe
899 1166 1043 1204 erectus,
1070 1163 1133 1197 120
1158 1174 1186 1197 α.

1031 1321 1054 1355 Τ

276 1428 400 1464 Tardon
426 1428 504 1474 (del)
530 1432 561 1462 et
585 1427 676 1462 valtis
701 1427 741 1462 de
766 1427 995 1472 Gualleguillos
1027 1427 1089 1462 duo
1120 1428 1312 1463 monasteria
1336 1427 1468 1463 Ordinis
1496 1429 1526 1462 S.
1550 1429 1657 1464 Basilii
1682 1429 1720 1464 ad
1750 1431 1815 1474 pri-

364 1485 508 1518 mitivam
532 1482 674 1526 regulam
700 1492 717 1516 a
742 1481 904 1516 Clemente
930 1482 1014 1526 Papa
1038 1481 1107 1515 Vttt
1134 1481 1278 1522 redacta,
1304 1481 1366 1515 116
1388 1481 1421 1521 b;
1447 1481 1486 1516 ab
1503 1481 1631 1516 Urbano
1651 1482 1720 1516 vttl
1738 1492 1815 1517 con-

367 1537 532 1571 firmantur
566 1537 597 1570 in
630 1537 696 1570 suis
721 1535 980 1579 exemptionibus
1005 1539 1035 1569 et
1060 1535 1252 1580 privilegiis,
1279 1535 1341 1569 117
1366 1545 1402 1575 α;
1428 1545 1579 1570 numerus
1604 1535 1813 1571 choristarum

366 1593 397 1624 et
421 1590 575 1623 laicorum
599 1590 630 1622 in
655 1588 718 1622 illis
744 1588 981 1632 praescribitur,
1007 1589 1070 1623 742
1095 1600 1123 1622 a.

277 1641 394 1676 Terrae
418 1641 550 1675 Sanctae
576 1642 782 1675 necessitates
800 1641 1065 1675 commendentur
1084 1641 1124 1676 ab
1141 1640 1319 1677 Ordinariis
1335 1642 1475 1677 locorum
1492 1646 1523 1677 et
1538 1641 1814 1678 concionatoribus

366 1693 457 1729 verbi
482 1694 540 1728 Dei
566 1695 596 1728 in
623 1694 771 1728 Adventu
797 1698 828 1728 et
853 1694 1116 1738 Quadragesima,
1142 1695 1206 1729 370
1230 1696 1256 1729 b.

275 1748 465 1782 'thaddaeus
488 1746 681 1782 Barberinus
706 1747 825 1782 Romae
851 1748 1030 1792 praelectus
1055 1752 1085 1782 et
1109 1748 1334 1783 Praenestinus
1359 1751 1516 1794 princeps,
1542 1750 1605 1784 582
1630 1751 1658 1783 b.

275 1801 465 1836 Thaddaeus
488 1800 638 1835 Collicula
663 1801 808 1835 medicus
832 1805 974 1835 secretus
999 1801 1116 1837 Urbani
1142 1802 1222 1846 vill,
1247 1803 1310 1837 599
1335 1802 1372 1843 b;
1397 1802 1508 1838 Lector
1532 1805 1608 1838 artis
1632 1803 1814 1838 medicinae

365 1856 396 1889 in
421 1854 594 1898 Gymnasio
619 1854 760 1889 Romano
785 1854 980 1898 designatur,
1001 1855 1079 1889 ibid.

277 1907 461 1942 Theodorus
485 1907 657 1942 cardinalis
682 1907 863 1948 Trivultius,
886 1908 958 1949 179,
984 1919 1013 1941 a.

277 1961 460 1996 Theodorus
484 1961 618 1995 Stratius
644 1962 729 2005 prior
752 1961 949 2004 generalium
975 1961 1105 1996 Ordinis
1131 1959 1387 2006 Carmefflarum,
1411 1963 1474 1998 443
1500 1963 1534 2003 b;
1568 1963 1631 1997 569
1657 1973 1692 2003 α;
1723 1963 1815 1998 here-

366 2025 451 2049 mum
477 2015 508 2048 in
533 2013 635 2047 Gallia
660 2015 740 2057 erigi
765 2015 850 2055 sinit,
876 2015 939 2048 717
964 2025 983 2047 α
1008 2019 1038 2049 et
1062 2015 1088 2048 b.

279 2067 448 2102 Theresiae
473 2067 533 2110 (S.)
561 2067 672 2101 fratres
697 2066 886 2101 Discalceati
911 2068 1068 2112 quomodo
1093 2068 1331 2112 distinguuntur
1355 2078 1372 2103 a
1396 2067 1546 2104 fratribus
1564 2068 1659 2104 Primi
1679 2069 1815 2105 Instituti

367 2131 425 2156 seu
450 2122 611 2155 seminarii
637 2122 668 2154 in
693 2121 901 2164 Propaganda
926 2121 1001 2155 Fide
1027 2121 1121 2166 vulgo
1146 2121 1186 2156 de
1209 2121 1313 2156 Monte
1337 2121 1450 2157 Sancto
1474 2126 1682 2167 nuncupatos
1701 2123 1764 2158 472
1783 2133 1814 2166 a,

367 2174 438 2208 ride
462 2174 702 2208 Carmelitarum
728 2173 825 2209 Ordo.

280 2228 450 2262 Theresiae
477 2228 534 2271 (S.)
562 2229 695 2271 virginis
720 2228 859 2262 osticium
877 2236 893 2260 a
912 2228 941 2261 S.
963 2228 1208 2271 congregatione
1234 2229 1350 2263 rituum
1376 2228 1602 2272 approbatum,
1621 2230 1682 2263 546
1701 2240 1719 2262 α
1737 2234 1767 2264 et
1786 2229 1812 2263 b.

279 2281 553 2316 Thessalonicensi
578 2281 819 2325 archiepiscopo
844 2283 1049 2315 committitur
1075 2286 1106 2316 ut
1135 2282 1265 2325 deputet
1298 2284 1482 2326 episcopum
1512 2284 1756 2318 Seccoriensem
1782 2285 1812 2319 in

369 2336 562 2368 visitatorem
588 2334 672 2368 illius
697 2336 795 2378 partis
821 2335 1051 2378 patriarchatus
1073 2334 1287 2379 Aquileiensis
1305 2345 1386 2380 quae
1402 2335 1530 2370 subdita
1547 2340 1594 2370 est
1611 2337 1813 2372 Ferdinando

367 2388 579 2423 Romanorum
605 2390 671 2431 regi
697 2389 728 2421 in
755 2389 978 2432 imperatorem
1004 2388 1114 2429 electo,
1139 2388 1202 2422 463
1224 2400 1253 2421 a.

280 2441 426 2477 Tiberius
451 2441 531 2475 tituli
557 2441 586 2475 S.
612 2441 739 2475 Priscae
764 2441 848 2474 card.
875 2441 987 2481 Mutus,
1009 2443 1026 2474 9
1053 2442 1085 2480 b;
1119 2443 1214 2475 ret'ert
1238 2451 1333 2486 supra
1358 2451 1483 2476 causam
1502 2443 1749 2478 canonizationis
1767 2444 1813 2478 vi-

369 2496 544 2540 gintitrium
569 2498 742 2538 martyrum
766 2494 894 2528 Ordinis
919 2494 1072 2528 Minorum
1097 2495 1126 2529 S.
1153 2495 1313 2529 Francisci
1338 2495 1626 2538 Discatceatorum,
1652 2496 1732 2529 ibid.

278 2548 463 2585 Toletanum
489 2547 658 2581 concilium
683 2551 775 2581 cavet
799 2548 969 2592 quominus
989 2548 1162 2592 dignitates
1187 2549 1218 2582 in
1244 2548 1390 2593 capitulis
1415 2547 1594 2583 obtinentes
1629 2548 1814 2594 appellatio-

369 2611 445 2637 num
469 2601 593 2636 iudices
617 2601 688 2643 sint,
714 2601 777 2635 606
801 2599 827 2633 b.
