2248 3229
89 247 140 274 An.
155 245 185 274 C.
207 244 277 274 1633

122 1003 219 1025 Urbanus
231 1009 280 1025 con-

95 1031 170 1053 firmat*

899 242 967 268 ΗΠΒ.
966 243 1041 268 ms

1066 242 1123 267 vm
1146 243 1193 267 ΡΡ

288 301 418 328 »mcxxv
442 291 529 326 datas
551 294 672 326 litteias
703 291 803 326 eidem
828 292 886 326 Cos
888 302 940 326 mo
965 292 1031 336 epi·
1048 297 1050 328 Ι
1067 292 1165 325 tectus
1190 291 1296 324 s01ti1i
1313 295 1343 324 et
1360 289 1512 332 obtinere,
1531 299 1566 323 ac
1586 288 1671 323 clero
1691 294 1722 322 et
1740 299 1807 332 per-

288 357 385 391 seopo
420 352 450 380 et
480 346 654 390 viceligato
689 346 880 387 iniunxeiit,
905 356 944 379 ue
968 329 1051 392 ulla}

289 402 478 436 haeredibus
508 413 717 447 personalum
751 374 1051 451 οεεΙοείειςιίοῑιιΤΞιηῑ

288 455 387 489 inibi¹
403 467 461 501 pro
477 462 621 501 tempore
635 456 854 490 decedentium
873 467 968 501 super
981 455 1034 490 bo·
1049 434 1051 478 Ξ

288 509 348 551 nis,
365 509 403 543 dc
421 510 537 553 quibus
561 510 800 554 disposuissent,
824 511 967 543 molestia
987 510 1032 542 in·
1050 538 1051 561 Ξ

290 563 436 605 ferretur,
454 564 507 597 sed
525 565 573 597 his
587 564 732 608 desuper,
751 565 804 609 qui
823 569 893 599 autc
911 575 1034 598 revoca·
1050 570 1051 597 t

291 617 408 650 tionem
421 617 614 661 praedictam
635 624 776 651 servatus
794 618 893 651 suerat
911 617 1033 657 modus,

291 670 329 704 de
354 676 460 705 cetero
484 676 664 706 servaretur
673 684 681 713 ;
707 678 735 705 et
760 678 947 717 propterea,
975 682 1034 715 pro

292 724 404 757 maiori
429 725 505 757 cleri
523 730 553 758 et
577 736 785 769 personarum
811 725 1036 759 ecclesiastica-

292 787 363 811 rum
386 778 622 822 praedictarum
656 779 822 812 securitate
853 784 879 812 et
913 779 1033 822 quiete,

293 831 396 865 clerus
421 836 451 866 et
474 843 627 876 personae
663 833 891 866 ecclesiasticac
924 832 1052 865 huius-=

293 885 379 919 modi
403 886 576 930 plurimum
602 888 730 931 cupiant
754 887 813 920 sibi
829 897 887 930 per
907 896 963 920 nos
981 886 1035 919 de-

294 948 387 983 super
409 945 587 983 opportune
607 940 785 984 provideri:

339 993 354 1036 §
377 992 407 1026 3.
433 994 513 1035 Nos,
536 994 660 1028 eosdem
686 994 805 1027 clerum
830 998 860 1026 et
884 1003 1036 1037 personas

296 1046 484 1090 specialibus
516 1047 675 1081 favoribus
699 1052 730 1080 et
746 1047 863 1090 ’gratiis
886 1046 1037 1091 prosequi

294 1099 445 1141 volentes,
463 1104 493 1134 et
511 1111 528 1133 a
552 1100 714 1144 quibusvis
738 1100 1038 1133 excommunicatio—

295 1152 361 1194 nis,
386 1153 601 1197 suspensionis
637 1159 667 1187 et
702 1153 882 1194 interdicti,
906 1153 1055 1197 aliisque*

295 1206 515 1240 ecclesiasticis
532 1207 702 1249 sententiiS,
716 1207 857 1241 censuris
871 1212 902 1240 et
917 1207 1036 1251 poenis,

294 1268 313 1291 a
336 1259 406 1293 iure
425 1259 474 1294 vel
499 1260 537 1293 ab
561 1260 709 1302 homine,
734 1261 842 1304 quavis
873 1260 1038 1294 occasione

295 1313 343 1346 vel
367 1315 462 1347 causa
485 1313 571 1355 latis,
603 1314 629 1348 si
653 1314 768 1358 quibus
803 1314 1039 1358 quomodolibet

295 1367 461 1402 innodatae
473 1367 485 1385 ‘²
501 1368 647 1409 existunt,
665 1368 703 1401 ad
721 1367 866 1401 effectum
890 1378 1039 1412 praesen·

296 1420 375 1453 tium
396 1420 557 1454 dumtaxat
580 1421 848 1465 consequendum,
866 1422 978 1455 harum
996 1432 1040 1455 se-

297 1474 344 1507 rie
368 1474 565 1508 absolventes
590 1479 619 1508 et
636 1475 794 1508 absolutas
818 1476 885 1509 sore
910 1486 1039 1509 censen-

298 1532 353 1571 tes,
372 1528 656 1572 supplicationibus
680 1529 808 1562 illorum
832 1529 960 1562 nomine
982 1539 1039 1562 no-

297 1581 347 1614 bis
364 1592 459 1626 super
483 1582 543 1615 hoc
560 1582 704 1615 similiter
719 1583 873 1626 porrectis
890 1582 1039 1623 inclinati,

297 1635 508 1679 praeinsertas
545 1635 619 1669 dicti
656 1636 824 1670 Clementis
856 1636 1040 1680 praedeces-

299 1688 380 1722 soris
409 1689 544 1731 litteras,
575 1699 698 1723 necnon
722 1689 841 1723 litteras
865 1690 1041 1734 praedictas

299 1742 459 1776 Francisci
495 1743 661 1776 cardinalis
686 1748 716 1776 et
739 1743 833 1786 legati
869 1743 1040 1787 praedicti,

300 1806 336 1829 ac
360 1796 465 1829 omnia
489 1801 519 1829 et
542 1796 665 1839 singula
682 1797 714 1829 in
731 1797 776 1830 eis
798 1802 954 1838 contenta,
972 1808 1042 1840 apo-

301 1849 411 1882 stolica
447 1849 654 1890 auctoritate,
685 1855 793 1883 tenore
817 1850 1041 1894 praesentium,

301 1907 457 1946 perpetuo
481 1903 693 1946 approbamus
707 1909 736 1936 et
753 1904 986 1942 confirmamus,
1007 1914 1042 1936 ac

302 1955 363 1988 illis
386 1960 556 1999 perpetuae
581 1961 611 1988 et
636 1955 824 1989 inviolabilis
852 1956 1043 1999 apostolicae

302 2009 461 2043 firmitatis
484 2009 585 2043 robur
602 2009 780 2049 adiicimus;
798 2010 929 2053 illasque
947 2015 976 2042 et
993 2010 1044 2042 illa

304 2067 335 2095 et
359 2068 539 2106 praesentes
563 2063 683 2096 litteras
706 2063 793 2096 nullo
815 2073 953 2106 unquam
973 2067 1046 2097 tem-

304 2126 392 2160 pore,
405 2116 485 2150 etad
501 2116 728 2161 cuiuscumque
744 2117 838 2160 legati
857 2117 1044 2157 instantiam,

305 2181 341 2203 ex
366 2181 563 2215 quacumque
588 2173 682 2205 causa
707 2171 870 2212 revocari,
902 2171 1044 2211 alterari,

305 2224 444 2266 limitari,
469 2230 522 2257 aut
545 2225 702 2268 derogari,
728 2236 784 2259 seu
807 2225 845 2258 de
870 2225 1047 2269 subreptio-

305 2277 354 2311 nis
378 2278 427 2310 vel
451 2278 668 2322 obreptionis,
697 2284 750 2312 aut
773 2278 925 2312 nullitatis
950 2278 1046 2318 vitio,

307 2341 362 2364 seu
385 2331 564 2366 intentionis
587 2338 722 2374 nostrae,
743 2333 791 2366 vel
816 2332 877 2365 alio
897 2332 1046 2376 quopiam

307 2384 432 2418 defectu
454 2384 556 2418 notari
573 2395 678 2428 posse,
700 2385 753 2418 sed
771 2396 896 2429 semper
912 2391 942 2419 et
962 2385 1047 2419 omni

308 2443 452 2483 tempore
476 2438 587 2479 valida,
602 2438 694 2472 firma
711 2442 740 2472 et
756 2439 894 2472 efficacia
915 2439 1048 2472 existere

309 2497 339 2525 et
361 2492 439 2534 sore,
460 2503 596 2536 suosque
619 2492 777 2536 plenarios
801 2497 831 2526 et
851 2492 991 2535 integros
1010 2492 1050 2525 ef-

345 2576 357 2601 1
373 2574 495 2601 Pessime
506 2574 549 2602 ed.
561 2573 640 2600 ltlain.
652 2573 726 2601 iniri
737 2572 801 2608 legit
815 2581 862 2609 pro
877 2573 949 2600 inibi
958 2573 1047 2608 (aaz).

344 2619 361 2646 2
380 2618 451 2647 Edit.
470 2619 552 2648 Main.
571 2619 637 2655 legit
655 2619 792 2648 innodati
812 2623 839 2647 et
858 2622 951 2655 postea
970 2618 1050 2647 abso·
1066 2639 1069 2654 2

311 2663 388 2693 lutus
402 2665 440 2702 (a.
455 2666 503 2699 τ.).

1067 346 1151 379 sonis
1175 345 1395 379 ecclasiasticis
1413 355 1450 389 pi
1453 344 1581 378 ‘tedicus
1601 343 1634 376 in
1657 342 1807 377 omnibus

1067 405 1095 432 et
1121 409 1176 443 per
1201 398 1306 432 omnia
1331 398 1512 442 plenissime
1537 397 1727 440 suffiagari,
1752 407 1807 441 pe-

1067 452 1156 485 rinde
1181 463 1216 486 ac
1234 453 1259 485 si
1280 452 1437 485 revocatio
1461 451 1621 496 praedicta
1645 461 1806 496 nunquam

1068 509 1260 545 emanasset;

1112 560 1126 602 g
1143 559 1173 591 4.
1192 559 1315 602 Sicque,
1330 563 1357 591 et
1373 569 1436 591 non
1453 559 1552 599 aliter,
1571 570 1628 602 per
1645 569 1809 602 quoscum-

1050 619 1128 656 {que
1154 612 1272 645 iudices
1297 618 1325 645 et
1351 613 1595 653 commissarios,
1620 613 1729 656 quavis
1754 624 1808 646 au-

1050 666 1052 672 *
1069 668 1220 700 ctoritate
1237 666 1414 709 fungentes,
1432 667 1525 699 etiam
1551 666 1580 700 S.
1605 667 1639 699 P..
1665 667 1696 699 Ε.
1714 667 1811 700 cardi-

1069 720 1164 760 nales,
1183 719 1304 753 sublata
1323 719 1366 752 eis
1383 725 1413 753 ct
1430 730 1540 753 eorum
1558 720 1687 753 cuilibet
1703 720 1811 764 quavis

1069 774 1158 807 aliter
1183 774 1340 808 iudicandi
1364 780 1395 807 et
1418 774 1644 818 interpretandi
1668 774 1811 808 facultate

1069 834 1096 861 et
1123 829 1320 869 auctoritate,
1338 828 1469 862 iudicari
1487 833 1517 861 et
1536 828 1661 861 definiri
1685 828 1812 869 debere,

1070 892 1105 915 ac
1130 882 1254 915 irritum
1279 888 1310 915 et
1334 882 1436 922 inane,
1453 882 1478 915 si
1496 893 1585 915 secus
1610 892 1705 926 super
1729 882 1778 915 his
1796 892 1812 915 a

1071 946 1240 980 quoquam,
1266 936 1374 980 quavis
1398 936 1593 976 auctoritate,
1614 936 1748 970 scienter
1764 936 1813 969 vel

1071 989 1265 1031 ignoranter,
1291 989 1460 1032 contigerit
1483 989 1645 1031 attentari,
1670 989 1812 1022 decerni-

1072 1053 1151 1076 mus.

1072 1150 1178 1184 curiae
1195 1161 1339 1184 cameiae
1359 1150 1584 1195 apostolicae„
1568 1150 1706 1184 0·ene1ali
1723 1150 1812 1184 audi-

1072 1204 1132 1237 tori
1169 1215 1205 1238 ac
1236 1204 1446 1238 Avenionensi
1479 1210 1509 1238 et
1540 1204 1813 1248 Carpentoratensi

1073 1258 1276 1292 ecclesiarum
1312 1258 1500 1303 praepositis
1534 1269 1591 1302 per
1632 1264 1814 1303 praesentes

1073 1312 1299 1346 committimus
1316 1318 1346 1345 et
1362 1312 1558 1354 mandamus,
1575 1317 1728 1356 quatenus
1744 1313 1813 1357 ipsi,

1073 1366 1120 1398 vel
1145 1365 1217 1407 duo,
1235 1370 1288 1399 aut
1311 1376 1392 1399 unus
1417 1376 1537 1406 eorum,
1563 1376 1621 1409 per
1645 1376 1687 1409 se,
1713 1366 1761 1399 vel
1785 1376 1814 1398 a·

1074 1418 1162 1459 lium,
1187 1429 1243 1452 seu
1266 1419 1354 1460 alios,
1380 1424 1561 1463 praesentes
1584 1419 1705 1452 litteras
1730 1424 1760 1452 et
1783 1419 1815 1452 in

1074 1473 1118 1506 eis
1143 1476 1288 1506 contenta
1312 1483 1539 1517 quaecumque,
1556 1472 1612 1505 ubi
1637 1477 1667 1506 et
1690 1472 1815 1517 quando

1073 1536 1153 1569 opus
1177 1525 1282 1567 fuerit,
1299 1519 1336 1559 ac
1359 1526 1482 1570 quoties
1498 1537 1557 1570 pro
1581 1530 1669 1570 parte
1694 1525 1770 1560 cleri
1787 1531 1817 1559 et

1056 1589 1282 1622 ,personarum
1308 1580 1594 1613 ecclesiasticarum
1624 1579 1816 1619 huiusmodi,

1056 1638 1105 1685 {et
1129 1643 1368 1675 successorum,
1393 1644 1447 1667 seu
1472 1633 1510 1666 ab
1534 1634 1579 1666 eis
1603 1644 1730 1667 causam
1755 1634 1813 1666 ha-

1075 1686 1226 1728 bentium,
1251 1688 1298 1720 rel
1323 1687 1455 1720 alicuius
1479 1697 1604 1727 eorum,
1628 1687 1744 1722 fuerint
1767 1698 1816 1721 re-

1075 1741 1190 1784 quisiti,
1217 1741 1399 1774 solemniter
1422 1741 1628 1785 publicantes,
1654 1741 1761 1785 eisque
1787 1741 1818 1773 in

1076 1795 1257 1838 praemissis
1282 1795 1417 1828 efficacis
1449 1795 1638 1828 defensionis
1661 1795 1818 1839 praesidio

1076 1849 1265 1890 assistentes,
1283 1849 1397 1881 saciant
1413 1849 1598 1883 auctoritate
1622 1851 1729 1881 nostra
1750 1849 1820 1881 illos

1077 1903 1325 1946 praemissorum
1363 1902 1504 1935 omnium
1538 1913 1572 1935 ac
1606 1903 1819 1946 praesentium

1078 1956 1253 1989 litterarum
1285 1956 1452 1989 commodo
1486 1961 1515 1989 et
1546 1956 1658 1989 effectu
1690 1956 1819 2000 pacifice

1078 2010 1138 2042 frui
1171 2015 1201 2043 et
1237 2010 1389 2053 gaudere,
1414 2020 1477 2043 non
1508 2010 1726 2054 permittentes
1750 2010 1820 2043 illos

1078 2063 1215 2107 desuper
1248 2075 1265 2096 a
1296 2074 1454 2108 quoquam
1481 2064 1618 2098 indebite
1644 2064 1820 2104 molestari,

1080 2118 1270 2160 perturbari,
1288 2124 1341 2151 aut
1361 2118 1546 2162 inquietari,
1572 2113 1820 2151 contradictores

1062 2171 1235 2214 *quoslibet
1254 2176 1284 2204 et
1308 2171 1442 2204 rebelles
1466 2182 1524 2215 per
1548 2171 1727 2212 sententias,
1752 2181 1821 2204 cen-

1081 2235 1170 2257 suras
1205 2229 1235 2257 et
1268 2235 1387 2268 poenas
1423 2225 1673 2265 ecclesiasticas,
1698 2224 1820 2268 aliaque

1081 2282 1259 2321 opportuna
1279 2277 1356 2311 iuris
1380 2283 1410 2311 et
1432 2278 1505 2311 sacti
1531 2278 1670 2311 remedia
1684 2277 1703 2318 ¹,
1718 2277 1821 2320 appel-

1081 2331 1196 2365 latione
1220 2331 1418 2375 postposita,
1443 2331 1687 2375 compescendo,
1712 2330 1818 2373 legiti-

1082 2385 1203 2428 misque
1227 2395 1323 2428 super
1347 2385 1396 2417 his
1419 2385 1571 2418 habendis
1596 2385 1726 2417 servatis
1749 2394 1821 2428 pro-

1082 2438 1230 2484 cessibus,
1255 2448 1404 2472 censuras
1428 2443 1458 2471 et
1480 2448 1597 2482 poenas
1622 2438 1704 2481 ipsas
1727 2437 1820 2470 etiam

1083 2491 1200 2526 iteratis
1214 2491 1334 2525 vicibus
1348 2492 1558 2535 aggravando,
1572 2492 1714 2525 invocato
1728 2491 1822 2524 etiam

1083 2546 1121 2578 ad
1145 2546 1214 2588 hoe,
1232 2546 1257 2579 si
1274 2556 1354 2590 opus
1370 2545 1473 2587 suerit,
1494 2545 1609 2579 auxilio
1633 2545 1754 2579 brachii
1779 2555 1822 2579 se-

1084 2600 1209 2633 cularis.

1122 2664 1131 2689 l
1151 2661 1304 2692 Oscitanter
1318 2662 1382 2691 edit.
1400 2661 1478 2692 Maia.
1495 2662 1561 2700 legit
1574 2662 1697 2698 desectus
1711 2662 1807 2698 (a.'1·.)·

1708 228 1772 264 317
1819 238 1867 267 An.
1885 237 1914 266 e.
1934 238 2007 267 1633

1872 514 1902 536 lta
1918 514 2007 535 iudicari

1823 543 1926 566 decernit.

1867 1051 2012 1078 Exequutores

1827 1079 1862 1100 hui
1859 1085 1915 1099 tusce
1931 1079 1959 1100 cn
1949 1086 1985 1100 osu
1977 1081 2013 1099 <u-

1154 1096 1360 1136 &Quocirca
1392 1096 1514 1130 dilectis
1542 1096 1614 1130 tiliis
1646 1090 1915 1130 ε”υαῑιςᾶιυιῃωιιως
1948 1106 2013 1132 aspa
