2248 3229
105 231 154 260 An.
172 232 200 261 C.
223 232 288 260 1633

129 614 223 635 Pontifex
238 614 287 635 ‹illa-

103 644 145 661 tam
179 642 287 661 ‹mnitirnut

103 671 276 689 transactionem.

132 1899 249 1921 Clausulae.

914 231 1056 256 {numus
1081 231 1137 255 vill
1161 231 1209 255 Pr.

302 280 362 313 nna
377 288 448 312 cum
463 278 644 322 supradicto
658 278 787 312 domino
805 279 883 313 lulio
901 280 990 313 l'icca
1010 281 1041 313 Γ.

302 334 322 367 l.
348 333 380 367 D.
414 343 448 366 ac
474 332 596 365 notario
621 339 649 366 et
675 334 863 367 cancellario
888 339 921 367 ut
947 344 1044 378 snpra

301 392 430 430 rogatus
455 386 552 427 extiti,
574 386 644 419 ideo
665 387 696 419 in
720 387 861 420 omnium
887 392 914 420 et
940 387 1044 430 singu-

302 441 404 474 lorum
422 440 516 474 tidem
535 451 584 474 me
603 441 785 484 subscripsi,
803 452 838 474 ac
864 442 955 474 solito
973 451 1043 474 meo

303 494 522 528 tabellionatus
542 495 632 538 signo
650 494 768 527 munivi
787 495 966 539 requisitus,
985 500 1041 528 etc.

303 547 416 581 Nobis*
443 548 585 591 approbo
609 567 652 571 —-
671 548 836 590 Asctxxlt's,
858 549 911 592 qui
932 558 1042 592 supra:

347 601 361 644 ξ
385 600 414 633 4.
440 601 513 641 Nos,
532 600 704 633 inviolabili
722 601 912 644 praeinserti
933 601 1045 634 instru-

302 653 398 687 menti
422 653 603 687 huiusmodi
635 664 669 686 ac
706 654 736 687 in
761 665 798 688 co
823 660 1043 689 contentorum

301 717 576 752 quorumcumque
596 708 756 751 validitati,
776 715 947 753 perpetuae
972 708 1044 741 sub-

302 760 460 794 sistentiae
485 766 512 794 et
539 761 761 804 observationi,
776 767 926 806 quantum
953 762 1044 796 nobis

301 824 336 847 ex
358 815 421 848 alto
434 815 628 857 conceditur,
647 816 812 850 consulere
839 817 988 857 volentes,
1006 816 1044 849 de

301 868 485 902 corumdem
500 869 705 903 cardinalium
724 870 857 913 negocio
868 880 1045 914 propagan-

301 921 358 955 dae
372 922 402 955 in
412 922 560 956 universo
571 923 689 956 mundo
700 923 772 956 fidei
787 923 1043 967 praepositorum

302 976 444 1017 consilio,
462 976 700 1010 conventionem
715 977 779 1009 sive
798 976 1043 1010 transactionem

301 1041 335 1063 ac
348 1030 484 1074 desuper
497 1030 673 1064 consectum
691 1030 921 1074 praeinsertum
933 1030 1046 1063 instru-

301 1089 442 1117 mentum
467 1084 658 1125 huiusmodi,
676 1084 843 1128 omniaque
869 1089 897 1117 et
922 1084 1045 1128 singula

302 1138 332 1170 in
355 1148 393 1171 eo
418 1143 573 1179 contenta,
590 1138 761 1183 apostolica
785 1138 983 1179 auctoritate,
1002 1144 1045 1172 te-

301 1202 378 1226 nore
403 1192 626 1236 praesentium,
650 1197 807 1236 perpetuo
832 1192 1045 1237 approbamus

302 1251 331 1278 et
356 1245 591 1286 confirmamus,
617 1245 742 1290 illisque
766 1249 936 1290 perpetuae
957 1249 986 1280 et
1004 1246 1046 1278 in-

302 1299 458 1333 violabilis
472 1299 662 1344 apostolicae
680 1300 836 1334 firmitatis
849 1300 949 1333 robur
966 1299 1044 1332 adii-

303 1353 414 1394 cimus,
443 1364 478 1387 ac
510 1364 619 1386 omnes
649 1358 678 1386 et
705 1353 847 1396 singulos
877 1359 939 1387 tam
969 1354 1046 1387 iuris

303 1418 397 1453 quam
423 1408 495 1442 sacti
519 1418 554 1441 ac
575 1408 809 1442 solemnitatum
826 1419 1047 1453 spiarumcum-

304 1472 365 1505 que
392 1461 430 1494 de
458 1462 537 1502 iure,
567 1473 636 1502 usu,
664 1462 742 1506 stylo
767 1467 796 1495 et
821 1462 1046 1496 consuetudine

304 1514 528 1559 requisitarum
560 1521 590 1548 et
620 1515 870 1548 necessariarum
895 1526 930 1548 ae
955 1516 1047 1549 omis-

303 1578 419 1608 sarum,
442 1573 472 1601 et
496 1568 622 1612 quosvis
647 1568 724 1602 alios
749 1569 949 1612 quantumvis
974 1569 1045 1602 sub-

304 1621 460 1654 stantiales
481 1621 630 1662 desectus,
649 1622 673 1655 si
692 1622 745 1666 qui
763 1622 981 1666 principaliter
1000 1622 1046 1655 vel

303 1675 478 1709 accessorie
495 1675 526 1708 in
544 1676 726 1720 praemissis
744 1682 796 1709 aut
813 1687 922 1710 eorum
941 1677 1046 1720 aliquo

303 1729 541 1773 quomodolibet
565 1729 811 1771 intervenerint,
837 1736 889 1764 aut
911 1731 1045 1765 interve—

304 1783 387 1815 nisse
411 1782 473 1815 diei
497 1783 545 1816 vel
569 1783 731 1827 praetendi
757 1789 897 1828 possent,
923 1785 1047 1829 supple—

305 1846 383 1876 mus,
402 1835 541 1868 tollimus
554 1839 595 1869 'et
619 1837 821 1880 abrogamus.

349 1891 365 1932 ἓ
388 1889 417 1922 5.
442 1889 651 1922 Decernentes
675 1891 847 1934 praemissa
880 1892 985 1924 omnia
1016 1896 1047 1925 ct

303 1943 436 1986 singula,
446 1954 482 1976 ae
494 1948 677 1987 praesentes
691 1944 820 1985 litteras,
835 1945 944 1987 valida,
955 1945 1046 1979 firma

303 2003 333 2029 ct
357 1996 495 2030 essicacia
520 1997 653 2030 existere
671 2002 700 2030 ct
727 1998 805 2039 sore,
823 2008 959 2042 suosque
979 1999 1045 2043 ple-

302 2051 408 2084 narios
433 2056 463 2084 et
486 2050 626 2094 integros
651 2050 780 2084 effectus
805 2052 911 2085 sortiri
937 2057 966 2084 et
990 2052 1046 2085 ob-

305 2105 412 2145 tinere,
438 2114 474 2137 ac
498 2105 661 2147 omnibus,
692 2116 770 2148 quos
797 2110 992 2139 concernunt
1017 2111 1047 2139 et

292 2157 495 2192 ¹concernent
519 2158 758 2203 quomodolibet
783 2159 813 2191 in
838 2159 989 2200 futurum,
1015 2160 1046 2192 in

304 2211 451 2245 ‹unnibus
476 2217 506 2245 et
525 2222 583 2256 per
603 2212 707 2246 omnia
732 2213 914 2256 plenissime
939 2213 1047 2247 suffra-

303 2266 382 2309 gari,
407 2276 443 2299 ae
467 2265 505 2298 ab
530 2265 750 2307 01nnibus‚·ad
776 2277 856 2310 quos
880 2271 1001 2310 spectat
1018 2271 1047 2302 et

304 2331 363 2365 pro
377 2325 518 2364 tempore
529 2320 693 2363 spectabit,
705 2320 928 2354 inviolabiliter
942 2321 1047 2355 obser-

306 2374 369 2407 xari
402 2379 431 2408 et
462 2373 654 2418 adimpleri,
685 2374 792 2418 sicque
825 2375 864 2408 ab
896 2376 1046 2410 omnibus

304 2428 443 2468 censeri,
468 2433 498 2461 et
529 2427 571 2460 ita
604 2438 661 2471 per
685 2438 902 2473 quoscumque
927 2429 1045 2463 iudices

304 2481 482 2515 ordinarios
507 2486 537 2514 et
560 2480 735 2525 delegatos,
761 2482 854 2515 etiam
880 2493 1046 2516 causarum

305 2535 412 2580 palatii
425 2535 588 2580 apostolici
603 2535 773 2576 auditores,
791 2546 825 2569 ac
840 2536 869 2570 S.
885 2537 919 2570 R.
934 2537 966 2570 Ε.
982 2548 1046 2570 car-

305 2588 433 2629 dinales,
454 2588 616 2632 dictaeque
641 2588 729 2622 Sedis
753 2589 895 2630 nuncios,
914 2589 1045 2624 iudicari

342 2653 353 2679 1
371 2651 425 2680 Vox
436 2651 516 2681 nobis
528 2660 562 2679 an
575 2651 719 2687 redundet,
732 2650 831 2680 iudicet
846 2651 929 2679 lector
944 2654 983 2687 (n.
995 2653 1043 2687 T.).

1727 220 1791 255 343

1077 285 1105 314 et
1130 279 1253 313 deliniri
1280 277 1404 322 debere,
1426 288 1462 312 ae
1483 278 1606 313 irritum
1628 282 1658 312 et
1675 279 1776 321 inane,
1794 279 1819 312 si

1077 344 1167 366 secus
1193 344 1288 377 super
1316 333 1364 366 liis
1389 344 1407 366 a
1430 343 1601 377 quoquam,
1626 332 1735 377 quavis
1759 342 1820 365 au-

1077 387 1231 427 ctoritate,
1252 386 1386 420 scienter
1404 387 1450 419 vel
1473 386 1665 430 ignoranter,
1684 386 1819 430 eontige-

1077 441 1117 473 rit
1137 441 1291 474 attentari.

1122 494 1136 537 ἓ
1161 494 1189 527 6.
1220 494 1288 527 Non
1324 493 1519 527 obstantibus
1554 494 1756 538 praemissis,
1785 505 1820 527 ac

1077 546 1354 580 constitutionibus
1375 552 1403 579 et
1424 547 1674 581 ordimitionibus
1698 553 1821 592 aposto-

1078 600 1156 641 licis,
1173 610 1296 633 necnon
1321 601 1504 644 quarumvis
1523 601 1738 643 ecclesiarum,
1758 611 1821 635 mo-

1077 654 1300 694 nasteriorum,
1318 659 1529 686 conventuum
1547 658 1576 686 et
1593 654 1736 688 locorum
1756 654 1822 697 pio-

1078 718 1169 749 rum,
1203 707 1392 751 illorumque
1423 706 1574 739 Ordinum
1606 712 1633 739 et
1659 707 1820 751 quibusvis

1077 760 1155 801 aliis,
1173 761 1267 793 etiam
1286 761 1473 802 iuramento,
1493 760 1731 795 confirmatione
1749 771 1820 805 apo-

1078 814 1199 856 stoliea,
1221 814 1269 847 vel
1295 814 1403 858 quavis
1425 814 1572 848 firmitate
1605 814 1664 847 alia
1693 814 1822 848 robora-

1079 867 1126 909 tis,
1144 868 1266 900 statutis
1288 872 1318 900 et
1338 867 1627 909 consuetudinibus,
1648 867 1822 912 privilegiis

1078 931 1227 965 quoque,
1252 921 1382 955 indultis
1414 926 1444 954 et
1475 922 1588 955 litteris
1624 922 1820 966 apostolicis,

1079 974 1160 1007 ittis¹
1179 985 1354 1019 eorumque
1372 974 1583 1019 praesulibus,
1602 975 1822 1020 superioribus

1078 1033 1108 1062 et
1127 1028 1281 1073 personis,
1302 1028 1360 1062 sub
1384 1028 1635 1073 quibuscumque
1660 1028 1823 1063 tenoribus

1079 1088 1107 1116 et
1122 1082 1243 1124 formis,
1260 1093 1295 1116 ae
1311 1093 1382 1116 cum
1398 1083 1570 1126 quibusvis,
1585 1083 1677 1116 etiam
1694 1083 1824 1126 deroga-

1079 1136 1232 1170 toriarum
1248 1136 1474 1179 derogatoriis,
1492 1136 1625 1180 aliisque
1642 1136 1824 1170 efficaciori-

1079 1189 1147 1230 bus,
1161 1189 1385 1222 efficacissimis
1401 1194 1431 1221 et
1452 1189 1585 1222 insolitis
1606 1189 1764 1230 clausulis,
1787 1200 1823 1223 ac

1080 1242 1276 1276 irritantibus
1293 1247 1321 1276 et
1340 1242 1408 1275 aliis
1421 1242 1566 1285 decretis,
1581 1243 1612 1275 in
1628 1243 1823 1277 contrarium

1079 1297 1327 1341 praemissorum
1366 1297 1606 1341 quomodolibet
1643 1297 1801 1331 concessis
1815 1326 1822 1340 ,

1080 1352 1273 1386 confirmatis
1291 1357 1321 1385 et
1341 1352 1512 1392 innovatis;
1537 1353 1651 1396 quibus
1676 1353 1823 1386 omnibus

1080 1411 1110 1438 et
1134 1406 1276 1449 singulis,
1291 1405 1413 1438 etiamsi
1436 1413 1496 1450 pro
1521 1406 1686 1439 sufficienti
1712 1417 1823 1440 eorum

1079 1460 1285 1504 derogatione
1319 1460 1357 1493 de
1391 1461 1451 1493 illis
1475 1471 1650 1504 eorumque
1682 1461 1755 1494 totis
1782 1465 1825 1494 te-

1079 1514 1211 1547 noribus
1237 1514 1391 1560 specialiS,
1420 1514 1588 1558 specifica,
1618 1525 1767 1558 expressa
1795 1518 1825 1549 et

1080 1567 1249 1609 individua,
1268 1578 1331 1601 non
1348 1572 1451 1602 autem
1474 1579 1532 1612 per
1549 1568 1705 1601 clausulas
1730 1578 1824 1611 gene-

1081 1621 1162 1654 rales
1179 1621 1262 1654 idem
1285 1621 1502 1665 importantes,
1522 1621 1639 1654 mentio
1655 1632 1710 1654 sen
1731 1633 1825 1665 quae-

1080 1675 1125 1707 vis
1151 1675 1209 1707 alia
1235 1675 1396 1718 expressio
1413 1675 1557 1707 habenda
1572 1679 1625 1707 aut
1641 1675 1745 1718 aliqua
1763 1675 1822 1707 alia

1080 1728 1233 1772 exquisita
1247 1728 1347 1761 forma
1361 1728 1398 1761 ad
1413 1729 1472 1761 hoc
1487 1728 1638 1761 servanda
1654 1729 1742 1771 soret,
1758 1729 1823 1762 illo-

1080 1793 1150 1815 rum
1165 1783 1306 1816 omnium
1325 1788 1354 1816 et
1371 1782 1568 1826 singulorum
1588 1787 1713 1816 tenores
1731 1794 1822 1827 prae-

1080 1836 1220 1870 sentibus
1237 1847 1296 1880 pro
1310 1837 1401 1881 plene
1413 1842 1441 1869 et
1457 1836 1648 1869 sufficienter
1666 1837 1823 1881 expressis

1079 1900 1114 1923 ac
1139 1890 1177 1923 de
1202 1890 1299 1923 verbo
1315 1890 1353 1923 ad
1370 1890 1500 1923 verbum
1520 1890 1644 1923 insertis
1660 1890 1822 1932 babentes,

1079 1943 1140 1976 illis
1165 1943 1241 1976 alias
1266 1943 1297 1976 in
1323 1954 1379 1978 suo
1400 1944 1515 1977 robore
1540 1945 1767 1988 permansuris,
1785 1945 1823 1978 ad

1079 1997 1325 2041 praemissorum
1352 1997 1507 2040 effectum,
1534 1998 1591 2031 hac
1608 1998 1674 2031 vice
1700 1998 1823 2031 dumta-

1080 2056 1131 2083 xat
1163 2050 1341 2094 specialiter
1373 2056 1402 2083 et
1434 2061 1583 2095 expresse
1615 2051 1822 2095 derogamus,

1080 2103 1256 2147 ceterisque
1280 2103 1446 2138 contrariis
1471 2103 1733 2149 quibuscumque.

1124 2157 1235 2190 Datum
1271 2157 1405 2199 Romae,
1426 2158 1508 2202 apud
1534 2157 1562 2191 S.
1596 2159 1741 2201 Petrum,
1763 2159 1821 2192 sub

1079 2212 1197 2245 annulo
1211 2211 1391 2253 piscatoris,
1414 2211 1465 2245 die
1483 2222 1501 2245 v
1522 2213 1626 2246 martii
1644 2223 1822 2255 nncxxxln,

1080 2265 1281 2310 pontificatus
1305 2265 1404 2299 nostri
1423 2276 1505 2300 anno
1527 2278 1555 2301 x.

1117 2327 1173 2356 Dat.
1196 2327 1238 2356 die
1258 2329 1274 2356 5
1295 2328 1383 2356 martii
1403 2328 1488 2364 1633,
1508 2329 1603 2365 pontis.
1621 2338 1691 2357 anno
1707 2337 1732 2356 x.

1352 2493 1355 2495 .
1390 2464 1511 2498 CDLXl.

1082 2535 1292 2578 Confirmatio
1328 2535 1564 2580 dampnationis
1600 2536 1822 2570 noriticcttmm

1123 2590 1225 2631 factae
1240 2599 1258 2621 a
1271 2589 1430 2632 fratribus
1444 2590 1585 2623 eremitis
1598 2590 1628 2624 S.
1640 2590 1823 2635 Auqustini

1118 2654 1126 2679 l
1150 2651 1249 2680 Vocem
1271 2652 1328 2681 illis
1350 2660 1397 2680 nos
1417 2652 1542 2681 addimus
1564 2653 1602 2688 (n.
1620 2653 1670 2688 12).

1837 230 1926 258 Aac.
1950 231 2017 259 1633

1904 508 2019 537 Derogatie

1835 537 1996 557 contrariorum.
