2248 3229
85 194 134 223 An.
148 193 180 222 G.
201 191 270 222 1634

110 1800 240 1827 commissio,
248 1801 274 1824 de

91 1833 133 1856 qua
147 1829 168 1851 ln
181 1829 273 1851 rubrica,

891 189 1034 214 URBANUS
1058 189 1116 214 vm
1139 189 1187 214 Pp,

281 244 343 281 tor,
367 238 462 285 quod,
487 243 521 272 ut
544 237 733 272 venerabilis
758 239 855 272 frater
872 237 1027 272 Hem-icus

283 292 540 337 archiepiscopus
564 291 806 334 Burdegalcnsis
831 290 1025 335 praetendit,

282 351 353 391 post
367 346 534 379 nonnullas
551 345 715 379 violentias
733 350 842 378 contra
857 354 1026 389 personam

283 400 424 433 eiusdem
457 399 583 432 Heurici
614 398 866 442 archiepiscopi,
897 397 1026 441 eiusque

283 454 513 494 ministrorum,
531 464 566 486 ac
586 453 810 486 nonnullorum
831 463 867 485 ex
890 452 974 485 clero
989 451 1028 484 ci-

284 507 385 542 vitatis
422 506 683 549 Burdegalensis,
716 506 857 550 aliosque
892 510 1028 538 assertos

284 570 431 594 excessus
459 563 569 593 contra
597 559 826 592 immunitatem
852 563 881 590 et
906 557 1029 590 iurisdi-

284 613 420 647 ctionem
433 603 677 645 ecclesiasticam
694 622 750 656 per
764 608 866 655 ipsum
880 611 1027 644 Ioannem

284 666 447 711 Aloysium
465 665 590 706 ducem,
606 665 736 709 eiusque
753 666 1027 705 locumtenentem,

284 719 437 753 officiales
457 724 488 752 et
504 719 666 752 ministros
684 719 715 752 in
730 718 891 762 praedicta
905 716 1029 750 civitate

286 772 513 815 Burdegalensi
537 772 633 805 factas
657 777 686 805 et
710 776 918 816 perpetratas,
934 769 1028 802 iidem

285 820 416 861 Ioannes
439 826 584 871 Aloystus
603 826 665 859 dux
680 853 687 867 ,
716 826 846 870 eiusque
870 825 1025 858 locumte-

284 888 372 919 nens,
397 889 434 913 ac
457 879 607 913 officiales
632 885 661 912 et
687 878 834 919 ministri,
852 878 883 910 in
903 887 1029 910 excom-

285 931 541 973 municationem,
566 932 706 976 aliasque
723 930 949 965 ecclesiasticas
962 939 1031 963 sen-

285 987 408 1027 tentias,
425 996 574 1020 censuras
588 991 618 1019 et
632 995 751 1030 poenas
764 985 848 1018 iuxta
866 993 1030 1017 sacrorum

285 1051 442 1075 canonum
466 1046 497 1075 et
520 1040 716 1084 generalium
740 1038 947 1072 conciliorum
967 1037 1031 1069 dis-

285 1095 473 1139 positionem
502 1094 670 1134 incidisse,
695 1093 733 1126 ab
758 1092 868 1125 eodem
894 1091 1030 1125 Heni-ico

286 1149 528 1193 archiepiscopo
560 1147 708 1181 declarati
742 1147 890 1185 suerunt3
922 1156 939 1178 a
970 1156 1031 1188 qua

287 1202 415 1247 quidem
439 1201 652 1235 declaratione
684 1201 749 1234 sive
778 1199 933 1233 sententia
958 1209 1029 1232 cum

286 1256 388 1290 dictus
406 1255 538 1290 Ioannes
554 1255 699 1300 Aloysius
721 1255 793 1295 dux,
814 1254 883 1286 iura
905 1264 960 1286 sua
978 1264 1031 1286 co-

287 1319 355 1343 ram
379 1309 469 1343 nobis
493 1314 524 1343 et
552 1309 611 1342 hac
635 1310 749 1342 Sancta
769 1308 849 1341 Sede
874 1307 1031 1340 deducere

287 1364 428 1409 cupiens,
453 1363 491 1397 ad
511 1374 569 1397 nos
585 1368 615 1396 et
633 1362 745 1396 Sedem
770 1362 912 1396 eamdem
930 1361 1033 1405 appel-

288 1417 408 1459 laverit,
433 1417 639 1451 nihilominus
654 1427 714 1461 pro
731 1416 941 1450 conscientiae
957 1425 1031 1448 suae

289 1470 457 1505 securitate
480 1475 511 1504 et
536 1471 641 1515 quiete
665 1470 758 1504 nobis
782 1469 945 1503 humiliter
962 1479 1032 1513 sup-

287 1524 399 1569 plicari
420 1524 501 1565 fecit,
515 1529 549 1558 ut
561 1524 631 1566 sibi,
647 1524 777 1567 eiusque
793 1523 1030 1563 locumtenenti‚

287 1577 474 1611 officialibus
498 1583 529 1611 et
552 1577 705 1610 ministris
733 1588 769 1610 ac
799 1576 1030 1620 complicibus,

287 1630 326 1664 de
349 1635 546 1675 opportunae
565 1630 772 1664 absolutionis
788 1629 943 1663 beneficio
961 1640 1031 1674 pro-

287 1684 395 1718 videre
425 1684 464 1718 de
495 1684 688 1728 benignitate
721 1683 890 1728 apostolica
921 1682 1030 1726 digna-

288 1749 406 1773 remur.

333 1791 401 1836 §2-
434 1791 497 1825 Nos
529 1791 643 1834 igitur,
669 1801 740 1824 cum
773 1790 885 1824 eodem
916 1790 1031 1824 Ioanne

289 1844 416 1890 Aloysio
441 1844 530 1885 duce,
550 1844 681 1888 aliisque
704 1845 852 1888 praefatis
878 1854 966 1877 more
987 1844 1031 1889 pii

289 1898 387 1943 patris
412 1908 525 1941 agere,
550 1907 614 1930 non
638 1903 742 1930 tamen
767 1896 977 1930 iurisdictioni
1002 1902 1032 1930 et

289 1951 479 1985 immunitati
504 1950 732 1984 ecclesiasticae
758 1950 789 1982 in
813 1951 917 1993 aliquo
941 1961 1032 1994 prae-

288 2005 428 2040 iudicare
457 2005 596 2038 volentes
614 2032 621 2046 ,
655 2014 777 2037 necnon
812 2004 1030 2037 violentiarum

289 2059 522 2105 praedictarum
552 2069 588 2091 ac
618 2068 803 2092 excessuum
829 2057 1031 2098 huiusmodi,

289 2113 315 2148 si
339 2113 392 2158 qui
418 2114 488 2154 slat,
503 2113 678 2157 qualitates,
705 2112 892 2156 quantitates
908 2115 948 2164 ‘et
972 2112 1032 2144 cir-

290 2167 512 2207 cumstantias,
538 2166 632 2201 etiarn
656 2166 890 2210 quantumlibet
912 2165 1036 2208 aggra-v

290 2226 408 2261 vantes,
425 2220 643 2264 praesentibus
664 2231 722 2264 pro
742 2219 897 2263 expressis
920 2219 1033 2252 haben-

289 2280 347 2315 tes,
370 2274 552 2307 huiusmodi
577 2273 856 2318 supplicationibus
882 2273 1031 2313 inclinati,

290 2328 566 2372 circumspectioni
592 2333 673 2369 tuae,
698 2327 736 2360 dc
757 2327 845 2360 cuius
865 2327 937 2367 fide,
959 2327 1033 2360 inte-

290 2382 413 2426 gritate,
440 2381 608 2426 prudentia
629 2392 665 2414 ac
685 2381 817 2415 honoris
841 2381 954 2414 domus
978 2381 1032 2414 Dei

290 2436 357 2470 zelo
374 2435 548 2480 plurimum
566 2436 598 2468 in
613 2435 748 2468 Domino
766 2434 963 2477 confidimus,
976 2445 1033 2480 per

290 2493 472 2536 praesentes
504 2489 719 2532 iniungimuS,
750 2494 785 2522 ut
815 2499 873 2533 per
896 2494 948 2530 te,
978 2500 1033 2522 seu

290 2553 460 2588 personam
484 2542 657 2587 pontificali
686 2553 742 2576 seu
766 2543 877 2576 saltem
901 2542 962 2576 alia
986 2553 1033 2576 ec-

291 2597 464 2632 clesiastica
487 2596 640 2640 dignitate
664 2596 837 2641 praeditam
862 2607 880 2630 a
904 2600 935 2630 te
951 2597 1033 2631 arbi-

393 2659 472 2689 Bau.
486 2659 571 2688 Rom.
586 2675 619 2679 --
638 2659 698 2688 Vol.
717 2659 793 2688 XIV.
937 2659 972 2687 48

1060 237 1121 270 trio
1131 242 1184 270 tuo
1195 235 1473 280 subdelegandam‚
1483 236 1631 270 loannem
1640 234 1801 279 Aloysium

1061 290 1182 331 ducem,
1208 290 1336 333 eiusque
1358 289 1507 323 officiales
1532 294 1563 322 et
1581 288 1742 321 ministros
1767 298 1803 320 ac

1061 344 1241 387 complices,
1266 343 1291 377 si
1317 349 1347 376 et
1370 348 1536 387 postquam
1557 351 1667 376 coram
1684 347 1724 382 te,
1739 341 1803 374 sive

1062 402 1114 432 tuo
1134 397 1349 441 subdelegato,
1363 397 1608 442 comparuerint,
1630 397 1735 440 ibique
1748 396 1803 429 hu-

1062 450 1177 483 militer
1202 451 1425 494 exposuerint,
1452 461 1484 483 se
1514 451 1593 483 velle
1617 449 1803 494 appellatio-

1061 514 1132 537 nem
1161 514 1216 536 seu
1243 504 1468 547 appellationes
1492 504 1530 537 ad
1554 515 1611 537 nos
1637 508 1668 536 et
1691 503 1803 537 Sedent

1062 557 1272 600 Apostolicam
1291 568 1386 600 super
1403 557 1585 600 praemissis
1604 556 1804 600 interpositas

1062 610 1168 644 debito
1201 616 1344 654 tempore
1375 610 1545 654 prosequi,
1580 614 1609 644 et
1642 610 1733 650 ideo,
1766 620 1804 642 ne

1062 664 1202 707 praefato
1218 674 1367 708 processu
1385 664 1548 708 pendente,
1569 663 1600 696 in
1617 663 1758 697 censuris
1775 668 1804 696 et

1062 716 1172 760 poenis
1197 717 1368 750 fulminatis
1389 717 1520 750 ulterius
1533 727 1717 761 permanere
1735 726 1805 749 con-

1062 769 1172 812 tingat,
1198 770 1373 814 supplicent
1400 770 1458 803 sibi
1486 769 1693 803 absolutionis
1713 769 1806 802 benc-

1063 822 1171 855 ficium
1197 823 1305 856 saltem
1331 823 1369 856 ad
1394 828 1519 867 tempus
1537 823 1666 857 concedi
1691 827 1721 856 et
1745 822 1805 855 im-

1063 875 1195 920 partiri,
1227 880 1301 909 tunc
1331 881 1361 909 et
1386 887 1423 910 eo
1448 887 1521 909 casu
1537 904 1544 917 ,
1577 876 1655 916 tibi,
1688 879 1806 919 tuoque

1063 929 1212 973 deputato
1227 929 1419 970 huiusmodi,
1436 934 1470 962 ut
1483 930 1521 962 ad
1538 929 1664 973 aliquod
1683 933 1807 973 tempus

1064 982 1121 1015 tibi
1138 983 1186 1016 vel
1203 988 1257 1016 tuo
1278 982 1423 1026 delegato
1444 983 1638 1025 benevisum,
1660 982 1806 1016 eumdem

1064 1037 1212 1070 Ioannem
1237 1037 1396 1081 Aloysium
1421 1036 1554 1077 ducem,
1585 1037 1715 1081 eiusque
1740 1037 1808 1070 offi-

1065 1090 1168 1131 ciales,
1194 1091 1358 1124 ministros
1379 1095 1409 1123 et
1433 1089 1613 1134 complices,
1630 1100 1647 1122 a
1660 1089 1808 1134 praefatis

1065 1144 1208 1178 censuris
1232 1149 1262 1177 et
1286 1144 1416 1188 poenis,
1442 1155 1514 1177 cum
1539 1143 1746 1177 reincidentia
1771 1154 1807 1177 eo

1065 1198 1133 1241 ipso
1165 1197 1356 1231 incurrenda
1390 1208 1426 1231 ex
1459 1197 1526 1231 solo
1558 1197 1649 1241 lapsu
1677 1198 1808 1241 praelati

1065 1252 1219 1296 temporis
1247 1252 1368 1296 absque
1393 1252 1497 1296 aliquo
1522 1251 1583 1285 alio
1608 1251 1735 1285 decreto
1759 1252 1807 1285 vel

1064 1307 1146 1339 nova
1168 1305 1420 1346 denunciatione,
1438 1304 1649 1338 declaratione
1674 1315 1729 1337 seu
1756 1315 1809 1349 pu-

1064 1359 1233 1393 blicatione
1266 1358 1429 1401 sacienda,
1464 1359 1607 1392 absolvas
1642 1358 1673 1391 in
1707 1359 1807 1393 forma

1065 1412 1222 1447 Ecclesiae
1248 1414 1406 1453 consueta,
1423 1412 1503 1446 sacta
1520 1417 1625 1445 tamen
1648 1421 1705 1455 per
1721 1421 1809 1455 prae-

1064 1467 1161 1500 fatum
1175 1466 1300 1509 ducem,
1314 1465 1455 1510 aliosque
1472 1465 1630 1507 officiales,
1646 1465 1808 1499 ministros

1065 1525 1095 1554 et
1111 1520 1281 1564 complices
1296 1520 1463 1564 praefatos,
1476 1519 1689 1564 promissione
1705 1518 1743 1553 de
1756 1529 1807 1563 pa-

1065 1575 1163 1608 rendo
1188 1574 1343 1608 mandatis
1362 1573 1487 1613 nostris,
1508 1578 1538 1606 et
1557 1578 1681 1606 sanctae
1698 1573 1807 1606 matris

1064 1629 1232 1671 Ecclesiae,
1256 1638 1292 1662 ac
1311 1628 1349 1661 de
1362 1627 1541 1672 peragenda
1558 1626 1762 1671 poenitentia,
1781 1627 1806 1660 si

1065 1682 1147 1726 qua¹
1172 1693 1228 1726 per
1252 1692 1309 1716 nos
1333 1687 1363 1715 et
1389 1681 1500 1715 Sedem
1526 1681 1737 1724 Apostolicam
1760 1681 1807 1713 in-

1064 1736 1223 1780 iungenda
1246 1735 1351 1775 fuerit,
1377 1745 1472 1779 super
1496 1735 1610 1778 quibus
1635 1734 1690 1767 tibi
1715 1734 1807 1768 sacul-

1064 1795 1161 1823 tatern
1186 1795 1396 1834 opportunam
1421 1788 1633 1822 concedimus.

1110 1843 1167 1887 §3
1181 1844 1250 1877 Non
1266 1843 1461 1877 obstantibus
1477 1842 1667 1886 praemissis,
1685 1852 1720 1875 ac
1737 1852 1808 1885 apo-

1065 1897 1192 1938 stolicis,
1217 1907 1340 1930 necnon
1365 1897 1396 1929 in
1421 1896 1660 1937 universalibus,
1685 1895 1810 1940 provin-

1066 1951 1206 1991 cialibus,
1225 1950 1426 1995 synodalibus
1443 1950 1585 1983 conciliis
1602 1950 1703 1990 editis,
1718 1960 1810 1993 gene-

1066 2005 1184 2037 ralibus
1202 2005 1250 2037 vel
1268 2004 1467 2047 specialibus
1485 2003 1762 2037 constitutionibus
1780 2008 1811 2036 et

1066 2058 1326 2097 ordinationibus,
1351 2057 1451 2091 dictae
1477 2057 1627 2090 ecclesiae
1652 2056 1810 2100 Burdega-

1065 2111 1160 2144 lensis
1176 2111 1308 2151 statutis,
1326 2110 1419 2144 etiam
1441 2111 1627 2151 iuramento,
1645 2111 1810 2144 confirma-

1067 2165 1150 2199 tione
1174 2165 1357 2208 apostolica,
1378 2165 1425 2198 vel
1451 2165 1560 2208 quavis
1583 2165 1731 2198 firmitate
1748 2165 1810 2197 alia

1066 2218 1232 2259 roboratis,
1254 2229 1290 2251 ac
1315 2218 1612 2262 consuetudinibus,
1633 2219 1810 2262 ceterisque

1066 2272 1233 2306 contrariis
1258 2272 1520 2317 quibuscumque.
1675 2300 1694 2323 Ι,

1110 2326 1222 2359 Datum
1240 2327 1369 2367 Romae,
1384 2327 1468 2370 apud
1485 2326 1514 2360 S.
1533 2327 1671 2366 Petrum,
1685 2326 1742 2359 sub
1759 2336 1810 2359 an-

1066 2382 1141 2415 nulo
1168 2380 1358 2422 piscatoris,
1376 2380 1427 2413 die
1452 2390 1483 2413 xi
1505 2380 1610 2412 martii
1634 2389 1808 2421 iuncxxxw,

1067 2434 1267 2480 pontificatus
1290 2433 1391 2466 nostri
1416 2443 1497 2466 anno
1515 2443 1555 2467 x1.

1103 2498 1161 2526 Dat.
1178 2497 1221 2526 die
1237 2497 1270 2525 10
1285 2496 1375 2524 martii
1392 2496 1470 2532 1634,
1487 2496 1580 2532 pontif.
1599 2504 1669 2525 anno
1685 2503 1720 2524 xl.

1101 2605 1115 2634 1
1136 2604 1206 2633 Edit.
1228 2604 1308 2633 Main.
1329 2603 1395 2640 legit
1414 2612 1487 2640 quae
1505 2604 1546 2639 (a.
1563 2603 1612 2639 τ.).

1701 176 1766 212 377
1813 187 1859 213 An.
1878 186 1906 212 c.
1927 185 1996 214 153⁴

1836 1850 1950 1881 Defogatio
1959 1854 2007 1873 con·

1824 1880 1946 1899 trarmrum.
