2248 3229
239 229 288 256 An.
304 229 335 257 c.
353 229 419 257 1637
467 220 532 254 5712

438 288 539 318 mnus,
557 277 673 321 quique
690 285 752 309 non
769 275 970 319 compleverit
989 276 1172 307 novitiatum
1190 278 1192 295 ³

438 336 466 363 ct
490 341 587 362 unum
613 330 721 362 saltem
747 339 863 361 annum
890 329 919 361 in
941 333 1094 362 conventu
1113 329 1174 361 esti-

438 383 554 415 raeiter
586 381 756 414 reformato
787 382 871 414 iuxta
902 392 998 414 novas
1023 382 1174 415 eonstitu-

438 437 536 469 tiones
560 446 577 467 a
601 435 801 468 Sanctissimo
819 435 1018 479 approbatas>
1033 440 1062 468 et
1081 446 1173 479 quem

438 489 640 521 reformatum
666 499 733 521 esse
758 488 963 522 declaraverit
979 494 1068 533 pater
1086 498 1176 532 genc-

438 542 511 573 ralis
535 552 593 585 pro
618 547 770 586 tempore.

481 605 532 628 xv.
559 596 709 629 Volumus
733 596 827 629 etiam
849 601 881 628 ut
905 606 940 628 ex
967 596 1026 628 illis
1051 596 1176 639 provin-

438 648 493 680 ciis
517 648 705 691 reformatis,
727 653 757 682 et
781 649 895 682 talibus
919 659 937 682 a
961 649 1101 692 generali
1126 649 1176 682 de-

438 701 571 744 claratis,
584 712 666 735 unus
679 702 813 745 eligatur
830 713 866 735 ex
886 702 988 736 tribus
1005 703 1176 736 lectoribus

439 755 468 787 iu
494 755 664 798 theologia,
689 766 769 789 unus
794 766 920 800 quoque
945 756 976 789 in
1001 756 1132 798 artibus,
1151 757 1175 789 si

437 809 489 852 qui
516 809 596 843 inter
620 819 674 842 eos
698 809 815 842 suerint
840 820 990 854 capaces,
1016 810 1078 843 duo
1102 810 1175 843 item

438 863 564 895 clavarii
590 863 776 907 (numquam
801 868 905 896 tamen
930 863 992 897 duo
1012 874 1049 897 ex
1067 864 1175 897 eadem

437 916 599 958 provincia
624 916 662 949 ad
687 927 722 949 ea
747 916 849 949 officia
874 916 966 950 simul
991 916 1175 960 eligentur),

438 974 465 1002 et
491 969 534 1002 sie
560 969 689 1009 electus,
706 969 790 1002 vices
815 969 966 1013 supplens
991 969 1177 1014 antiquioris

438 1033 473 1055 ev
498 1024 552 1055 sua
576 1023 757 1067 provincia,
783 1023 867 1056 illam
898 1023 1028 1067 eiusque
1054 1023 1121 1056 iura
1146 1023 1175 1056 in

438 1076 706 1110 administratione
720 1077 843 1120 collegii
861 1077 1117 1120 repraesentabit:
1133 1088 1178 1109 re—

439 1129 514 1173 liqui
533 1136 634 1162 autem
654 1140 763 1163 omnes
781 1130 922 1163 officiarii
941 1130 1066 1172 collegii
1085 1136 1177 1163 erunt

438 1183 475 1214 (le
493 1183 655 1225 provincia
673 1183 836 1223 Turoniae,
851 1183 990 1225 generali
1008 1183 1098 1216 aliter
1115 1193 1176 1216 non

438 1236 633 1279 disponente,
658 1240 692 1269 ut
715 1247 810 1280 supra
837 1236 896 1268 iam
922 1236 1039 1269 dictum
1065 1242 1126 1275 est;
1149 1242 1178 1269 et

438 1288 639 1331 provincialiS
664 1288 763 1321 dietae
796 1289 977 1332 provinciae
1001 1289 1177 1329 Turoniae,

439 1342 512 1373 (lam
539 1342 775 1375 commissarius
799 1342 954 1385 generalis
980 1342 1090 1384 suerit7
1115 1352 1177 1376 non

439 1396 599 1439 permittat
624 1397 707 1429 iuxta
726 1407 799 1430 suae
819 1397 1000 1440 provinciae
1017 1407 1109 1430 usum
1128 1397 1180 1429 ali-

440 1459 517 1492 quos
543 1450 573 1482 in
598 1450 742 1493 collegio,
768 1450 831 1483 sive
856 1450 962 1496 laicos,
985 1450 1049 1483 sive
1074 1455 1179 1494 patres

442 1503 649 1544 consiliarios,
664 1503 779 1536 aliosve
789 1508 914 1547 praeter
927 1504 1088 1537 studentes
1099 1515 1180 1537 com-

441 1556 557 1588 morari
583 1556 664 1589 ultra
689 1560 773 1595 tres,
798 1557 845 1589 vel
876 1556 913 1589 ad
945 1567 1101 1589 summum
1128 1567 1179 1590 sex

440 1619 559 1649 annos,
584 1609 721 1653 exceptis
752 1610 923 1643 lectoribus
947 1610 978 1642 in
1003 1610 1121 1643 artibus
1150 1615 1180 1642 et

442 1663 470 1694 iu
497 1662 654 1706 theologia
680 1663 817 1696 secundo
842 1668 871 1695 et.
896 1663 1009 1703 tertio,
1041 1663 1093 1706 qui
1124 1673 1180 1706 per

441 1716 546 1759 plures
571 1726 678 1758 annos,
697 1716 721 1748 si
739 1716 925 1748 illustriores
946 1716 1060 1748 suerint
1077 1716 1108 1748 in
1125 1716 1180 1749 do-

441 1769 551 1811 ctrina⁷
576 1774 721 1812 poterunt
747 1769 777 1801 in
802 1769 919 1802 lectura
942 1769 1135 1802 continuare.

485 1831 548 1854 xvl.
574 1822 610 1854 Et
634 1832 673 1854 ne
698 1821 814 1865 aliquid
838 1833 896 1865 per
920 1822 977 1854 ista
1000 1827 1107 1855 nostra
1132 1821 1180 1855 de-

442 1880 527 1907 creta
551 1875 764 1908 sanctionibus
782 1880 811 1907 et
828 1875 935 1908 usibus
956 1875 1110 1908 facultatis
1127 1875 1180 1907 Pa-

442 1928 581 1961 risiensis
605 1929 809 1969 detrabatur,
839 1928 1060 1970 concedimus7
1086 1932 1119 1962 ut
1143 1939 1178 1961 ex

443 1982 589 2014 omnibus
601 1982 771 2025 provinciis
785 1982 977 2026 praesentari
990 1982 1108 2025 possint
1121 1986 1181 2014 stu-

443 2034 550 2068 dentes
565 2035 602 2067 ad
623 2035 738 2078 gradus
759 2040 788 2068 et
806 2036 1013 2075 doctoralum,
1030 2040 1064 2067 ut
1084 2035 1181 2068 moris

443 2094 498 2129 est,
513 2088 686 2122 dummodo
699 2089 843 2132 graduali
862 2089 947 2121 nullo
965 2089 1108 2121 fruantur
1121 2089 1181 2132 pri-

443 2142 557 2184 vilegio
581 2142 612 2174 in
635 2142 805 2185 provinciis
832 2142 877 2174 vel
903 2142 1107 2175 conventibus
1132 2153 1181 2174 re-

444 2195 595 2235 formatis,
613 2195 667 2228 sed
688 2195 788 2228 solum
815 2195 846 2227 in
872 2195 940 2239 ipsa
961 2195 1180 2230 universitatez

444 2253 483 2287 et,
496 2257 534 2280 ne
550 2249 690 2292 exceptio
704 2258 911 2291 personarum
929 2253 1049 2289 noceat,
1064 2253 1180 2291 septem

444 2301 623 2344 provinciae
647 2301 780 2341 Galliae,
806 2302 948 2334 videlicet
963 2328 970 2342 ‚
996 2301 1181 2341 Narbonae,

446 2354 602 2396 Framiae,
621 2354 815 2398 Aquitaniae,
832 2354 1023 2394 Provinciae,
1041 2355 1181 2393 Tolosae,

446 2408 612 2441 vasconiae
638 2413 667 2440 et
691 2408 856 2448 Turoniae,
874 2408 958 2440 iuxta
983 2408 1125 2441 ordinem
1151 2408 1180 2439 in

445 2461 567 2493 statutis
581 2461 715 2504 antiquis
726 2461 968 2504 praescriptum,
983 2460 1182 2504 graduandos

446 2514 703 2557 praesentabunt;
716 2515 866 2547 nimirum
882 2514 912 2546 in
927 2515 1031 2557 prima
1046 2514 1181 2551 licentia,

446 2578 502 2609 per
526 2567 771 2601 nominationem
802 2567 987 2611 provinciali
1012 2572 1042 2599 et
1066 2567 1178 2599 desini-

448 2620 566 2652 toribus
590 2621 771 2664 provinciae
791 2621 928 2665 generali
948 2621 1059 2654 saetam
1080 2626 1107 2653 et
1126 2631 1182 2664 per

991 228 1171 252 nULLARIUM
1194 228 1348 252 ROMANUM

1207 275 1438 318 promotionem
1454 274 1550 318 ipsius
1564 274 1661 317 patris
1675 274 1841 317 generalis,
1855 283 1943 318 prae<

1208 328 1413 361 scntabuntur
1437 328 1535 371 priori
1561 328 1727 361 parisiensi
1762 334 1789 361 et
1822 327 1943 361 doctori

1207 380 1359 425 primario
1391 379 1453 413 duo
1483 390 1499 413 e
1531 379 1692 423 provincia
1720 380 1882 413 Narbonae
1915 386 1943 413 et

1208 435 1270 469 duo
1288 444 1303 468 e
1316 434 1479 478 provincia
1504 433 1664 474 Franciae,
1682 433 1713 466 in
1728 433 1865 466 secunda
1882 433 1944 466 duo

1208 499 1224 521 e
1249 488 1412 532 provincia
1426 488 1609 532 Aquitaniae
1627 491 1656 520 et
1675 487 1738 520 duo
1755 498 1772 519 e
1784 487 1945 530 provincia

1210 542 1401 582 Provinciae,
1426 541 1458 574 in
1482 541 1573 575 tertia
1598 541 1659 574 duo
1680 551 1696 574 e
1716 539 1877 584 provincia
1893 539 1948 572 To-

1210 597 1294 629 losae
1319 601 1349 628 et
1372 595 1434 628 duo
1464 606 1480 628 e
1512 594 1674 639 provincia
1699 593 1891 634 Vaseoniae,
1915 593 1946 625 in

1209 649 1322 692 quarta
1347 647 1408 681 duo
1433 658 1449 681 e
1474 647 1637 691 provincia
1661 647 1817 680 Turoniae
1837 650 1867 678 et
1885 645 1948 678 duo

1211 712 1227 734 e
1250 701 1414 745 provincia
1437 701 1612 742 Narbonae,
1629 705 1659 734 et
1676 700 1720 734 sic
1743 710 1800 744 per
1819 699 1902 732 vices
1919 705 1948 732 et

1211 755 1353 788 ordinem
1385 764 1441 788 seu
1472 755 1647 795 circulum;
1676 754 1759 798 quod
1792 753 1817 786 si
1846 753 1949 796 aliqua

1211 809 1374 853 provincia
1398 808 1508 842 ordine
1532 808 1726 852 praescripto
1742 807 1821 840 duos
1845 816 1861 839 e
1885 806 1949 839 suis

1211 863 1340 896 minime
1356 862 1613 907 praesentaverit„
1627 871 1761 905 sequens
1777 859 1948 905 supplebit;

1211 917 1299 961 isque
1316 916 1395 950 ordo
1415 916 1446 950 in
1462 916 1544 950 libro
1559 920 1728 950 conventus
1742 913 1949 948 describetur.

1254 979 1329 1003 xvu.
1363 970 1402 1004 Ut
1432 974 1535 1003 autem
1561 968 1748 1002 ambitiones
1772 967 1950 1007 honorum,

1210 1023 1437 1058 immoderatae
1462 1023 1668 1068 cupiditates,
1694 1022 1896 1056 excursiones
1920 1026 1951 1054 et

1211 1078 1325 1111 similia
1342 1078 1532 1112 monasticae
1548 1077 1629 1110 vitae
1644 1076 1851 1121 repugnantia
1864 1085 1952 1119 pror-

1211 1143 1262 1164 sus
1274 1132 1439 1171 evitentur,
1453 1131 1594 1164 districte
1612 1130 1827 1174 prohibemus,
1840 1139 1878 1162 ne
1895 1129 1950 1161 ulli

1212 1185 1402 1217 studentium
1429 1185 1459 1217 in
1485 1184 1617 1227 collegio
1638 1183 1829 1222 Naubertino
1846 1183 1950 1215 locum

1211 1241 1241 1271 et
1258 1237 1509 1282 praecedentiam
1529 1247 1583 1270 seu
1600 1237 1681 1270 sedis
1697 1229 1950 1280 praffrogativam

1212 1291 1242 1322 in
1267 1291 1400 1323 licentiis
1424 1290 1563 1323 ambiant
1598 1294 1627 1324 et
1655 1293 1778 1333 captent
1809 1299 1869 1333 pro
1900 1299 1950 1330 se,

1212 1343 1351 1387 alioquin
1375 1354 1485 1377 eorum
1511 1343 1722 1387 praesentatio
1746 1342 1831 1375 nulla
1852 1342 1901 1381 sit,
1923 1348 1952 1374 et

1212 1398 1328 1430 nullius
1346 1397 1468 1430 valoris.
1488 1398 1521 1430 In
1535 1396 1786 1441 praesentatione
1800 1395 1951 1439 gradnan-

1213 1450 1326 1483 dorum
1351 1462 1368 1483 a
1392 1451 1525 1493 collegio
1546 1450 1686 1483 facienda
1700 1451 1731 1482 in
1750 1449 1952 1482 universitate

1213 1505 1383 1545 Sorbonae,
1401 1510 1435 1537 ut
1452 1505 1553 1537 omnis
1577 1503 1734 1536 ambiendi
1760 1502 1882 1535 occasio
1901 1502 1954 1535 tol-

1213 1559 1296 1591 latur
1320 1559 1401 1591 inter
1425 1558 1595 1597 studentes,
1622 1558 1763 1590 nationes
1781 1562 1811 1589 et
1830 1556 1953 1599 provin-

1214 1613 1277 1644 cias
1302 1622 1318 1644 e
1342 1612 1511 1645 nominatis
1538 1616 1572 1643 ut
1600 1621 1717 1654 supra,
1742 1608 1953 1653 praesentatio

1214 1665 1267 1698 siet
1286 1675 1343 1709 per
1360 1665 1544 1697 electionem
1564 1663 1747 1696 canonicam
1765 1673 1781 1695 a
1799 1661 1906 1706 priore
1924 1665 1953 1694 et

1214 1718 1322 1760 viginti
1346 1723 1480 1762 quatuor
1501 1716 1697 1756 consiliariis,
1720 1715 1894 1759 praemisso
1912 1715 1954 1747 iu-

1214 1776 1356 1804 ramento
1376 1771 1415 1803 de
1431 1771 1573 1813 digniore
1599 1769 1742 1812 eligendo
1760 1769 1845 1802 iuxta
1862 1767 1954 1801 dicta-

1215 1834 1284 1857 men
1309 1824 1457 1868 propriae
1482 1822 1700 1856 conscientiae.

1257 1887 1343 1910 xvni.
1369 1877 1567 1910 Bacealaurei
1593 1881 1621 1909 et
1649 1875 1797 1909 licentiati
1828 1874 1953 1917 regulas

1215 1940 1324 1963 omnes
1347 1934 1376 1964 et
1406 1930 1491 1973 leges
1520 1930 1644 1962 inclitae
1673 1928 1825 1961 facultatis
1856 1928 1888 1960 in
1918 1929 1954 1960 ea

1215 1983 1443 2023 observantium
1469 1982 1522 2016 sed
1548 1982 1638 2023 alibi,
1656 1987 1729 2026 puta
1755 1981 1785 2013 in
1812 1980 1953 2020 ecelesia,

1216 2036 1361 2080 capitulo,
1384 2036 1638 2080 processionibus
1658 2040 1685 2068 et
1707 2034 1874 2076 similibus,
1891 2039 1952 2066 tam

1216 2094 1302 2122 extra
1326 2100 1419 2133 quam
1438 2089 1518 2121 iutra
1540 2093 1738 2126 conventum,
1762 2087 1848 2120 nullo
1866 2096 1955 2130 pror-

1216 2153 1267 2175 sus
1290 2142 1466 2186 privilegio,
1483 2141 1711 2186 praecedentia,
1731 2151 1806 2173 voce
1831 2144 1859 2173 et
1885 2140 1954 2172 loeo

1215 2201 1267 2228 aut
1285 2195 1480 2239 exemptione
1505 2206 1542 2228 eo
1567 2195 1710 2238 praeciso
1728 2193 1818 2226 titulo
1838 2193 1954 2236 gaude-

1216 2248 1308 2289 bunt⁷
1327 2259 1398 2281 cum
1416 2249 1472 2281 ista
1493 2248 1672 2292 privilegia,
1694 2247 1734 2280 ob
1751 2257 1859 2280 eorum
1883 2245 1954 2278 abu—

1216 2312 1295 2339 sum,
1307 2301 1447 2333 oxnnium
1461 2301 1524 2333 sere
1536 2301 1691 2334 malorum
1703 2299 1789 2333 radix
1805 2300 1953 2332 hactenus

1216 2354 1390 2386 extiterint:
1417 2353 1469 2386 sed
1495 2354 1631 2397 exceptis
1657 2352 1831 2386 consiliaris
1844 2351 1952 2394 viginti

1216 2412 1360 2450 quatuor,
1386 2412 1420 2440 ut
1445 2418 1517 2440 mox
1533 2407 1663 2447 dicetur,
1682 2416 1790 2439 omnes
1815 2404 1954 2437 indiscri-

1217 2461 1358 2493 minatim
1389 2461 1493 2493 locum
1525 2459 1762 2504 praecedentiae
1794 2458 1953 2491 habebunt

1216 2514 1388 2547 secundum
1413 2514 1631 2557 antiquitatem
1657 2512 1818 2556 temporis
1843 2511 1953 2554 quoin

1216 2567 1349 2609 collegio
1366 2567 1482 2610 recepti
1502 2566 1626 2606 suerint,
1641 2566 1682 2598 ita
1695 2570 1729 2598 ut
1744 2565 1832 2608 prior
1849 2563 1951 2596 locus'

1250 2629 1260 2652 4
1278 2628 1323 2655 Vel
1341 2629 1382 2655 tite
1398 2629 1457 2663 lege
1473 2628 1540 2657 loco.
1555 2628 1594 2655 vel
1612 2631 1672 2662 post
1683 2627 1709 2653 ei
1725 2634 1772 2661 pro
1784 2626 1808 2653 ¹is
1822 2632 1855 2661 gn.
1871 2626 1918 2660 T.)-

1956 225 2009 252 An.
2027 225 2054 252 C.
2071 224 2139 253 1637
