2248 3229
98 231 147 258 Αη.
169 231 197 259 c.
216 214 280 258 icat

135 2474 170 2495 cla

139 2508 158 2521 m

173 2473 242 2494 mula*
257 2478 290 2498 ap·

904 229 1045 254 canascs

293 279 374 323 iugis
397 278 524 313 nomine
548 278 638 313 nobis
668 288 762 323 super
787 277 848 312 hoc
871 277 1033 312 humiliter

293 331 448 377 porrectis
479 331 641 374 inclinati,
666 331 770 366 omnia
802 336 832 364 et
855 331 978 374 singula
1002 331 1033 364 in

295 439 338 472 ris
355 443 503 472 contenta
527 443 557 471 et
582 448 741 482 expressa,
758 448 793 471 ac
810 437 904 471 ctiam
928 437 1034 470 omnia

295 497 325 525 ct
341 491 464 535 singula
483 491 543 525 alia
567 491 741 535 privilegia,
760 490 890 530 indulta,
907 490 1034 533 gratias,

296 545 428 586 favores,
444 545 671 584 concessiones,
688 544 856 585 facultates,
875 543 1036 576 libertates

297 603 326 632 et
339 598 562 642 exemptiones,
577 603 639 630 tam
657 597 836 641 spirituales
850 607 944 640 quam
963 602 1036 629 tem-

296 651 432 696 porales,
448 651 479 684 in
506 661 621 694 genere
639 651 685 683 rel
715 651 747 683 in
776 650 888 695 specie,
908 649 1036 690 eisdem,

297 704 344 737 vel
357 703 598 747 Congregationi
614 703 791 748 praedictae
809 703 846 736 de
865 703 948 736 L'rbe
965 712 1038 736 con-

297 767 385 790 cessa
408 757 456 790 vel
480 767 645 790 concessas
666 767 724 801 per
747 766 965 800 quoscumque
982 756 1038 789 Ro-

298 820 407 844 manos
431 809 598 844 Pontifices
618 809 876 854 praedecessores
901 814 1037 849 nostros,

299 863 346 897 vel
369 873 427 908 per
440 873 507 903 nos,
523 867 577 895 aut.
590 863 652 896 alio
669 862 820 896 canonico
834 862 923 896 titulo
937 861 1039 906 acqui-

299 917 356 950 sita
380 922 410 950 et
433 916 611 961 acquisitas,
623 916 808 960 praesertim
833 915 917 948 circa
939 925 1040 948 exem-

298 970 437 1015 ptionem
473 980 490 1002 a
524 968 781 1014 processionibus
812 973 874 1001 tam
905 967 1039 1012 publicis

299 1033 393 1068 quam
421 1023 550 1068 privatis
576 1022 638 1065 (ita
667 1025 770 1055 tamen
805 1026 837 1053 ut
863 1020 1040 1064 praedictae

299 1075 558 1120 Congregationis
581 1074 716 1108 Oratorii
740 1074 937 1118 Neapolitani
957 1072 1041 1118 p'res-

299 1129 401 1176 byteri
420 1134 600 1174 praesentes
613 1132 643 1162 et
661 1128 769 1169 futuri,
783 1133 845 1161 tam
863 1128 1040 1173 praeinser-

301 1188 403 1216 tarum
424 1182 500 1216 Sixti
522 1182 544 1213 Y
564 1181 826 1226 praedecessoris,
841 1192 934 1225 quam
951 1191 1042 1226 prae-

300 1235 434 1269 sentium
447 1235 625 1268 litterarum
642 1235 761 1278 vigore,
775 1234 938 1268 absolvere
955 1235 1041 1268 nullo

300 1289 394 1323 modo
413 1289 535 1322 valeant
551 1299 569 1321 a
585 1288 709 1322 casibus
723 1289 754 1322 in
771 1288 883 1322 litteris
901 1288 950 1322 die
968 1288 1043 1322 Coe-

300 1353 358 1377 nae
380 1343 504 1377 Domini
520 1343 582 1387 legi
599 1343 697 1376 solitis
717 1348 747 1376 et
767 1343 798 1376 in
818 1342 1041 1377 constitutione

299 1399 407 1431 nostra
432 1407 527 1442 super
550 1397 701 1431 electione
726 1397 858 1430 Romani
883 1396 1041 1430 Pontificis

302 1453 445 1486 emanata
466 1450 631 1492 contentis,
651 1460 752 1494 neque
779 1450 962 1494 profitentes
986 1460 1041 1483 seu

301 1509 482 1539 exercentes
506 1503 743 1548 quomodolibet
768 1503 972 1546 astrologiam
998 1503 1041 1537 iu-

302 1558 464 1592 diciariam
479 1563 509 1591 et
525 1557 583 1590 alia
598 1556 758 1601 prohibita
775 1557 805 1589 in
819 1557 1041 1591 constitutione

303 1611 394 1646 etiam
411 1611 519 1644 nostra
536 1610 673 1654 desuper
686 1609 778 1651 edita,
805 1609 971 1644 violatores
988 1611 1043 1643 im-

303 1664 462 1699 munitatis
487 1663 717 1698 ecclesiasticae
731 1663 824 1697 etiam
839 1669 948 1697 contra
968 1674 1042 1698 con—

303 1718 497 1752 stitutionem
512 1716 699 1751 recolendae
712 1717 883 1750 memoriae
897 1717 1041 1761 Gregorii

304 1773 406 1816 Papae
416 1772 479 1806 xlv
490 1771 582 1805 etiam
597 1771 850 1816 praedecessoris
863 1771 972 1812 nostri,
982 1771 1043 1805 vio-

305 1827 419 1859 latores
439 1826 601 1858 clausurae
616 1825 799 1859 monialium
816 1825 854 1858 ad
872 1826 990 1858 malum
1007 1825 1043 1858 si-

305 1890 387 1920 nem,
400 1878 627 1924 procurantes¹,
641 1888 676 1912 ac
689 1883 863 1923 pugnantes
880 1879 910 1911 in
927 1878 1042 1919 duello,

305 1943 341 1966 ac
366 1932 539 1966 incidentes
570 1932 600 1965 in
620 1941 737 1976 poenas
758 1931 885 1966 canonis
915 1932 944 1964 si
969 1932 1043 1976 quis

305 1986 460 2020 suadente
477 1985 631 2027 diabolo),
659 1984 831 2029 apostolica
848 1984 1043 2025 auctoritate,

306 2045 414 2074 tenore
423 2038 647 2084 praesentium,
664 2043 818 2083 perpetuo
831 2038 1044 2083 approbamus

306 2099 335 2128 et
359 2094 595 2135 confirmamus,
621 2092 744 2137 illisque
763 2098 933 2137 perpetuae
953 2097 982 2125 et
1003 2092 1046 2125 in-

308 2147 462 2181 violabilis
486 2146 676 2191 apostolicae
700 2145 858 2179 firmitatis
876 2145 974 2179 robur
991 2145 1044 2178 ad-

307 2201 447 2243 iicimus,
468 2211 514 2242 ac,
534 2205 688 2246 quatenus
713 2209 793 2244 opus
818 2199 874 2240 sit,
899 2199 938 2233 de
963 2209 1044 2233 noro

307 2254 518 2290 concedimus.
554 2255 598 2288 lta
622 2259 726 2287 tamen
756 2259 788 2286 ut
815 2247 921 2297 vigore
946 2264 1040 2298 prae-

307 2309 442 2344 sentium
467 2308 642 2342 litterarum
666 2307 697 2341 in
714 2307 861 2341 domibus
877 2307 1046 2352 particula-

307 2363 390 2396 rium
406 2371 614 2407 personarum
633 2359 843 2395 confessiones
861 2360 969 2394 audire
983 2371 1045 2395 non

308 2416 438 2462 possint.

352 2463 412 2516 §3
433 2470 641 2505 Decernentes
662 2473 842 2514 praesentes
864 2468 997 2510 litteras,
1019 2474 1047 2502 et

309 2526 339 2559 in
364 2525 409 2559 eis
433 2528 577 2559 contenta
601 2533 828 2569 quaecumque,
846 2522 939 2556 etiam
958 2533 994 2557 ex
1011 2533 1048 2557 eo

346 2599 356 2624 ¹
371 2596 416 2624 vet
428 2596 470 2624 hic
481 2596 571 2624 forsan
583 2595 688 2629 legend.
701 2595 837 2622 abortum
849 2598 1048 2630 procurantes,
1064 2585 1065 2593 ¹

310 2641 350 2669 vel
366 2645 444 2669 antea
459 2642 518 2676 tege
535 2640 720 2668 violationem
736 2647 783 2675 pro
795 2639 944 2667 violatores
959 2639 1048 2673 Qasr).

1070 228 1124 252 vin
1149 229 1196 252 ee.

1066 276 1150 320 quod
1174 275 1366 320 quicumque
1391 275 1422 308 in
1445 272 1628 319 praemissis
1653 272 1806 307 interesse

1067 329 1218 362 habentes
1243 339 1298 362 seu
1318 327 1436 361 habere
1453 325 1693 372 praetendentes
1707 326 1807 360 vocati

1067 385 1097 416 et
1113 381 1211 414 auditi
1236 391 1298 415 non
1323 379 1449 421 fuerint,
1469 385 1522 413 aut
1540 379 1721 424 praemissis
1745 388 1808 413 non

1068 435 1302 475 consenserint,
1326 445 1382 468 seu
1407 443 1540 474 causae,
1565 438 1697 478 propter
1731 443 1809 478 quas

1068 493 1250 533 praesentes
1259 486 1445 527 emanarint,
1457 486 1619 527 adductae,
1632 486 1809 520 verificatae

1070 552 1124 574 seu
1147 541 1222 573 alias
1246 540 1429 574 iustificatae
1453 549 1517 573 non
1541 539 1666 579 fuerint,
1686 538 1725 572 de
1742 538 1810 572 sub-

1071 594 1221 638 reptionis
1236 593 1282 626 vel
1297 592 1491 636 obreptionis
1505 603 1559 626 seu
1570 592 1719 625 nullitatis
1736 592 1810 626 vitio

1070 652 1123 679 aut
1152 646 1333 680 intentionis
1353 651 1479 679 nostrae
1505 645 1551 679 vel
1575 645 1636 678 alio
1661 645 1809 690 quopiam

1071 699 1194 733 defectu
1217 699 1333 741 notari,
1358 698 1555 743 impugnari,
1581 697 1754 739 invalidari,
1780 698 1811 731 in

1072 753 1120 786 ius
1144 753 1193 786 vel
1218 752 1466 786 controversiam
1491 751 1654 792 revocari,
1679 751 1718 784 ad
1742 756 1808 785 ter-

1073 806 1174 840 minos
1206 806 1283 839 iuris
1314 806 1446 846 reduci,
1478 816 1533 839 seu
1563 805 1712 839 adversus
1745 805 1812 838 illas

1073 860 1304 894 restitutionem
1335 859 1367 892 in
1397 859 1576 902 integrum,
1602 858 1811 903 aperitionem

1073 913 1148 952 oris,
1161 918 1213 946 aut
1226 912 1448 957 quodcumque
1465 912 1558 954 aliud,
1577 912 1654 946 iuris
1668 912 1715 946 vel
1729 912 1811 954 faeti,

1074 967 1192 1010 gratiae
1210 968 1258 1000 vel
1278 967 1424 1009 iustitiae,
1445 967 1620 1000 remedium
1639 966 1812 1011 impetrari,

1075 1031 1129 1054 seu
1154 1031 1192 1054 eo
1217 1021 1384 1065 impetrato
1408 1020 1589 1064 quempiam
1612 1020 1675 1061 uti,
1700 1030 1756 1054 seu
1781 1030 1813 1053 se

1075 1074 1182 1107 iuvare
1214 1073 1246 1106 in
1282 1073 1398 1107 iudicio
1434 1073 1484 1106 vel
1519 1078 1606 1106 extra
1637 1072 1814 1106 nullatenus

1075 1137 1184 1170 posse;
1203 1126 1257 1160 sed
1281 1137 1333 1160 eas
1357 1137 1484 1171 semper
1509 1125 1635 1168 validas,
1657 1125 1764 1159 firmas
1785 1132 1815 1159 et

1075 1180 1218 1213 efficaces
1242 1180 1377 1213 existere
1401 1184 1431 1212 et
1460 1179 1547 1221 fore,
1579 1189 1616 1213 ac
1646 1178 1815 1224 praedictis

1076 1233 1269 1278 presbyteris
1279 1232 1415 1267 Oratorii
1425 1232 1620 1277 Neapolitani
1634 1232 1815 1277 plenissime

1075 1287 1256 1330 suffragari;
1271 1287 1377 1331 sicque
1390 1297 1448 1331 per
1460 1296 1677 1331 quoscumque
1697 1286 1815 1320 iudices

1075 1340 1253 1374 ordinarios
1278 1345 1307 1373 et
1331 1340 1509 1383 delegatOS,
1533 1339 1627 1373 etiam
1649 1349 1814 1373 causarum

1075 1393 1182 1438 palatii
1201 1393 1364 1438 apostolici
1377 1393 1545 1435 auditores,
1564 1403 1599 1427 ac
1616 1398 1740 1426 sanctae
1754 1393 1815 1427 Ro-

1077 1457 1186 1481 manae
1212 1447 1369 1481 Ecclesiae
1394 1447 1578 1489 cardinales,
1602 1446 1696 1480 etiam
1713 1446 1752 1480 dc
1771 1447 1815 1480 la-

1076 1506 1142 1535 tere
1167 1502 1287 1545 legatos
1319 1506 1348 1534 et
1380 1500 1532 1541 nuncios,
1563 1499 1685 1534 sublata
1717 1500 1761 1533 eis
1787 1505 1817 1533 et

1075 1565 1187 1588 eorum
1213 1555 1341 1588 cuilibet
1365 1554 1474 1598 quavis
1498 1554 1588 1587 aliter
1609 1553 1765 1587 iudicandi
1787 1559 1817 1587 et

1076 1608 1301 1653 interpretandi
1327 1608 1471 1642 facultate
1497 1612 1526 1642 et
1551 1607 1746 1649 auctoritate,
1770 1607 1817 1641 iu-

1075 1662 1173 1696 dicari
1202 1667 1232 1696 et
1257 1661 1381 1696 definiri
1405 1661 1538 1703 debere,
1568 1672 1603 1694 ac
1638 1661 1762 1694 irritum
1789 1667 1817 1695 et

1075 1715 1176 1757 inane,
1197 1715 1222 1748 si
1247 1726 1335 1749 secus
1352 1725 1446 1759 super
1462 1715 1510 1748 liis
1527 1725 1543 1747 a
1561 1724 1730 1759 quoquam,
1744 1725 1816 1759 qua-

1077 1769 1121 1802 vis
1146 1769 1349 1809 auctoritate,
1381 1768 1515 1802 scienter
1544 1767 1590 1800 vel
1616 1767 1816 1811 ignoranter,

1077 1822 1244 1866 contigerit
1270 1821 1426 1855 attentari.
1801 1863 1808 1870 ‚

1121 1877 1136 1920 g
1160 1875 1189 1909 4.
1220 1876 1289 1910 Non
1321 1874 1518 1909 obstantibus
1543 1874 1819 1909 constitutionibus

1077 1935 1107 1963 et
1131 1929 1381 1964 ordinationibus
1401 1928 1599 1973 apostolicis,
1625 1938 1661 1961 ac
1685 1927 1819 1962 decretis

1078 1989 1139 2017 tam
1166 1994 1223 2028 per
1237 1983 1349 2016 similis
1363 1981 1534 2016 memoriae
1549 1981 1740 2016 Clementem
1755 1982 1819 2016 vltt

1078 2047 1173 2081 quam
1197 2036 1327 2069 Paulum
1342 2036 1364 2068 V
1379 2036 1537 2069 Romanos
1554 2035 1721 2069 Pontifices
1734 2046 1820 2080 prae-

1079 2090 1261 2124 decessores
1292 2093 1418 2123 nostros
1450 2094 1480 2122 et
1509 2099 1567 2123 nos
1592 2094 1702 2123 contra
1726 2100 1819 2134 regu-

1081 2144 1162 2176 lares
1175 2150 1205 2176 et
1219 2143 1324 2177 forsan
1339 2143 1416 2176 alios
1426 2142 1531 2183 editis,
1548 2142 1679 2187 aliisque
1696 2143 1821 2188 quibus-

1079 2198 1124 2231 vis
1152 2197 1252 2230 dictae
1273 2196 1532 2240 Congrcgationis
1554 2196 1700 2238 Oratorii,
1725 2197 1819 2232 etiam

1080 2251 1274 2291 iuramento,
1299 2250 1539 2284 confirmatione
1563 2251 1749 2295 apostolica,
1774 2252 1820 2285 vel

1079 2305 1188 2349 quavis
1213 2303 1361 2338 firmitate
1381 2304 1442 2336 alia
1460 2303 1626 2347 roboratis,
1653 2305 1774 2338 statutis
1792 2311 1822 2338 ct

1081 2357 1370 2400 consuctudinibus,
1384 2357 1558 2402 privilegiis
1571 2368 1706 2402 quoque,
1724 2357 1823 2391 indul-

1082 2413 1119 2446 tis
1130 2416 1158 2446 ct
1172 2412 1284 2446 litteris
1297 2411 1490 2456 apostolicis,
1500 2411 1557 2445 sub
1570 2411 1822 2456 quibuscumque

1083 2466 1243 2500 tenoribus
1275 2471 1305 2499 et
1337 2465 1467 2506 formis,
1501 2475 1536 2498 ac
1565 2475 1636 2499 curn
1662 2465 1822 2510 quibusvis

1081 2520 1174 2555 etiam
1198 2519 1471 2563 derogatoriarum
1497 2518 1716 2563 derogatoriis‚
1737 2519 1822 2552 aliis-

1082 2585 1142 2619 que
1167 2574 1395 2608 elllcacioribus
1412 2579 1441 2607 et
1459 2573 1591 2607 insolitis
1604 2573 1763 2615 clausulis,
1781 2573 1823 2606 ir-

1083 2628 1312 2672 ritantibusque
1337 2632 1366 2661 et
1391 2627 1459 2661 aliis
1480 2626 1623 2668 decretis,
1649 2627 1680 2660 in
1708 2637 1824 2671 genere

1709 215 1774 250 615
1821 225 1870 252 An.
1892 224 1920 253 c.
1939 224 2005 254 1637

1881 1886 2018 1907 Obstanubn·

1835 1913 1929 1939 derogat.
