2248 3229
254 226 302 255 An.
320 226 350 255 C.
369 226 437 255 ¹634

285 1034 312 1054 [ln-¹
335 1034 353 1053 til
369 1040 385 1053 ι’]
406 1033 438 1053 lli.

299 2423 327 2442 Di·
346 2423 454 2443 urslicttitttx

453 285 534 316 rum,
560 274 765 313 visitatorum,
786 271 1002 317 procuratoris
1027 270 1211 314 generalis,¹

453 328 652 374 superiorum
677 326 834 369 localium,
856 325 1080 368 magistrorum
1104 324 1190 358 novi·

453 381 595 422 flatuum,
612 391 648 414 ac
665 379 835 422 sociorum,
849 389 980 412 munera
998 378 1062 412 sive
1081 378 1192 419 officia,

454 434 537 468 iuxta
550 434 670 467 Bullam
686 443 792 467 sacrae
808 432 1040 466 reformationis
1056 436 1193 473 nostrae,

454 488 617 521 triennalia
643 488 720 528 sint;
746 487 837 521 liceat
857 492 959 520 tamen
985 486 1120 531 capitulo
1145 496 1195 529 ge-

453 540 562 581 nerali,
586 540 639 574 ubi
665 540 827 574 manifeste
852 540 1011 583 cognitum
1036 539 1131 573 fuerit
1146 550 1195 572 ex-

453 594 571 638 pedire,
587 595 712 628 eosdem
728 605 847 636 omnes,
862 599 914 628 aut
933 604 1043 628 eorum
1064 593 1194 637 aliquos,

454 647 493 680 ad
509 648 593 681 aliud
606 649 788 690 triennium,
803 653 833 681 et
847 658 910 681 non
927 648 1018 690 ultra,
1034 648 1065 680 in
1084 646 1193 680 eodem

454 701 539 746 quod
563 702 719 746 gesserint
743 702 846 735 officio
870 701 1071 742 confirmare,
1092 711 1109 733 a
1133 710 1214 744 quo⁴

454 755 579 788 tandem
604 755 737 789 absoluti
758 766 814 799 per
839 755 923 788 aliud
943 754 1045 788 simile
1069 754 1195 787 triennii
1213 764 1215 785 t

455 809 588 854 spatium
615 809 718 843 officio
743 815 869 850 vacent,
895 808 1033 853 exceptis
1063 807 1196 842 novitio-

455 873 525 896 rum
552 863 720 906 magistris,
747 863 799 907 qui
825 863 944 896 tamdiu
970 862 1145 896 continuari
1167 866 1198 894 et

456 914 635 947 confirmari
648 919 806 959 poterunt,
817 914 967 958 quamdiu
984 913 1014 946 in
1030 912 1198 947 educandis

456 967 581 1000 novitiis
602 968 695 1000 utiles
712 967 944 1001 iudicabuntur.

501 1021 631 1054 Discreti
649 1021 815 1055 domorum
835 1021 895 1055 sint
912 1021 1099 1062 sacerdotes,
1118 1024 1147 1055 et
1167 1021 1197 1053 in

457 1075 594 1119 capitulo
612 1075 763 1119 cuiusque
789 1074 928 1119 privatae
952 1075 1064 1108 domus
1082 1074 1198 1117 eligan-

457 1133 517 1169 tur,
542 1134 574 1161 ut
599 1128 637 1161 ad
663 1129 836 1172 capitulum
870 1128 1017 1171 generale
1043 1138 1114 1161 cum
1141 1138 1198 1161 suo

458 1182 621 1226 superiore
639 1193 671 1215 se
690 1183 862 1223 conferant,
879 1186 912 1216 ut
933 1182 1128 1225 superiorem
1151 1192 1200 1225 ge-

458 1235 597 1268 neralem
623 1241 651 1267 et
678 1236 859 1268 definitorcs
893 1235 1021 1279 capituli
1050 1235 1201 1268 certiores

458 1289 591 1322 faciant¹
618 1289 655 1321 de
680 1295 761 1322 statu
786 1290 898 1322 domus
934 1299 951 1322 a
976 1299 1036 1333 qua
1061 1288 1200 1333 deputati

458 1343 584 1382 fuerint,
603 1349 695 1387 atque
721 1343 758 1376 de
784 1343 936 1387 angustiis
961 1348 992 1376 et
1016 1342 1202 1375 difficultati-

459 1395 518 1428 bus
533 1396 609 1437 eius,
624 1402 654 1429 et
669 1397 827 1440 quomodo
845 1396 1025 1440 superiores
1043 1395 1136 1429 officii
1154 1395 1201 1428 sui

460 1454 601 1494 tempore
635 1461 666 1483 se
691 1451 846 1493 gesserint
872 1460 947 1493 erga
972 1449 1148 1490 inferiores,
1174 1454 1202 1481 et

461 1508 579 1546 contra,
594 1503 692 1548 quos⁴²
706 1516 738 1537 se
751 1504 916 1537 inferiores
930 1515 1004 1547 erga
1021 1504 1203 1548 superiores

461 1558 685 1601 praestiterint,
706 1558 865 1602 quomodo
891 1563 1011 1591 servata
1036 1557 1130 1590 suerit.
1154 1555 1221 1590 re-i

461 1612 533 1653 gula
558 1617 588 1645 et
612 1613 868 1653 constitutiones,
892 1622 971 1656 quae
1006 1611 1140 1655 denique
1166 1611 1204 1644 sit

461 1665 556 1698 totius
576 1665 689 1699 domus
714 1672 776 1699 tam
809 1666 980 1710 spiritualis
1008 1676 1101 1709 quam
1127 1671 1203 1698 tem-

462 1720 579 1763 poralis
604 1720 751 1754 conditio.
774 1720 903 1753 Illorum
929 1726 1033 1753 autem
1059 1719 1202 1752 electioni

462 1773 613 1806 interesse
630 1778 775 1816 poterunt
795 1783 903 1806 omnes
921 1773 1026 1805 clerici
1051 1773 1082 1805 in
1108 1772 1204 1805 sacris

463 1827 633 1867 constituti,
654 1827 726 1859 licet
751 1827 918 1859 triennium
945 1831 1012 1870 post
1039 1826 1205 1870 professio-

463 1890 534 1913 nem
548 1890 610 1913 non
625 1880 862 1924 compleverint,
877 1880 978 1923 quoad
1000 1889 1107 1912 vocem
1135 1879 1205 1912 acti-

465 1944 533 1966 vam
559 1937 689 1967 tantum,
1222 1931 1223 1945 ¹

509 1987 591 2020 Nihil
622 1993 725 2020 autem
764 1988 801 2020 ad
833 1988 1004 2031 capitulini]
1040 1977 1224 2027 deserant,‘

467 2040 529 2073 sive
554 2052 571 2073 a
595 2041 699 2083 domo,
719 2052 735 2073 a
762 2052 821 2085 qua
847 2046 915 2073 sunt
943 2041 1086 2083 delegati,
1109 2040 1172 2072 sive
1189 2031 1224 2072 ai

467 2094 677 2137 singularibus
710 2095 878 2135 fratribus,
905 2094 962 2126 nisi
994 2094 1148 2137 scriptum
1178 2099 1208 2125 et.

467 2148 680 2180 mandantium
706 2149 836 2192 propria
869 2159 962 2180 manu
993 2147 1226 2191 subscriptum'

468 2201 523 2242 sit;
549 2202 711 2234 mandata³
735 2212 812 2235 vero
844 2202 956 2235 (lomus
985 2206 1077 2245 (quae
1106 2201 1226 2250 palam¹

469 2255 499 2287 in
525 2256 670 2299 capitulo,
692 2256 818 2289 absente
843 2256 1016 2300 superiore,
1037 2255 1227 2298 danninum*

470 2368 531 2403 tur,
549 2363 596 2395 sin
618 2363 729 2405 minus,
751 2363 828 2395 sides
846 2363 892 2396 ei⁴
916 2374 979 2396 non
999 2362 1193 2396 adhibeatur.
1226 2386 1228 2415 Ι

515 2416 725 2450 Ilemandetur
757 2428 773 2449 a
806 2417 969 2461 superiore
995 2416 1133 2460 generali
1158 2415 1228 2460 ati-²,

507 2507 518 2533 1
539 2507 607 2534 Edit.
625 2507 706 2534 Maia.
724 2507 788 2541 legit
802 2508 913 2541 fuciunt
930 2516 969 2537 tr..
987 2515 1033 2536 T.›.
1227 2494 1229 2529 i

507 2552 523 2578 2
539 2552 638 2588 Nempe
654 2553 752 2588 quales
768 2553 807 2580 rel
825 2553 963 2587 quomodo
980 2556 1016 2586 (a.
1034 2553 1083 2587 Τ.).

507 2596 523 2622 3
539 2595 608 2623 Edit.
625 2596 704 2623 Main.
721 2597 784 2631 legit
803 2598 939 2624 mamiato
958 2599 992 2632 (a,
1011 2597 1059 2630 T.).

508 2640 525 2666 4
540 2639 691 2676 Legendum
708 2642 775 2668 soret
790 2642 830 2670 eis
846 2650 940 2677 nempe
956 2640 1103 2669 mandalis
1119 2639 1208 2675 (a.T.).
1227 2625 1229 2638 ’

1034 223 1213 249 BULLARIUM
1238 222 1392 247 ROMANUM

1227 270 1416 303 ministratio
1433 273 1462 302 et
1479 269 1670 313 dispensatio
1687 279 1794 303 rerum
1811 275 1965 314 tempora·
1979 281 2124 335 gemrrffireet
2137 281 2162 302 σε

1226 324 1312 366 lium,
1331 322 1536 367 pecuniarum
1556 327 1587 355 et
1610 322 1790 357 reddituum
1814 323 1965 367 cuiusque

1227 376 1340 427 domus
1371 375 1471 408 trihus
1502 374 1654 408 tratribus
1686 375 1825 418 idoneis,
1850 377 1902 420 qui
1928 376 1965 409 ael

1228 430 1294 462 eius
1306 435 1416 462 nutum
1431 427 1614 462 amovibiles
1625 428 1696 469 sint,
1709 428 1752 461 ita
1763 432 1798 463 ut
1808 439 1900 471 unus,
1913 429 1966 474 qui

1228 488 1418 527 procurator
1434 484 1607 524 vocabitur,
1628 492 1735 516 rerum
1752 486 1783 516 et
1800 482 1967 521 bonorum,

1230 535 1490 581 reddituumque⁴
1515 535 1764 580 colligendorum
1787 545 1822 569 ac
1843 535 1968 578 exigen-

1212 628 1213 636 ἵ
1229 591 1343 625 dorum
1360 601 1469 625 curam
1490 590 1613 631 habeat,
1630 589 1798 634 omniaque
1814 594 1969 634 tempora-

1230 644 1270 677 lia
1283 644 1487 686 administret,
1501 645 1571 678 lites
1585 649 1638 677 aut
1653 653 1821 688 processus
1838 642 1969 676 instruat

1230 702 1259 732 et
1283 702 1501 742 prosequatur,
1528 703 1567 739 et,
1594 708 1664 731 cum
1685 707 1764 742 opus
1783 697 1887 737 fuerit,
1907 706 1970 729 mo-

1231 757 1309 792 veat,
1334 752 1372 785 de
1397 751 1527 785 consilio
1552 757 1581 784 et
1606 761 1761 785 consensu
1787 749 1969 794 superioris,

1230 806 1401 840 locationes
1420 805 1512 838 etiam
1530 811 1560 838 et
1579 805 1638 838 alia
1661 804 1839 838 necessaria
1858 803 1970 837 instru-

1232 865 1346 900 menta,
1364 859 1402 892 de
1422 869 1532 892 eorum
1558 869 1723 899 consensu,
1753 858 1833 891 sicut
1856 863 1886 890 et
1910 867 1971 890 ma-

1232 914 1315 948 iores
1340 912 1538 958 provisiones
1562 913 1608 946 rei
1633 911 1811 952 familiaris,
1831 911 1971 955 pecuniis

1232 978 1268 1001 ex
1295 968 1390 1011 capsa
1416 967 1550 1012 depositi
1577 966 1732 1008 extractis,
1750 965 1853 1005 saciat3
1877 963 1972 998 dona-

1232 1026 1336 1054 torum
1363 1021 1410 1054 vel
1436 1030 1663 1054 conversorum
1693 1020 1789 1064 opera
1812 1023 1917 1051 utatur
1941 1018 1972 1050 iu

1233 1074 1426 1114 subsidium;
1447 1074 1594 1107 adhibeat
1618 1072 1829 1117 prudentiam,
1847 1071 1972 1114 integri-

1234 1132 1338 1168 tatem,
1357 1127 1584 1168 sinceritatem,
1601 1126 1836 1165 dexteritateni,
1855 1130 1885 1158 et
1901 1135 1972 1158 cum

1234 1192 1250 1214 a
1275 1181 1468 1214 secularibus
1485 1180 1627 1214 moribus
1652 1185 1717 1212 tum
1742 1179 1780 1212 ab
1797 1179 1882 1212 omni
1907 1189 1975 1211 ava-

1235 1234 1317 1275 ritia,
1335 1234 1453 1275 fraude,
1480 1233 1654 1275 mendacio,
1673 1233 1829 1266 calumnia
1852 1242 1974 1265 summe

1235 1288 1417 1327 abhorream
1432 1288 1576 1331 exemplo
1589 1287 1712 1320 virtutis
1727 1287 1766 1319 sit
1778 1286 1936 1326 omnibus,
1946 1291 1972 1317 et

1236 1342 1353 1374 nemini
1371 1346 1490 1382 noceat,
1509 1341 1562 1374 sed
1590 1351 1642 1374 eos
1665 1341 1836 1373 benevolos
1853 1349 1977 1373 conser-

1236 1400 1296 1436 vet,
1313 1405 1448 1439 quorum
1466 1396 1563 1439 opera
1586 1394 1625 1427 ad
1641 1394 1772 1437 negocia
1799 1392 1977 1437 peragenda

1219 1479 1220 1483 ,
1238 1449 1372 1491 indiget3
1391 1459 1483 1492 saepe
1501 1448 1538 1481 de
1554 1447 1648 1481 rebus
1665 1447 1802 1491 peractis
1819 1446 1865 1479 vel
1886 1456 1977 1490 pera-

1237 1502 1346 1545 gendis
1364 1513 1435 1536 cum
1453 1502 1618 1546 superiore
1635 1501 1788 1541 conserat3
1807 1500 1978 1544 scripturas

1238 1561 1267 1588 et
1277 1556 1443 1599 originalia
1453 1556 1661 1589 instrumenta
1671 1558 1701 1589 et
1716 1555 1822 1588 titulos
1836 1553 1977 1597 diligenti

1238 1610 1378 1643 custodia
1395 1614 1497 1643 servet
1525 1610 1557 1642 in
1584 1609 1725 1642 archivio
1753 1608 1791 1641 ad
1819 1608 1880 1641 hoc
1901 1607 1979 1640 desi-

1238 1668 1342 1706 gnato,
1357 1663 1446 1696 cuius
1460 1663 1577 1696 clavem
1589 1672 1683 1695 unam
1696 1661 1818 1703 habeat,
1833 1660 1978 1705 superior

1239 1717 1379 1756 alteram,
1397 1721 1426 1749 et
1442 1716 1651 1760 depositarius
1668 1715 1801 1748 tertiam.

1282 1770 1469 1803 Cubiculum
1494 1770 1572 1803 clavi
1597 1769 1778 1803 obseratum
1802 1768 1918 1801 habeat
1941 1768 1979 1800 ad

1220 1819 1222 1862 i
1239 1823 1406 1856 servandas
1424 1823 1595 1867 scripturas
1612 1826 1642 1856 et
1655 1822 1715 1855 alia
1728 1822 1843 1866 quibus
1857 1821 1895 1854 ad
1911 1831 1982 1865 pro-

1239 1878 1431 1911 curatorium
1459 1887 1573 1910 munus
1593 1876 1759 1920 indigebit,
1777 1885 1911 1921 cumque
1930 1875 1982 1907 ali-

1240 1942 1316 1975 quas
1330 1942 1365 1963 ex
1380 1930 1520 1964 archivio
1529 1930 1672 1974 accipiet,
1682 1928 1982 1963 earummcmorias²

1223 2005 1224 2010 =
1241 1986 1397 2029 relinquat
1422 1985 1452 2017 in
1481 1985 1574 2025 libro,
1592 1984 1645 2028 qui
1666 1984 1697 2016 in
1713 1983 1823 2017 eodem
1841 1981 1981 2015 archivio

1223 2040 1433 2086 ,recituletun
1458 2038 1571 2072 notatis
1603 2047 1720 2078 mense,
1745 2037 1794 2070 die
1823 2040 1853 2071 ct
1883 2045 1980 2074 ann03

1224 2137 1225 2141 Ἰ
1242 2104 1329 2137 quas,
1344 2104 1414 2126 cum
1429 2103 1486 2126 suo
1497 2098 1641 2136 tempore
1654 2091 1807 2134 restituet,
1822 2101 1856 2124 ex
1871 2090 1981 2124 eodem

1243 2147 1324 2181 libro
1342 2151 1508 2191 expunget
1526 2145 1640 2180 Omnes
1660 2150 1843 2190 proventus,
1861 2150 1891 2178 ct
1907 2148 1983 2179 tem-

1225 2233 1226 2239 ,
1243 2212 1319 2245 pora
1343 2201 1405 2233 sive
1424 2200 1575 2233 terminos
1591 2199 1705 2243 quihus
1719 2198 1885 2242 colligendi
1901 2203 1982 2238 sunt,

1245 2255 1274 2287 in
1288 2254 1439 2298 peculiari
1457 2254 1538 2288 libro
1555 2253 1682 2293 scribat,
1696 2256 1725 2287 et
1742 2263 1884 2286 seorsum
1902 2262 1984 2285 sum-

1226 2325 1228 2355 3
1245 2318 1327 2341 mam
1346 2312 1565 2341 contractuum
1583 2312 1613 2340 et
1625 2306 1828 2346 locationum,
1849 2315 1928 2349 quae
1945 2304 1983 2337 ad

1226 2358 1337 2395 ¹‘breve
1367 2366 1488 2406 tempus
1517 2367 1604 2401 sunt,
1626 2370 1839 2405 quascumque
1859 2369 1910 2392 res
1932 2363 1980 2391 aut

1245 2415 1394 2459 pecunias
1419 2426 1455 2449 ex
1484 2415 1638 2448 fructibus
1658 2415 1772 2448 domus
1796 2411 1983 2458 perceperit,

1245 2470 1350 2503 addito
1368 2480 1385 2503 a
1402 2469 1516 2513 ‹piibus
1530 2474 1559 2502 et
1569 2468 1651 2502 unde
1665 2466 1877 2512 provenerint,
1890 2465 1982 2499 etiam

1227 2544 1229 2571 ᾗ
1247 2523 1361 2556 scribat
1381 2533 1533 2557 seorsum.

1284 2597 1292 2621 t
1313 2595 1382 2622 Edit.
1399 2594 1478 2622 Maia.
1494 2595 1560 2630 legit
1575 2595 1779 2628 redituumque
1793 2595 1829 2627 (a.
1843 2591 1890 2628 T.).

1281 2639 1296 2665 Ξῖ
1312 2639 1381 2667 Edit.
1403 2639 1480 2667 Maia.
1498 2639 1562 2675 legit
1582 2639 1724 2668 memoria
1742 2638 1777 2673 (a.
1793 2638 1842 2673 Τ.).

1981 219 2030 247 An.
2046 218 2076 247 C.
2093 219 2160 247 1634

2244 1202 2248 1241 l
