2248 3229
0 0 34 53 ’.ἐν

132 220 182 249 An.
199 219 228 248 C.
251 220 319 249 ¹638

190 1874 268 1896 novin
284 1880 331 1894 enm
391 1866 406 1909 ἓ
430 1866 460 1898 t.
486 1866 593 1910 Nuper
615 1877 674 1910 pro
698 1871 788 1910 parte
811 1866 916 1900 dilecti
938 1866 993 1899 filii
1018 1877 1088 1910 pro-

146 1903 233 1924 decreto
268 1901 331 1922 desu-

147 1935 184 1956 per
199 1931 304 1949 emaum·
347 1919 503 1953 curatoris
527 1919 684 1963 generalis
712 1920 966 1962 congregationis
989 1920 1105 1953 Cassi-1

347 1972 451 2005 nensis
472 1972 596 2006 Ordinis
621 1973 718 2005 sancti
744 1972 900 2005 Benedicti
924 1973 1015 2005 nobis
1040 1983 1107 2005 ex·-

939 221 1082 246 URBANUS
1106 221 1162 245 VIII
1186 221 1234 246 PF.

329 269 357 521 —i-—i-i-—i-i-

380 533 445 576 Ego
462 534 648 568 Franciscus
662 535 690 569 S.
706 535 864 569 Laurentii
886 535 917 568 in
942 535 1074 568 Damaso

421 586 571 621 diaconus
580 588 609 621 S.
619 589 652 622 R.
665 589 696 622 E.
709 589 982 622 vicecancellarius
994 598 1076 621 sum-

421 646 524 674 mator
541 641 642 685 Papae
659 642 826 675 cardinalis
842 642 1041 678 Barberinus.

332 693 358 735 -ξ-
382 692 448 736 Ego
480 693 590 728 Petrus
626 695 720 728 Maria
748 696 777 729 S.
811 694 977 738 Grisogoni
1010 694 1075 727 dia-

422 756 520 780 conus
544 747 710 781 cardinalis
735 748 936 792 Burghesius.

331 547 355 574 ‚1

334 908 357 947 †
382 905 448 949 Ego
476 907 650 942 Alexander
677 908 708 942 S.
737 907 895 942 Eustachii
926 907 1077 940 diaconus

424 960 591 994 cardinalis
615 961 809 997 Caesarinus.

335 1016 358 1054 †
382 1012 448 1057 Ego
472 1014 502 1047 S.
526 1015 666 1057 Agatliae
690 1014 841 1048 diaeonus
864 1014 893 1048 S.
916 1013 950 1048 R.
971 1013 1005 1047 E.
1031 1024 1078 1047 ca-

342 1077 345 1079 ·
425 1068 581 1101 merarius
601 1073 631 1101 et
652 1068 831 1111 signaturae
856 1067 975 1111 gratiae
991 1078 1078 1111 prae-

425 1121 523 1154 fectus
537 1121 703 1155 cardinalis
713 1121 865 1155 Antonius
879 1121 1077 1154 Barberinus.

337 1335 362 1376 -1·
336 1284 359 1322 -i-
335 1231 359 1269 -i-
335 1177 358 1215 -t-

632 1487 785 1521 DCXXlll.

342 1566 434 1607 Quod
450 1566 602 1600 monachi
617 1567 820 1601 Cassinenses
840 1577 903 1600 non
920 1570 996 1599 sunt
1014 1565 1082 1598 ullo

384 1619 478 1653 modo
502 1619 636 1663 coqendi
659 1620 804 1653 accedere
837 1620 904 1652 nisi
933 1619 977 1652 ad
1006 1629 1083 1663 pro-

386 1672 560 1706 cessionem
583 1672 791 1706 Sanclissimi
815 1672 1047 1706 Sam-amenti&

545 1753 682 1781 Urbanus
702 1753 780 1786 Papa
801 1753 881 1785 vm,

493 1797 530 1824 ad
545 1797 678 1824 futuram
694 1798 738 1825 rei
758 1798 939 1825 memoriam.

347 2025 485 2068 positum
510 2025 584 2067 suit,
609 2026 694 2069 quod
725 2026 822 2065 alias,
847 2036 901 2058 seu
926 2036 1047 2069 nuper,
1072 2036 1089 2058 a

348 2078 580 2112 venerabilibus
612 2078 762 2112 fratribus
794 2079 909 2111 nostris
937 2079 966 2112 S.
992 2079 1026 2111 Γ..
1052 2079 1085 2112 E.

350 2131 563 2166 cardinalibus
590 2131 687 2164 sacris
713 2131 824 2165 ritibus
847 2132 1033 2175 praepositis
1059 2142 1090 2164 e-

351 2185 486 2218 manavit
510 2184 671 2218 decretum
704 2186 820 2218 tenoris
851 2184 1090 2228 subsequentis,

350 2238 513 2271 videlicet:

394 2290 455 2324 Pro
484 2290 647 2324 monachis
675 2291 704 2323 S.
733 2291 809 2324 Sixti
838 2291 1091 2334 congregationis

350 2344 543 2378 cassinensis
556 2344 729 2377 Placentiae
743 2344 1012 2377 commorantibus
1024 2355 1093 2376 nar-

352 2403 454 2430 ratum
479 2397 547 2439 suit,
568 2397 651 2440 quod
677 2397 735 2440 ipsi
761 2397 906 2430 monachi
931 2407 1091 2441 nunquam

352 2451 383 2483 in
408 2451 518 2484 eadem
543 2450 686 2491 civitate,
711 2461 769 2484 nec
793 2450 885 2491 alibi,
910 2451 992 2484 soliti
1022 2456 1093 2485 sunt

352 2504 501 2537 accedere
526 2503 564 2536 ad
589 2504 664 2536 alias
689 2503 928 2548 processiones,
953 2510 1093 2547 praeter-

390 2577 402 2602 1
420 2575 457 2602 Ne
473 2575 524 2602 iam
538 2575 657 2602 indicata
671 2575 757 2602 otiose
778 2578 946 2610 repetantur,
964 2575 1024 2602 vide
1044 2584 1093 2603 no-

355 2623 408 2647 tata
423 2619 455 2646 ad
472 2619 561 2647 Censt.
581 2626 657 2646 nem·
673 2628 754 2655 supra
769 2627 830 2654 pag.
848 2618 908 2645 639.

1094 1065 1097 1080 t

1090 290 1093 339 Ι
1107 280 1200 314 quam
1221 269 1260 302 ad
1279 269 1515 313 processionem
1532 268 1726 303 Sanctissimi
1743 269 1849 302 Sacra-

1090 322 1214 356 1menti.
1239 323 1327 356 Nunc
1352 333 1427 356 vero
1451 322 1619 367 episcopus
1638 321 1703 355 vult
1723 332 1848 365 eogere,

1090 351 1141 408 iut
1166 376 1314 410 accedant
1339 376 1432 410 etiam
1461 376 1498 409 ad
1527 376 1745 420 processiones
1768 385 1849 420 quae

1090 429 1177 462 {lieri
1209 430 1307 463 solent
1338 440 1397 473 pro
1429 429 1646 472 rogationibus
1677 428 1850 462 maioribus

1091 481 1137 522 {et
1163 482 1338 515 minoribus
1363 482 1495 525 singulis
1519 482 1618 523 annis,
1639 482 1677 515 ad
1701 492 1780 526 quas
1799 491 1852 515 an-

1109 538 1158 566 tea
1173 545 1333 578 nunquam
1346 541 1555 575 accesserunt,
1569 541 1599 569 et
1614 540 1783 580 propterea
1799 545 1852 579 pe-

1110 587 1225 620 tierunt
1254 598 1317 621 non
1345 588 1496 632 adstringi
1525 589 1608 622 ultra
1633 599 1743 622 eorum
1769 588 1847 622 soli-

1092 645 1175 679 „tum
1201 646 1231 673 et
1255 646 1450 674 consuetum.

1092 719 1093 722 ,
1154 693 1249 726 Sacra
1280 695 1398 728 rituum
1432 696 1635 739 congregatio
1666 695 1851 740 respondit,

1092 748 1281 780 *monac-llos
1299 748 1477 792 praedictos
1497 760 1559 783 non
1579 760 1647 783 esse
1671 750 1736 783 ullo
1757 749 1852 783 modo

1111 801 1269 843 cogendos
1295 802 1444 835 accedere
1471 802 1529 835 nisi
1555 803 1592 835 ad
1617 803 1851 847 processionem

1094 870 1095 880 κ
1111 853 1303 886 Sanctissimi
1321 854 1524 895 Sacramenti‚
1543 856 1627 889 iuxta
1647 866 1758 889 eorum
1775 856 1854 889 anti-

1111 916 1204 948 quam
1220 908 1489 948 consuetudinem,
1499 919 1603 952 quam,
1614 914 1675 942 tam
1687 909 1778 943 dictis
1792 920 1855 948 mo*-

1111 959 1220 992 nacliis
1247 959 1422 994 Placentiae
1446 962 1734 1005 commorantibus,
1759 973 1854 1007 quam

1112 1013 1181 1045 aliis
1206 1013 1346 1046 eiusdem
1373 1015 1627 1058 congregationis
1651 1016 1853 1057 Cassinensis‚

1111 1065 1228 1110 ubique
1249 1068 1495 1101 conservandam
1521 1079 1588 1101 esse
1613 1069 1732 1102 censuit
1752 1074 1781 1101 et
1802 1069 1855 1102 de·

1095 1120 1243 1152 lclararit
1263 1121 1313 1154 die
1338 1132 1355 1154 x
1382 1121 1457 1154 iunii
1479 1132 1576 1155 moen.
1599 1122 1708 1156 Datum
1728 1122 1786 1155 hac
1805 1122 1855 1155 die

1113 1182 1143 1205 lx
1169 1173 1307 1206 OCiOiM'lS
1331 1183 1527 1208 MDcxxxt‘ln.

1157 1227 1172 1270 ἓ
1251 1227 1327 1260 Cum
1348 1233 1463 1269 autem,
1480 1229 1560 1261 sieut
1577 1229 1684 1262 eadem
1703 1229 1856 1273 expositio

1114 1279 1335 1323 subiungebat,
1359 1281 1461 1314 dictus
1485 1288 1676 1326 procurator
1700 1283 1856 1326 generalis

1113 1333 1276 1366 decretum
1309 1335 1490 1369 huiusmodi
1520 1347 1579 1380 pro
1610 1336 1694 1369 illius
1721 1336 1856 1369 firmiori

1196 1226 1216 1249 ί)

1198 1250 1225 1259 a.

1097 1386 1317 1419 ‘subsistentia
1338 1389 1529 1431 apostolicae
1549 1394 1674 1422 nostrae
1692 1389 1859 1422 confirma-

1115 1439 1208 1472 tionis
1233 1441 1348 1474 robore
1373 1443 1562 1475 communiri
1588 1453 1789 1486 summopere
1809 1442 1860 1475 de-

1117 1493 1248 1526 sideret:
1266 1504 1334 1535 nos,
1361 1495 1506 1528 eumdem
1532 1501 1772 1539 procuratorem
1797 1506 1858 1539 ge-

1116 1547 1256 1580 neralem
1290 1548 1480 1591 specialibus
1504 1549 1664 1582 favoribus
1689 1555 1720 1582 ct
1751 1549 1861 1592 gratiis

1118 1601 1266 1643 prosequi
1291 1601 1440 1641 volentes,
1466 1606 1495 1634 et
1513 1612 1530 1634 a
1551 1602 1713 1645 quibusvis
1738 1612 1862 1635 excom-

1119 1653 1362 1694 municationis,
1388 1654 1603 1698 suspensionis
1628 1660 1658 1688 et
1682 1654 1861 1695 interdicti,

1119 1706 1250 1750 aliisque
1275 1707 1495 1740 ecclesiasticis
1520 1708 1695 1749 sententiis,
1721 1707 1862 1741 censuris

1102 1764 1150 1802 ;et
1175 1760 1296 1802 poenis,
1321 1771 1339 1792 a
1363 1760 1431 1793 iure
1456 1761 1504 1793 vel
1531 1760 1570 1793 ab
1594 1761 1734 1800 homine,
1754 1760 1863 1804 quavis

1102 1805 1286 1846 *occasione
1307 1813 1354 1845 vel
1376 1815 1469 1846 causa
1493 1814 1574 1853 latis,
1603 1813 1628 1846 si
1653 1814 1769 1857 quibus
1788 1823 1865 1857 quo-

1122 1865 1293 1898 modolibet
1317 1866 1484 1899 innodatus
1509 1867 1630 1907 existit,
1655 1866 1693 1899 ad
1717 1866 1864 1899 effectum

1121 1919 1334 1962 praesentium
1355 1920 1514 1953 dumtaxat
1528 1920 1793 1964 consequendum,
1814 1920 1865 1952 ha-

1106 1983 1193 2015 ¹rum
1219 1973 1299 2005 serie
1324 1973 1522 2007 absolventes
1540 1979 1569 2006 et
1594 1973 1773 2007 absolutum
1798 1973 1864 2007 sore

1106 2030 1303 2071 censentes,
1325 2027 1604 2069 supplicationibus
1632 2027 1714 2059 illius
1738 2027 1864 2059 nomine

1106 2075 1216 2110 *nohis
1242 2089 1337 2121 super
1360 2079 1422 2111 hoc
1453 2079 1614 2111 humiliter
1639 2079 1794 2122 porrectis
1819 2079 1866 2111 in-

1107 2123 1109 2182 ]
1125 2131 1241 2171 clinati,
1265 2132 1426 2164 decretum
1451 2133 1692 2177 praeinsertum,
1710 2143 1781 2165 cum
1798 2142 1866 2166 ‚om-

1108 2190 1109 2218 1
1125 2184 1218 2217 nibus
1235 2189 1263 2218 et
1281 2185 1412 2227 singulis
1432 2185 1471 2218 in.
1484 2196 1521 2219 eo
1538 2185 1702 2226 contentis,
1720 2185 1866 2229 apostoli-

1108 2235 1109 2275 }
1126 2238 1162 2270 cat
1179 2238 1375 2278 auctoritate,
1391 2243 1497 2271 tenore
1515 2238 1738 2282 praesentium,
1755 2238 1866 2271 confir-

1127 2301 1248 2323 mamus
1266 2296 1295 2323 et
1312 2291 1534 2334 approbamus,
1553 2292 1660 2335 illique
1678 2291 1866 2324 inviolabilis

1126 2345 1315 2387 apostolicae
1332 2344 1488 2377 tirmitatis
1512 2345 1614 2378 robur
1637 2344 1813 2385 adimimus
1830 2355 1874 2385 ac·

1127 2408 1236 2430 omnes
1261 2403 1290 2430 et
1313 2398 1453 2440 singulos
1483 2403 1543 2430 tam
1572 2397 1649 2430 iuris
1674 2408 1768 2441 quam
1795 2397 1865 2430 sacti

1109 2442 1111 2447 ¹
1127 2450 1275 2489 desectus,
1292 2450 1316 2482 si
1337 2451 1390 2493 qui
1408 2450 1544 2494 desuper
1565 2450 1804 2494 quomodolibet
1823 2451 1867 2483 in-

1110 2491 1327 2544 >tervenerint,
1353 2503 1545 2547 supplemus.

1111 2558 1113 2597 ξ
1172 2558 1186 2600 ξ
1217 2556 1246 2589 3.
1273 2557 1480 2589 Decernentes
1513 2556 1588 2590 illud
1620 2566 1743 2591 necnon
1773 2567 1865 2602 prae-

1111 2602 1229 2643 *sentes
1255 2610 1372 2642 littera:
1398 2610 1517 2652 valida,
1545 2610 1635 2643 firma
1668 2616 1698 2643 et
1729 2611 1866 2645 efficacia

1749 211 1811 245 677
1857 221 1910 248 An.
1930 220 1958 248 c.
1977 219 2045 248 1638

1922 1236 2055 1258 Confirmatio

1871 1264 1959 1286 ‹it-eron.
1971 1264 1997 1284 de
2014 1269 2056 1290 quo

1871 1291 1892 1310 in
1907 1290 1999 1311 rubrica.

1909 2562 2028 2584 clausulae.
