2221 3224
228 212 277 238 An.
295 212 322 239 C.
346 212 414 240 1630
459 204 522 236 ‘16ss

255 379 393 400 l'ronvmnini.

258 697 300 717 Rex
317 698 337 715 ot
352 695 410 721 cipi-

227 724 269 743 tula
278 723 410 742 enneminta-im

227 752 410 774 tnenntnupcrso-

227 777 305 796 lullone
330 781 410 801 pinnac

227 803 322 823 decimae
343 802 410 821 eidem

227 830 270 853 regi
306 834 318 848 a
355 828 410 848 Seite

227 855 346 880 Apostolum}
363 860 410 874 esin-

227 887 308 902 (es-iae.

620 261 756 288 Urbanus
784 260 863 293 Papa
882 259 968 290 vul,

568 305 604 332 ad
624 305 756 332 futuram
775 303 820 331 rei
840 303 1021 330 memoriam.

471 366 530 398 Pro
541 370 649 398 nostro
662 363 805 397 munere³
818 364 849 396 in
862 363 910 396 his
923 368 1028 407 partes
1041 368 1164 397 nostras

428 418 559 451 libenter
572 417 812 461 interponimus,
823 428 902 460 quac
916 416 954 450 ad
964 417 1164 450 concordiam
1182 435 1183 438 =

426 478 456 505 ct
475 482 584 516 pacem
610 471 690 504 inter
715 471 886 505 catholicos
910 482 1001 514 reges
1019 476 1049 504 et
1069 472 1166 504 cccle-

427 525 564 559 siasticas
587 535 738 568 personas
756 535 850 568 super
863 525 1078 558 exactionibus
1095 535 1166 569 apo-

426 578 534 611 stolica
558 577 743 611 auctoritate
768 578 916 611 faciendis
940 578 1100 622 pertinere
1120 578 1165 610 di-

427 636 629 673 gnoscuntur.

470 684 527 727 gl.
545 685 652 728 Nuper
669 684 823 728 siquidem
839 684 932 727 (sicut
947 685 1038 718 nobis
1052 684 1164 729 exponi
1182 688 1184 723 ;

426 737 566 769 fecerunt
586 737 790 770 charissimus
814 738 847 770 in
870 737 993 771 Christo
1009 737 1092 770 silius
1115 739 1183 770 no-³

426 795 489 823 ster
513 790 676 834 Philippus
692 791 729 824 lv
750 792 973 835 Hispaniarum
990 802 1044 824 rex
1062 792 1166 824 catho-

426 843 513 886 licus,
538 854 573 876 ac
593 844 698 877 dilecti
711 844 766 876 filii
781 845 975 887 singularum
989 844 1164 896 TQetanae,

427 897 629 941 Hispalensis,
653 898 935 942 Compostellanae‚
955 899 1166 939 Granatensis,

428 952 605 995 Burgensis,
629 953 842 996 Legionensis,
868 953 1038 993 Ovetensis,
1063 953 1166 985 Palen-

427 1006 524 1047 linae‚
550 1007 760 1049 Seguntinac,
782 1007 968 1049 Cochensis,
989 1007 1166 1041 Corduben-

426 1060 467 1093 sis
482 1088 489 1102 ‚
523 1060 793 1104 Pampiloncnsis,
827 1061 1010 1095 Giennensis
1023 1088 1030 1101 ,
1062 1062 1166 1094 Zamo-

427 1113 536 1154 rensis,
560 1114 778 1155 Astoricensis,
792 1115 1000 1157 Malacitanae,
1023 1114 1167 1148 Caurien-

426 1167 488 1208 sis,
528 1167 671 1206 Pacensis
687 1196 694 1208 ,
734 1168 912 1210 Auriensis,
945 1168 1141 1201 Canariensis
1158 1195 1165 1209 ,

426 1219 631 1253 Guadixensis
645 1248 650 1262 ‚
687 1220 888 1263 Segobiensis
903 1249 909 1262 ,
949 1221 1144 1258 Civiuensis
1158 1248 1164 1263 ,

425 1272 670 1315 Calaguritanae,
692 1273 902 1314 Calciatensis,
927 1274 1165 1315 Salmnantinae,

426 1327 627 1367 tlxomensis,
661 1327 754 1359 Vallis
788 1327 968 1368 Soletanae,
1000 1327 1165 1368 Lucensis,

426 1379 657 1420 Mindoniensis,
674 1380 889 1421 Almeriensis,
907 1380 1068 1421 Tudensis,
1085 1381 1167 1413 Abu-

426 1434 541 1474 lensis,
574 1433 767 1474 Oriolensis,
800 1434 1017 1475 Placentinae,
1042 1435 1167 1468 Cartha-

426 1486 563 1528 ginensis
589 1492 617 1519 et
643 1487 823 1520 Gadicensis
852 1488 1056 1521 ecclesiarum
1085 1488 1166 1532 capi-

426 1540 508 1580 tula,
533 1551 611 1583 quae
638 1541 818 1573 universum
843 1541 963 1574 clerum
993 1552 1163 1585 regnorum

425 1593 573 1627 (lastellae
593 1599 622 1626 et
642 1594 787 1637 Legionis
810 1596 1070 1639 repraesentant),
1092 1606 1166 1629 con-

426 1646 598 1680 siderantes
615 1647 716 1680 dictus
736 1648 898 1691 Philippus
914 1659 968 1681 rex
986 1653 1015 1683 el
1031 1649 1165 1693 capitula

426 1700 583 1743 praedicta
600 1700 733 1743 gratiam
749 1706 779 1733 et
796 1702 1031 1735 concessionem
1044 1702 1165 1746 primae

426 1753 565 1786 decimae
575 1754 787 1797 quarumlibet
797 1754 951 1788 dictarum
961 1755 1164 1788 ecclesiarum

427 1811 456 1838 ct
472 1807 701 1850 parochialium
727 1808 757 1840 in
778 1808 925 1840 omnibus
945 1808 1164 1851 Hispaniarum

428 1859 531 1902 regnis
555 1865 585 1892 et
610 1860 718 1893 insulis
744 1860 803 1893 illis
821 1861 1034 1894 adiacentibus
1047 1861 1164 1894 dudum

427 1922 483 1954 per
514 1913 612 1946 felicis
636 1913 863 1946 recordationis
888 1913 977 1946 Pium
1002 1914 1116 1957 Papam
1143 1915 1164 1946 V

428 1966 701 2009 praedecessorem
713 1972 854 2000 nostruin
873 1968 974 2000 clarae
994 1968 1166 2000 memoriae

428 2018 572 2063 Philippo
602 2020 627 2052 lI
660 2020 881 2064 Hispaniarum
914 2020 981 2063 regi
1010 2021 1166 2054 catholico

429 2071 525 2115 ipsius
549 2073 684 2116 Philippi
702 2073 738 2105 lv
756 2074 839 2116 regis
860 2084 916 2107 avo
937 2073 975 2106 ad
994 2074 1166 2119 quinquen—

428 2126 513 2158 nium
540 2125 749 2167 concessam¹‚
767 2133 793 2159 ct
816 2132 923 2171 postca
940 2127 1058 2171 pluries
1076 2138 1092 2160 a
1116 2139 1165 2161 reu

429 2180 577 2213 colendae
597 2181 769 2214 memoriae
793 2181 946 2223 Gregorio
971 2181 1048 2222 XIII,
1069 2187 1098 2214 et
1114 2182 1166 2215 de-

429 2233 499 2267 inde
524 2245 540 2266 a
565 2234 650 2268 Sixto
671 2235 704 2275 V,
724 2240 754 2267 et
777 2235 981 2279 postmodum
1006 2245 1024 2267 a
1048 2235 1167 2278 Grego-

429 2288 476 2321 rio
489 2288 554 2321 XIV
571 2298 606 2321 ac
625 2283 784 2322 Clemente
798 2288 872 2330 Vlll,
889 2298 1011 2322 necnon
1024 2289 1119 2322 Panlo
1133 2289 1166 2332 V,

429 2341 576 2375 Romanis
589 2341 791 2375 Pontificibus
805 2342 1102 2385 praedecessoribus
1114 2352 1168 2375 no-

428 2395 511 2437 stris,
529 2394 631 2427 eidem
657 2395 812 2439 Philippo,
837 2406 872 2428 ac
897 2395 999 2428 clarae
1024 2395 1168 2428 similiter

428 2448 600 2481 memoriae
625 2449 771 2492 Philippo
794 2449 833 2482 ΙΙΙ
858 2449 954 2492 ipsius
981 2449 1117 2493 Philippi
1141 2449 1166 2482 ΙΙ

429 2507 500 2535 nato
524 2506 553 2534 et
576 2501 649 2535 dicti
668 2502 803 2546 Philippi
821 2503 857 2535 lV
879 2502 1023 2546 genitori,
1039 2502 1167 2546 pluries,

464 2573 476 2599 1
491 2572 596 2600 Similes
606 2572 710 2600 litteras
721 2572 780 2601 vide
791 2573 818 2600 in
830 2577 894 2602 tom.
907 2580 963 2607 xiu,
976 2582 1002 2609 p.
1016 2573 1067 2602 343
1078 2573 1167 2608 (aaz).

464 2616 481 2643 2
500 2616 566 2644 Male
586 2617 650 2644 edit.
673 2618 755 2646 Main.
776 2619 843 2653 legit
862 2626 1023 2647 concessum
1043 2620 1079 2653 (n.
1095 2619 1143 2651 T.).

1009 210 1188 235 nULLAmUM
1211 209 1366 236 ROMANUM

1180 259 1226 305 :et
1252 258 1282 289 in
1308 257 1418 289 ultima
1442 256 1509 290 vice
1532 266 1551 289 a
1573 256 1665 290 nobis
1689 256 1728 289 ad
1746 255 1832 290 aliud
1852 255 1939 299 quin-

1199 309 1380 353 quennium,
1398 320 1415 342 a
1434 309 1591 353 principio
1615 309 1687 342 anni
1711 318 1867 346 nncxxvu
1889 308 1938 340 in-

1199 362 1357 402 choatum,
1382 367 1411 395 et
1435 362 1468 395 in
1491 362 1552 395 fine
1572 362 1644 394 anni
1669 372 1812 396 nncxxxi
1832 361 1939 395 finien-

1200 416 1273 448 dum
1283 415 1301 458 ¹,
1320 416 1495 460 respective
1511 420 1713 460 prorogatam
1732 421 1762 449 et
1779 420 1938 449 extensam

1200 470 1310 513 (prout
1323 469 1355 502 in
1372 469 1502 513 singulis
1519 469 1703 503 eorumdem
1719 469 1939 513 praedecesso-

1200 533 1281 563 rum,
1299 527 1329 555 ct
1344 523 1459 556 nostris
1481 523 1616 567 desuper
1641 521 1792 566 expeditis
1815 521 1938 562 litteris,

1182 582 1183 585 ’
1200 585 1334 619 quarum
1348 580 1474 608 tenores
1486 575 1704 619 praesentibus
1714 586 1773 620 pro
1782 574 1939 618 expressis

1182 629 1308 672 lliaberi
1334 629 1499 671 volumus,
1530 629 1653 674 plenius
1682 629 1887 673 continetur),
1913 627 1938 661 si

1200 683 1309 716 iisdem
1335 683 1429 716 modo
1453 688 1483 716 et
1506 683 1624 724 forma,
1654 683 1768 727 quibus
1792 691 1938 716 concessa

1200 742 1255 776 est,
1270 737 1471 781 cxequudoni
1485 736 1737 779 demandaretur,
1752 736 1783 770 id
1796 745 1859 769 non
1873 734 1938 768 sine

1200 790 1340 823 ciusdem
1365 790 1441 823 cleri
1466 790 1667 824 incommodo
1687 789 1799 833 exequi
1815 793 1938 833 posset,

1200 845 1424 888 cupientesque
1447 844 1629 888 praemissis
1653 845 1689 876 ea
1712 853 1774 887 qua
1792 842 1861 876 sieri
1883 852 1940 886 po-

1201 902 1258 932 test
1282 898 1402 931 ratione
1427 897 1561 940 occurri,
1587 907 1649 940 quo
1669 896 1789 930 facilius
1817 895 1879 938 illa,
1901 894 1939 928 ad

1199 962 1278 995 quac
1304 956 1457 993 tenentur,
1476 951 1514 984 ab
1531 951 1607 995 ipsis
1624 949 1792 994 adimpleri
1809 949 1939 991 valeant,

1200 1005 1348 1049 ipsaeque
1371 1015 1524 1049 personae
1541 1004 1770 1038 ecclesiastieae
1786 1013 1865 1037 onus
1878 1002 1940 1035 illis

1200 1068 1268 1091 eam
1293 1059 1332 1091 ob
1350 1069 1475 1091 causam
1493 1057 1677 1091 incumbens
1697 1061 1886 1101 supportare
1900 1055 1940 1089 sa-

1200 1111 1291 1144 cilius
1315 1111 1452 1155 possint,
1476 1111 1514 1144 ad
1539 1111 1771 1154 infrascriptam
1800 1120 1935 1144 concor-

1199 1165 1281 1197 diam
1306 1175 1363 1209 per
1386 1176 1495 1198 earum
1518 1169 1743 1209 procuratores
1767 1164 1804 1197 ad
1829 1164 1889 1197 hoc
1922 1173 1936 1196 a

1200 1216 1249 1251 se'
1276 1219 1453 1262 specialiter
1469 1219 1634 1263 deputatos
1657 1218 1861 1251 devenerunt.

1244 1272 1258 1313 ξ,
1283 1271 1311 1304 02.
1338 1273 1371 1304 In
1394 1272 1516 1316 primis,
1537 1272 1621 1316 quod
1638 1271 1818 1316 praedictus
1842 1275 1940 1303 status

1200 1324 1428 1357 ecclesiasticus
1437 1335 1572 1358 coronae
1585 1325 1734 1358 Castellae
1744 1335 1780 1358 ae
1793 1323 1939 1367 Legionis

1199 1377 1309 1410 darent
1327 1382 1356 1410 et
1376 1377 1532 1411 solverent
1546 1378 1630 1411 dicto
1643 1378 1790 1422 Philippo
1807 1377 1845 1410 IV
1862 1377 1939 1420 regi,

1200 1441 1254 1463 scu
1278 1441 1431 1475 personae
1455 1432 1493 1464 ab
1518 1442 1555 1465 eo
1575 1431 1740 1476 deputatae
1765 1441 1819 1464 seu
1843 1430 1940 1475 depu-

1200 1484 1331 1525 tandae,
1360 1485 1510 1519 ducentos
1538 1490 1568 1518 et
1596 1484 1825 1529 quinquaginta
1854 1483 1939 1516 mille

1199 1537 1338 1579 ducatos,
1356 1539 1409 1582 qui
1426 1539 1631 1572 ascenderent
1647 1538 1685 1570 ad
1704 1547 1872 1570 numerum
1888 1547 1941 1570 no-

1199 1593 1327 1635 naginta
1348 1593 1443 1625 trium
1463 1591 1660 1625 millionum²
1676 1596 1706 1624 et
1726 1591 1940 1635 septingento-

1200 1657 1270 1678 rum
1280 1646 1507 1689 quinquaginta
1517 1645 1649 1678 millium
1660 1644 1938 1689 morapetinorum,

1199 1699 1339 1743 quolibet
1364 1708 1455 1742 anno⁷
1481 1699 1666 1735 durantibus
1694 1698 1833 1741 quinque
1851 1697 1940 1730 annis

1200 1752 1444 1795 prorogationis,
1462 1762 1520 1795 pro
1538 1752 1575 1785 iis
1596 1762 1676 1795 quae
1696 1751 1734 1784 ad
1758 1750 1939 1784 huiusmodi

1200 1804 1345 1838 effectum
1370 1805 1453 1838 dicto
1477 1804 1545 1848 regi
1569 1804 1723 1837 debentur
1747 1807 1777 1838 et
1799 1803 1838 1836 ad
1869 1813 1940 1837 eum

1201 1862 1340 1902 spectant
1364 1859 1485 1892 ratione
1509 1858 1667 1891 dictorum
1690 1868 1862 1901 regnorum
1884 1857 1940 1891 Ca-

1201 1913 1307 1945 stellae
1327 1918 1357 1945 et
1380 1912 1536 1955 Legionis,
1561 1922 1625 1946 non
1649 1911 1887 1956 comprehensis
1908 1911 1941 1944 in

1200 1967 1357 2009 praesenti
1374 1965 1543 1999 concordia
1568 1970 1597 2000 et
1620 1965 1826 2009 repartitione
1845 1964 1941 1998 dicto-

1201 2030 1270 2052 rum
1288 2019 1497 2065 ducentorum
1513 2023 1543 2053 et
1559 2018 1785 2062 quinquaginta
1805 2017 1939 2050 millium

1200 2073 1387 2106 ducatorum
1412 2073 1518 2115 regnis
1538 2072 1723 2115 Aragoniae,
1740 2071 1939 2105 Cathaloniae

1200 2131 1230 2160 et
1250 2127 1408 2161 Valentiae
1420 2138 1491 2160 cum
1508 2126 1618 2159 insulis
1635 2126 1698 2159 illis
1715 2125 1940 2165 adiacentibus,

1201 2181 1242 2212 ita
1271 2185 1305 2213 ut
1336 2180 1436 2213 dictus
1461 2179 1624 2224 Philippus
1648 2179 1685 2212 IV
1715 2190 1770 2212 rex
1802 2178 1840 2211 ab
1864 2178 1940 2222 ipsis

1200 2233 1298 2276 possit
1322 2233 1447 2276 exigere
1471 2233 1548 2265 illud
1571 2232 1655 2276 quod
1679 2232 1738 2266 sibi
1762 2242 1799 2265 ex
1827 2241 1941 2276 proro-

1201 2287 1325 2329 gatione
1349 2286 1532 2320 huiusmodi
1556 2286 1702 2330 provenit
1726 2287 1857 2330 excepta
1888 2295 1940 2319 ec-

1201 2340 1294 2374 clesia
1315 2340 1488 2381 0riolensi,
1514 2340 1602 2373 cuius
1624 2339 1789 2384 dispositio
1813 2343 1843 2372 et
1867 2348 1940 2382 pars

1236 2438 1249 2464 1
1273 2437 1415 2473 Perperam
1430 2437 1495 2465 edit.
1512 2437 1590 2465 Μαίη.
1607 2437 1660 2472 leg.
1677 2437 1844 2465 inchoatam
1903 2437 1939 2471 fi-

1201 2482 1336 2510 mendam
1350 2484 1388 2517 (n.
1405 2483 1452 2517 in).

1236 2527 1251 2554 2
1267 2528 1423 2562 Perperam‚
1432 2531 1460 2554 ut
1472 2531 1547 2563 puto,
1557 2528 1601 2555 ed.
1611 2527 1695 2555 Main.
1704 2526 1768 2562 legit
1777 2534 1794 2553 α
1806 2529 1831 2553 te
1841 2526 1876 2561 (n.
1887 2526 1937 2559 r.).

1236 2572 1252 2600 3
1267 2571 1334 2599 Male
1349 2571 1413 2599 edit.
1434 2571 1513 2599 Μαίη.
1534 2571 1599 2606 legit
1618 2571 1744 2600 millium
1764 2578 1811 2606 pro
1831 2570 1940 2598 millio·

1202 2626 1272 2645 ‘num
1287 2617 1328 2652 (n.
1345 2618 1392 2651 T.).

1948 207 1997 236 An.
2014 207 2042 234 C.
2064 207 2134 236 1630

2005 1276 2138 1298 Concordiae

1956 1306 2021 1324 tenor.
