2221 3224
156 250 202 275 sn.
220 248 247 275 c.
271 248 338 275 1630
389 237 448 272 138

182 471 303 492 Mandatum
314 471 339 491 de

157 504 176 519 ei
192 498 292 524 parendo.

226 843 341 873 Iterogatio

158 873 319 890 contrariorum.

195 1968 334 1987 Prooemium.

229 2448 310 2467 Causas
329 2447 358 2466 sa·

176 2474 263 2494 ciendae
288 2474 358 2500 prohi-

175 2501 269 2522 bruonis.

355 297 490 341 amplam
514 302 544 329 et
569 296 748 329 universam
775 295 966 335 facultatem7
992 298 1094 326 aucto-

354 351 479 382 ritatem
504 354 533 382 et
556 353 743 393 potestatem
769 347 971 380 concedimus
991 352 1020 379 et
1039 347 1095 379 im-

355 404 518 447 pertimur.

400 458 414 500 g
440 457 467 490 “2.
494 458 657 489 Praeterea
683 455 828 487 omnibus
845 459 875 486 et
895 454 1036 496 singulis,
1055 454 1093 486 ad

356 521 434 554 quos
460 515 578 553 spectat
603 515 632 541 et
652 509 683 540 in
708 509 849 540 futurum
874 507 1035 551 spectabit,
1061 512 1095 539 ut

356 563 431 596 tibi¹
454 563 485 595 in
510 562 690 606 praemissis
708 561 854 594 omnibus
871 566 1016 604 prompte
1032 571 1090 604 pa-

356 621 452 657 reant,
471 622 586 659 tuaque
611 615 729 647 monita
754 620 784 647 et
808 614 893 646 iussa
911 613 1044 646 fideliter
1062 624 1092 646 e-

355 673 538 713 xequantur,
554 679 589 701 ac
610 679 720 701 omnes
736 668 774 700 ad
792 673 830 709 te,
848 668 929 700 inter
948 667 1032 710 ipsos
1049 677 1095 700 ca-

356 723 489 756 tholicos
508 727 562 754 aut
577 722 664 761 alios,
686 720 926 760 controversias,
947 719 1041 752 dubia
1066 725 1096 752 et

357 775 554 808 difficultates
579 776 723 816 referant,
749 774 971 818 praecipimus.

401 830 416 873 g
439 828 469 861 3.
485 830 552 862 Non
578 829 775 862 obstantibus
795 828 956 871 quibusvis
973 832 1097 872 aposto-

357 883 434 923 liciS,
448 883 524 915 acin
535 882 773 923 universalibus,
788 881 1096 925 provincialibusque

358 941 387 969 et
405 936 604 980 synodalibus
622 935 762 968 conciliis
780 935 880 975 editis,
894 934 1096 977 generalibus

357 990 405 1022 vel
423 989 621 1033 specialibus,
636 989 914 1022 constitutionibus
930 994 960 1020 et
977 988 1097 1020 ordina·

358 1042 505 1083 tionibus,
521 1042 696 1085 ceterisque
716 1042 882 1075 contrariis
899 1041 1098 1085 quibuscum-

358 1106 427 1140 que.

403 1150 514 1183 Datum
540 1150 666 1191 Romae,
692 1149 775 1193 apud
799 1149 827 1182 S.
854 1149 982 1182 Mariam
1007 1149 1100 1182 Maio-

358 1214 436 1245 rem,
459 1204 516 1236 sub
540 1204 656 1236 annulo
681 1203 857 1243 Piscatoris,
872 1203 1007 1237 diexvni
1026 1205 1099 1236 maii

359 1266 498 1297 Mncxxx,
523 1256 724 1300 pontificatus
748 1256 847 1289 nostri
872 1266 953 1289 anno
978 1266 1031 1289 vn.

396 1319 452 1346 Dat.
470 1320 513 1346 die
532 1320 563 1346 18
578 1320 641 1346 maii
657 1319 734 1354 16:30,
751 1319 846 1354 pontif.
865 1328 935 1347 anno
951 1326 996 1346 vn.

655 1437 809 1471 CCCLXII.

362 1509 407 1543 Ne
420 1510 458 1543 cle
470 1514 570 1542 cetero
583 1509 654 1541 alia
666 1508 925 1541 Mendicantium
938 1507 1102 1542 Ordinum

405 1564 614 1601 monasteria,
638 1562 751 1595 (Ionius
769 1573 823 1594 seu
841 1567 1024 1602 conventus,
1044 1566 1102 1594 aut

406 1617 575 1660 reqularia
601 1617 669 1648 loca
686 1627 745 1659 per
767 1620 827 1648 tres
847 1616 951 1649 leucas
972 1616 1102 1648 circum-

407 1671 492 1703 circa
508 1674 743 1702 monasterium
761 1673 790 1702 et
807 1670 972 1702 ecclesiam
985 1670 1022 1702 Β.
1038 1670 1104 1703 Μα-

406 1726 476 1757 riae
496 1725 533 1757 de
552 1725 781 1757 illonteserrato
792 1724 1102 1763 consonantia-‚sub

406 1789 511 1822 poena
535 1777 889 1811 excommufflcationz's.

567 1848 702 1875 Urbanus
723 1848 801 1881 Papa
820 1847 898 1879 vm,

491 1895 526 1920 ad
546 1896 719 1927 perpetuam
741 1893 786 1919 rei
805 1892 983 1927 memoriam,

836 1930 850 1943 Q

411 1955 578 1998 Complura
609 1953 733 1997 pietatis
757 1958 787 1986 et
813 1953 973 1986 charitatis
999 1964 1105 1997 opera,

368 2020 449 2055 quae
474 2009 505 2041 in
527 2008 717 2040 monasterio
744 2008 773 2039 B.
800 2007 913 2039 Mariae
934 2007 970 2039 de
992 2008 1107 2040 Monte—

368 2068 499 2102 serrato,
514 2062 741 2094 monachorum
760 2061 884 2093 Ordinis
894 2061 922 2093 S.
938 2061 1106 2101 Benedicti,
1127 2055 1131 2058 ’

369 2116 548 2150 Vicentinae
568 2126 622 2147 seu
645 2115 761 2147 nullius
783 2115 945 2154 dioecesis,
967 2115 1106 2147 exerceri

369 2175 608 2209 consueverunt,
623 2179 678 2201 nos
696 2169 854 2209 inducunt,
874 2173 907 2200 ut
924 2168 955 2200 in
972 2168 1020 2200 liis
1038 2179 1107 2211 pro-

369 2223 496 2256 visionis
514 2228 639 2255 nostrae
661 2222 834 2254 ministerio
855 2222 988 2254 libenter
1005 2222 1106 2254 inten-

370 2279 496 2319 damus,
526 2288 583 2321 per
614 2288 693 2320 quae
718 2277 769 2320 pia
800 2287 896 2320 opera
928 2275 1107 2308 huiusmodi

372 2331 568 2373 conservari,
593 2331 776 2373 maioraque
802 2330 833 2362 in
857 2329 922 2362 dics
948 2329 1108 2373 suscipere

373 2387 495 2418 valeant
519 2385 721 2418 incrementa.

419 2442 434 2482 g
461 2440 488 2472 l.
515 2439 590 2473 Cum
617 2438 730 2481 itaque,
756 2437 836 2470 sicut
860 2437 1047 2481 accepimus,
1073 2436 1111 2469 ad

375 2493 538 2526 ecclesiam
553 2492 626 2526 dicti
639 2491 831 2532 monasterii,
850 2502 885 2523 ac
899 2501 1019 2523 sacram
1035 2490 1112 2523 eius-

375 2546 444 2579 dem
469 2546 499 2579 B.
521 2546 634 2578 Mariae
658 2545 696 2578 de
721 2546 913 2578 Monserrato
931 2545 1112 2588 imaginem,

413 2619 422 2643 1
443 2616 529 2644 Verba
547 2620 575 2644 ut
592 2617 644 2645 tibi
659 2625 708 2644 nos
724 2617 858 2649 addimus,
875 2619 901 2643 et
921 2616 947 2643 in
964 2616 1016 2643 fine
1031 2625 1111 2651 para-

375 2662 472 2699 graphi
493 2662 604 2690 verbum
622 2663 820 2697 praecipimus
835 2663 873 2698 (n.
886 2662 933 2695 T.).

930 245 1110 269 BULLARIUM
1131 245 1285 268 ROMANUM

1128 292 1205 324 inibi
1229 292 1428 333 existentem,
1459 301 1591 334 magnus
1622 292 1865 336 peregrinorum

1127 357 1164 379 ex
1182 345 1328 379 omnibus
1346 345 1432 378 orbis
1448 345 1591 388 partibus
1611 345 1785 379 devotionis
1798 356 1867 378 cau-

1127 402 1159 432 sa
1190 398 1417 432 confluentium
1448 399 1502 431 fiat
1530 409 1722 440 concursus,
1752 399 1867 442 ipsum-

1127 464 1186 496 que
1218 452 1465 494 monasterium,
1490 452 1522 484 in
1545 463 1607 496 quo
1639 462 1713 494 erga
1738 452 1866 484 eosdem

1126 506 1313 550 peregrinos
1337 505 1542 549 hospitalitas,
1557 511 1587 538 et
1603 506 1662 538 alia
1679 505 1866 538 christianae

1128 558 1288 592 charitatis
1325 568 1421 601 opera
1453 563 1658 598 exercentur,
1685 559 1811 601 plenam
1835 558 1868 590 in

1128 612 1272 645 civilibus
1304 617 1334 644 et.
1364 611 1580 644 criminalibus
1617 611 1867 644 iurisdictionem

1127 676 1183 709 per
1200 666 1329 707 longum
1347 664 1496 697 circuitus
1521 665 1655 708 spatium
1676 665 1799 705 habeat,
1817 666 1868 697 ea-

1128 729 1188 761 que
1211 718 1366 753 mediante
1383 718 1451 750 loca
1468 717 1496 749 ei
1512 718 1703 751 monasterio
1720 718 1868 759 subiecta,

1128 771 1201 804 licet
1218 782 1311 814 aspra
1331 775 1360 803 et
1381 770 1515 811 deserta,
1531 771 1727 815 proindeque
1743 770 1782 803 ad
1798 771 1870 803 ban-

1128 826 1286 867 nitorum,
1319 825 1504 867 viarumque
1533 830 1748 868 grassatorum
1781 835 1869 857 rece-

1130 880 1271 924 ptionem
1290 884 1360 922 apta
1378 879 1449 919 sint,
1463 879 1501 911 ab
1519 879 1581 911 illis
1597 883 1702 911 tamen
1719 878 1870 911 haetenus

1130 944 1254 977 semper
1278 933 1362 965 salva
1386 937 1416 965 et
1435 933 1552 973 illaesa,
1573 932 1711 976 ipsisque
1732 931 1871 976 peregri-

1130 987 1177 1019 nis
1203 991 1267 1019 tuta
1292 986 1471 1019 servaverit:

1175 1041 1190 1084 ἓ
1211 1041 1240 1074 ⁶2.
1266 1041 1338 1082 Nos,
1364 1040 1557 1073 attendentes
1575 1039 1659 1084 quod
1674 1039 1699 1072 si
1712 1039 1771 1072 alia
1788 1039 1872 1072 Men-

1132 1094 1303 1127 dicantium
1338 1093 1489 1127 Ordinum
1523 1093 1734 1134 monasteria,
1759 1093 1872 1126 domus

1132 1158 1187 1181 seu
1200 1152 1371 1181 conventus
1382 1147 1413 1179 in
1426 1146 1570 1179 districtu
1584 1146 1682 1190 ipsius
1691 1146 1872 1179 monasterii

1136 1201 1200 1234 sive
1222 1201 1306 1233 illius
1323 1200 1539 1233 iurisdictione
1558 1203 1825 1242 construerentur,
1843 1199 1874 1232 id

1133 1266 1197 1288 non
1220 1255 1321 1288 solum
1343 1254 1445 1287 eidem
1469 1254 1675 1295 monasterio,
1701 1253 1784 1286 circa
1807 1253 1874 1297 pias

1134 1309 1274 1341 fidelium
1288 1308 1500 1352 eleemosynas
1514 1311 1543 1341 et
1559 1305 1761 1340 oblationem¹
1773 1307 1874 1340 eidem

1135 1361 1327 1394 monasterio
1352 1365 1382 1393 et
1406 1361 1557 1394 ecclesiae
1581 1360 1651 1393 sieri
1677 1360 1794 1401 solitas,
1811 1360 1876 1404 pio-

1134 1425 1269 1458 rumque
1281 1425 1415 1458 operum
1431 1414 1667 1458 praedictorum
1680 1413 1875 1454 exercitium,

1135 1468 1307 1501 maximum
1338 1467 1566 1511 praeiudicium
1593 1472 1622 1500 et
1651 1467 1877 1500 detrimentum

1139 1523 1301 1555 illaturum
1326 1522 1407 1564 fore,
1434 1532 1544 1554 verum
1570 1520 1662 1554 etiam
1686 1521 1824 1554 bannitis
1848 1526 1878 1554 et

1136 1575 1368 1618 grassatoribus
1394 1574 1561 1618 praedictis
1579 1585 1611 1607 se
1629 1574 1660 1606 in
1677 1575 1876 1616 monasteria,

1136 1629 1248 1662 domus
1265 1634 1295 1661 et
1311 1631 1482 1661 conventus
1503 1628 1685 1661 huiusmodi
1704 1627 1878 1671 recipiendi

1136 1683 1331 1716 occasionem
1345 1682 1574 1726 praebiturum,
1589 1681 1716 1724 idcirco,
1730 1681 1879 1725 praemis-

1137 1737 1188 1777 sis,
1207 1741 1358 1781 quantum
1376 1746 1447 1769 cum
1471 1735 1603 1768 Domino
1628 1746 1806 1779 possumus,
1821 1735 1878 1768 ob-

1138 1791 1218 1823 viam
1243 1790 1308 1831 ire,
1335 1800 1370 1822 ac
1402 1789 1531 1822 dilectos
1564 1789 1645 1822 tilios
1679 1789 1824 1822 abbatem
1850 1795 1880 1822 et

1139 1844 1310 1876 monachos
1328 1843 1401 1875 dicti
1420 1842 1601 1876 monasterii
1622 1842 1812 1886 specialibus
1840 1843 1880 1875 sa—

1139 1897 1267 1930 voribus
1287 1901 1317 1929 et
1340 1896 1448 1939 gratiis
1472 1895 1622 1939 prosequi
1646 1895 1799 1938 volentes,
1826 1906 1879 1929 eo—

1140 1961 1277 1995 rumque
1302 1950 1478 1992 singulares
1502 1959 1653 1993 personas
1677 1959 1694 1981 a
1719 1948 1880 1992 quibusvis

1140 2004 1486 2044 excommunicatioms,
1512 2002 1725 2047 suspensionis
1741 2007 1771 2036 et
1788 2003 1881 2036 inter-

1141 2059 1225 2099 dicti,
1239 2059 1370 2102 aliisque
1384 2057 1604 2091 ecclesiasticis
1621 2057 1792 2099 sententiis,
1812 2067 1882 2090 cen—

1142 2113 1223 2146 suris
1237 2118 1264 2145 et
1279 2112 1398 2156 poenis,
1412 2122 1428 2144 a
1441 2112 1509 2144 iure
1523 2111 1569 2143 vel
1580 2110 1617 2143 ab
1627 2110 1882 2154 homine,quavis

1142 2166 1307 2199 occasione
1331 2166 1379 2198 vel
1404 2166 1498 2197 causa
1523 2164 1602 2205 latis,
1629 2164 1653 2196 si
1674 2164 1788 2207 quibus
1809 2174 1883 2208 quo-

1143 2220 1315 2253 modolibet
1330 2218 1495 2253 innodatae
1513 2217 1657 2257 existunt,
1679 2217 1716 2249 ad
1737 2217 1882 2250 effectum

1144 2272 1356 2317 praesentium
1371 2271 1528 2304 dumtaxat
1549 2270 1813 2313 consequendum⁷
1831 2271 1884 2303 lia—

1144 2337 1214 2359 rum
1240 2325 1320 2358 serie
1353 2325 1550 2357 absolventes
1575 2329 1604 2356 et
1628 2324 1785 2357 absolutas
1816 2324 1883 2357 fore

1145 2383 1314 2421 censentes,
1331 2384 1417 2412 motu
1433 2378 1573 2422 proprio,
1587 2383 1614 2410 et
1632 2388 1668 2410 ex
1683 2379 1769 2411 certa
1783 2377 1898 2420 scien-v

1145 2435 1185 2468 tia
1202 2446 1237 2468 ac
1255 2436 1378 2467 matura
1396 2434 1622 2467 deliberatione
1639 2433 1773 2473 nostris,
1790 2443 1829 2466 ne
1845 2432 1884 2465 de

1146 2493 1250 2521 cetero
1275 2488 1435 2532 perpetuis
1467 2487 1579 2520 suturis
1605 2486 1800 2530 temporibus
1824 2485 1884 2518 alia

1145 2542 1386 2575 lllendicantium
1417 2541 1567 2574 Ordinum
1601 2540 1806 2582 monasteria,
1833 2539 1885 2572 do-

1146 2607 1215 2630 mus
1246 2607 1300 2629 seu
1331 2600 1519 2636 conventus,
1553 2600 1606 2627 aut
1633 2593 1790 2637 regularia
1813 2593 1885 2626 loca

1182 2660 1192 2685 1
1215 2658 1315 2686 Forsan
1334 2657 1479 2693 legendum
1498 2657 1655 2685 oblaciones
1673 2657 1711 2691 (a.
1728 2655 1778 2691 ¹12).

1879 244 1930 270 An.
1945 243 1963 269 C
1996 242 2064 270 ¹630

1909 1051 2035 1074 Prohibitio.
2045 1050 2071 1071 de

1887 1083 1930 1105 qua
1942 1078 1963 1099 in
1978 1077 2071 1098 rubrica.
