2248 3229
180 257 230 285 An.
245 256 272 286 c.
296 255 364 285 1636
409 247 472 282 532

227 1752 316 1774 Dubium
333 1757 369 1778 po·

187 1782 233 1800 stez
248 1781 348 1800 exortum.

245 2283 326 2304 Causae
346 2282 374 2303 sa-

193 2310 280 2340 cren-tae
306 2310 374 2330 decta-

193 2339 285 2358 rat-tonis.

375 309 506 346 rentur,
546 307 722 347 opportune
754 301 920 345 providere
960 301 1111 344 cupiens,

376 357 462 401 quod
486 366 595 390 omnes
619 360 649 388 et
673 354 814 397 singulae
831 363 942 387 causae
960 359 1034 386 tunc
1053 364 1116 387 mo-

377 416 426 443 tae
450 415 477 443 et
502 420 560 453 pro
577 415 718 452 tempore
738 407 911 442 movendae
932 407 1116 451 quorumvis

376 468 616 506 praetensorum
648 471 854 502 excessuum,
885 461 1054 494 criminum
1088 465 1118 494 et

377 515 574 556 delictorum,
600 525 657 558 per
673 524 892 559 quoscumque
914 514 1119 547 subcollecto-

377 579 427 602 res
444 574 474 601 et
498 568 743 609 commissarios,
762 574 823 601 tam
840 568 1003 611 generales
1023 577 1117 611 quam

377 621 593 666 particulares,
619 621 650 654 in
667 621 861 665 quibuslibet
884 621 1065 665 provinciis,
1081 620 1120 654 ci-

377 674 525 707 vitatibus
538 680 568 708 et
587 674 786 708 dioecesibus
804 675 893 717 regni
910 674 1119 718 Neapolitani,

377 737 435 771 per
459 733 534 760 tunc
555 733 585 760 et
601 739 660 772 pro
678 733 821 771 tempore
842 727 1025 760 existentem
1044 737 1121 760 nun-

378 780 461 814 cium
486 781 693 824 apostolicum
719 786 749 814 et
773 781 975 815 collectorem
992 791 1120 824 genera-

378 834 440 867 lem
465 834 640 878 deputatos,
668 835 921 875 commissorum,
947 845 964 867 a
988 840 1063 867 tunc
1091 840 1121 867 et

378 897 438 930 pro
462 892 603 931 tempore
626 888 776 921 existente
801 891 916 921 nuncio
947 888 1120 931 apostolico

378 941 410 974 in
431 941 541 974 eodem
566 952 665 985 regno
690 948 907 975 commorante
927 942 1039 982 solum,
1059 951 1122 975 non

379 1000 483 1028 autem
508 1006 525 1027 a
550 996 713 1038 quibust-is
740 996 808 1028 aliis
834 994 1001 1036 iudicibus,
1027 995 1120 1028 etiam

379 1048 523 1082 locorum
549 1049 744 1090 Ordinariis,
776 1059 838 1082 non
863 1049 957 1082 modo
989 1048 1121 1082 durante

380 1112 491 1135 eorum
517 1102 630 1141 officio,
657 1102 711 1135 sed
736 1102 830 1135 etiam
855 1107 925 1145 post
950 1102 1051 1145 ipsum
1076 1101 1122 1134 di-

380 1156 522 1195 missum,
546 1156 646 1188 donee
670 1155 820 1197 viverent,
839 1155 951 1195 audiri,
973 1156 1122 1198 cognosci

381 1213 411 1242 et
434 1208 534 1241 decidi
559 1214 686 1252 possent
710 1214 739 1241 et
765 1209 936 1248 deberent,
962 1209 1068 1241 statuit
1094 1214 1123 1241 et

381 1262 544 1303 ordinarit,
571 1262 802 1306 praedictisque
820 1261 976 1294 iudicibus
996 1267 1026 1295 et
1042 1262 1124 1295 loco-

380 1326 452 1349 rum
477 1315 671 1356 Ordinariis,
704 1325 743 1347 nc
768 1315 799 1347 in
823 1315 884 1347 illis
916 1325 984 1347 sese
1013 1315 1124 1358 quovis

381 1373 544 1413 praetextu
571 1379 626 1402 seu
654 1369 796 1411 quaesito
826 1369 932 1401 colore
960 1368 1120 1401 intromit-

383 1428 449 1456 tere
474 1433 603 1467 quoquo
636 1423 730 1455 modo
761 1422 918 1455 ullatenus
950 1422 1123 1463 auderent,

383 1477 431 1509 vel
466 1480 726 1520 praesumerent,
759 1476 931 1509 districtius
969 1476 1123 1515 inhibuit,

383 1535 478 1574 prout
497 1530 529 1562 in
554 1530 617 1563 suis
640 1530 752 1562 litteris
770 1530 801 1561 in
822 1530 915 1562 simili
933 1530 1036 1563 forma
1054 1529 1126 1562 Bre-

384 1583 450 1623 vis,
475 1583 532 1616 sub
562 1583 668 1615 datum
701 1583 750 1615 die
776 1593 806 1615 ix·
832 1583 964 1616 ianuarii
997 1593 1124 1623 MDLXV,

384 1636 584 1678 pontificatus
605 1636 653 1669 sui
677 1646 757 1668 anno
775 1645 808 1668 111
829 1635 981 1679 expeditis
1001 1636 1126 1679 plenius

385 1689 563 1722 continetur
579 1689 596 1721 ¹.

429 1742 444 1784 ξ
468 1742 497 1774 ⁴l.
524 1741 686 1785 Cumque²
716 1748 839 1786 postea,
863 1747 897 1775 ut
926 1743 1123 1786 accepimus,

385 1794 478 1827 fuerit
501 1805 518 1827 a
541 1795 699 1828 nonnullis
724 1795 841 1838 pluries
869 1795 1060 1837 dubitatum,
1087 1806 1125 1828 an

385 1848 564 1892 praedictae
580 1849 701 1881 litterae
715 1848 860 1891 Gregorii
874 1841 1125 1892 praedecessoris

385 1902 538 1945 praedicti
555 1902 592 1934 de
613 1902 786 1946 praetensis
811 1902 1000 1942 excessibus,
1019 1903 1125 1935 crimi-

385 1955 477 1988 nibus
491 1961 521 1988 et
539 1955 669 1995 delictis,
686 1955 818 1988 durante
836 1955 938 1988 officio
956 1955 1126 1996 dumtaxat,

386 2019 425 2042 an
442 2019 516 2042 vero
534 2010 627 2042 etiam
648 2009 686 2042 de
703 2009 770 2041 aliis
784 2014 855 2052 post
876 2009 998 2041 finitum
1015 2019 1126 2042 eorum

387 2063 535 2103 officium,
560 2069 593 2096 ut
616 2063 837 2106 praemittitur,
855 2063 955 2096 donec
975 2063 1126 2104 virerent,

388 2116 563 2149 commissis
595 2116 726 2158 intelligi
751 2116 911 2157 deberent,
937 2121 966 2149 et
992 2116 1128 2160 desuper

388 2169 527 2203 diversas
557 2170 764 2203 resolutiones
798 2169 890 2202 etiam
922 2169 959 2202 ad
993 2170 1126 2203 invicem

390 2223 562 2257 contrarias
579 2233 737 2256 emanasse
758 2229 931 2256 asseratur:

434 2277 449 2320 g
474 2276 502 2309 2.
528 2277 600 2317 Nos,
624 2278 763 2310 volentes
788 2278 881 2310 finem
906 2278 979 2310 huic
1003 2278 1128 2311 dubita-

390 2330 466 2363 tioni
484 2330 656 2374 imponere,
671 2336 699 2363 et
714 2331 917 2375 attendentes,
932 2331 1015 2374 quod
1033 2312 1128 2364 ifflem

391 2383 633 2417 subcollectores
656 2389 686 2416 et
714 2384 922 2417 commissarii
950 2385 981 2417 in
1004 2395 1130 2418 concer-

389 2436 535 2469 nentibus
552 2437 713 2470 servitium
732 2437 879 2471 Camerac
896 2443 925 2469 et
942 2437 1029 2470 Sedis
1046 2439 1128 2481 Apo-

391 2490 517 2523 stolicae
542 2490 716 2524 timidiores
741 2501 776 2523 ac
800 2491 1044 2534 negligentiores
1072 2491 1128 2524 fie-

391 2549 480 2586 rent,
512 2544 538 2577 si
568 2545 625 2577 sub
661 2544 895 2588 praedictorum
928 2544 1065 2578 iudicum
1099 2549 1127 2578 et

430 2617 440 2641 1
459 2615 528 2646 Quas
543 2615 604 2642 ride
618 2616 644 2642 in
660 2616 677 2642 l.
696 2617 740 2643 cit.
758 2616 782 2643 in
800 2618 861 2643 nota
877 2616 910 2643 ad
924 2617 998 2644 rubr.
1017 2616 1053 2651 [a.
1068 2617 1115 2652 Τ.).

429 2659 445 2686 2
460 2659 554 2694 Aptius
566 2661 704 2696 legeretur
720 2662 792 2690 Cum
807 2670 871 2691 vero
886 2662 924 2697 (n,
940 2662 988 2696 T.).

960 253 1143 279 BULLARIUM
1163 253 1317 279 ROMANUM

1149 300 1389 334 Ordinariorum
1419 299 1637 332 iurisdictione
1667 304 1738 343 post
1763 299 1888 333 finitum

1150 363 1260 386 eorum
1285 352 1424 386 officium
1444 362 1477 385 se
1501 351 1647 384 relictum
1671 351 1710 384 iri
1732 351 1889 393 timerent,

1150 411 1180 438 et
1204 411 1374 450 propterea
1397 405 1479 438 iusto
1503 409 1589 438 metu
1612 403 1850 438 retraherentur
1873 415 1891 437 a
1935 416 1941 421 ·

1151 459 1300 502 gerendo,
1328 464 1362 492 ut
1386 458 1508 500 debent,
1539 468 1650 491 eorum
1671 457 1785 497 officio,
1802 457 1891 490 dubi-

1152 516 1260 555 tantes,
1277 523 1326 553 ne,
1347 512 1401 545 illo
1425 512 1524 553 finito,
1550 511 1702 555 praedicti
1726 509 1844 543 iudices
1863 516 1892 543 et

1152 566 1295 600 locorum
1313 564 1469 599 Ordinarii
1487 565 1519 597 in
1536 564 1616 605 illos,
1628 564 1722 597 etiam
1738 573 1775 597 ex
1792 563 1893 597 causis

1153 619 1338 653 mendicatis
1362 618 1526 659 saevirent,
1552 617 1636 663 quod
1660 618 1692 651 in
1711 627 1775 651 non
1798 616 1894 650 modi-

1154 684 1225 706 cum
1242 672 1470 716 praeiudicium
1494 671 1641 705 Gamerae
1662 676 1692 705 et
1708 671 1796 705 Sedis
1812 671 1894 715 Apo-

1154 726 1282 759 stolicae
1299 725 1505 765 redundaret,

1199 780 1214 823 g
1237 778 1266 812 3.
1293 779 1424 819 Idcirco,
1445 772 1536 811 motu*
1552 778 1685 822 proprio
1699 783 1729 811 et
1753 787 1789 812 ex
1807 779 1894 811 certa

1155 833 1285 866 scicntia
1302 835 1420 874 nostra,
1441 832 1541 876 deque
1558 831 1747 876 apostolicae
1762 836 1895 876 potesta-

1156 887 1194 918 tis
1218 885 1428 930 plenitudine,
1453 885 1512 918 hac
1539 886 1649 918 nostra
1673 884 1895 917 constitutione

1155 945 1310 984 perpetuo
1327 939 1460 972 valitura
1477 938 1690 981 cognitionem
1715 942 1745 970 et
1768 937 1896 970 decisio-

1156 1004 1228 1026 nem
1253 1003 1419 1026 causarum
1440 997 1680 1036 praetensorum
1701 1001 1896 1032 excessuum,

1156 1046 1324 1080 criminum
1357 1051 1387 1079 et
1419 1045 1606 1079 delictorum
1630 1055 1688 1088 per
1718 1043 1897 1088 praedictos

1156 1100 1402 1134 subcollectores
1422 1104 1452 1132 et
1476 1097 1710 1132 commissarios
1735 1108 1752 1130 a
1775 1097 1897 1130 nunciis

1157 1158 1186 1186 et
1211 1152 1432 1186 collectoribus
1456 1151 1645 1196 apostolicis,
1666 1156 1735 1193 tam·
1749 1151 1781 1183 in
1798 1160 1897 1193 regno

1156 1207 1372 1250 Neapolitano,
1389 1216 1483 1250 quam
1506 1206 1539 1238 in
1563 1205 1631 1238 aliis
1650 1204 1831 1249 provinciis⁷
1852 1213 1898 1237 re-

1157 1260 1226 1302 gnis
1243 1265 1272 1292 et
1290 1260 1377 1299 locis,
1395 1259 1487 1292 etiam
1505 1258 1631 1302 speciali
1651 1259 1726 1291 nota
1739 1257 1851 1300 dignis,
1868 1263 1897 1289 et

1158 1313 1273 1357 ubique
1293 1317 1450 1346 terrarum
1471 1317 1501 1345 ct
1520 1312 1674 1353 locorum,
1692 1321 1749 1355 per
1765 1310 1898 1343 nuncios

1158 1367 1222 1400 sive
1247 1367 1431 1400 collectores
1452 1365 1657 1410 apostolicos¹
1675 1366 1826 1398 hactenus
1850 1364 1899 1397 de-

1158 1424 1292 1464 putatos,
1313 1425 1343 1452 et
1366 1430 1424 1463 pro
1444 1425 1588 1463 tempore
1613 1418 1808 1463 deputandos
1825 1427 1900 1462 quo·

1160 1474 1403 1518 modocum'que,
1421 1474 1515 1507 etiam
1532 1479 1605 1518 post
1620 1473 1743 1506 finitum
1761 1471 1899 1505 officium

1159 1528 1415 1569 commissorum,
1431 1533 1465 1561 ut
1478 1527 1706 1572 praetenditur,
1720 1531 1750 1560 et
1765 1530 1901 1570 patrato·

1159 1593 1240 1623 rum,
1259 1586 1417 1625 spectasse
1438 1586 1468 1614 et
1492 1586 1633 1624 spectare
1658 1580 1696 1616 ad
1720 1579 1852 1612 nuncios
1872 1582 1902 1612 et

1160 1636 1344 1668 collectores
1369 1634 1559 1678 apostolicos
1582 1644 1641 1677 pro
1660 1638 1804 1677 tempore
1824 1632 1902 1665 exis-

1160 1692 1268 1730 tentes,
1286 1688 1438 1732 privative
1462 1687 1567 1731 quoad
1592 1696 1807 1730 quoscumque
1823 1685 1900 1718 alios

1159 1741 1287 1781 iudices,
1309 1741 1401 1774 etiam
1421 1741 1566 1774 locorum
1584 1739 1766 1773 Ordinarios
1782 1738 1902 1783 praedi-

1159 1800 1236 1835 ctos,
1253 1795 1459 1834 declaramus,
1478 1799 1518 1834 et,
1539 1797 1692 1837 quatenus
1712 1803 1791 1836 opus
1811 1792 1900 1833 soret,

1159 1849 1367 1888 decernimus,
1380 1848 1607 1890 statuimusque
1620 1852 1650 1879 et
1663 1846 1856 1879 ordinamus.

1204 1903 1219 1946 g
1243 1902 1272 1934 si.
1294 1903 1337 1935 Ne
1362 1906 1466 1936 autem
1491 1901 1564 1934 inde
1587 1901 1689 1934 maior
1705 1901 1836 1934 libertas
1852 1900 1902 1934 de-

1160 1955 1321 1999 linquendi
1339 1960 1369 1988 et
1382 1965 1528 1988 excessus
1546 1953 1764 1988 committendi
1783 1953 1901 1986 eisdem

1161 2008 1444 2041 subcollectoribus
1461 2014 1491 2041 et
1507 2007 1732 2041 commissariis
1744 2011 1901 2046 nascatur,

1161 2067 1191 2095 et
1203 2072 1242 2094 ne
1255 2072 1365 2095 eorum
1383 2061 1506 2102 delicta,
1519 2061 1544 2094 si
1561 2071 1621 2105 qua
1631 2060 1641 2078 ‘²
1655 2065 1776 2105 patrata
1789 2065 1902 2101 essent,

1162 2116 1209 2148 vel
1232 2120 1434 2160 patrarentur
1450 2115 1667 2159 imposterum,
1688 2114 1842 2158 impunita
1857 2124 1903 2147 re-

1162 2174 1323 2210 maneant,
1348 2169 1503 2209 volumus,
1529 2168 1613 2212 quod
1637 2168 1822 2201 collectores
1845 2177 1900 2200 ca-

1162 2233 1268 2255 merae
1293 2222 1481 2266 apostolicae
1510 2231 1594 2255 nunc
1623 2227 1653 2255 et
1675 2231 1734 2265 pro
1759 2226 1902 2265 tempore

1162 2275 1338 2316 existentes,
1364 2275 1446 2308 inter
1470 2280 1583 2308 statuta
1606 2285 1664 2318 per
1688 2285 1799 2308 eorum
1823 2273 1899 2307 sub-

1163 2329 1346 2362 collectorcs
1371 2333 1400 2362 et
1425 2328 1658 2362 commissarios
1687 2326 1902 2367 observanda,

1164 2390 1321 2427 tamquam
1341 2383 1380 2416 ab
1398 2383 1472 2426 ipsis
1489 2382 1712 2416 collectoribus
1728 2381 1791 2414 iam
1810 2380 1902 2421 edita,

1163 2436 1255 2469 etiam
1281 2436 1435 2480 impressa
1451 2463 1458 2476 ,
1484 2435 1598 2468 addant
1627 2433 1901 2468 comminationem

1163 2489 1200 2522 de
1214 2489 1341 2523 eosdem
1363 2489 1610 2522 subcollectores
1623 2494 1652 2522 et
1669 2487 1902 2522 commissarios

1201 2572 1211 2597 1
1231 2570 1317 2598 Verba
1332 2580 1388 2606 per
1408 2572 1528 2598 nuncios
1542 2571 1600 2598 sit-e
1616 2571 1776 2599 collectores
1792 2571 1904 2604 aposlo-

1165 2616 1232 2642 licos
1246 2616 1398 2643 redundant
1412 2617 1454 2651 (n.
1470 2616 1520 2651 Τ.).

1200 2661 1215 2687 2
1233 2660 1302 2688 Edit.
1320 2661 1402 2688 Main.
1420 2660 1504 2690 habet
1518 2669 1591 2697 quae
1610 2662 1642 2697 ζῆ.
1656 2662 1703 2695 τᾷ).

1908 252 1954 278 An.
1969 251 1997 278 C.
2020 251 2086 279 1636

1936 787 2057 808 nectaratio
2072 790 2093 808 et

1910 815 2003 835 extensio
2014 814 2040 835 de
2050 820 2092 841 qua

1910 842 1930 862 in
1945 841 2038 862 rubrica.

1959 1905 2100 1926 enecaretur

1916 1938 1941 1954 ne
1957 1933 2037 1952 maiora
2051 1932 2099 1952 hinc

1917 1960 2004 1979 crimina
2016 1962 2100 1985 patren-
