2248 3229
107 211 156 240 An.
177 211 206 240 C.
223 209 292 241 1635

911 213 1054 238 URBANUS
1079 212 1134 238 vm
1157 214 1205 238 Pr.

303 258 369 300 tio,
395 258 542 291 volumus
567 259 651 302 quod
675 259 824 304 deinceps
848 264 991 294 servetur
1015 261 1046 294 in

304 311 452 345 omnibus
477 316 506 344 et
530 322 587 355 per
603 312 708 345 onmia
728 314 896 346 transactio
921 320 951 346 et
975 324 1046 347 con-

305 364 412 398 cordia
436 364 511 398 alias
535 365 573 398 de
597 376 679 399 anno
703 376 842 400 unrxxx1
867 368 941 400 inita
965 367 1047 400 inter

304 417 469 452 Nicolaum
501 418 719 453 Tornaborum
756 425 829 453 tunc
861 420 1046 464 episcopum

305 471 438 504 civitatis
462 472 641 516 praedictae
666 483 703 505 ex
728 475 806 513 una,
829 479 859 506 et
883 474 1045 506 dominum

305 524 479 558 Deodatum
513 525 660 559 abbatem
691 525 766 570 dicti
798 526 980 560 monasterii
1009 536 1045 559 ex

305 578 411 612 altera.

349 631 386 664 Et
413 630 455 663 ita
486 630 632 671 dicimus,
650 631 854 674 arbitramur,
881 631 1046 665 laudamus

306 689 336 717 et
359 683 568 724 declaramus,
588 694 651 717 non
676 686 779 718 solum
807 685 968 729 praedicto
993 685 1046 718 sed

305 737 399 770 etiam
425 737 511 770 omni
537 737 597 770 alio
624 738 747 771 meliori
772 739 867 772 modo
883 766 890 779 ,
915 742 972 772 etc.
1003 739 1047 771 lta

304 789 553 834 pronunciamus
576 801 634 825 nos
654 791 765 825 arbitri
785 797 815 825 et
831 792 1044 825 arbitratores.

305 843 402 877 Iulius
426 843 593 877 cardinalis
621 845 795 879 Sachettus.
821 846 951 879 Ioannes
982 845 1044 878 Ba—

305 897 400 942 ptista
417 897 583 931 cardinalis
606 898 807 943 Pamphilius.
826 900 892 942 Ego
909 900 1046 942 Angelus

306 950 397 984 Picus
414 950 577 995 utriusque
602 951 781 994 signaturae
802 952 1044 993 referendarius,

307 1008 338 1036 et
361 1003 490 1037 maioris
506 1004 734 1048 praesidentiae
759 1005 968 1046 abbreviator,
995 1015 1047 1038 no-

307 1057 390 1090 mine
403 1057 656 1090 reverendissimi
670 1058 789 1091 domini
803 1058 940 1102 episcopi
951 1058 1046 1101 Burgi

308 1111 336 1144 S.
356 1111 522 1155 Sepulchri
538 1111 691 1155 approbo,
712 1112 857 1154 emologo
873 1117 904 1144 et
920 1116 1047 1156 accepto

307 1165 340 1198 in
356 1165 502 1198 omnibus
515 1168 545 1198 et
557 1175 613 1209 per
629 1165 734 1198 omnia
750 1166 967 1209 supradictum
986 1166 1048 1198 lau-

307 1218 391 1252 dum.
409 1218 476 1261 Ego
493 1218 560 1252 Don
576 1218 760 1251 Tliaddaeus
778 1219 815 1251 de
837 1219 977 1261 Pisauro,
998 1220 1050 1252 ab·

305 1271 362 1305 bas
376 1275 405 1306 et
417 1276 607 1316 procurator
622 1272 778 1314 generalis
792 1272 1046 1315 Camaldulensis,

306 1325 434 1359 nomine
457 1325 577 1358 abbatis
595 1325 624 1358 S.
641 1325 754 1358 Mariae
772 1325 803 1358 in
820 1326 935 1359 Balneo
957 1332 987 1359 et
1006 1332 1049 1360 to-

307 1379 368 1412 tius
383 1378 508 1413 Ordinis
525 1378 779 1420 Camaldulensis,
793 1380 946 1424 approbo,
962 1390 1048 1414 enio-

307 1433 382 1476 logo
405 1437 435 1466 et
457 1438 588 1476 accepto
608 1432 639 1465 in
659 1433 805 1466 omnibus
823 1439 852 1466 et
870 1434 1049 1477 peremnia

309 1486 438 1520 laudum
463 1487 687 1531 subscriptum.
709 1487 775 1530 Ego
799 1487 909 1531 Ioseph
935 1488 973 1521 de
992 1489 1049 1522 Be-

310 1540 441 1574 nedictis
457 1546 645 1585 procurator
662 1541 916 1584 congregationis
933 1542 1050 1575 Camal-

310 1594 449 1628 dulensis
472 1595 625 1639 approbo,
646 1595 792 1638 emologo
811 1599 840 1627 et
864 1601 994 1640 accepto
1018 1596 1049 1628 in

311 1648 457 1682 omnibus
482 1654 511 1681 et
534 1659 592 1692 per
615 1649 721 1682 omnia
744 1649 873 1683 laudum
890 1650 1049 1693 supracri-

1080 267 1248 306 propterea
1278 262 1433 296 Zenobius
1468 263 1635 306 episcopus
1666 268 1696 296 et
1724 263 1819 297 abbas

1080 316 1212 359 praefati
1236 317 1264 350 S.
1286 316 1399 350 Mariae
1424 317 1462 349 de
1487 317 1601 349 Balneo
1620 317 1748 350 laudum
1765 318 1820 351 hu—

1081 369 1215 402 iusmodi
1247 380 1306 412 pro
1339 370 1472 402 firmiori
1505 370 1588 402 illius
1619 370 1818 404 subsistentia

1080 421 1268 464 apostolicae
1285 428 1411 455 nostrae
1437 423 1684 455 confirmationis
1704 423 1819 457 robore

1080 474 1269 507 communiri
1294 485 1496 518 summopere
1521 475 1712 508 desiderent:

1125 528 1139 569 g
1163 526 1192 559 4.
1218 527 1290 567 Nos,
1309 534 1499 570 exponentes
1524 529 1679 571 praefatos
1704 530 1820 573 specia-

1080 580 1161 612 libus
1185 581 1345 613 savoribus
1372 587 1401 613 ct
1417 582 1525 624 gratiis
1542 584 1692 627 prosequi
1717 585 1820 617 volen-

1081 638 1135 673 tes,
1153 639 1183 665 et
1207 644 1317 666 eorum
1342 634 1518 676 singulares
1542 646 1694 679 personas
1718 647 1735 669 a
1754 637 1819 680 qui-

1079 686 1185 719 busvis
1221 687 1575 730 excommunicationis‚
1607 690 1820 733 suspensionis

1080 744 1109 771 et
1134 739 1311 781 interdicti,
1341 741 1470 785 aliisque
1499 742 1718 776 ecclesiasticis
1743 753 1816 776 sen-

1081 792 1194 833 tentiis,
1215 793 1357 826 censuris
1382 799 1412 826 et
1435 795 1554 837 poenis,
1575 805 1592 827 a
1617 795 1684 828 iure
1709 796 1757 829 vel
1782 796 1820 829 ab

1080 845 1218 885 homine,
1235 846 1343 889 quavis
1368 847 1533 879 occasione
1551 848 1597 880 vel
1622 850 1716 881 causa
1740 849 1819 890 latis,

1080 898 1105 930 si
1119 899 1235 941 quibus
1249 899 1486 941 quomodolibet
1499 900 1663 934 innodatae
1673 902 1819 944 existunt,

1080 951 1118 983 ad
1142 951 1288 984 effectum
1314 953 1528 996 praesentium
1554 955 1819 999 consequendum,

1080 1004 1193 1036 harum
1211 1005 1291 1038 serie
1316 1006 1512 1038 absolventes
1530 1011 1561 1040 et
1576 1008 1736 1042 absolutas
1754 1009 1821 1042 fore

1081 1063 1263 1099 censentes,
1289 1059 1571 1102 supplicationibus
1600 1061 1727 1094 illorum
1758 1072 1817 1095 no-

1082 1111 1166 1144 mine
1189 1112 1280 1145 nobis
1300 1123 1396 1155 snper
1413 1113 1474 1145 hoc
1489 1113 1651 1147 humiliter
1667 1116 1821 1159 porrectis

1081 1164 1230 1206 inclinati,
1250 1165 1377 1198 laudum
1398 1166 1628 1210 praeinscrtum
1648 1179 1704 1211 per
1721 1168 1820 1205 dictos

1081 1218 1256 1252 cardinales
1269 1230 1364 1263 super
1376 1220 1467 1253 dictis
1480 1221 1676 1262 differentiis,
1687 1227 1720 1255 ut
1734 1233 1822 1266 prae-

1081 1272 1190 1313 fertur,
1209 1273 1316 1315 latum7
1338 1284 1373 1306 ac
1398 1274 1503 1307 omnia
1528 1280 1557 1307 et
1581 1275 1704 1318 singula
1729 1276 1761 1309 in
1783 1287 1820 1310 eo

1082 1332 1247 1367 contenta,
1272 1327 1443 1370 apostolica
1479 1328 1684 1370 auctoritate,
1713 1334 1822 1364 tenore

1082 1381 1305 1423 praesentium,
1316 1382 1541 1415 confirmamus
1554 1388 1582 1416 et
1596 1384 1822 1427 approbamus,

1083 1434 1209 1478 illisque*
1231 1435 1419 1469 inviolabilis
1451 1437 1642 1481 apostolicae
1665 1439 1822 1472 firmitatis

1083 1488 1181 1522 robur
1205 1489 1386 1531 adiicinius,
1414 1501 1449 1524 ac
1481 1502 1590 1524 omnes
1621 1497 1651 1525 et
1682 1492 1822 1536 singulos

1083 1548 1146 1574 tam
1171 1542 1248 1575 iuris
1272 1554 1365 1587 quam
1391 1545 1461 1577 sacti
1486 1545 1634 1587 desectus,
1651 1546 1676 1578 si
1697 1547 1750 1589 qui
1770 1546 1823 1580 de·

1083 1606 1179 1639 super
1203 1597 1439 1640 quomodolibet
1471 1598 1716 1641 intervenerint,
1741 1610 1819 1644 sup-

1082 1650 1214 1693 plenius.

1722 206 1788 240 495
1833 217 1882 245 An.
1902 216 2016 248 &1635

1860 544 2004 565 Confirmatnr.

332 1705 407 1735 tum.

309 1712 330 1746 p
355 1755 370 1799 ἓ
394 1753 424 1788 3.
449 1754 525 1789 Cum
551 1760 665 1798 autem,
693 1755 774 1789 sicut
797 1755 906 1789 eadem
931 1756 1051 1800 exposi-

1128 1703 1142 1746 ἓ
1174 1702 1202 1736 5.
1234 1703 1442 1737 Decernentes
1473 1704 1551 1738 illud
1578 1715 1701 1739 necnon
1731 1716 1821 1750 prae·
1863 1719 1983 1741 Clausulas.

143 1764 297 1786 Petitur-laudi
1083 1762 1185 1790 sentes
1214 1757 1333 1790 litteras
1358 1758 1477 1801 valida,
1507 1759 1599 1791 firma
1627 1765 1657 1792 et
1684 1760 1822 1794 efficacia

111 1791 233 1813 huiusmodi
247 1797 297 1813 con-

113 1817 210 1840 firmatio.

311 1808 356 1842 tio
372 1808 592 1852 subiungebat,
612 1814 676 1842 tam
693 1809 847 1843 Zenobius
871 1809 1048 1854 episcopus,

311 1861 368 1895 sub
398 1861 447 1895 die
471 1871 532 1895 xxv
558 1862 651 1903 maii,
684 1868 714 1895 et
744 1863 839 1895 abbas
868 1864 1050 1897 monasterii

310 1915 338 1950 S.
354 1915 467 1949 Mariae
483 1915 514 1947 in
527 1915 640 1948 Balneo
658 1915 820 1959 praedicti,
834 1916 970 1960 dictique
988 1928 1051 1950 mo-

308 1968 437 2002 nasterii
454 1968 482 2002 S.
501 1968 614 2001 Mariae
634 1968 665 2001 in
686 1968 800 2002 Balneo
818 1970 973 2010 monachi,
991 1970 1049 2003 sub

308 2022 358 2056 die
374 2032 438 2056 xxx
459 2021 598 2055 eiusdem
623 2023 740 2055 mensis
763 2023 847 2063 maii,
864 2034 958 2067 quam
978 2024 1051 2058 Gre-

309 2076 417 2120 gorius
434 2075 472 2109 de
489 2076 619 2109 Pisauro
639 2076 734 2109 abbas
751 2076 893 2110 abbatiae
909 2077 954 2111 Ss.
970 2078 1050 2122 Hyp-

307 2130 397 2175 politi
423 2134 454 2163 et
476 2130 635 2164 Laurentii
663 2131 868 2172 Faventinae,
892 2142 928 2164 ac
952 2132 1050 2164 abbas

310 2183 466 2228 generalis
489 2183 583 2218 totius
608 2183 865 2227 Congregationis
890 2184 1051 2218 Camaldu-

309 2237 427 2278 lensis,
453 2237 511 2270 sub
538 2237 588 2271 die
615 2248 656 2271 xv
685 2239 784 2279 iunii,
812 2248 935 2272 necnon
960 2239 1046 2272 Mau-

311 2301 366 2325 rus
389 2290 427 2324 de
450 2291 574 2324 abbatia
597 2291 749 2334 Policinii,
768 2297 797 2324 et
822 2292 986 2326 Odoardus
1011 2293 1048 2326 de

312 2345 417 2389 Burgo
441 2345 473 2378 in
496 2345 599 2378 Brixia
629 2345 734 2379 dilecti
768 2346 824 2379 filii
859 2347 985 2380 abbates
1020 2352 1050 2380 et

312 2399 488 2433 visitatores
511 2398 651 2432 eiusdem
675 2399 934 2443 Congregationis
951 2427 958 2441 ‚
990 2401 1048 2434 sub

311 2451 362 2486 die
386 2461 455 2487 xxn
471 2452 612 2485 eiusdem
636 2454 751 2486 mensis
776 2454 854 2487 iunii
877 2455 1050 2498 praesentis

311 2505 384 2539 anni
397 2515 557 2548 mcxxxv,
570 2506 699 2539 laudum
715 2506 921 2551 praedictum,
934 2508 1051 2541 omnia-

311 2569 373 2605 que
396 2564 426 2593 et
450 2560 574 2603 singula
603 2560 635 2593 in
659 2570 696 2594 eo
721 2566 867 2594 contenta
897 2562 1050 2606 approba-

311 2612 422 2658 verint,
439 2613 663 2648 ratificaverint
686 2619 716 2648 et
740 2615 995 2659 emologaverint,
1020 2619 1051 2650 et

1083 1810 1217 1844 existere
1242 1816 1271 1844 et
1297 1812 1372 1853 sore,
1391 1822 1527 1855 suosque
1551 1813 1708 1856 plenarios
1733 1819 1762 1847 et
1780 1815 1822 1847 in-

1083 1869 1188 1907 tegros
1213 1864 1342 1899 effectus
1368 1865 1474 1898 sortiri
1498 1869 1527 1899 et
1550 1866 1701 1908 obtinere,
1721 1867 1823 1900 dictis-

1082 1928 1142 1961 que
1167 1919 1395 1962 exponentibus
1417 1919 1448 1951 in
1473 1919 1618 1952 omnibus
1636 1924 1666 1952 et
1683 1930 1740 1963 per
1760 1930 1823 1953 om-

1081 1971 1133 2003 nia
1157 1972 1336 2015 plenissime
1361 1972 1539 2015 suffragari,
1564 1978 1594 2005 et
1618 1973 1656 2005 ab
1676 1973 1822 2008 omnibus

1082 2031 1112 2058 et
1136 2025 1276 2068 singulis,
1302 2026 1340 2058 ad
1364 2037 1443 2070 quos
1467 2031 1585 2070 spectat
1611 2032 1641 2060 et
1660 2038 1718 2071 pro
1742 2034 1820 2061 tern-

1081 2089 1158 2122 pore
1188 2080 1362 2123 spectabit,
1387 2080 1609 2113 inviolabiliter
1641 2081 1822 2123 observari;

1083 2133 1187 2176 sicque
1202 2143 1258 2176 per
1276 2144 1492 2177 quoscumque
1509 2134 1628 2167 iudices
1645 2135 1823 2170 ordinarios

1083 2191 1112 2218 et
1136 2186 1306 2229 delegatos,
1321 2187 1414 2219 etiam
1439 2197 1604 2220 causarum
1621 2188 1727 2231 palatii
1748 2200 1821 2233 apo-

1083 2240 1183 2273 stolici
1211 2240 1381 2281 auditores,
1399 2240 1532 2273 iudicari
1564 2246 1594 2274 et
1621 2241 1745 2275 definiri
1770 2242 1822 2275 de-

1082 2293 1167 2333 bere,
1184 2304 1219 2326 ac
1237 2293 1362 2327 irritum
1386 2299 1417 2327 et
1443 2294 1543 2336 inane,
1562 2295 1587 2327 si
1611 2305 1701 2328 secus
1726 2305 1821 2338 super

1083 2347 1130 2380 liis
1147 2358 1164 2379 a
1178 2357 1348 2392 quoquam,
1359 2347 1467 2392 quavis
1480 2348 1675 2387 auctoritate,
1687 2348 1821 2381 scienter

1083 2401 1131 2434 vel
1156 2402 1348 2444 ignoranter,
1367 2402 1536 2444 contigerit
1559 2402 1713 2434 attentari.

1127 2455 1142 2498 g
1166 2454 1195 2488 6.
1220 2456 1289 2488 Non
1321 2455 1515 2488 obstantibus
1547 2454 1820 2489 constitutionibus

1084 2513 1113 2541 et
1137 2508 1387 2541 ordinationibus
1421 2508 1622 2551 apostolicis,
1647 2509 1821 2553 ceterisque

1083 2561 1249 2595 contrariis
1274 2561 1537 2605 quibuscumque.

1126 2615 1237 2648 Datum
1250 2615 1377 2657 Romae,
1387 2615 1471 2660 apud
1484 2615 1512 2649 S.
1524 2613 1651 2649 Mariam
1659 2614 1819 2658 Maiorem,

1904 2462 2019 2489 Derogauo

1836 2490 1998 2511 contrariorum.
