2221 3224
184 203 273 231 Aac.
297 203 362 230 1629

210 423 291 443 Causae
304 424 366 443 liuius

183 449 349 472 Constitutione.

213 2019 371 2041 1¹1·v·tui·11w,=t.2

191 2052 231 2072 qua
245 2053 264 2066 iu
281 2046 371 2065 sulm-2«.

411 195 451 228 6⁶2

380 261 548 295 possumus
587 260 784 283 removemus
824 254 853 281 et
888 248 1115 291 prohibemus,

382 309 476 347 prout
500 303 711 347 conspicimus
736 302 765 334 in
791 300 923 333 Domino
949 298 1116 332 salubriter

382 357 538 400 expedire.

426 412 442 453 ἓ
469 410 496 442 1.
518 410 591 443 Cum
611 409 724 451 itaque,
742 407 822 440 sicut
837 406 940 440 dilecti
958 405 1013 438 filii
1031 406 1116 449 prio-

382 473 431 496 res
456 461 662 506 provinciales
682 459 916 503 provinciarum
934 463 996 491 tam
1012 459 1118 502 Hispa-

381 516 502 548 niarum
541 526 635 557 quam
678 514 836 546 lndiarum
878 512 1116 546 occidentalium

382 569 504 601 Ordinis
528 569 659 600 fratrum
690 566 899 599 Eren‘iitarum
928 565 1025 599 sancti
1049 567 1114 599 Au-

382 622 495 664 gustini
520 620 610 654 uobis
634 630 733 663 nuper
759 619 872 663 exponi
898 620 1047 659 fecerunt,
1068 630 1117 651 re-

381 674 499 716 gularis
523 673 703 716 disciplinae
730 673 927 706 observantia
953 672 982 705 in
1007 672 1116 705 eodem

381 727 495 760 Ordine
520 738 536 759 a
561 726 718 759 nonnullis
736 727 823 759 annis
843 726 920 760 citra
945 727 1116 769 plurimum

381 780 537 820 defecerit,
562 779 747 823 praesertin]
769 779 806 811 ab
827 790 863 812 eo
885 784 1027 823 tempore
1054 790 1118 824 quo

381 834 518 866 eiusdem
545 833 668 866 Ordinis
693 833 816 876 priores
835 833 997 876 generales
1020 833 1117 865 nimia

383 887 537 927 Facilitate,
563 891 592 920 et
615 887 701 919 nullo
726 886 832 919 habito
857 891 1011 930 respectu,
1045 896 1119 919 con-

382 940 494 974 cedunt
518 940 730 984 exemptiones
755 939 932 973 officiorum
963 939 1036 972 dicti
1062 939 1118 973 Or-

382 994 461 1027 dinis
486 994 655 1034 fratribus,
689 993 741 1037 qui
770 1004 806 1026 ea
830 1004 1002 1037 numquam
1029 1004 1118 1026 exer-

382 1053 532 1090 cuerunt,
570 1047 651 1080 unde
687 1047 824 1079 infinitae
856 1047 1054 1080 confusiones
1090 1052 1120 1080 et

382 1101 555 1134 discordiae
591 1101 755 1142 oriuntur⁷
796 1111 832 1133 eo
872 1100 955 1143 quod
992 1100 1118 1133 eaedem

382 1154 594 1197 exemptiones
607 1153 766 1194 Fratribus,
777 1158 810 1186 ut
819 1153 1001 1197 plurimum,
1017 1154 1119 1186 minus

382 1208 581 1241 benemeritis
606 1218 657 1239 eas
681 1207 840 1240 favoribus
866 1212 895 1240 ct
919 1207 988 1240 aliis
1019 1208 1121 1240 modis

383 1260 640 1303 extorquentibus
666 1260 901 1301 conceduntur,
928 1260 1121 1304 quandoqui-

382 1314 452 1347 dem
478 1314 590 1347 rationi
609 1319 853 1347 consentaneum
871 1313 999 1345 minime
1017 1313 1120 1346 videa-

384 1374 443 1408 tur,
457 1372 490 1402 ut
503 1368 614 1411 aliquis
628 1367 795 1410 religiosus
816 1367 920 1407 officii,
936 1367 1020 1411 quod
1034 1377 1122 1399 num-

382 1431 476 1464 quam
507 1421 667 1461 exercuit,
700 1420 952 1464 exemptionibus
989 1421 1122 1463 gaudeat

383 1485 481 1517 aeque
505 1485 540 1507 ac
564 1474 608 1506 illi
633 1474 685 1517 qui
718 1474 793 1506 illud
825 1480 1050 1515 exercuerunt,
1076 1474 1121 1506 di-

383 1529 480 1561 lectus
505 1539 579 1560 vero
604 1528 686 1560 silius
712 1527 880 1560 modernus
905 1527 978 1560 dicti
998 1526 1122 1560 Ordinis

383 1582 471 1625 prior
495 1581 666 1624 generalis,
692 1585 725 1613 ut
750 1585 910 1620 asserunt,
936 1581 1041 1614 multis
1065 1581 1124 1612 sra-

385 1634 485 1668 tribus
509 1634 583 1667 dicti
615 1633 740 1666 Ordinis
770 1634 823 1677 qui
853 1644 1026 1677 numquam
1051 1644 1123 1677 pro-

385 1687 530 1720 vinciales
555 1687 690 1727 fuerunt,
717 1691 749 1718 ut
772 1686 1013 1729 provincialium
1036 1686 1123 1719 abso-

384 1741 533 1781 lutorum,
558 1740 625 1773 aliis
649 1750 724 1773 vero
749 1740 802 1784 qui
822 1751 995 1783 numquam
1014 1740 1121 1772 defini-

387 1800 468 1828 tores
488 1795 671 1835 'extiterunt,
696 1799 730 1827 ut
754 1794 973 1836 definitorum,
1000 1799 1030 1827 et
1055 1794 1122 1826 aliis

386 1849 438 1892 qui
462 1860 637 1893 numquam
661 1849 794 1881 verbum
816 1849 869 1881 Dei
890 1848 1122 1892 praedicarunt,

387 1908 420 1934 ut
436 1902 574 1935 eiusdem
588 1902 676 1934 verbi
689 1901 742 1935 Dei
756 1901 1010 1945 praedicatorum
1024 1911 1125 1934 exem-

388 1955 546 1999 ptionibus
571 1955 736 1998 gaudeant,
762 1955 915 1988 concessit
932 1960 961 1987 et
981 1954 1123 1987 indulsit:

431 2008 493 2051 302.
520 2009 591 2049 Nos,
618 2007 906 2041 inconvenientibus
934 2006 1124 2046 huiusmodi,

387 2067 537 2105 quantum
562 2073 632 2095 cum
658 2061 790 2094 Domino
813 2071 991 2104 possumus,
1019 2070 1127 2092 oecur-

389 2126 457 2147 rere
475 2116 623 2155 volentes,
638 2115 920 2159 supplicationibus
942 2113 1125 2146 eorumdem

389 2169 628 2212 provincialium
660 2169 786 2201 nomine
818 2168 910 2201 nobis
942 2178 1036 2211 super
1066 2168 1127 2200 1100

389 2222 548 2255 humiliter
565 2222 720 2266 porrectis
742 2221 896 2263 inclinati,
912 2232 950 2254 ne
967 2221 1004 2253 de
1022 2226 1126 2253 cetero

389 2276 566 2318 praedictus
591 2276 760 2309 modernus
785 2280 814 2308 et
833 2285 891 2318 pro
910 2280 1051 2317 tempore
1069 2273 1128 2307 exi-

390 2334 473 2361 stens
497 2329 570 2362 dicti
591 2329 715 2363 Ordinis
739 2329 826 2372 prior
851 2339 906 2361 seu
925 2328 1060 2360 vicarius
1077 2337 1129 2370 ge-

391 2383 505 2415 neralis
530 2383 742 2426 exemptiones
770 2382 945 2415 officiorum
971 2381 1026 2413 ulli
1055 2380 1128 2414 dicti

392 2435 515 2469 Ordinis
539 2425 720 2480 professori,
738 2436 791 2479 qui
809 2446 845 2468 ca
861 2435 948 2479 prius
967 2445 1029 2467 non
1045 2444 1129 2467 exer-

395 2489 510 2530 cuerit,
547 2495 576 2521 et
605 2490 791 2534 praesertim
828 2499 879 2522 eas
915 2488 1130 2531 exemptiones

394 2543 508 2585 quibus
534 2543 597 2583 illi,
623 2544 674 2587 qui
701 2543 924 2587 provinciales,
950 2542 1148 2575 definitores

396 2601 448 2628 aut
472 2596 644 2631 visitatores
668 2599 715 2630 vel
740 2597 971 2641 praedicatores
996 2596 1131 2630 maiores

955 200 1133 224 BULLARIUM
1157 199 1310 223 ROMANUM

1150 245 1317 289 nuncupati
1342 245 1489 285 suerunt,
1514 245 1664 288 gaudent,
1696 245 1813 288 absque
1838 255 1889 278 ex-

1150 300 1257 342 pressa
1286 298 1374 330 Sedis
1398 298 1594 342 Apostolicae
1617 298 1743 331 licentia
1775 308 1887 332 conce-

1150 352 1225 384 dere
1249 351 1362 384 audeat
1386 362 1440 384 seu
1465 356 1663 395 praesumat,
1696 352 1753 385 sub
1785 353 1888 396 poena

1150 404 1485 438 excommunicationis
1495 404 1564 449 ipso
1577 405 1658 438 facto
1672 405 1888 446 incurrendae,

1151 469 1187 491 ac
1213 457 1398 502 privationis
1423 458 1507 491 vocis
1533 458 1649 491 activae
1673 463 1703 491 et
1728 458 1867 502 passivae
1882 484 1889 498 ,

1151 516 1181 544 et
1207 511 1423 554 suspensionis
1445 511 1482 543 ab
1507 511 1620 552 officio,
1645 511 1816 555 apostolica
1840 521 1890 543 au-

1151 564 1304 604 ctoritate,
1316 569 1425 597 tenore
1438 564 1660 608 praesentium⁷
1674 563 1890 596 interdicimus

1151 624 1181 650 ct
1205 617 1432 661 probibemus,
1458 617 1662 650 decernentes
1686 617 1890 650 nihilominus

1152 670 1276 703 irritum
1310 675 1339 703 et
1371 670 1479 711 inane,
1512 670 1538 703 si
1568 680 1658 703 secus
1682 681 1776 713 super
1800 669 1848 702 his
1873 680 1890 701 a

1151 734 1319 767 quoquam,
1338 723 1446 767 quavis
1471 724 1664 765 auctoritate,
1684 723 1818 756 scienter
1843 723 1888 755 vel

1153 776 1349 819 ignoranter,
1374 776 1541 819 contigerit
1565 776 1718 809 attentari.

1196 829 1252 873 {3-
1269 830 1336 863 Non
1357 829 1551 862 obstantibus
1568 828 1842 863 constitutionibus
1862 833 1892 861 et

1152 883 1401 916 ordinationibus
1416 882 1607 927 apostolicis,
1622 893 1657 915 ac
1671 881 1744 915 dicti
1757 881 1891 921 Ordinis,

1152 936 1245 970 etiam
1274 936 1468 977 iuramento,
1497 935 1736 969 confirmatione
1767 939 1891 978 aposto-

1153 990 1222 1033 lica,
1240 991 1287 1024 vel
1312 992 1420 1034 quavis
1449 990 1596 1023 firmitate
1625 989 1685 1022 alia
1715 988 1892 1028 roboratis,

1153 1043 1275 1077 statutis
1289 1048 1318 1076 et
1332 1042 1620 1084 consuetudinibus,
1634 1041 1805 1086 privilegiis
1819 1052 1894 1084 quo—

1154 1106 1223 1140 que,
1248 1097 1376 1130 indultis
1401 1100 1430 1130 et
1452 1096 1563 1129 litteris
1591 1096 1769 1140 apostolicis
1791 1095 1891 1128 eidem

1154 1150 1251 1195 priori
1277 1162 1332 1183 seu
1357 1150 1473 1183 vicario
1498 1150 1660 1192 generali,
1692 1159 1728 1182 ac
1758 1149 1833 1181 alias
1862 1149 1892 1181 in

1154 1204 1347 1237 contrarium
1383 1203 1629 1247 praemissorum
1656 1202 1891 1246 quomodolibet

1155 1257 1312 1290 concessis
1327 1284 1334 1297 ‚
1359 1256 1552 1290 confirmatis
1577 1261 1606 1289 et
1629 1255 1798 1295 innovatis,
1823 1255 1893 1299 qui-

1155 1311 1212 1343 bus
1238 1310 1402 1352 omnibus,
1426 1309 1547 1343 etiamsi
1575 1320 1633 1353 pro
1662 1309 1787 1342 illarum
1812 1308 1896 1341 suffi-

1156 1364 1248 1397 cienti
1266 1363 1469 1406 derogatione
1490 1363 1528 1395 de
1545 1362 1605 1395 illis
1625 1364 1800 1407 eorumque
1822 1362 1895 1395 totis

1157 1417 1328 1457 tenoribus,
1353 1416 1507 1460 specialis,
1529 1416 1684 1460 specifica,
1706 1426 1853 1459 expressa
1866 1421 1895 1448 et

1156 1471 1326 1513 individua,
1352 1482 1387 1504 ac
1411 1471 1449 1503 de
1474 1470 1573 1504 verbo
1597 1470 1635 1503 ad
1660 1470 1807 1512 verbum,
1832 1480 1896 1503 non

1156 1530 1260 1557 autem
1285 1535 1342 1568 per
1367 1524 1523 1557 clausulas
1546 1523 1708 1566 generales
1733 1522 1816 1555 idem
1843 1522 1897 1554 im-

1156 1583 1338 1622 portantes,
1364 1577 1481 1610 mentio
1513 1587 1569 1609 seu
1599 1576 1726 1620 quaevis
1759 1576 1819 1608 alia
1843 1586 1895 1609 ex-

1156 1631 1276 1675 pressio
1301 1630 1455 1673 habenda,
1473 1635 1526 1663 aut
1544 1630 1647 1673 aliqua
1667 1629 1727 1662 alia
1743 1629 1897 1673 exquisita

1156 1685 1257 1718 forma
1281 1684 1319 1717 ad
1343 1685 1403 1717 1100
1427 1683 1577 1716 servanda
1601 1683 1691 1724 foret,
1717 1693 1827 1716 eorum
1852 1687 1897 1715 te-

1156 1749 1249 1772 nores
1273 1737 1489 1782 praesentibus
1506 1747 1564 1780 pro
1581 1737 1672 1780 plene
1692 1742 1723 1769 et
1745 1736 1898 1769 sufficien-

1158 1798 1204 1825 ter
1228 1791 1384 1836 expressis
1409 1791 1569 1831 habentes
1594 1790 1656 1823 illis
1680 1789 1755 1822 alias
1778 1790 1809 1822 in
1841 1800 1898 1822 suo

1158 1845 1272 1878 robore
1303 1843 1528 1888 permansuris,
1556 1843 1615 1875 hac
1643 1842 1709 1875 vice
1739 1842 1900 1875 dumtaxat

1159 1898 1336 1942 specialiter
1360 1902 1390 1930 et
1415 1907 1563 1941 expresse
1588 1896 1795 1939 derogamus;
1821 1899 1900 1929 eete-

1159 1952 1264 1995 risque
1279 1950 1444 1984 contrariis
1458 1950 1720 1994 quibuscumque.

1204 2006 1218 2048 g
1243 2005 1271 2037 li.
1297 2005 1447 2037 Volumus
1481 2008 1603 2044 autem,
1627 2008 1661 2035 ut
1685 2001 1898 2046 praesentium

1161 2058 1375 2102 transumptis,
1402 2057 1495 2090 etiam
1524 2056 1700 2100 impressis,
1726 2066 1819 2089 manu
1844 2056 1900 2089 ali-

1161 2112 1251 2145 cuius
1274 2111 1388 2144 notarii
1405 2110 1521 2154 publici
1539 2109 1736 2153 subscriptis,
1750 2114 1780 2142 et
1796 2109 1899 2152 sigillo

1160 2175 1313 2209 personae
1331 2164 1362 2196 in
1378 2163 1528 2206 dignitate
1551 2162 1762 2195 ecclesiastica
1787 2162 1902 2195 eonsti-

1161 2224 1244 2258 tutae
1268 2217 1406 2259 munitis,
1422 2216 1530 2249 eadem
1548 2226 1678 2260 prorsus
1692 2216 1809 2259 ubique
1821 2215 1899 2248 fides

1161 2254 1356 2311 afflibeatur,
1381 2280 1462 2314 quae
1487 2270 1562 2314 ipsis
1582 2269 1799 2313 praesentibus
1815 2268 1900 2301 adhi-

1161 2325 1298 2365 beretur,
1324 2324 1349 2356 si
1373 2323 1477 2356 forent
1501 2322 1656 2356 exhibitae
1678 2323 1725 2356 vel
1746 2326 1900 2356 ostensae.

1206 2378 1316 2411 Datum
1346 2378 1473 2417 Romae,
1501 2375 1584 2420 apud
1608 2376 1637 2410 S.
1662 2375 1790 2408 Mariam
1813 2374 1904 2408 Maio-

1163 2442 1240 2471 rem,
1264 2430 1322 2463 sub
1337 2430 1453 2463 annulo
1478 2429 1654 2471 piscatoris,
1679 2429 1728 2462 die
1751 2438 1812 2462 xxv
1830 2427 1904 2460 maii

1163 2495 1313 2526 nncxxix,
1338 2484 1539 2528 pontificatus
1563 2483 1661 2518 nostri
1688 2493 1769 2516 anno
1794 2492 1835 2515 vi.

1201 2549 1256 2575 Dat,
1274 2548 1317 2575 die
1333 2548 1366 2576 ⁶25
1383 2547 1445 2574 maii
1461 2547 1538 2581 1629,
1555 2546 1649 2581 pontif.
1669 2554 1739 2573 anno
1755 2552 1790 2572 vt.

1903 199 1952 225 An.
1965 198 1993 224 C.
2019 198 2084 225 1629

1933 842 2042 863 Contraria
2052 843 2090 863 to!-

1908 870 1984 889 luatur.

1948 2009 2014 2030 Huius
2029 2008 2099 2030 bullae

1915 2037 2015 2083 ἓῦἰὲρὶίε
2029 2035 2100 2056 danda
