2248 3229
187 219 236 246 An.
258 218 285 245 c.
304 218 372 246 1630
417 209 482 243 180

388 267 546 300 ordinaria
572 268 683 302 tabella
709 267 910 301 illustrissimi
936 268 1055 300 domini
1080 279 1125 300 ar-

390 321 592 365 chiepiscopi.

430 375 464 408 In
489 375 599 408 diebus
624 374 875 417 solemnioribus,
902 380 932 408 et
956 375 1125 420 praecipue

388 429 484 462 sancti
498 428 654 461 Ambrosii
673 433 702 460 et
716 429 761 461 Ss.
779 428 918 462 Gervasii
936 433 966 461 et
982 429 1124 471 Protasii,

387 486 493 514 caveat
517 482 687 525 capitulum
713 482 958 524 canonicorum,
989 477 1041 515 ne⁹
1057 482 1125 515 diu-

387 534 447 567 tius
472 534 660 567 immoretur
684 535 715 567 in
739 535 847 575 choro,
876 546 969 580 quam
995 546 1052 579 par
1077 536 1125 576 sit,

388 587 430 619 ita
455 592 487 620 ut
512 588 673 621 monachis
704 593 864 621 remaneat
895 594 1013 622 tantum
1047 593 1124 623 tem-

386 641 485 684 poris,
509 652 572 684 qno
592 641 713 685 possint
733 652 872 685 congrue
890 652 999 676 eorum
1023 653 1126 687 vespe-

387 703 438 726 ras
463 694 636 727 celebrare.

431 747 502 780 Ritu
532 747 733 782 ambrosiano
751 775 758 789 ‚
791 759 853 793 quo
878 738 981 782 clerus
1005 750 1124 792 utitur,

387 800 532 832 monachi
557 805 685 834 utantur
699 801 730 834 in
747 802 990 836 solemnioribus
1005 803 1126 844 diebus,

387 851 531 886 videlicet
554 853 605 886 die
628 854 787 889 dominico
817 855 849 887 in
878 855 983 889 Ramis
1007 856 1127 889 Palma-

387 916 456 939 rum
482 917 582 950 usque
607 907 644 940 ad
669 907 859 941 dominicam
884 909 915 940 in
933 908 1028 949 Albis,
1046 909 1126 941 etin

386 959 497 1003 primis
512 960 650 1004 vesperis
668 961 764 993 sancti
778 961 935 994 Ambrosii
952 967 982 994 et
995 962 1039 995 Ss.
1055 962 1128 996 Ger-

386 1013 462 1046 vasii
487 1018 518 1046 et
541 1014 689 1055 Protasii3
714 1014 844 1058 reliquis
868 1025 962 1056 vero,
984 1026 1041 1049 suo
1065 1026 1127 1049 am-

385 1066 534 1101 brosiano
557 1068 747 1109 monastico,
773 1079 866 1112 quem
891 1073 1018 1111 vocant,
1043 1070 1127 1103 iuxta

387 1119 513 1153 solitum
525 1125 662 1162 utantur,
673 1126 703 1154 et
716 1121 746 1154 in
758 1121 887 1154 musicis
900 1122 1020 1165 possint
1033 1122 1126 1155 etiam

386 1173 535 1207 adhibere
551 1175 759 1208 instrumenta
773 1175 810 1208 ad
824 1175 1043 1219 symphoniam
1060 1187 1128 1220 per-

386 1227 524 1260 tinentia.

431 1280 527 1313 Unica
560 1281 654 1313 missa
685 1281 805 1314 sabbati
837 1282 956 1325 sancti,
990 1283 1126 1327 quaein

386 1333 527 1377 qualibet
558 1334 688 1366 ecclesia
721 1334 874 1367 celebrari
909 1335 1007 1377 solet,
1042 1335 1127 1368 iuxta

386 1386 531 1429 solitum,
556 1387 684 1420 alternis
709 1388 847 1428 vicibus,
872 1388 910 1420 ab
934 1399 1126 1434 unoquoque

388 1440 522 1484 collegio
554 1441 742 1474 celebretur.
786 1442 928 1475 Monachi
964 1453 1125 1486 nunquam

387 1493 492 1526 divina
501 1494 661 1528 celebrare
672 1494 831 1538 incipiant,
843 1495 942 1528 donec
954 1496 1125 1540 capitulum

388 1548 612 1581 canonicorum
637 1558 654 1580 e
677 1548 775 1581 choro
799 1548 988 1582 discesserit.

431 1601 506 1634 Tam
531 1602 672 1634 canonici
693 1612 786 1645 quam
808 1603 954 1635 monachi
975 1603 1033 1636 sub
1054 1614 1128 1646 quo-

387 1653 434 1687 vis
458 1660 623 1699 praetextu
647 1659 791 1698 tempore
816 1655 1034 1689 celebrationis
1054 1656 1128 1689 divi-

387 1718 501 1742 norum
525 1709 645 1740 nullum
672 1712 774 1742 actum
793 1709 905 1742 saciant
920 1736 927 1750 ‚
952 1720 1009 1753 per
1034 1720 1127 1753 quem

387 1761 486 1804 possit
509 1761 548 1794 ad
571 1761 705 1795 invicem
730 1761 900 1795 celebratio
925 1762 1082 1806 impediri.

432 1814 527 1848 Liber
551 1825 626 1847 usus
650 1815 876 1858 pontificalium
903 1815 1006 1848 abbati
1024 1827 1130 1849 mona—

389 1868 522 1901 chorum
539 1878 602 1901 non
620 1873 872 1901 conti-evertatur
885 1868 914 1901 in
929 1869 1130 1912 quibuscum-

388 1932 449 1966 que
474 1922 541 1954 eius
557 1921 769 1954 functionibus
786 1922 1016 1955 ecclesiasticis.
1034 1923 1129 1957 Sedes

389 1975 510 2009 abbatis
542 1976 579 2008 ad
611 1986 703 2008 usum
727 1976 955 2020 pontificalium
981 1987 1129 2010 exercen-

390 2029 519 2071 dorum,
545 2029 656 2062 diebus
680 2030 794 2073 quibus
826 2030 1056 2064 illustrissimus
1080 2041 1128 2063 ar-

390 2083 611 2127 chiepiscopus
629 2084 707 2116 solet
723 2083 754 2116 in
771 2083 903 2116 ecclesia
921 2083 948 2117 S.
971 2084 1128 2118 Ambrosii

390 2136 573 2169 solemniter
598 2136 775 2177 celebrare,
800 2137 830 2169 in
855 2137 952 2170 latere
977 2138 1129 2181 epistolae

391 2195 584 2234 apponatur;
610 2190 722 2223 ceteris
746 2200 820 2223 vero
843 2190 953 2223 diebus
977 2191 1074 2224 abbas
1098 2191 1129 2224 in

391 2249 528 2286 utroque
552 2243 660 2284 latere,
684 2248 779 2287 prout
795 2244 853 2276 sibi
873 2244 974 2287 magis
992 2245 1128 2285 libuerit,

390 2296 582 2341 pontificalia
614 2302 766 2329 exerceat.
803 2296 904 2341 Super
936 2297 1009 2330 sede
1040 2298 1129 2332 solita

391 2352 519 2384 arcuata
542 2350 663 2382 abbatis
688 2349 909 2383 baldachinum
942 2356 1127 2395 apponatur.

434 2404 565 2437 Decreta
588 2413 695 2436 sacrae
715 2404 968 2446 congregationis
992 2405 1128 2448 rituum,

391 2462 455 2490 tarn
472 2457 575 2500 quoad
592 2467 759 2489 numerum
782 2456 1010 2497 ministrorum,
1035 2469 1128 2502 quam

392 2510 494 2554 quoad
507 2511 576 2551 alia,
590 2510 621 2542 in
635 2510 767 2543 solemni
780 2510 901 2543 abbatis
921 2511 1130 2545 celebratione

392 2574 447 2596 seu
470 2563 629 2597 functione
654 2564 747 2608 (quae
772 2567 875 2597 tamen
907 2569 978 2597 sunt
1000 2564 1032 2597 in
1056 2565 1128 2609 usu)

392 2616 607 2651 observentur.

965 220 1060 243 nttLLA
1066 220 1143 244 num
1167 220 1321 245 ROMANUM

1203 268 1434 301 illustrissimus
1461 269 1606 302 dominus
1636 269 1894 313 archiepiscopus

1158 330 1176 353 a
1199 321 1296 353 latere
1321 321 1549 354 monachorum
1565 331 1629 354 non
1651 322 1750 365 possit
1770 322 1896 355 visitare

1158 374 1216 406 nisi
1241 374 1279 407 ad
1303 374 1416 408 limites
1440 379 1576 418 quatuor
1599 374 1809 409 visitationum
1833 380 1897 408 tan-

1159 433 1233 469 tum,
1259 433 1289 461 ut
1318 428 1407 471 infra,
1433 433 1463 462 et
1485 439 1549 462 non
1573 428 1649 462 alias
1673 434 1741 472 etc,
1762 429 1894 463 duarum

1159 482 1276 515 scilicet
1307 482 1459 515 factarum
1492 493 1548 526 per
1580 487 1721 515 sanctum
1750 482 1895 516 Carolum

1159 535 1196 568 de
1213 535 1301 568 annis
1321 545 1440 569 MDval
1464 540 1495 568 et
1520 546 1697 578 MDLxxvm,
1716 535 1843 578 tenoris,
1864 542 1897 569 ut

1160 589 1190 621 in
1204 588 1329 622 eorum¹
1350 589 1539 630 authentico,
1557 589 1677 632 integre
1694 600 1730 622 ac
1747 589 1785 622 de
1801 589 1898 622 verbo

1159 642 1197 674 ad
1222 643 1353 675 verbnm
1372 647 1402 674 et
1420 652 1485 675 non
1511 642 1586 675 ali'as
1609 642 1767 675 inserendi
1786 642 1899 675 instru-

1160 700 1265 728 mento
1297 695 1432 738 desuper
1464 695 1544 728 inter
1573 696 1655 739 ipsas
1688 700 1793 739 partes
1816 696 1898 729 cele-

1159 748 1290 789 brando,
1316 754 1347 782 et
1371 749 1503 782 aliarum
1521 749 1654 782 duarum
1673 750 1823 783 factarum
1841 759 1898 793 per

1160 802 1440 835 eminentissimum
1460 802 1622 836 dominum
1646 802 1835 836 cardinalem
1851 814 1899 836 ar-

1160 855 1394 899 chiepiscopum
1414 856 1601 889 modernum
1619 855 1657 889 de
1674 866 1755 889 anno
1780 866 1898 897 nncvn,

1160 913 1255 952 prout
1279 914 1383 942 tamen
1414 909 1445 942 in
1477 909 1638 953 particulis
1661 909 1836 943 inserendis
1867 914 1899 942 ut

1161 973 1256 1006 supra
1280 962 1312 995 in
1337 963 1420 997 dicto
1450 965 1657 996 instrumento
1689 962 1899 1004 celebrando,

1160 1015 1203 1048 ita
1218 1016 1301 1060 quod
1322 1027 1471 1060 praesens
1488 1016 1667 1057 concordia,
1686 1015 1840 1049 dictarum
1858 1015 1900 1049 vi-

1160 1068 1340 1102 sitationum
1357 1073 1515 1113 respectu,
1530 1069 1569 1102 sit
1586 1069 1730 1102 restricta
1747 1069 1786 1102 ad
1803 1068 1900 1103 dictas

1160 1123 1328 1165 particulas
1357 1123 1534 1165 dumtaxat,
1561 1128 1591 1156 et
1614 1133 1677 1156 non
1701 1123 1739 1156 ad
1766 1127 1846 1157 totas
1871 1128 1900 1156 et

1160 1175 1298 1218 integras
1317 1175 1507 1209 visitationes
1531 1187 1566 1209 ac
1590 1176 1746 1220 reliquum
1771 1175 1900 1210 earum²

1160 1232 1312 1269 tenorem,
1337 1229 1431 1262 etiam
1456 1229 1481 1262 si
1505 1229 1581 1273 quid
1605 1230 1740 1274 amplius
1755 1229 1794 1263 ad
1817 1230 1900 1264 favo-

1160 1292 1226 1314 rem
1259 1282 1491 1327 archiepiscopi
1522 1283 1553 1315 in
1584 1283 1646 1316 illis
1677 1283 1776 1327 possit
1801 1283 1899 1318 conli-

1159 1335 1244 1375 neri;
1277 1335 1351 1379 quia
1383 1336 1447 1376 sic,
1479 1341 1535 1369 etc.
1562 1342 1591 1369 et
1615 1346 1679 1370 non
1708 1336 1805 1378 alias,
1830 1341 1899 1374 etc..

1160 1389 1262 1429 omni,
1289 1394 1346 1421 etc.

1203 1441 1382 1475 Oblationes
1406 1442 1569 1486 publicae,
1603 1449 1633 1476 et
1663 1443 1832 1488 praecipue
1861 1444 1902 1477 al-·

1161 1495 1235 1528 taris
1260 1496 1400 1539 maioris,
1426 1496 1464 1529 ad
1482 1497 1651 1530 canonicos
1667 1503 1816 1541 spectent.
1838 1498 1901 1531 Pri-

1161 1552 1245 1582 vatas
1270 1559 1475 1592 unaquaeque
1499 1560 1572 1593 pars
1596 1549 1627 1582 in
1645 1560 1701 1583 suo
1718 1550 1815 1584 latere
1831 1561 1901 1595 per-

1161 1602 1265 1646 cipiat,
1291 1613 1370 1646 quae
1395 1603 1512 1646 absque
1530 1603 1590 1637 alio
1610 1603 1835 1647 impedimento
1848 1610 1899 1637 aut

1161 1655 1353 1689 dubitatione
1378 1656 1619 1700 percipientium
1644 1657 1728 1690 fiant.

1205 1709 1429 1751 Haereditates,
1450 1711 1552 1753 legata
1577 1716 1608 1743 et
1631 1716 1752 1744 ceterae
1769 1709 1900 1755 disposi-

1163 1763 1262 1796 tiones
1286 1764 1384 1797 factae
1401 1763 1439 1796 ad
1454 1763 1592 1797 favorem
1618 1764 1768 1797 ecclesiae
1785 1764 1813 1797 S.
1831 1764 1901 1797 Am-

1162 1816 1259 1849 brosii
1283 1817 1315 1849 in
1337 1828 1463 1860 genere,
1487 1822 1613 1862 praeter
1633 1816 1828 1861 supradictas
1848 1817 1901 1851 ob-

1162 1871 1303 1913 lationes,
1321 1882 1401 1915 quae
1418 1872 1469 1904 hic
1492 1881 1555 1904 non
1580 1871 1900 1915 comprehendantur,

1161 1924 1263 1958 neutri
1288 1925 1422 1967 collegio
1442 1930 1629 1958 censeantur
1648 1924 1830 1969 acquisitae,
1847 1923 1900 1958 sed

1162 1978 1334 2011 debeantur
1357 1978 1494 2011 fabricae
1519 1977 1615 2022 ipsius
1637 1977 1796 2010 ecclesiae.

1205 2031 1312 2065 Claves
1348 2037 1511 2075 portarum
1543 2030 1692 2064 ecclesiae
1723 2030 1899 2064 lateralium

1161 2090 1225 2118 tres
1249 2091 1414 2119 consuetas
1438 2089 1541 2118 teneat
1570 2084 1741 2128 capitulum
1774 2084 1900 2118 canoni-

1162 2149 1287 2179 corum,
1312 2139 1394 2171 inter
1417 2148 1494 2182 quas
1519 2137 1614 2171 clavis
1637 2142 1747 2181 portae
1771 2137 1900 2171 maioris

1162 2195 1416 2231 connumeratur,
1433 2196 1496 2223 tres
1521 2190 1596 2223 alias
1623 2190 1779 2232 monachi,
1805 2195 1901 2235 prout

1161 2245 1325 2288 hucusque
1350 2248 1590 2278 consueverunt.

1910 220 1959 248 Au.
1981 221 2007 248 Cr
2028 221 2094 249 1630

1206 2298 1352 2332 Custodia
1375 2298 1481 2331 altaris
1505 2298 1592 2331 aurei
1610 2297 1648 2330 ad
1666 2298 1837 2342 capitulum
1854 2308 1901 2332 ca·
1919 2304 1924 2309 '

1162 2352 1350 2385 nonicorum
1375 2356 1502 2395 spectet,
1527 2352 1656 2395 eiusque
1676 2352 1777 2385 claves
1797 2351 1835 2385 ab
1853 2362 1901 2385 eo-

1162 2405 1244 2447 dem,
1259 2415 1313 2438 scu
1330 2415 1347 2437 a
1363 2404 1541 2448 deputando
1557 2405 1596 2438 ab
1614 2415 1661 2446 eo,
1676 2404 1898 2439 custodiantur.

1163 2459 1303 2491 Habeant
1326 2458 1467 2491 canonici
1493 2469 1601 2491 curam
1635 2458 1772 2492 thesauri
1800 2456 1900 2491 dictae

1163 2512 1313 2545 ecclesiae
1339 2522 1374 2545 ac
1399 2522 1506 2545 sacrae
1531 2511 1774 2556 suppellectilis,
1807 2511 1905 2544 etiam

1200 2585 1209 2610 t
1229 2582 1329 2610 Forsan
1344 2583 1487 2619 legendum
1501 2591 1603 2611 earum
1617 2584 1657 2618 (R.
1673 2583 1720 2618 τ.).

1197 2626 1213 2654 2
1228 2627 1298 2655 Edit.
1314 2627 1393 2655 Maio.
1409 2627 1472 2663 legit
1487 2635 1588 2655 eorum
1603 2628 1640 2663 (n.
1656 2627 1704 2662 ¹12).
