2248 3229
243 227 330 255 An.C.
354 227 420 255 1637
467 219 532 253 6th

441 331 645 374 imposterum
672 329 868 362 reservandis
893 330 1051 373 (exceptis
1075 335 1179 363 tamen

441 383 593 415 contentis
608 382 638 414 in
651 382 761 416 litteris
775 382 824 415 die
838 382 958 416 Coenae
975 382 1095 416 Domini
1117 384 1178 426 legi

441 435 617 477 consuetis)
642 434 820 475 absolvere,
856 445 891 468 ac
926 446 984 478 pro
1005 436 1179 468 commissis

440 487 662 530 poenitentiam
677 487 844 521 salutarem
861 490 905 522 eis
922 490 1097 532 iniungere,
1111 500 1179 522 nec-

439 550 501 572 non
515 544 585 573 vota
600 551 816 584 quaecumque
831 542 1060 584 (ultramarino,
1074 542 1178 575 visita-

439 592 532 624 tionis
556 593 700 626 ]iminum
731 594 895 628 beatorum
928 596 1009 629 Petri
1035 601 1064 628 et
1093 595 1179 627 Pauli

438 646 660 688 Apostolorum
685 646 723 679 de
749 647 841 688 Urbe,
859 653 889 680 et
911 649 1006 682 sancti
1024 648 1127 681 Iaeobi
1148 649 1178 680 in

439 698 657 742 Compostella‚
675 699 887 743 castitatisque
908 706 937 733 et
953 701 1114 743 religionis
1131 711 1180 734 vo-

439 751 477 783 tis
498 751 658 784 dumtaxat
675 753 824 797 exceptis)
843 754 873 786 in
890 754 950 787 alia
969 755 1179 798 poenitentiae

440 804 487 836 vel
511 804 634 848 pietatis
658 816 753 849 opera
785 812 997 847 commutare,
1018 813 1179 851 praeterea

439 867 496 900 per
520 858 685 892 dimidium
711 859 807 893 horae
832 861 966 904 spatium
992 867 1062 894 ante
1087 872 1178 895 auro-

440 921 506 943 ram
532 917 562 944 et
586 918 657 955 post
682 913 845 946 meridiem
872 915 983 947 missas
1003 915 1178 953 celebrare;

441 974 477 997 ac
501 965 603 1005 etiam,
621 967 673 1009 qui
699 977 735 999 ex
760 967 804 1000 eis
828 968 957 1011 praevio
983 969 1125 1001 examine
1142 968 1179 1001 ad

440 1017 652 1051 consessiones
668 1019 838 1053 audiendas
863 1021 894 1053 in
920 1021 985 1064 ipsa
1003 1021 1085 1054 Urbe
1103 1032 1120 1054 a
1138 1021 1180 1054 di-

440 1076 489 1104 cto
502 1071 620 1105 vicario
634 1073 799 1116 approbati
813 1074 937 1114 suerint,
953 1079 982 1106 et
997 1080 1081 1107 extra
1100 1085 1180 1107 eam-

440 1124 510 1156 dem
535 1124 651 1157 Urbem
677 1126 795 1169 absque
827 1127 889 1159 alio
915 1128 1057 1160 examine
1081 1128 1118 1160 de
1144 1128 1180 1159 li-

441 1177 541 1209 centia
568 1181 668 1211 tamen
694 1178 931 1212 Ordiuariorum
958 1180 1111 1220 locorum,
1134 1181 1178 1212 in-

440 1229 578 1262 dultibus
603 1236 633 1263 et
652 1231 851 1264 facultatibus
875 1232 1054 1265 huiusmodi
1072 1233 1116 1266 uti
1145 1243 1180 1266 ac

440 1283 535 1325 potiri
559 1283 657 1316 libere
681 1289 711 1316 et
734 1284 816 1317 licite
842 1285 977 1327 valeant,
1009 1286 1179 1329 apostolica

442 1336 636 1375 auctoritate,
654 1342 762 1370 tenore
787 1338 1001 1381 praesentium
1028 1339 1176 1371 concedi-

441 1399 509 1421 mus
535 1395 563 1421 et
590 1389 796 1433 indulgemus.
811 1391 1020 1426 Decernentes
1037 1403 1181 1435 praeseu-

442 1446 486 1475 tos
511 1442 628 1475 litteras
654 1444 740 1476 nullo
765 1454 902 1488 unquam
927 1450 1069 1488 tempore
1093 1456 1180 1478 revo-

442 1495 514 1537 cari,
532 1497 689 1540 suspendi,
711 1497 757 1529 vel
780 1498 918 1538 limitari,
936 1508 1036 1541 neque
1062 1499 1105 1531 eis
1130 1499 1181 1531 de-

442 1549 546 1590 rogari
565 1560 666 1592 posse,
685 1560 742 1582 nec
760 1551 817 1583 sub
843 1551 1005 1594 quibusvis
1030 1551 1178 1584 similium
1196 1561 1198 1570 ¹

442 1602 488 1633 vel
507 1602 706 1635 dissimilium
733 1605 905 1646 gratiarum
928 1605 1180 1638 revocationibus

442 1656 683 1698 comprehendi,
705 1662 735 1689 et
752 1657 873 1700 quoties
890 1658 960 1690 illae
980 1658 1179 1698 emanabunt,

442 1708 531 1740 toties
557 1710 587 1741 iu
611 1709 777 1752 pristinum
797 1721 888 1743 suum
908 1716 936 1743 et
956 1711 1178 1743 validissimum

442 1767 554 1794 statum
580 1763 740 1795 restitutas
760 1768 790 1796 et
810 1764 950 1806 plenarie
975 1764 1181 1806 reintegratas

443 1824 509 1846 esse
534 1819 564 1846 et
589 1816 727 1855 censeri,
753 1816 938 1859 irritumque
965 1822 994 1849 et
1018 1817 1130 1857 inane,
1156 1817 1179 1849 si

443 1878 532 1899 secus
556 1878 652 1911 super
677 1869 725 1901 his
751 1879 767 1901 a
791 1880 974 1913 quoquam,
995 1871 1103 1913 quavis
1127 1881 1181 1903 au-

443 1920 599 1962 ctoritate,
626 1921 759 1954 scienter
784 1923 830 1954 vel
856 1922 1057 1965 ignoranter,
1084 1924 1181 1956 eonti-

443 1973 523 2014 gerit
546 1974 700 2006 attentari.
719 1975 786 2007 Non
815 1975 1009 2008 obstantibus
1033 1976 1182 2018 praemis-

443 2025 495 2065 sis,
516 2036 552 2058 ac
576 2027 851 2060 constitutionilnis
875 2033 904 2059 et
929 2028 1181 2061 ordinationibus

443 2079 632 2121 apostolicis,
656 2080 830 2123 ceterisque
855 2081 1020 2113 contrariis
1045 2081 1178 2124 quibus-

443 2141 585 2174 cumque.
610 2132 760 2165 Volumus
785 2137 898 2173 autem,
917 2133 1000 2175 quod
1018 2133 1181 2177 Philippus

444 2189 471 2216 et
490 2185 665 2229 presbyteri
683 2186 833 2229 praedicti
859 2186 1039 2218 huiusmodi
1061 2187 1181 2219 indulto

444 2237 621 2270 celebrandi
646 2244 715 2270 ante
740 2238 822 2271 diem
840 2250 932 2281 parce
952 2245 1088 2279 utantur,
1109 2240 1181 2283 quia

444 2301 513 2322 rum
540 2291 569 2322 iu
595 2291 700 2323 altaris
725 2292 900 2324 ministerio
926 2293 1107 2325 immoletur
1128 2293 1182 2325 Do-

444 2343 546 2376 minus
567 2350 673 2376 noster
689 2345 829 2377 Christus
849 2345 902 2377 Dei
919 2345 1025 2385 Filius,
1045 2346 1097 2389 qui
1115 2356 1183 2378 can-

444 2397 500 2428 dor
525 2402 571 2429 est
595 2397 673 2430 lucis
697 2404 851 2439 aeternae,
878 2399 1022 2440 congruit
1041 2399 1101 2432 hoc
1119 2409 1180 2432 nou

445 2450 543 2482 noctis
566 2450 703 2482 tenebris
721 2451 798 2492 sieri,
815 2451 868 2483 sed
890 2452 919 2483 in
934 2452 1017 2490 luce;
1036 2452 1182 2495 quodque

445 2503 655 2545 praesentium
671 2504 884 2547 transumptis,
903 2504 994 2536 etiam
1013 2505 1182 2547 impressis,

445 2555 557 2588 notarii
576 2556 692 2598 publici
711 2566 804 2588 manu
822 2556 1015 2599 subscriptis,
1033 2561 1060 2590 et
1079 2557 1182 2599 sigillo

447 2608 555 2641 iudicis
581 2608 730 2641 ordinarii
756 2610 914 2642 Romanae
939 2611 1043 2642 curiae
1069 2610 1115 2642 vel
1137 2610 1180 2641 al-

1019 229 1197 254 BULLARIUM
1221 229 1374 254 ROMANUM

441 278 531 310 etiam
557 288 573 309 a
599 277 720 310 casibus
734 276 833 310 dictae
846 276 921 319 JSedi
946 277 1111 309 reservatis
1132 278 1196 309 vel¹

1212 277 1309 310 terius
1331 286 1483 320 personae
1508 277 1538 309 in
1564 277 1712 320 dignitate
1737 277 1947 311 ecclesiastica

1213 329 1397 363 constitutae
1422 329 1560 369 munitis,
1585 330 1692 362 eadem
1717 341 1847 374 prorsus
1871 330 1948 364 fides

1212 382 1328 426 ubique
1353 382 1495 415 locorum
1528 382 1732 423 adhibeatur,
1764 394 1842 427 quae
1874 384 1949 428 ipsis

1213 436 1431 479 praesentibus
1456 436 1661 479 originalibus
1685 436 1897 477 adhiberetur,
1923 437 1949 469 si

1214 490 1314 522 forent
1338 489 1493 522 exhibitae
1517 490 1565 522 vel
1590 494 1740 523 ostensae.
1766 489 1848 522 Nulli
1872 500 1950 532 ergo

1212 543 1340 576 omuino
1364 543 1526 576 hominum
1562 543 1653 575 liceat
1687 542 1766 575 hanc
1804 542 1949 586 paginam

1213 601 1337 629 nostrae
1360 596 1574 637 absolutionis,
1592 595 1812 638 concessionis,
1831 595 1950 635 indulti,

1213 649 1329 682 decreti
1347 655 1377 682 et
1391 650 1556 683 voluntatis
1571 650 1752 693 infringere,
1768 649 1815 682 vel
1829 648 1856 681 ei
1874 658 1950 681 ausu

1213 703 1381 736 temerario
1414 703 1580 736 contraire.
1606 703 1637 736 Si
1663 703 1732 747 quis
1762 708 1865 735 autem
1890 702 1950 735 hoc

1213 761 1365 789 attentare
1403 757 1670 800 praesumpserit,
1704 755 1950 799 indignationem

1213 809 1437 852 omnipotentis
1467 809 1520 842 Dei
1549 820 1584 842 ac
1608 810 1773 842 beatorum
1806 807 1888 840 Petri
1923 812 1951 839 et

1214 862 1299 894 Pauli
1324 862 1539 906 apostolorum
1559 862 1624 895 eius
1649 872 1681 895 se
1705 861 1827 895 noverit
1851 861 1952 894 iucur-

1213 926 1332 948 surum.
1360 916 1471 948 Datum
1496 916 1623 956 Romae,
1644 915 1728 959 apud
1752 915 1781 949 S.
1802 915 1950 955 Marcum,

1212 979 1294 1002 anno
1318 969 1544 1002 lucarnationis
1573 969 1753 1002 Dominicae
1779 977 1952 1007 MDLxxxw,

1213 1031 1244 1054 lx
1263 1022 1461 1065 septembris,
1482 1022 1684 1066 pontificatus
1703 1021 1802 1055 nostri
1820 1030 1901 1054 anno
1920 1030 1951 1053 11.

1257 1075 1271 1118 ξ
1296 1075 1324 1107 2.
1344 1076 1414 1116 Nos,
1437 1075 1473 1107 ad
1496 1075 1607 1108 uberes
1627 1074 1755 1116 fructus,
1776 1084 1854 1118 quos
1879 1073 1953 1106 dile-

1214 1127 1253 1159 cti
1272 1127 1326 1159 filii
1353 1128 1527 1171 presbyteri
1545 1127 1803 1170 Congregationis
1817 1126 1952 1160 Oratorii

1214 1180 1310 1214 sancti
1337 1180 1471 1224 Philippi
1497 1181 1592 1221 Nerii,
1609 1181 1640 1213 iu
1660 1180 1782 1213 civitate
1807 1179 1951 1223 Neapoli-

1215 1234 1285 1265 tana
1310 1233 1458 1266 canonice
1479 1233 1646 1275 institutae,
1675 1233 1760 1265 verbi
1786 1233 1840 1265 Dei
1864 1242 1952 1276 prae-

1214 1285 1443 1327 dicationibus,
1465 1291 1733 1319 sacramentorum
1766 1286 1951 1319 ecclesiasti-

1214 1350 1323 1372 corum
1339 1340 1619 1381 administratione,
1633 1340 1865 1384 multorumque
1877 1339 1952 1372 alio-

1214 1403 1284 1424 rum
1302 1392 1482 1425 huiusmodi
1503 1393 1627 1436 piorum
1645 1404 1778 1436 operum
1796 1392 1952 1425 exercitiis

1214 1446 1364 1479 haetenus
1395 1447 1564 1479 attuleruut
1592 1452 1622 1479 et
1645 1447 1675 1479 in
1707 1447 1773 1480 dies
1797 1446 1951 1485 afferunt,

1214 1504 1362 1542 paternae
1387 1499 1557 1542 dirigentes
1581 1499 1841 1533 considerationis
1862 1499 1953 1532 intui-

1216 1557 1291 1593 tum,
1317 1558 1350 1585 ut
1374 1553 1405 1585 in
1432 1559 1492 1585 tani
1515 1559 1622 1586 sancto
1647 1559 1675 1586 et
1693 1553 1841 1586 laudabili
1867 1552 1953 1585 insti—

1214 1610 1281 1637 tuto
1306 1605 1465 1637 ardentius
1481 1605 1519 1638 de
1544 1611 1649 1639 cetero
1673 1610 1882 1649 perseverent,
1900 1615 1952 1637 eos

1214 1658 1382 1701 praecipuo
1397 1663 1545 1701 paternae
1562 1659 1723 1690 charitatis
1740 1657 1852 1690 affectu
1872 1667 1953 1690 com-

1215 1710 1395 1752 plectendos
1420 1710 1574 1743 duximus.
1601 1711 1678 1743 Hinc
1703 1716 1749 1743 est
1773 1710 1857 1754 quod
1881 1720 1952 1750 nos,

1215 1763 1394 1806 praedictos
1424 1763 1627 1807 presbyteros
1660 1763 1733 1796 dieti
1757 1763 1953 1807 Neapolitani

1215 1816 1349 1849 Oratorii
1379 1816 1566 1859 specialibus
1599 1817 1756 1849 favoribus
1787 1822 1817 1849 et
1844 1816 1953 1859 gratiis

1215 1869 1363 1912 prosequi
1391 1869 1548 1907 volentes,
1580 1874 1609 1902 et.
1633 1880 1744 1902 eorum
1779 1869 1954 1912 singulares

1215 1933 1365 1965 personas
1390 1933 1406 1955 a
1431 1922 1593 1966 quibusvis
1610 1923 1953 1962 excommunicationis,

1215 1975 1430 2019 suspensionis
1455 1980 1485 2008 et
1510 1976 1676 2016 interdicti,
1701 1976 1831 2019 aliisque
1855 1975 1954 2008 eccle-

1216 2029 1347 2061 siasticis
1381 2029 1551 2069 sententiis,
1576 2029 1716 2062 censuris
1741 2034 1769 2061 et
1793 2029 1912 2072 poenis,
1937 2039 1954 2060 a

1216 2083 1283 2114 iure
1300 2083 1347 2115 vel
1373 2082 1411 2114 ab
1436 2083 1572 2123 homine,
1596 2083 1703 2126 quavis
1727 2082 1890 2115 occasione
1906 2082 1953 2114 vel

1216 2138 1308 2168 causa
1334 2136 1413 2176 latis,
1434 2136 1457 2168 si
1480 2136 1593 2179 quibus
1609 2135 1845 2179 quomodolibet
1864 2135 1954 2168 inuo-

1216 2188 1304 2221 datae
1328 2189 1483 2229 existunt,
1512 2189 1549 2221 ad
1574 2188 1717 2221 effectum
1743 2188 1954 2231 praesentium

1216 2240 1373 2274 dumtaxat
1389 2241 1655 2285 consequendum,
1672 2241 1784 2273 harum
1803 2241 1883 2273 serie
1903 2240 1954 2272 ab·

1217 2294 1372 2327 solventes
1390 2300 1417 2327 et
1437 2294 1594 2328 absolutas
1612 2295 1676 2327 fore
1697 2299 1866 2333 censentes,
1887 2303 1955 2336 sup·

1216 2347 1439 2389 plicationibus
1463 2348 1593 2382 dilectae
1611 2348 1640 2380 in
1659 2347 1781 2381 Christo
1800 2347 1880 2379 filiae
1896 2356 1951 2378 no—

1216 2400 1286 2432 bilis
1301 2400 1441 2433 mulieris
1459 2402 1564 2433 Annae
1582 2401 1749 2434 Columnae
1766 2399 1952 2432 Barberinae

1216 2453 1347 2486 dilectae
1379 2453 1434 2485 filii
1463 2454 1576 2487 nobilis
1604 2454 1661 2486 viri
1690 2453 1844 2486 Thaddaei
1874 2452 1949 2484 Bar-

1217 2505 1316 2539 beriui
1342 2507 1442 2539 almae
1472 2507 1564 2540 Urbis
1592 2511 1717 2540 nostrae
1749 2505 1896 2550 praefecti
1925 2510 1954 2537 et

1218 2558 1367 2602 principis
1400 2559 1613 2600 Praenestini,
1649 2559 1746 2592 nostri
1781 2558 1951 2591 seeundum

1216 2622 1341 2644 caruem
1369 2623 1403 2644 ex
1431 2613 1524 2645 fratre
1551 2622 1700 2655 germano
1725 2613 1858 2655 nepotis.
1878 2621 1952 2643 cou-

1967 229 2016 256 An.
2030 229 2056 257 C.
2077 229 2144 257 1637

1994 1084 2017 1105 Et
2033 1085 2107 1105 eadem
2121 1086 2150 1105 in-

1967 1111 2023 1132 dulta
2033 1111 2149 1137 Congu-ega-

1966 1139 2016 1158 tioni
2053 1137 2151 1163 Neapoli-

1966 1164 2150 1184 tanaecontirmat.
