2248 3229
75 206 123 234 An.
145 206 175 235 G.
192 205 262 235 ¹639

119 1717 192 1740 aaron
216 1718 267 1738 duo-

79 1744 150 1767 decim
171 1745 267 1766 alumna-

79 1774 114 1793 tiu
128 1778 141 1792 a
161 1771 265 1793 cardinali

79 1798 170 1821 Antonio
186 1798 265 1819 Barbe-

79 1825 126 1847 rino
147 1825 201 1846 alit«
221 1831 267 1846 en·-

79 1854 126 1872 etos
141 1852 162 1873 in
175 1851 267 1877 collega.

80 1877 169 1900 Urbano
184 1894 189 1903 ,
219 1879 266 1899 vide

81 1910 146 1932 nupta
160 1910 208 1933 pag,
221 1904 266 1930 580,

882 210 1027 235 unnANUS
1051 210 1108 236 vm
1132 212 1179 236 FP.

278 255 480 301 pessendum,
493 256 704 292 mediantibus
716 267 871 293 novorum
885 258 1023 292 alumna-

280 312 369 343 tuum
390 309 421 342 in
443 309 502 344 hac
523 312 633 344 nostra
655 312 739 346 Urbe
756 316 932 346 ceterarum
957 322 1022 346 om-

280 362 367 396 nium
386 363 538 407 magistra
551 365 774 406 erectionibus,
787 366 889 399 aditus
903 366 1023 410 aperia-

281 422 343 457 tur,
360 422 394 450 ut
410 417 470 451 hoc
488 417 592 452 medio
617 419 677 452 illis
702 419 732 452 in
752 419 825 452 fidei
850 411 1022 453 catholicae

280 469 459 514 huiusque¹
487 471 619 506 Sanctae
646 472 736 506 Sedis
766 473 853 506 cultu
883 473 1023 507 educatis

281 528 311 557 et
338 523 509 566 instructis,
531 536 568 559 ac
595 525 633 559 ad
654 537 765 560 eorum
789 527 935 571 regiones
959 538 1019 571 po·

281 582 347 610 stea
371 578 518 619 reversis,
536 579 701 623 frangendi
725 580 789 614 illic
812 581 1022 614 esurientibus

280 641 393 676 panem
411 641 502 665 suum
518 633 726 677 spiritualem,
751 635 959 678 semitamque
978 646 1023 668 re·
1039 628 1041 636 ’

281 690 362 724 ctam
378 711 386 726 ,
411 695 470 730 per
492 696 587 729 quam
613 686 794 728 ambulent,
819 687 1022 732 veritatisque

280 737 389 770 lumen
413 743 444 771 et
468 739 576 773 salutis
600 739 682 773 viam
706 740 874 782 edocendi,
898 740 1023 784 religio-

280 799 354 824 nem
387 791 574 826 catholicam
606 792 637 826 in
668 793 850 837 longinquis
882 794 1024 838 partibus
1040 803 1041 810 ¹

281 850 311 878 et
334 854 443 878 earum
468 845 606 879 efferatis
629 847 776 889 gentibus
792 847 977 880 restituendi
994 854 1041 881 et¹

280 898 476 942 propagandi
494 899 686 943 possibilitas
699 910 763 933 non
776 906 924 943 negetur:
942 901 1023 933 unde
1040 901 1042 935 ἰ
1059 902 1154 935 certis
1168 903 1263 936 modo
1278 909 1307 937 et
1321 904 1422 937 soi-ma
1439 904 1531 938 etiam
1547 910 1620 938 tunc
1634 905 1800 950 expressis,

281 957 406 986 sanctae
433 953 593 987 Romanae
621 954 779 987 Ecclesiae
806 948 1043 996 cardinalium,‘

280 1006 467 1050 praesertim
491 1007 582 1040 nobis
599 1007 751 1051 sanguine
771 1008 1022 1051 coniunctorum,

281 1059 312 1092 in
331 1058 361 1092 id
381 1059 543 1094 facultates
567 1070 649 1101 suas,
670 1060 764 1093 etiam
785 1071 856 1094 cum
877 1071 940 1094 non
961 1072 1024 1095 mo-

281 1112 352 1146 dico
368 1113 509 1146 eiusdem
534 1112 627 1147 Urbis
646 1112 772 1154 decore,
789 1113 911 1147 liberali
928 1125 1023 1148 manu

281 1176 416 1210 erogare
448 1165 676 1199 intendentium
708 1166 808 1209 votis,
833 1177 897 1201 non
921 1168 1022 1201 solum

281 1219 445 1264 apostolici
470 1219 585 1253 favoris
609 1219 795 1263 suffragium
821 1221 904 1255 ultro
937 1222 1024 1254 adhi-

280 1272 402 1315 bemus,
427 1273 482 1306 sed
507 1273 601 1306 etiam
627 1273 659 1307 in
679 1279 742 1307 tam
763 1275 895 1308 eximiae
919 1276 1020 1319 pieta-

281 1326 319 1361 tis
339 1326 445 1371 operis
465 1328 756 1361 remunerationem
776 1339 830 1362 eos
849 1339 1024 1374 eorumque

281 1385 427 1424 posteros
460 1380 616 1424 condigna
647 1381 779 1415 lionoris
803 1384 1022 1426 praerogativa

280 1433 479 1474 decoramus,
504 1434 643 1478 aliasque
666 1434 802 1479 desuper
826 1435 1025 1480 disponimus

281 1492 312 1520 et
335 1487 531 1528 ordinamus,
550 1493 655 1533 prout,
672 1499 790 1529 rerum,
816 1500 1023 1533 personarum

281 1546 311 1574 et
335 1546 516 1587 temporum
542 1543 746 1587 qualitatibus
762 1543 866 1578 debite
887 1544 1026 1578 conside-

281 1594 375 1636 ratis,
400 1595 612 1640 conspicimus
636 1596 667 1630 in
692 1596 826 1630 Domino
857 1597 1026 1632 salubriter

282 1649 440 1693 expedire.

325 1703 340 1747 ἓ
364 1702 395 1736 1.
428 1702 511 1737 Alias
542 1702 715 1748 siquidem,
740 1713 794 1737 seu
825 1713 944 1748 nuper,
968 1715 1026 1738 nos

282 1757 361 1792 votis
376 1757 480 1791 dilecti
498 1757 554 1791 filii
571 1758 670 1792 nostri
688 1757 795 1791 fratris
812 1758 939 1792 Antonii
957 1758 1027 1792 Bar-

281 1811 383 1844 berini
402 1811 484 1844 tituli
502 1816 575 1844 tunc
592 1811 621 1845 S.
643 1811 832 1855 Honuphrii‚
849 1822 933 1845 nunc
950 1822 1025 1845 vero

282 1864 310 1898 S.
337 1865 421 1898 Petri
445 1864 484 1897 ad
511 1864 641 1898 Vincula
669 1865 863 1909 nuncupati,
894 1865 1023 1911 presby-

281 1919 340 1952 teri
366 1918 533 1952 cardinalis
565 1918 594 1952 S.
620 1918 797 1963 Ilonuphrii
830 1922 1024 1964 nuncupati,

280 1972 381 2006 nostri
403 1971 576 2006 secundum
599 1982 726 2006 carnem
747 1972 853 2006 fratris
869 1975 1023 2017 germani,

282 2026 412 2060 maioris
432 2025 666 2071 poenitentiarii
680 2032 710 2059 et
727 2026 936 2060 bibliothecae
954 2037 1026 2071 apo-

281 2080 410 2114 stolicae
433 2079 604 2124 praefecti,
636 2079 794 2123 uniusque
823 2090 859 2114 ex
884 2080 1022 2114 eiusdem

281 2138 406 2168 sanctae
430 2133 589 2168 Romanae
620 2133 778 2166 Ecclesiae
813 2133 1024 2168 cardinalibus

281 2198 376 2232 super
400 2187 535 2231 negotiis
567 2186 605 2220 de
636 2185 698 2220 side
730 2187 885 2221 catholica
909 2197 1024 2231 propa-

281 2241 384 2285 ganda
409 2240 575 2285 deputatis,
593 2250 734 2274 annuere
758 2240 908 2281 volentes,
926 2251 1023 2275 unum
1040 2253 1041 2273 1

281 2295 476 2330 alumnatum
501 2305 559 2339 pro
584 2294 751 2329 duodecim
776 2306 836 2340 pro
863 2301 936 2329 tunc
961 2296 1025 2329 alu-

280 2349 363 2384 mnis
387 2349 481 2383 certis
498 2348 592 2382 modo
610 2354 640 2382 et
657 2349 759 2382 forma
777 2354 851 2382 tunc
866 2349 1024 2394 expressis

281 2403 480 2448 qualificatis,
497 2408 527 2436 et
543 2413 579 2436 ex
604 2401 894 2446 Gregorianorum²
911 2407 940 2438 et
956 2403 1025 2437 Per-

281 2467 388 2491 sarum
412 2467 448 2490 ae
472 2456 743 2496 Nestorianorum‚
764 2466 886 2490 necnon
907 2457 1025 2491 Iacobi-

281 2517 384 2548 tarum
409 2517 440 2546 et
464 2511 692 2555 Melchitarum,
715 2517 808 2556 atque
830 2512 1023 2556 Cophtorum

319 2586 329 2612 l
345 2583 490 2620 Pei-peram
502 2582 544 2611 ed.
555 2583 634 2611 Mein.
645 2583 708 2619 legit
718 2583 1023 2620 huiuscumque(n.·r.).

317 2630 333 2657 2
349 2629 440 2658 Potius
455 2629 515 2666 lege
531 2629 765 2665 Georqianorum
782 2630 873 2664 (n.1.).

1700 203 1765 239 735
1812 215 1859 241 An.
1881 215 1908 242 c.
1927 213 1994 243 ¹61⁹

1055 260 1246 301 nationibus,
1271 260 1394 294 duobus
1418 260 1563 294 videlieet
1582 271 1640 305 pro
1657 262 1797 306 qualibet

1056 314 1210 354 oriundis,
1231 314 1262 347 in
1287 315 1422 358 collegio
1439 315 1477 348 dc
1494 315 1703 359 Propaganda
1722 315 1797 349 Fide

1057 367 1150 400 liuius
1175 368 1274 401 almae
1300 368 1392 402 Urbis
1416 373 1570 413 perpetuo
1590 369 1750 402 ereximus
1767 375 1797 403 et

1057 420 1262 462 instituimus;
1284 422 1375 466 eique
1396 422 1440 456 sic
1465 427 1571 455 erecto
1591 427 1621 455 et
1645 423 1796 464 instituto,

1056 484 1114 517 pro
1140 474 1223 507 illius
1247 475 1448 509 alumnorum
1467 476 1702 517 sustentatione,
1724 476 1797 510 alio-

1056 538 1192 571 rumque
1215 538 1348 561 onerum
1374 529 1632 573 supportatione,
1658 529 1799 563 redditus

1057 590 1178 614 annuos
1212 591 1269 624 per
1304 581 1422 615 dictum
1457 582 1588 616 fratrem
1629 583 1797 617 Antonium

1057 634 1248 667 cardinalem
1273 635 1448 678 assignatos
1472 641 1502 669 et
1527 641 1599 669 tunc
1633 647 1798 681 expressos

1057 687 1150 720 etiam
1175 692 1328 732 perpetuo
1353 689 1568 722 concessimus
1586 694 1616 722 et
1632 691 1799 734 assignavi-

1058 751 1142 782 mus,
1167 751 1202 775 ac
1227 742 1275 775 ius
1299 743 1480 776 nominandi
1505 743 1649 777 alumnos
1679 744 1799 788 praedi-

1058 800 1124 828 ctos
1148 795 1250 828 cidem
1283 796 1371 829 fratri
1403 797 1538 830 Antonio
1569 797 1741 839 cardinali,
1771 801 1799 833 et

1058 849 1153 882 certis
1177 850 1245 882 aliis
1269 856 1343 883 tunc
1375 851 1530 895 expressis
1555 852 1717 895 personis,
1741 852 1800 885 sub

1059 956 1204 989 similiter
1228 963 1382 1001 perpetuo
1411 959 1651 1000 reservavimus,
1677 969 1802 992 conces-

1040 1026 1042 1031 ·
1059 1010 1157 1042 simus
1171 1014 1200 1044 et
1215 1011 1453 1054 assignavimus,
1467 1012 1589 1055 aliaque
1603 1011 1801 1046 decrevimus

1059 1068 1089 1095 et
1112 1064 1288 1104 statuimus,
1314 1070 1407 1108 prout
1424 1065 1455 1097 in
1472 1065 1597 1107 nostris,
1616 1065 1674 1098 sub
1693 1065 1800 1099 datum

1059 1116 1204 1150 videlicet
1227 1127 1247 1151 x
1273 1118 1421 1151 kalendas
1452 1119 1575 1163 aprilis,
1600 1119 1801 1164 pontificatus

1059 1171 1157 1204 nostri
1182 1181 1265 1205 anno
1286 1181 1348 1214 xrv,
1374 1172 1533 1214 consectis,
1557 1173 1680 1217 plenius
1705 1173 1801 1208 conti-

1059 1223 1177 1257 netur¹.

1104 1277 1167 1320 §⁶2-
1193 1277 1269 1311 Cum
1295 1283 1417 1319 autem,
1442 1279 1522 1312 sicut
1546 1279 1639 1313 nobis
1658 1290 1741 1314 nunc
1758 1281 1801 1314 in·
1831 1322 1834 1325 .
1863 1294 2000 1321 Montemque

1059 1330 1175 1370 notuit,
1200 1330 1282 1364 idem
1312 1331 1410 1364 frater
1440 1333 1593 1366 Antonius
1623 1333 1800 1375 cardinalis,
1816 1321 2004 1378 ifflz'llmfflsslfl

1059 1384 1292 1417 sanctissimum
1321 1390 1352 1418 et
1382 1385 1483 1419 dictae
1512 1386 1672 1420 Romanae
1700 1375 2001 1421 Enete-⁶⁰⁰'ffl“¹⁰⁰“⁰‘¹'·

1059 1438 1122 1471 siae
1147 1438 1349 1471 utilissimum
1375 1439 1516 1473 eiusdem
1544 1441 1802 1484 congregationis

1059 1501 1140 1535 opus
1163 1492 1357 1535 peramplius
1381 1503 1571 1536 promovere
1601 1494 1800 1538 desiderans,

1059 1545 1154 1578 alium
1180 1545 1375 1579 alumnatum
1401 1547 1534 1580 aliorum
1564 1548 1714 1581 tredecim
1740 1549 1803 1582 alu-

1060 1609 1206 1632 mnorum
1232 1610 1290 1644 pro
1314 1599 1500 1644 AEtliiopica,
1518 1601 1582 1634 sive
1600 1601 1752 1642 Abissina,
1772 1607 1803 1636 et

1060 1652 1233 1686 Bracmana
1269 1652 1429 1686 indiarum
1465 1654 1666 1688 orientalium
1703 1660 1733 1688 et
1770 1655 1801 1689 in

1059 1716 1168 1740 earum
1192 1706 1346 1749 desectum
1361 1708 1498 1740 Armena
1515 1708 1707 1750 nationibus,
1723 1719 1801 1753 quas

1041 1783 1043 1792 1
1059 1770 1121 1794 non
1143 1760 1257 1794 minori
1274 1761 1496 1805 operariorum
1515 1762 1801 1796 ecclesiasticorum

1059 1824 1151 1857 quam
1168 1815 1290 1858 priores
1309 1813 1385 1848 seu⁹
1405 1815 1546 1848 nationes
1562 1825 1656 1859 supra
1677 1826 1803 1860 expres·

1059 1878 1107 1900 sas
1125 1869 1258 1913 penuria
1278 1868 1423 1902 laborare
1436 1869 1611 1913 conspexit,
1626 1869 1718 1902 etiam
1737 1870 1803 1903 sun-

1059 1921 1143 1962 dare,
1161 1921 1329 1966 eidemque
1346 1928 1577 1966 competentem
1601 1922 1706 1956 dotem
1728 1923 1802 1957 assi·

1058 1984 1165 2018 gnare,
1190 1985 1314 2008 necnon
1340 1975 1387 2008 ius
1401 1975 1582 2008 nominandi
1597 1976 1657 2009 sibi
1675 1981 1704 2009 et
1722 1977 1800 2019 aliis,

1059 2032 1091 2062 ut
1115 2028 1215 2070 infra,
1241 2038 1405 2062 reservare
1437 2029 1591 2069 intendat,
1616 2039 1671 2062 seu
1695 2029 1801 2064 dotem

1059 2081 1239 2115 huiusmodi
1264 2082 1325 2115 iam
1349 2082 1453 2116 forsan
1476 2082 1700 2126 assignaverit:

1103 2136 1117 2179 g
1142 2135 1170 2169 3.
1192 2136 1264 2177 Nos,
1282 2140 1345 2168 tam
1370 2136 1458 2179 pium
1485 2146 1575 2180 opus,
1597 2142 1748 2180 quantum
1771 2138 1801 2172 in
1843 2147 1910 2184 nuga
1933 2147 2001 2170 urba-

1058 2189 1148 2223 nobis
1166 2195 1222 2228 est,
1241 2189 1408 2222 confovere
1430 2194 1459 2222 et
1484 2189 1521 2222 ad
1547 2195 1687 2234 optatum
1705 2191 1800 2225 finem
1816 2180 1862 2196 ‘'u''

1060 2243 1235 2287 perducere
1252 2242 1382 2276 sinceris
1399 2242 1563 2276 affectibus
1576 2243 1800 2288 desiderantes,

1040 2303 1088 2336 ,et
1105 2297 1244 2330 eiusdem
1257 2296 1381 2330 Antonii
1393 2297 1560 2330 cardinalis
1570 2299 1800 2332 sanctissimum

1058 2351 1255 2396 propositum
1282 2350 1462 2384 huiusmodi
1485 2351 1658 2396 plurimum
1685 2352 1715 2385 in
1741 2353 1801 2386 Do-

1059 2404 1144 2438 mino
1157 2403 1424 2444 commendantes,
1434 2410 1677 2448 nostrarumque
1688 2405 1802 2439 littera-

1058 2469 1127 2492 rum
1144 2458 1377 2502 praedictarum
1393 2462 1528 2499 tenores,
1543 2459 1635 2491 etiarn
1652 2460 1800 2503 veriores,

1058 2523 1093 2546 ac
1118 2512 1205 2546 datas
1237 2512 1455 2556 praesentibus
1483 2523 1541 2557 pro
1567 2513 1723 2557 expressis
1749 2513 1801 2548 ha-

1095 2586 1105 2611 1
1125 2583 1195 2615 Quas
1209 2583 1268 2610 vide
1282 2591 1365 2619 supra
1381 2591 1441 2619 pag.
1458 2583 1511 2611 580
1525 2583 1563 2617 (n.
1577 2584 1628 2619 ·t·.).

1093 2628 1108 2657 2
1125 2628 1259 2657 Particula
1273 2637 1323 2658 seu
1338 2628 1445 2658 videtur
1460 2629 1599 2666 superflua
1613 2630 1655 2666 (n.
1671 2630 1719 2664 ·r.).
