2248 3229
35 239 85 270 An.
106 241 136 270 C.
152 239 222 270 ¹636

76 677 224 704 Tnnsnmpio·

40 711 85 726 mm
100 704 159 725 tides.

110 1954 192 1976 Causae
209 1954 241 1974 ta-

57 1982 147 2002 ciendae
169 1981 240 2002 decta·

58 2011 155 2030 rationu.

843 241 985 267 nnnaxus

235 287 352 322 dolibet
376 287 532 323 concessis
548 289 744 323 confirmatis
762 295 792 323 et
811 289 976 330 innovatis3
993 295 995 311 t

235 342 350 387 quibus
369 342 516 376 omnibus
530 348 559 376 et
573 343 715 386 singulis,
729 354 838 378 eorum
854 347 978 378 tenores

235 396 457 440 praesentibus
474 407 532 441 pro
550 397 742 431 sufficienter
757 398 915 442 expressis
928 397 982 430 lia-.

236 450 355 491 bentes,
380 450 441 484 illis
465 451 541 485 alias
565 451 598 484 in
621 461 678 486 suo
703 452 817 486 robore
838 457 997 496 perman-1

237 504 328 546 suris,
347 503 405 538 hac
422 504 489 538 vice
505 504 666 538 dumtaxat
682 505 860 549 specialiter
879 509 909 539 et
930 515 980 537 ex-

238 567 346 600 presse
375 556 586 601 derogamus;
613 559 787 603 ceterisque
812 558 998 600 contrariis¹

238 610 502 655 quibuscumque.

284 663 299 707 ἓ
323 663 352 697 5.
377 664 528 698 Volumus
552 671 656 699 autem
671 693 678 707 ,
703 671 737 699 ut
768 665 979 710 praesentium

242 717 457 761 transumptis,
483 718 574 751 etiam
601 719 781 763 impressis,
806 729 901 752 manu
925 718 1000 750 ali-›

242 770 331 804 cuius
347 771 462 805 notarii
487 771 606 816 publici
623 772 817 817 subscriptis,
832 777 862 807 et
879 772 982 815 sigillo

243 823 375 858 alicuius
388 834 542 868 personae
556 826 587 858 in
600 825 750 868 dignitate
771 824 982 859 ecclesiastica

243 877 430 912 constitutae
447 879 594 920 munitis,
615 879 725 912 eadem
750 888 881 923 prorsus
906 878 984 911 fides

244 931 274 963 in
292 931 408 966 iudicio
433 938 464 965 et
490 938 578 966 extra
594 932 790 973 adhibeatur,
811 942 890 976 quae
910 932 985 976 ipsis

244 985 464 1028 praesentibus
487 986 712 1028 adhiberetur,
733 986 759 1020 si
777 986 879 1020 forent
895 985 986 1030 ,exhi-

244 1037 326 1072 bitae
350 1038 398 1073 vel
419 1044 571 1073 ostensae.

288 1091 399 1125 Datum
426 1093 457 1125 in
481 1094 561 1126 Arce
585 1092 776 1137 Gandulphi,
803 1092 986 1126 Albanensis

245 1145 409 1186 dioecesis,
433 1146 492 1179 sub
516 1147 632 1180 annulo
645 1146 830 1187 Piscatoris‚
848 1146 899 1179 die
923 1156 987 1179 xxv

246 1199 386 1232 octobris
403 1200 804 1245 nncxxxvt,·pontificatus
820 1200 920 1234 nostri
938 1209 989 1232 an·
1005 1222 1007 1232 ,

246 1263 287 1286 no
311 1262 376 1286 xiv.

282 1314 341 1342 Dat.
362 1315 406 1344 die
421 1316 438 1344 3
457 1316 610 1344 decembris
631 1316 710 1351 1636,
731 1317 828 1353 pontis.
848 1325 919 1345 anno
936 1324 987 1345 xiv,

576 1435 662 1468 DLX.

251 1504 402 1538 Declarat
426 1506 611 1539 ministrum
634 1507 818 1549 qeneralem
849 1507 992 1549 fratrum

294 1558 557 1601 Reformatorum
572 1559 848 1592 Discalceatormn
861 1570 993 1603 conare-

294 1612 439 1654 9atiom's
451 1612 689 1656 Hispaniarum
705 1612 840 1646 Ordinis
854 1613 910 1647 SS.
927 1613 953 1646 T
954 1613 995 1645 ri-

294 1665 411 1698 nitatis
435 1665 678 1709 Redemptionis
698 1667 900 1710 captivorum
922 1671 994 1710 post
1011 1664 1013 1674 ¹

296 1718 350 1752 sui
373 1717 560 1752 electionem
583 1719 681 1752 nullci
706 1719 854 1763 indiyere
879 1721 995 1762 confir-

296 1772 451 1806 macione.

467 1843 604 1870 Urbanus
620 1843 700 1878 Papa
712 1843 788 1877 VIII,
1012 1852 1015 1875 ι

374 1887 410 1915 nd
430 1890 606 1922 perpetuam
625 1888 669 1916 rei
689 1888 871 1916 memoriam.

301 1948 316 1992 ἓ
340 1949 370 1982 1.
396 1949 516 1993 Exponi
541 1949 632 1983 nobis
655 1960 758 1994 nuper
778 1950 849 1984 fecit
865 1950 997 1984 dilectus

256 2001 340 2035 silius
364 2001 496 2036 loannes
519 2002 558 2036 de
582 2003 840 2044 Annunciafione,
864 2004 996 2037 fratrum

258 2055 383 2090 Ordinis
395 2056 614 2090 Sanctissimae
627 2057 787 2090 Trinitatis
802 2057 999 2101 Redemptio-

259 2110 307 2143 nis
331 2110 529 2155 captivorum
555 2110 819 2145 Discalceatorum
841 2121 1018 2161 nuncupa-y

260 2166 364 2197 torum
396 2163 651 2207 congregationis
682 2164 904 2208 Hispaniarum
930 2174 1018 2208 pro-¹

261 2222 388 2251 curator
411 2218 583 2260 generalis,
608 2217 692 2262 quod
717 2218 806 2260 alias,
832 2223 1019 2263 postquam,

261 2281 318 2304 nos
349 2281 407 2315 per
437 2277 561 2305 nostras
592 2271 650 2305 sub
681 2271 811 2316 plumbo
846 2272 885 2305 de
920 2282 1002 2306 anno

261 2334 400 2359 uncxxxt
417 2324 578 2369 expeditas
593 2325 712 2360 litteras
730 2325 929 2369 incipientes:
948 2326 1003 2360 Sa-
1019 2318 1021 2323 ’

263 2378 424 2412 Iutaribus
439 2378 589 2422 Apostoli
607 2379 758 2420 monitis,
784 2378 933 2412 fratribus
957 2379 1004 2412 Di-

262 2432 422 2466 scalceatis
445 2432 626 2466 huiusmodi
657 2432 835 2466 facultatem
868 2426 1021 2475 eligendi}

263 2497 300 2519 cx
325 2486 400 2530 ipsis
420 2486 572 2519 fratribus
597 2486 795 2519 Discalceatis
819 2486 850 2519 in
875 2496 931 2519 suo
955 2496 1005 2528 ge-

264 2541 363 2574 nerali
389 2539 528 2584 capitulo
561 2549 658 2573 unum
691 2540 870 2572 ministrum
904 2549 1004 2582 gene-

265 2594 386 2635 ralem,
422 2594 507 2627 iuxta
540 2594 673 2627 formam
707 2593 736 2626 in
768 2593 858 2626 dictis
893 2593 1005 2626 litteris

266 2649 504 2693 praescriptam,
522 2658 538 2682 a
557 2648 778 2692 superioritate
799 2647 934 2681 ministri
955 2658 1024 2691 ge-¹

1009 239 1066 265 vm
1088 241 1137 266 PP.

1011 289 1126 323 net-alis
1150 288 1282 322 fratrum
1315 286 1456 321 eiusdem
1484 285 1609 320 Ordinis
1632 285 1752 320 Calcea-

1013 348 1114 376 torum
1140 342 1265 386 penitus
1282 345 1311 376 et
1330 340 1457 374 omnino
1478 345 1658 384 exemptum
1683 349 1753 373 con-

994 395 1180 454 'cessimus‚
1215 395 1282 439 ipse
1315 395 1457 428 minister
1490 394 1646 437 generalis
1682 404 1755 427 con-

1012 449 1206 493 gregationis
1229 449 1412 482 huiusmodi
1445 448 1476 481 in
1509 447 1592 482 dicto
1617 447 1754 492 capitulo

1013 503 1136 536 noviter
1157 503 1274 536 clectus
1287 501 1559 536 confirmationem
1576 511 1650 534 suae
1665 511 1756 534 cano-

1013 557 1101 590 nicae
1119 557 1282 590 electionis
1301 566 1317 589 a
1334 555 1434 596 nobis,
1453 560 1600 599 tanquam
1624 553 1755 598 praelati

1015 621 1031 643 a
1045 610 1176 644 Summo
1190 610 1340 644 Pontifice
1350 609 1530 642 immediate
1540 608 1756 653 dependentis,

1015 663 1159 697 obtinuit.
1190 663 1249 697 Sed
1274 674 1312 697 ne
1338 663 1544 707 imposterum
1569 662 1652 695 dicta
1676 671 1754 695 con-

1016 717 1159 760 gregatio
1185 717 1214 749 in
1241 717 1324 749 illius
1349 716 1503 759 regimine
1527 715 1665 756 interim,
1683 715 1758 748 dum

1017 771 1138 804 litterae
1163 770 1412 804 confirmationis
1437 770 1484 803 sui
1510 769 1644 803 ministri
1669 778 1760 812 gene-

1017 823 1091 857 ralis
1116 834 1133 856 a
1158 824 1236 857 Sede
1262 823 1440 867 Apostolica
1467 823 1687 866 impetrantur,
1711 821 1760 854 de-

1000 878 1202 911 ¹trimentum
1227 877 1354 921 aliquod
1383 877 1537 921 patiatur,
1569 876 1660 910 nobis
1691 885 1761 920 pro-

1019 936 1127 975 pterea
1140 931 1241 965 dictus
1255 931 1386 964 Ioannes
1400 935 1590 975 procurator
1606 928 1762 973 generalis

1020 985 1201 1018 huiusmodi
1226 984 1390 1017 humiliter
1415 983 1586 1028 supplicari
1616 983 1705 1025 fecit,
1730 986 1765 1016 ut

1021 1039 1052 1072 in
1086 1038 1272 1083 praemissis
1304 1043 1483 1082 opportune
1514 1036 1703 1081 providere,
1729 1046 1764 1069 ac

1021 1098 1055 1126 ut
1079 1093 1160 1126 infra
1181 1092 1345 1135 indulgere
1365 1092 1403 1125 de
1432 1091 1624 1134 benignitate
1643 1095 1766 1135 aposto-

1021 1147 1082 1180 lica
1107 1147 1320 1189 dignaremur.

1067 1199 1082 1243 ἓ
1106 1199 1135 1232 02.
1161 1199 1224 1232 Nos
1249 1199 1355 1242 igitur,
1379 1208 1534 1242 prospero
1559 1197 1706 1240 felicique
1723 1196 1766 1230 di-

1024 1257 1092 1285 ctae
1109 1251 1363 1295 congregationis
1381 1251 1529 1294 regimini
1547 1255 1578 1284 et
1597 1249 1764 1293 gubernio,

1024 1312 1175 1350 quantum
1201 1317 1273 1339 cum
1298 1305 1431 1338 Domino
1456 1315 1634 1349 possumus,
1659 1313 1767 1337 consu-

1026 1360 1111 1400 lere,
1136 1360 1319 1403 dictumquc
1343 1359 1492 1392 loannem
1525 1362 1766 1402 procuratorem

1026 1413 1209 1447 huiusmodi
1227 1413 1417 1457 specialibus
1438 1412 1600 1445 favoribus
1617 1417 1647 1444 et
1659 1410 1768 1454 gratiis

1026 1467 1177 1511 prosequi
1195 1468 1345 1507 volentes,
1370 1472 1401 1500 et
1423 1477 1441 1500 a
1464 1465 1628 1510 quibusvis
1648 1474 1770 1498 excom-

1027 1523 1258 1564 municationis,
1273 1521 1500 1566 suspensionis,
1513 1520 1680 1560 interdicti,
1690 1519 1771 1552 aliis-

1028 1587 1088 1620 que
1113 1576 1331 1609 ecclcsiasticis
1367 1574 1549 1614 sententiis,
1574 1572 1717 1607 censuris
1740 1577 1770 1605 et

1029 1631 1150 1674 poenis,
1175 1641 1192 1663 a
1218 1630 1285 1663 iure
1310 1630 1357 1662 vel
1382 1629 1420 1662 ab
1445 1628 1583 1668 homine,
1601 1627 1709 1671 quavis
1723 1637 1771 1660 oc-

1029 1683 1155 1716 casione
1190 1683 1236 1716 vel
1268 1684 1362 1716 causa
1387 1682 1474 1723 latis,
1499 1681 1524 1714 si
1548 1681 1663 1725 quibus
1686 1689 1767 1723 quo-

1030 1736 1203 1770 modolibet
1221 1736 1386 1770 innodatae
1403 1735 1552 1775 existunt,
1572 1733 1610 1767 ad
1625 1733 1771 1767 effectum

1030 1790 1242 1834 praesentium
1261 1790 1422 1823 dumtaxat
1435 1786 1703 1832 consequendum,
1720 1786 1772 1819 ha-

1031 1854 1101 1876 rum
1122 1843 1203 1876 serie
1227 1843 1425 1876 absolventes
1449 1847 1480 1875 et
1503 1841 1681 1874 absolutum
1706 1840 1772 1872 sore

1031 1902 1203 1938 censentes,
1229 1896 1409 1930 huiusmodi
1430 1893 1714 1939 supplicationibus
1731 1892 1773 1925 in-

1032 1949 1147 1992 clinati,
1161 1949 1200 1983 de
1209 1949 1435 1983 venerabilium
1446 1949 1578 1981 fratrum
1592 1950 1773 1980 nostrorum

1033 2008 1156 2036 sanctae
1187 2003 1347 2036 Romanae
1380 2002 1539 2035 Ecclesiae
1567 1999 1773 2034 cardinalium

1033 2056 1167 2099 negotiis
1192 2056 1387 2099 regularium
1416 2054 1671 2099 praepositorum
1704 2062 1775 2086 con-

1034 2110 1124 2150 silio,
1155 2109 1239 2152 quod
1271 2109 1309 2142 de
1344 2114 1450 2142 cetero
1475 2107 1637 2152 perpetuis
1661 2106 1775 2140 futuris

1017 2163 1232 2206 ,temporibus
1262 2161 1435 2206 capitulum
1466 2161 1613 2204 generale
1641 2160 1774 2193 fratrum

1036 2216 1300 2250 Discaleeatorum
1325 2215 1450 2249 Ordinis
1467 2219 1496 2248 et
1521 2212 1776 2257 congregationis

1037 2269 1236 2310 huiusmodi,
1262 2280 1321 2313 pro
1346 2269 1429 2302 illius
1459 2267 1594 2301 ministri
1619 2266 1776 2311 generalis

1037 2323 1188 2356 electione
1212 2322 1354 2356 facienda
1373 2322 1514 2365 legitime
1537 2325 1775 2364 congregatum,

1037 2379 1221 2412 electionem
1248 2377 1384 2410 ministri
1412 2375 1568 2420 generalis
1595 2373 1776 2408 huiusmodi

1039 2433 1068 2465 in
1093 2432 1176 2465 dicto
1208 2432 1344 2475 capitulo
1377 2430 1516 2474 generali
1549 2430 1661 2462 saetam
1694 2428 1778 2462 iuxta

1039 2487 1170 2519 formam
1185 2486 1214 2518 in
1226 2485 1316 2518 dictis
1333 2485 1445 2518 litteris
1464 2483 1691 2528 praescriptam
1708 2492 1778 2516 con-

1038 2540 1165 2573 firmare
1184 2539 1281 2573 libere
1303 2544 1333 2572 ct
1350 2538 1433 2571 licite
1457 2537 1555 2582 possit
1569 2542 1598 2570 et
1612 2537 1722 2576 valeat,
1737 2536 1778 2568 ita

1039 2594 1122 2638 quod
1149 2593 1290 2626 minister
1315 2591 1470 2636 generalis
1494 2590 1675 2624 huiusmodi
1695 2589 1780 2623 novi-

1041 2654 1086 2682 ter
1111 2649 1227 2682 electus
1250 2652 1280 2680 et
1297 2658 1312 2679 a
1333 2646 1468 2690 capitulo
1494 2645 1633 2689 generali
1657 2643 1777 2679 confir-

1657 228 1721 262 565
1767 236 1817 265 An.
1837 236 1866 266 C.
1882 236 1951 266 ¹636

1809 1207 1930 1228 Declaratio
1939 1206 1965 1226 do

1781 1240 1823 1261 qua
1836 1240 1855 1255 iu
1871 1233 1964 1254 rubrica.
