2226 3235
18 225 68 251 Αιι.
89 223 119 250 C.
134 222 204 250 1629

42 285 139 311 Assignat
151 289 200 305 cau-

15 319 49 334 sas
60 313 126 341 liuius>
133 317 200 341 novae

15 340 182 361 Constitutionis.

41 658 170 681 nealal-atio,
179 657 205 678 de

22 690 64 712 qua
78 686 99 706 in
114 684 206 706 ruhi-ica.

58 1882 176 1903 ctausutao.

61 2308 171 2330 Obstantia
181 2309 218 2329 tol-

0 2342 2 2354 ι
33 2335 111 2356 luatur.

824 221 966 246 nnnanus

260 270 275 314 ἓ
294 269 323 303 2.
350 269 571 310 Nihilominus,
596 269 669 313 quia
692 270 833 302 nonnulli
852 270 956 302 existi-

218 328 303 356 mant
327 333 362 356 ex
388 323 535 356 clausulis
560 323 738 355 litterarum
764 323 863 356 dictae
889 334 957 356 cru-

217 377 314 410 ciatae
340 376 528 420 cuicumque
561 375 658 419 ipsius
681 376 843 409 Societatis
868 376 959 420 priri-

218 430 300 474 legio
314 429 471 472 derogari,
497 434 526 462 et
550 435 718 473 propterca
740 429 815 473 ipsis
837 429 959 472 religio-

218 484 260 517 sis
276 482 457 516 huiusmodi
471 482 670 516 fiacultatibus
686 483 727 521 uti
742 483 862 516 licitum
882 493 959 519 csse,

220 536 348 581 speciali
375 535 413 568 ad
438 536 498 569 hoc
518 541 626 569 nostro
647 542 677 568 et
698 536 894 579 Apostolicac
912 536 961 568 Sc-

220 589 267 622 dis
292 593 472 633 opportuno
498 589 638 622 remedio
664 599 790 622 neccsse
815 589 871 621 sit:

266 643 280 687 ἓ
305 642 334 675 3.
354 643 426 684 Nos,
447 653 505 686 pro
522 643 621 675 nostri
639 643 805 686 pastoralis
823 643 962 675 muneris

221 696 326 729 debito
342 706 388 738 ea,
406 706 485 739 quae
510 695 607 739 ipsius
631 696 794 730 Societatis
811 695 917 739 quieto
934 702 963 728 et

220 749 352 794 pacifico
388 750 480 783 statui
517 761 552 783 ac
587 750 710 783 debitae
745 750 963 794 superioribus

222 803 419 836 obedientiae
444 804 676 837 conservandae
701 808 878 847 opportuna
895 814 963 836 esse

222 857 453 900 cognoscimus,
479 857 647 890 salubriter
672 856 839 901 providere
863 857 965 889 volen—

224 915 289 953 tes,
316 915 402 944 motu
426 911 578 954 proprio,
604 916 634 943 ct
659 921 693 943 ex
720 912 805 943 certa
835 910 965 943 scientia

224 965 373 1009 inertique
388 964 613 998 deliberatione
627 965 744 1007 nostra,
760 964 820 997 hac
837 964 875 997 de
892 974 966 1008 apo-

225 1018 353 1052 stolicae
377 1018 539 1062 potestatis
563 1017 767 1062 plenitudine,
800 1029 835 1051 ac
859 1020 966 1051 nostra

225 1076 378 1116 perpetuo
400 1072 534 1104 valitura
556 1071 782 1105 Constitutione
798 1071 966 1111 sancimus,

225 1126 304 1159 nulli
330 1125 553 1168 religiosorum
574 1125 714 1158 eiusdem
743 1125 906 1158 Societatis
934 1126 967 1158 li-

226 1189 295 1212 cere
322 1178 521 1212 facultatibus
546 1179 702 1212 cruciatae
727 1179 918 1220 huiusmodi⁷
937 1180 968 1212 in

226 1243 425 1277 quacumque
459 1232 567 1266 mundi
598 1237 686 1276 parte
718 1233 894 1276 publicatae
922 1234 967 1266 vcl

226 1286 452 1330 publicandae,
486 1286 588 1330 quoad
613 1286 792 1329 eligendum
817 1286 969 1320 consessa-

227 1340 310 1373 rium
336 1344 364 1374 et
388 1340 589 1373 obtinendam
616 1340 844 1373 absolutionem
870 1351 886 1372 a
912 1351 965 1372 ea-

229 1393 314 1426 sibus
334 1393 512 1434 reservatiS,
530 1394 584 1434 uti,
602 1403 659 1426 nec
675 1393 719 1426 eis
744 1393 848 1437 quoad
873 1393 968 1426 lianc¹

230 1445 364 1489 eligendi
390 1446 615 1479 confessarium
640 1452 670 1479 et
694 1446 897 1479 obtinendam
914 1446 968 1479 ab·

231 1500 416 1533 solutionem
437 1499 629 1544 praedictam
654 1500 833 1533 facultatem
853 1500 971 1533 crucia-

231 1559 278 1586 tae
302 1553 481 1587 huiusmodi
499 1554 675 1597 suffragari,
695 1553 861 1597 minusque
884 1564 970 1597 prae-

229 1611 332 1640 sentes
346 1607 463 1640 litteras
480 1607 537 1640 sul]
552 1607 803 1651 quibuscumque
829 1607 969 1640 eiusdem

230 1660 386 1694 cruciatae
411 1660 686 1701 concessionibus,
716 1660 969 1701 extensionibus,

229 1715 507 1760 prorogationibus
524 1720 554 1749 et
571 1715 865 1748 confirmationibus
882 1716 970 1749 sactis

229 1773 259 1803 et
290 1780 349 1813 pro
378 1774 520 1812 tempore
552 1768 791 1813 quomodolibet
821 1769 971 1802 faciendis

230 1822 464 1867 comprehendi.

275 1876 342 1920 ξίι.
372 1876 485 1920 Sicque
516 1887 572 1920 per
604 1886 821 1920 quoscumque
853 1877 972 1910 iudices

230 1930 407 1964 ordinarios
424 1935 453 1963 et
477 1930 646 1973 delegatos,
668 1930 790 1962 sublata
813 1930 856 1963 eis
877 1936 907 1963 et
924 1942 972 1964 oo-

231 1995 300 2016 rum
334 1983 461 2017 cuilibet
495 1983 604 2028 quavis
636 1983 725 2017 aliter
757 1983 915 2017 iudicandi
943 1988 973 2018 et

231 2036 457 2081 interpretandi
481 2037 627 2070 facultate
652 2042 681 2069 et
708 2037 904 2079 auctoritate,
930 2037 973 2070 iu-

231 2090 329 2124 dicari
357 2094 386 2124 et
416 2089 542 2123 definiri
572 2090 707 2132 debere,
733 2101 767 2124 ac
794 2090 918 2125 irritum
944 2096 990 2126 et]

232 2144 341 2184 inane,
367 2144 391 2176 si
425 2154 513 2177 secus
545 2155 639 2188 super
668 2145 716 2177 his
746 2155 763 2177 a
793 2128 990 2188 (μιοεῃιῑυῃ,ζ

232 2197 340 2242 quavis
354 2198 548 2240 auctoritate,
564 2198 698 2231 scienter
715 2198 762 2230 vel
780 2199 972 2241 ignoranter,

233 2251 400 2295 contigerit
425 2252 580 2293 attentari,
605 2251 813 2285 decernimus.

278 2297 298 2349 ς’
318 2305 347 2338 5.
379 2305 447 2338 Non
479 2304 673 2352 obstantibus
704 2306 908 2350 praemissis,
938 2317 972 2339 ac

233 2359 484 2403 quibuscumque
505 2360 778 2394 constitutionibus
803 2364 832 2394 et
852 2360 974 2394 ordina-

234 2412 370 2446 tionibus
403 2412 604 2456 apostolicis‚
635 2413 756 2446 statutis
788 2425 912 2458 quoque
945 2419 974 2447 et

234 2466 524 2507 consuetudinibus,
544 2467 637 2499 etiam
654 2467 841 2509 iuramento,
860 2470 974 2501 contir-

234 2519 372 2553 matione
397 2519 588 2564 apostolica,
614 2520 660 2553 vel
685 2521 793 2564 quavis
825 2521 973 2556 firmitate

272 2637 282 2664 1
300 2635 406 2673 Aliquid
420 2635 506 2671 deest,
523 2644 564 2664 ex.
580 2644 621 2672 gr.
634 2639 751 2671 partem
765 2636 805 2672 (R.
823 2637 870 2672 T.).

990 221 1047 245 vni
1070 221 1118 245 ιη’.
1663 208 1705 242 55
1752 218 1800 243 An.
1821 215 1932 244 C.16⁵29

992 269 1050 301 alia
1076 268 1244 308 roboratis,
1270 267 1445 311 ceterisque
1476 266 1641 299 contrariis
1666 266 1734 309 qui-

994 323 1197 365 buscuiniluc.

1037 378 1052 418 g
1077 376 1105 408 ti.
1135 376 1284 407 Volumus
1309 380 1431 413 autcm,
1458 378 1491 405 ut
1522 372 1734 416 praesentium

994 430 1211 472 transumptis,
1237 430 1330 461 otiam
1359 427 1537 472 impressis,
1564 438 1658 459 manu
1682 438 1732 459 sc-

994 483 1118 516 crctarii
1143 484 1306 516 Societatis
1334 484 1377 515 rel
1400 482 1512 515 notarii
1533 481 1649 526 publici
1669 481 1737 513 suli-

995 537 1128 581 scriptis,
1152 541 1181 571 cl
1206 537 1308 580 sigillo
1334 536 1474 569 ciusdem
1500 535 1665 569 Societaiis
1690 535 1737 567 vel

995 590 1198 634 personaein
1224 590 1373 631 dignitate
1392 589 1603 622 ecclesiastica
1623 588 1737 621 consti-

996 648 1079 678 tutae
1097 644 1234 683 munitis,
1253 644 1361 676 eadem
1380 654 1509 687 prorsus
1528 643 1604 675 tides
1623 643 1738 686 ubique

997 698 1182 731 adhibeatur
1211 708 1290 741 quae
1311 697 1420 730 iisdem
1447 697 1666 740 praesentibus
1691 697 1740 729 ad-

998 752 1161 785 hiberetur
1178 752 1201 785 si
1221 752 1323 785 sorcnt
1347 751 1502 784 exhibitae
1521 751 1566 783 vel
1586 756 1738 784 ostensae.

1042 807 1153 839 Datum
1175 808 1302 847 Romae,
1317 806 1399 849 apud
1420 806 1448 838 S.
1462 807 1598 847 Petrum,
1612 806 1669 837 suli
1688 816 1741 838 an-

999 861 1073 893 nulo
1088 860 1272 900 Piscatoris,
1292 860 1340 892 dic
1366 870 1440 893 xxm
1470 859 1572 891 martii
1589 869 1740 897 iincxx1x‚

1000 914 1200 958 pontificatus
1218 913 1317 946 nostri
1342 923 1424 947 anno
1441 923 1482 946 vt.

1801 385 1862 405 Filii&
1878 388 1934 406 ΙΓΆῙΙ-

1752 415 1839 437 sumpto:
1847 419 1887 432 um.

1035 978 1096 1004 Dat.
1118 977 1161 1003 die
1181 977 1208 1004 35
1235 976 1324 1003 martii
1348 976 1423 1010 1629,
1445 976 1538 1011 pontis.
1558 984 1627 1003 auno
1644 983 1677 1002 vt.

1271 1092 1470 1127 CCCXXVIII.

1004 1166 1214 1207 Confirmatio
1247 1165 1365 1197 decreti
1397 1164 1658 1207 conyreslaliom‘s
1691 1164 1740 1196 ri-

1049 1223 1141 1252 tuum
1165 1229 1262 1263 super
1286 1229 1346 1250 usu
1382 1217 1574 1250 malachim?
1601 1222 1629 1250 et
1661 1218 1743 1249 assi-

1047 1273 1200 1305 stentium
1225 1276 1252 1304 e!
1277 1272 1418 1304 aliorum
1447 1272 1671 1304 im'm'strorum.
1686 1282 1745 1314 pro

1048 1326 1219 1358 abbatibus
1253 1325 1519 1368 Conssi'egsalionis
1558 1324 1745 1358 Olz'retanae

1051 1378 1185 1411 Ordinis
1210 1379 1241 1411 S.
1268 1377 1463 1410 Benedscw.

1208 1449 1345 1475 Urbanus
1367 1449 1445 1481 Papa
1464 1447 1542 1479 VIII,

1125 1493 1160 1519 ad
1181 1495 1356 1526 perpetuam
1376 1492 1419 1519 rei
1440 1491 1620 1519 memoriam.

1799 1560 1812 1579 A
1826 1566 1882 1579 2acm
1894 1560 1947 1580 Con-

1048 1554 1169 1598 Exponi
1186 1554 1278 1587 nohis
1296 1564 1397 1597 nuper
1415 1554 1485 1586 feeit
1511 1553 1644 1586 dilectus
1664 1554 1747 1587 tilius
1764 1589 1885 1609 amano-,e
1920 1593 1947 1607 W

1004 1607 1117 1640 Silvius
1130 1608 1248 1640 Favilla
1269 1608 1306 1640 de
1331 1608 1469 1651 Neapoli„
1492 1613 1680 1651 procurator
1697 1619 1747 1650 ge-
1763 1601 1947 1660 [IIIK'UIIRZZYSZ

1004 1662 1119 1694 ncralis
1137 1662 1393 1705 congregationis
1414 1662 1643 1694 monachorum
1663 1672 1748 1694 mon·
1764 1669 1896 1714 [fflssmtffilofffr
1912 1667 1948 1687 Μ·

1004 1715 1043 1747 tis
1074 1715 1195 1756 Olivcti,
1225 1716 1309 1758 quod
1341 1726 1444 1759 nuper
1473 1726 1490 1747 a
1518 1716 1748 1748 venerabilibus
1843 1709 1853 1717 ⁵
1900 1710 1903 1713 ¹

1004 1769 1155 1802 fratribus
1176 1770 1291 1802 nostris
1311 1775 1435 1802 sanctae
1461 1770 1619 1802 Romanae
1645 1770 1748 1803 Eccle-

1005 1823 1067 1856 siae
1085 1823 1296 1856 cardinalibus
1314 1824 1410 1856 sacris
1428 1824 1539 1856 ritibus
1560 1824 1748 1867 praepositis

1005 1878 1159 1911 emanavit
1184 1878 1345 1912 decretum
1371 1878 1490 1911 tenoris
1519 1877 1748 1921 subsequentis,

1005 1931 1167 1964 videlicet:

1050 1985 1184 2018 Instante
1217 1989 1305 2029 patre
1340 1985 1407 2018 Don
1440 1984 1535 2018 Silvio
1571 1985 1687 2018 Favilla
1712 1986 1749 2018 de

1006 2038 1157 2082 Neapoli,
1183 2043 1390 2082 procuratore
1412 2038 1551 2081 generali
1579 2049 1750 2082 congrega-

1007 2091 1100 2125 tionis
1125 2092 1354 2125 monachorum
1390 2092 1505 2125 montis
1530 2092 1664 2134 Oliveti,
1698 2103 1750 2126 no-

1007 2145 1090 2177 mine
1107 2145 1255 2178 abbatum
1270 2146 1409 2178 eiusdem
1428 2146 1691 2188 congregationis
1706 2151 1749 2186 ut,

1007 2201 1122 2232 attenta
1147 2199 1365 2243 antiquissima
1391 2199 1617 2233 consuetudine
1642 2200 1751 2233 solem-

1006 2253 1088 2285 niter
1112 2264 1183 2286 eum
1212 2253 1399 2286 baldachino
1424 2258 1454 2286 et
1477 2253 1694 2286 assistentibus
1721 2253 1750 2285 in

1007 2317 1117 2341 eorum
1144 2307 1282 2340 ccelesiis
1315 2307 1517 2348 celebrandi,
1549 2307 1750 2340 recederetur

1007 2360 1111 2405 quoad
1128 2371 1182 2394 eos
1201 2372 1217 2393 a
1237 2361 1372 2394 decretis
1397 2361 1472 2393 alias
1498 2361 1556 2394 hae
1580 2361 1617 2393 de
1639 2372 1671 2393 rc
1690 2360 1750 2393 edi-

1045 2461 1055 2485 1
1075 2458 1126 2485 Ista
1142 2459 1313 2494 congregatio
1330 2459 1478 2494 approbata
1498 2459 1549 2485 fuit
1568 2458 1654 2493 primo
1671 2466 1686 2485 a
1706 2458 1750 2485 Io-

1007 2511 1077 2530 anne
1098 2502 1163 2529 XXII
1179 2507 1207 2530 ut
1223 2503 1248 2529 in
1265 2503 1322 2530 eius
1338 2504 1427 2529 tlonst.
1446 2501 1553 2536 XXXVI,
1573 2503 1677 2529 Cuma
1697 2511 1749 2528 ηο-

1007 2549 1058 2581 bis,
1080 2552 1144 2575 tom.
1167 2554 1202 2582 tv,
1220 2557 1280 2583 pag.
1296 2549 1363 2581 3103
1385 2547 1432 2574 sed
1453 2547 1485 2573 de
1505 2547 1552 2573 illa
1571 2547 1668 2574 iterum
1690 2547 1750 2575 vide

1007 2591 1040 2618 ad
1055 2591 1138 2618 Clem.
1161 2592 1205 2626 w,
1227 2593 1318 2619 Coust.
1336 2598 1374 2625 111,
1395 2591 1614 2626 Sollicitudim's,
1636 2591 1747 2625 ibidem,

1005 2644 1068 2672 pag.
1084 2636 1144 2664 47⁵2.
