2248 3229
168 252 186 277 A
193 259 217 276 n.
235 251 262 277 C.
286 251 352 278 1635

221 944 292 965 Refert
307 949 357 964 non·

175 972 242 992 nullas
257 978 269 992 a
281 971 358 995 Grego-

175 1004 206 1019 rio
221 997 257 1018 XV
274 1002 357 1018 emana-

175 1027 206 1045 tas
221 1025 309 1046 litteras<

211 1422 290 1446 Quibus
305 1421 362 1442 rose-

178 1452 251 1470 runtur
266 1449 321 1470 aliae
336 1449 362 1468 si-

178 1475 238 1496 miles
262 1474 322 1496 Pauli
346 1475 361 1495 V

179 1501 268 1523 litterae

398 240 460 274 505
944 243 1122 270 ΒυιιΑΒιυΜ

662 294 803 329 ΒΧΧΧΙΙ.

370 369 535 407 Prohibet,
557 366 730 410 quominus
754 365 909 396 maiorem
934 367 1002 406 post
1025 371 1105 405 pon-

413 421 564 462 tificalem>
589 420 624 451 in
641 417 882 450 cathedralibus
899 421 926 448 et
941 416 1108 459 principa-

413 476 458 506 les
484 474 518 505 in
542 471 722 514 colleqz'ate's
758 470 898 502 ecclesiis
930 469 1108 511 affinitates

413 527 611 563 obtinentes,
639 534 676 555 ac
700 523 848 555 canonici·
880 521 1085 564 mwistrales
1100 548 1108 560 ‚

414 578 589 610 doctorales
605 605 612 615 ,
640 577 785 615 lectorem,
809 575 1057 618 poem'lentiarii
1082 579 1109 606 et

412 630 655 673 parochialium
685 629 890 661 ecclesiarum
917 632 1050 659 ¹rectores
1074 627 1110 659 in

415 683 522 725 reym's
549 682 707 716 Castettae
731 685 759 714 et
777 681 931 723 Legyiom's
956 681 1111 722 episcopo-

416 741 490 767 rum
513 735 697 777 familiares
721 744 784 766 esse
806 733 930 776 possint
945 732 962 764 ¹.

571 814 708 841 Urbanus
728 813 805 846 Papa
826 812 905 843 vm,

492 859 528 885 ad
548 861 724 892 perpetuam
744 857 786 884 rei
809 856 989 884 memoriam.

417 931 432 974 ἓ
456 930 483 962 sl.
510 929 592 962 Alias
617 940 634 961 a
658 928 755 961 felicis
785 927 1012 961 recordationis
1036 927 1112 961 Gre-

374 983 463 1026 gorio
489 982 571 1025 Papa
588 982 637 1015 XV
651 981 893 1025 praedecessore
910 985 1018 1013 nostro
1032 991 1113 1013 ema-

374 1040 488 1068 narunt
512 1035 633 1068 litterae
659 1033 775 1068 tenoris
804 1033 1040 1077 subsequentis,
1066 1033 1113 1065 vi-

375 1088 500 1122 delicet:

553 1132 727 1175 Greyoi‘itts
752 1132 847 1174 Papa
870 1131 940 1172 XV,

473 1186 516 1218 acl
538 1189 729 1229 perpetuam
754 1184 801 1217 rei
824 1184 1025 1216 memoriam.

420 1247 502 1280 Alias
515 1257 532 1279 a
543 1246 641 1279 felicis
655 1245 882 1278 recordationis
893 1245 987 1278 Paulo
998 1245 1082 1288 Papa
1093 1245 1113 1277 V

377 1300 621 1344 praedecessore
652 1302 760 1332 nostro
785 1302 969 1332 emanarunt
993 1298 1134 1331 litterae

378 1353 523 1393 tenoris²‚
541 1353 700 1386 videlicet:

421 1408 435 1451 ξ
460 1407 489 1440 2.
518 1406 641 1440 Paulus
666 1407 760 1450 Papa
793 1405 830 1446 V,
865 1405 907 1438 ad
928 1409 1117 1448 perpetuam

379 1462 426 1494 rei
450 1461 649 1493 memoriam.
682 1458 838 1492 Ecclesiae
867 1458 1030 1491 universae
1061 1469 1118 1502 per

378 1513 599 1546 abundantiam
619 1512 740 1544 divinae
765 1511 893 1554 gratiae,
912 1511 1030 1544 meritis
1047 1511 1119 1544 licet

379 1565 652 1605 insufficientibus,
670 1564 850 1609 praepositi,
869 1564 1048 1607 vigilantiae
1066 1574 1119 1597 no-

380 1625 462 1653 strae
485 1624 612 1652 nostrae
636 1624 751 1662 partes,
776 1618 854 1650 sicut
879 1628 915 1650 ex
941 1618 1121 1650 incumben-

380 1673 418 1706 tis
442 1673 533 1706 nobis
557 1672 650 1705 officii
682 1671 788 1704 debito
819 1676 982 1712 tenemur,
1012 1671 1119 1703 sedulo

380 1726 582 1766 intendimus,
607 1736 644 1758 ne
669 1735 830 1768 personae,
853 1724 890 1757 ad
916 1724 1119 1757 ecclesiarum

381 1779 542 1813 servitium
571 1783 600 1811 et
628 1789 736 1811 curam
766 1782 943 1821 assumptae
971 1781 1001 1810 et
1027 1777 1121 1820 depu-

381 1838 470 1874 tatae,
496 1842 513 1864 a
538 1831 664 1864 servitio
689 1836 719 1864 et
744 1832 818 1864 cura
845 1830 1023 1862 huiusmodi
1049 1840 1138 1863 cum‹

383 1885 586 1919 ecclesiarum
604 1883 785 1917 earumdem
803 1882 990 1916 detrimento
1015 1883 1122 1914 distra-

383 1939 507 1972 hantur.
527 1938 615 1978 Sane,
633 1938 712 1970 sicut
736 1927 826 1969 nobis
850 1937 977 1969 nomine
997 1936 1122 1969 dilecto-

383 2003 453 2025 rum
478 1991 615 2024 filiorum
649 1991 870 2034 deputatorum
896 1995 925 2022 et
950 1999 1140 2032 congrega-i

384 2046 476 2079 tionis
501 2045 576 2078 cleri
595 2054 766 2087 regnorum
787 2043 935 2076 Castellae
961 2046 990 2076 et
1014 2043 1124 2085 Legio-

384 2099 432 2132 nis
457 2098 632 2142 expositum
659 2107 759 2140 nuper
783 2096 863 2136 suit,
892 2096 922 2128 in
947 2093 1140 2139 penultimo}

385 2153 514 2186 consilio
532 2151 716 2195 provinciali
734 2150 881 2183 Toletano
907 2149 1037 2193 provide
1062 2155 1124 2181 sta-

385 2212 486 2240 tutum
512 2210 541 2238 et
561 2205 739 2238 ordinatum
767 2204 843 2244 suit,
872 2208 905 2236 ut
933 2203 1122 2245 canonicus,

386 2260 438 2304 qui
463 2259 672 2303 praebendam
707 2257 917 2297 doctoralem,
945 2262 998 2289 aut
1027 2257 1124 2299 magi-

387 2314 523 2352 stralem,
541 2313 588 2345 vel
614 2313 698 2344 illam
724 2312 854 2352 obtinet,
875 2311 925 2344 cui
951 2321 1065 2343 munus
1082 2311 1142 2360 le-¹

387 2367 479 2411 gendi
504 2377 625 2399 sacram
651 2366 841 2409 scripturam
866 2365 1029 2405 incumbit,
1054 2375 1124 2397 nec-

387 2431 451 2454 non
467 2425 497 2453 et
513 2420 770 2464 poenitentiarius
791 2418 1060 2462 metropolitanae,
1078 2418 1125 2450 vel

388 2473 526 2517 episcopi
548 2473 693 2514 vicarius,
718 2472 873 2516 provisor,
898 2477 950 2504 aut
974 2471 1124 2512 visitator,

388 2536 450 2559 non
476 2527 573 2570 possit
598 2536 665 2559 esse
689 2525 780 2559 iudex
803 2525 981 2558 ordinarius
1005 2524 1053 2557 vel
1078 2523 1125 2557 de-

425 2598 436 2623 1
456 2596 491 2623 Ex
507 2596 614 2630 aegest.
631 2597 656 2622 in
671 2597 774 2623 Secret.
791 2596 870 2623 Brev.

423 2641 440 2668 2
455 2641 559 2668 Excidit
574 2649 622 2669 vox
635 2642 830 2676 subsequentis
845 2640 881 2675 (a.
898 2642 945 2674 τ.).

1146 241 1300 266 ROMANUM

1139 290 1261 332 legatus
1286 288 1471 321 universalis
1496 281 1762 331 appellationum,
1793 286 1877 330 quod

1140 342 1233 374 etiam
1253 342 1283 373 in
1300 341 1491 384 presbyteris
1512 340 1707 383 parochiales
1731 339 1877 373 ecclesias

1140 394 1352 428 obtinentibus
1372 393 1500 426 omnino
1525 392 1643 424 servari
1660 392 1766 433 voluit,
1785 402 1824 424 ne
1840 391 1878 424 ab

1141 447 1291 487 ecclesiis,
1312 456 1448 490 quarum
1466 455 1541 478 cura
1557 444 1723 488 pastoralis
1740 444 1816 487 ipsis
1834 450 1879 477 est

1142 500 1320 539 commissa,
1338 509 1392 532 eos
1417 499 1525 531 abesse
1549 497 1720 539 contingat.
1737 497 1812 529 Cum
1830 506 1880 529 au-

1892 239 1939 265 An.
1957 237 1985 264 G.
2007 236 2074 264 1635

1144 607 1173 639 in
1198 607 1304 649 regnis
1328 604 1512 649 praedictis,
1537 603 1671 636 aliarum
1695 601 1881 635 ecclesiasti·
1897 616 1962 636 vetur,

1146 712 1327 755 insignium,
1347 712 1398 755 qui
1414 710 1572 755 praedicta
1589 709 1695 742 munia
1710 708 1797 742 obire
1814 719 1883 752 pos·
1898 726 1953 741 num.

1146 765 1206 798 sint
1219 792 1226 805 ,
1260 775 1373 807 magna
1404 763 1608 797 benedicente
1632 762 1765 795 Domino
1795 761 1883 805 copia

1128 850 1131 859 ,
1147 818 1334 862 reperiatur,
1355 828 1390 850 ac
1414 817 1555 850 firmiora
1572 816 1633 849 sint
1648 826 1693 856 ea,
1713 825 1793 859 quae
1812 825 1884 859 apo-

1147 871 1273 905 stolicae
1290 870 1536 904 confirmationis
1559 869 1673 902 robore
1690 868 1884 909 muniuntur,

1148 930 1177 957 et
1200 929 1368 968 propterea
1388 923 1526 967 deputati
1550 927 1580 956 et
1603 921 1805 965 congregatio
1829 921 1885 954 hu-

1130 978 1283 1014 ,iusmodi
1308 978 1481 1022 plurimum
1500 977 1626 1020 cupiant
1650 975 1767 1008 dictum
1794 979 1885 1007 statu-

1149 1037 1214 1064 tum
1239 1031 1411 1075 apostolica
1443 1029 1628 1062 auctoritate
1658 1027 1829 1072 approbari
1857 1032 1886 1060 et

1149 1086 1347 1119 confirmari:
1365 1095 1432 1125 nos,
1451 1084 1538 1117 iustis
1559 1089 1588 1116 et
1607 1082 1817 1116 laudabilibus
1836 1081 1887 1114 de-

1150 1144 1330 1182 putatorum
1370 1149 1406 1171 ac
1430 1136 1682 1180 congregationis
1707 1134 1886 1168 huiusmodi

1149 1192 1351 1235 petitionibus
1368 1202 1426 1235 per
1443 1191 1590 1224 dilectum
1615 1190 1715 1223 silium
1740 1189 1886 1222 Ioannem

1150 1245 1187 1277 de
1212 1245 1334 1278 Salazar
1359 1244 1544 1278 canonicum
1574 1242 1724 1276 ecclesiae
1754 1242 1887 1285 Compo—

1150 1298 1298 1330 stellanae
1312 1297 1386 1330 dicti
1400 1297 1475 1330 cleri
1492 1296 1689 1339 negotiorum
1704 1295 1734 1327 in
1748 1295 1887 1328 Romana

1151 1351 1238 1383 curia
1267 1354 1423 1393 gestorem
1458 1350 1548 1382 nobis
1580 1348 1725 1382 exhibitis
1754 1347 1888 1390 benigne

1151 1414 1310 1445 annuere,
1338 1403 1485 1447 ipsosque
1510 1402 1674 1445 deputatos
1698 1411 1733 1434 ac
1757 1404 1890 1444 congre-

1152 1457 1310 1500 gationem
1336 1455 1524 1500 specialibus
1546 1455 1704 1488 favoribus
1729 1459 1758 1487 et
1782 1453 1891 1498 gratiis

1154 1509 1305 1553 prosequi
1337 1510 1495 1550 volentes,
1524 1513 1554 1541 et
1582 1518 1690 1541 eorum
1717 1507 1890 1550 singulares

1154 1573 1305 1606 personas
1322 1573 1338 1595 a
1363 1562 1526 1606 quibusvis
1551 1561 1891 1599 excommunicationis,

1154 1616 1368 1660 suspensionis
1393 1621 1422 1648 et
1447 1615 1612 1655 interdicti,
1637 1614 1768 1657 aliisque
1792 1613 1891 1646 eccle-

1155 1669 1286 1703 siasticis
1311 1668 1482 1708 sententiis,
1508 1667 1648 1700 censuris
1672 1671 1702 1699 et
1727 1666 1851 1710 poenis,
1874 1676 1890 1698 a

1155 1723 1222 1755 iure
1240 1722 1287 1755 vel
1312 1722 1350 1754 ab
1375 1721 1513 1760 homine,
1530 1720 1638 1764 quavis
1663 1720 1827 1753 occasione
1844 1719 1890 1752 vel

1155 1777 1248 1808 causa
1272 1775 1352 1815 latis,
1373 1775 1397 1808 si
1415 1775 1528 1819 quibus
1553 1773 1788 1817 quomodolibet
1809 1773 1893 1805 inno-

1155 1829 1242 1862 datae
1267 1829 1420 1868 existunt,
1450 1828 1487 1860 ad
1512 1827 1655 1861 effectum
1681 1825 1893 1870 praesentium

1155 1882 1315 1914 dumtaxat
1350 1880 1630 1924 consequendum,
1665 1880 1777 1912 harum
1814 1878 1893 1912 serie

1156 1936 1351 1968 absolventes
1381 1940 1411 1968 et
1442 1935 1600 1968 absolutas
1624 1934 1691 1967 fore
1715 1938 1894 1974 censentes,

1157 1989 1337 2022 huiusmodi
1367 1987 1648 2032 supplicationibus
1673 1987 1832 2027 inclinati,
1857 1986 1894 2019 de

1139 2080 1141 2090 ‚
1159 2042 1385 2075 venerabilium
1411 2042 1544 2074 fratrum
1562 2046 1742 2074 nostrorum
1761 2040 1789 2073 S.
1808 2041 1841 2073 R.
1861 2039 1892 2073 E.

1158 2095 1363 2128 cardinalium
1389 2095 1517 2128 Concilii
1541 2094 1712 2127 Tridentini
1744 2093 1896 2137 interpre-

1159 2154 1223 2182 tum
1249 2149 1390 2189 consilio,
1414 2153 1574 2188 statutum,
1599 2148 1629 2180 in
1655 2147 1737 2180 dicto
1762 2146 1895 2180 concilio

1159 2202 1340 2246 provinciali
1366 2206 1399 2233 ut
1422 2202 1598 2245 praefertur
1622 2201 1751 2240 sactum,
1776 2205 1896 2244 aposto-

1159 2256 1218 2289 lica
1243 2255 1437 2295 auctoritate,
1464 2260 1571 2288 tenore
1596 2254 1825 2298 praesentium,
1845 2264 1896 2297 ap-

1159 2309 1331 2353 probamus
1357 2313 1386 2340 et
1411 2308 1644 2349 confirmamus,
1671 2307 1777 2351 illique
1802 2307 1897 2340 invio*

1159 2363 1260 2395 labilis
1285 2361 1475 2406 apostolicae
1492 2361 1647 2394 firmitatis
1671 2361 1770 2393 robur
1795 2359 1897 2393 adiici-

1160 2427 1240 2456 mus,
1253 2426 1288 2448 ac
1303 2426 1410 2448 omnes
1427 2419 1457 2448 et
1471 2415 1610 2457 singulos
1627 2420 1689 2447 tam
1707 2413 1784 2446 iuris
1802 2423 1895 2456 quam

1159 2470 1241 2509 facti,
1265 2470 1357 2502 etiam
1383 2468 1603 2501 substantiales
1623 2467 1770 2507 defectus,
1799 2466 1823 2498 si
1843 2465 1896 2509 qui

1159 2522 1296 2565 desuper
1321 2520 1558 2564 quomodolibet
1575 2518 1808 2558 intervenerint,
1825 2528 1896 2560 sup-

1159 2575 1289 2618 plemus.
1315 2575 1522 2607 Decernentes
1547 2577 1693 2606 statutum
1718 2570 1896 2604 huiusmodi

1160 2629 1198 2661 ab
1223 2627 1368 2661 omnibus
1393 2631 1423 2662 ct
1446 2626 1591 2670 singulis,
1616 2625 1653 2658 ad
1678 2634 1756 2669 quos
1780 2627 1894 2668 spectat

1919 508 1996 528 Paulus
2006 509 2021 528 V
2031 515 2078 529 con-

1144 558 1216 595 tem,
1239 553 1319 586 sicut
1343 552 1452 584 eadem
1476 550 1630 594 expositio
1655 549 1880 592 subiungebat,
1895 534 2080 596 ifilffi‘gssafft'lil‘.

1896 587 1958 606 Μ’
1968 603 1973 610 ·
1985 593 2080 644 tituta

1145 670 1252 692 carum
1276 668 1485 702 personarum
1510 656 1651 690 doctrina
1668 660 1698 688 et.
1718 640 2082 689 virtutibus¹1³ffi²5¹⁰¹51ffid1¹ffiffl

1898 699 1933 713 ces
1955 694 2081 720 appellaue-
