2226 3235
123 222 170 248 An.
189 220 217 248 C.
241 220 308 248 1629

177 1026 308 1047 facultatem

126 1053 221 1073 omnibus
237 1053 309 1073 tribuit

126 1085 146 1099 in
166 1079 222 1099 dicto
240 1082 308 1100 monte

125 1106 228 1131 pecunias
274 1112 309 1132 po-

126 1133 201 1156 nendi.
217 1133 310 1158 exceptis

126 1158 310 1183 biennii-antibus,

126 1188 147 1207 el.
161 1186 288 1206 infidelibus

931 220 1071 244 unssxnrs

321 267 403 301 hona
416 266 554 307 mobilia,
569 267 753 310 immobilia,
766 268 843 310 iura,
857 278 907 301 res
922 273 951 301 et
968 269 1063 301 actio—

322 330 377 354 nes
401 331 618 364 quaecumque
635 322 810 364 praesentia
830 327 859 355 et
877 323 978 355 lutura
998 322 1063 354 ubi-

323 384 384 418 que
409 374 550 407 locorum
570 374 742 413 existentia,
762 375 978 419 introitusque,
997 375 1063 407 red-

322 427 405 475 ditus
429 432 459 460 et
482 432 664 471 proventus,
689 427 771 461 dieto
792 429 890 461 monti
911 429 1061 468 subsidii,

323 480 468 524 illiusque
504 481 634 524 singulis
670 482 812 524 personis
845 487 875 515 et
906 482 1062 514 montistis

323 534 511 576 generaliter
529 539 558 567 et
575 534 751 578 specialiter
768 535 860 567 etiam
886 535 1062 577 obligamus

323 593 353 620 et
376 588 644 633 hypothecamus,
672 599 707 622 ac
735 589 873 632 obligata
904 593 933 621 et
957 589 1058 632 hypo-

323 641 445 674 thecata
469 651 546 683 esse,
575 652 631 674 nee
665 653 761 686 super
790 641 902 675 annuis
930 641 1062 674 summis

322 694 499 738 praedietis,
525 700 559 727 ut
583 705 679 739 supra
704 695 888 738 assignatis,
913 694 1062 727 illarum—

322 758 383 791 que
410 747 571 781 exactione
596 754 625 781 et
651 749 851 792 perceptione
883 748 975 781 etiam
1006 759 1062 791 per

322 811 379 834 nos
397 806 427 834 et
445 811 645 835 successores
662 806 785 836 nostros
800 801 976 845 praedictos
989 812 1063 845 quo-

323 854 368 887 vis
388 854 483 888 modo
504 855 667 888 montistas
681 855 859 899 praedictos
874 855 1062 898 perturbari,

324 908 491 952 inquietari
510 909 557 942 vel
574 909 732 942 molestari
751 919 854 952 posse,
872 908 1017 942 volumus
1034 914 1064 942 et

324 961 533 995 decernimus.

369 1015 383 1058 ἓ
407 1014 436 1048 6.
461 1015 588 1048 Necnon
619 1015 713 1048 etiam
744 1015 855 1048 eadem
879 1015 1064 1048 auctoritate

325 1068 491 1102 statuimus
515 1072 609 1112 atque
634 1068 842 1110 decernimus,
871 1069 954 1112 quod
974 1080 1065 1113 quae-

325 1132 461 1166 cumque
485 1122 649 1165 utriusque
666 1132 756 1155 sexus
780 1133 943 1166 personae,
961 1123 1065 1155 cuius-

325 1185 460 1219 cumque
483 1175 613 1215 aetatis,
639 1175 732 1208 etiam
757 1176 913 1219 minores,
938 1177 1064 1220 pupilli,

325 1238 360 1262 ac
392 1228 491 1272 spurii
522 1234 552 1261 et
582 1229 760 1272 illegitimi,
786 1234 816 1263 el
839 1230 1065 1274 cuiuscumque

325 1287 440 1323 status,
465 1282 596 1326 gradus,
613 1277 827 1325 conditionis,
853 1284 1013 1327 dignitatis
1037 1289 1065 1316 et

324 1336 589 1380 praeeminentiae
607 1336 783 1377 existentes,
801 1337 893 1369 etiam
919 1337 943 1369 si
970 1337 1067 1369 cardi-

324 1389 448 1432 nalatus
472 1390 593 1423 honore
617 1391 844 1434 praefulgeant,
869 1396 897 1423 et
925 1391 1066 1423 ecclesiis

326 1442 558 1476 cathedralibus
584 1443 676 1476 etiam
702 1444 950 1487 metropolitanis
969 1450 996 1476 et
1018 1454 1068 1487 pa-

326 1496 548 1530 triarchalibus
566 1507 622 1530 seu
647 1497 844 1530 monasteriis
869 1497 1016 1540 praesint,
1037 1503 1067 1530 et

326 1560 555 1594 quaecumque,
581 1556 793 1593 quotcumque
820 1555 849 1582 et
873 1551 1066 1593 qualiacum-

325 1613 387 1647 que
411 1603 621 1636 ecclesiastica
648 1603 800 1636 beneficia
832 1614 902 1636 cum
936 1607 1012 1637 cura
1038 1610 1067 1637 et

325 1657 392 1690 sine
418 1659 494 1690 cura
518 1657 687 1697 obtineant,
706 1657 736 1689 in
757 1657 854 1690 sacris
872 1658 965 1691 etiam
984 1669 1067 1701 pres-

324 1709 483 1755 hyteratus
519 1710 684 1743 ordinibus
715 1711 920 1751 constitutae,
944 1721 1066 1744 necnon

324 1763 509 1807 quorumvis
523 1763 579 1796 sub
595 1763 702 1807 quavis
717 1765 827 1807 regula
841 1764 1066 1805 institutorum,

326 1816 527 1860 hospitalium
542 1821 572 1849 et
591 1816 773 1849 militiarum
792 1822 822 1849 et
841 1828 1066 1861 quorumcum-

326 1881 387 1914 que
405 1871 482 1913 (non
507 1874 611 1903 tamen
634 1870 893 1913 mendicantium)
914 1870 1066 1904 Ordinum

326 1923 487 1966 religiosi,
514 1923 629 1967 quibus
654 1933 671 1956 a
695 1924 762 1956 iure
788 1929 841 1956 aut
865 1935 921 1967 per
945 1925 1069 1968 privile-

325 1977 414 2020 gium
438 1987 623 2010 concessum
656 1982 702 2010 est
734 1977 899 2021 proprium
932 1978 1068 2011 retinere

325 2041 427 2075 posse,
448 2030 675 2073 cuiuscumque
699 2030 846 2071 nominis,
865 2031 1022 2074 qualitatis
1039 2036 1069 2063 et

326 2084 524 2124 conditionis,
538 2088 758 2127 praeterquam
777 2084 897 2116 ratione
915 2084 1068 2126 regularis

313 2137 529 2182 -professionis
561 2137 593 2169 in
624 2137 729 2181 aliquo
754 2137 868 2170 Ordine
893 2137 1069 2170 mendican-

327 2191 406 2223 tium
430 2190 583 2223 inhabiles
616 2196 645 2223 et
669 2191 833 2234 incapaces
857 2191 1008 2232 existant,
1033 2202 1068 2224 ac

328 2243 506 2276 infidelibus
531 2243 686 2287 exceptis,
712 2244 743 2276 in
774 2248 879 2277 monle
903 2244 1067 2288 praedicto

327 2296 466 2330 subsidii
482 2307 694 2340 quascumque
719 2297 926 2340 pecuniarum
950 2298 1069 2341 quanti-

329 2353 405 2384 tates
426 2350 502 2393 (non
519 2355 623 2383 tamen
638 2350 719 2383 infra
733 2361 888 2383 summam
906 2356 1067 2385 scutorum

328 2409 454 2438 centum
485 2408 629 2437 monetae
662 2404 693 2436 in
725 2404 864 2447 singulas
895 2415 1067 2448 personas,

328 2458 369 2491 ita
384 2461 417 2490 ut
440 2458 509 2490 loca
533 2461 564 2489 et
586 2457 748 2501 portiones
772 2458 952 2505 huiusmodi
972 2458 1067 2491 dividi

328 2511 457 2545 minime
484 2511 617 2555 possint)
642 2522 742 2555 usque
771 2511 810 2544 ad
839 2511 954 2544 dictam
984 2523 1068 2546 sum-

328 2575 413 2598 mam
436 2565 579 2597 locorum
603 2564 701 2597 trium
725 2564 861 2597 millium
885 2576 1014 2609 ponere,
1039 2572 1069 2599 et

328 2617 415 2662 ipsae
444 2627 599 2661 personae
631 2628 690 2661 pro
721 2618 862 2661 pecuniis
891 2619 934 2652 sic
958 2620 1069 2663 positis

409 2679 488 2708 Bull.
508 2679 592 2708 Rom.
612 2695 646 2700 —
669 2680 727 2710 Vol.
748 2680 824 2709 XIV.
969 2682 1002 2709 16

1097 220 1153 244 xm
1176 221 1223 245 rr.
1738 212 1797 246 -121

1097 269 1217 302 fructus
1241 269 1278 302 ad
1304 269 1458 302 rationem
1479 274 1640 302 scutorum
1665 279 1778 302 novem
1799 270 1835 303 si-

1097 323 1218 355 milium
1243 334 1301 366 pro
1326 323 1466 366 quolibet
1486 323 1555 356 loco
1580 323 1712 364 singulis
1736 323 1834 362 annis,

1096 381 1126 408 et
1157 376 1297 419 quolibet
1328 376 1468 409 bimestri
1494 386 1603 409 eorum
1628 381 1743 414 ratam,
1768 376 1834 408 sin«¹

1096 429 1201 472 aliquo
1215 430 1423 462 conscientiae
1438 430 1589 473 scrupulo
1607 434 1637 461 et
1648 429 1741 462 sortis
1754 430 1835 472 prin<

1096 482 1204 525 cipalis
1229 482 1435 516 diminutione
1460 483 1507 515 vel
1532 483 1638 526 aliquo
1663 482 1834 515 restitutio-

1095 534 1142 566 nis
1162 545 1267 575 onere,
1290 535 1421 578 integre,
1442 536 1526 568 omui
1550 546 1680 579 prorsus
1702 534 1835 578 impedi*

1096 594 1201 621 mento
1226 594 1376 629 cessante,
1388 590 1557 633 percipere
1574 595 1604 622 et
1628 590 1746 622 habere
1763 600 1835 633 pos-

1095 642 1156 674 sint
1172 645 1201 675 et
1218 642 1348 675 valeant.

1140 695 1155 737 ξ
1180 694 1207 726 7.
1227 694 1391 727 Praeterea
1411 694 1503 727 etiam
1524 705 1671 738 expresse
1693 696 1836 739 prohibe-

1097 757 1177 787 mus,
1195 746 1279 790 quod
1296 747 1364 779 loca
1382 747 1552 790 praedicta,
1573 758 1630 780 nec
1647 758 1757 781 eorum
1776 749 1837 782 sru-

1097 805 1164 833 ctus
1184 805 1213 832 et
1233 800 1454 837 emolumenta,
1473 800 1564 833 etiam
1583 803 1675 833 causa
1697 801 1837 835 rebellio-

1096 854 1154 893 nis,
1169 853 1367 897 proditionis,
1378 854 1546 895 assassinii,
1557 855 1723 898 sacrilegii,
1737 855 1837 888 laesae

1097 907 1267 940 maiestatis
1285 911 1315 940 et
1336 907 1470 940 aliorum
1489 907 1657 940 criminum
1676 915 1838 952 quantum<

1098 971 1232 1004 cumque
1264 960 1408 1003 gravium
1433 966 1463 993 et
1487 961 1664 994 enormium
1689 973 1746 1005 per
1770 963 1836 995 loca

1098 1015 1164 1058 ipsa
1188 1014 1386 1055 obtinentes,
1418 1019 1480 1048 tam
1512 1015 1595 1048 intus
1629 1026 1723 1058 quam
1754 1021 1839 1049 extra

1098 1067 1248 1101 ditionem
1277 1073 1418 1100 nostram
1448 1071 1477 1101 et
1508 1068 1540 1100 in
1569 1068 1707 1112 qualibet
1731 1069 1839 1102 mundi

1099 1127 1209 1166 parte,
1234 1132 1296 1156 non
1321 1127 1424 1156 tamen
1452 1122 1483 1155 in
1514 1133 1682 1166 personam
1708 1123 1839 1156 Romani

1099 1176 1258 1209 Pontificis
1286 1181 1338 1208 aut
1362 1176 1493 1208 alicuius
1517 1186 1553 1208 ex
1578 1181 1701 1208 sanctae
1727 1177 1840 1209 Roma-

1099 1239 1156 1261 nae
1174 1229 1331 1261 Ecclesiae
1347 1229 1569 1270 cardinalibus,
1583 1228 1836 1269 commissorum,

1100 1282 1193 1316 eliam
1214 1283 1429 1315 consessorum
1451 1289 1479 1314 et
1505 1282 1724 1325 probatorum,
1742 1282 1841 1326 publi—

1101 1336 1164 1368 cari
1197 1346 1251 1368 seu
1285 1335 1474 1376 deliberari,
1507 1346 1564 1368 nee
1596 1335 1652 1367 sub
1684 1336 1840 1379 aliquibus

1101 1389 1164 1421 sive
1186 1389 1373 1432 specialibus
1398 1389 1462 1421 sire
1482 1389 1681 1431 generalibus
1699 1389 1841 1421 omnium

1100 1443 1278 1484 bonorum,
1309 1453 1416 1474 rerum
1445 1447 1475 1474 et
1494 1442 1619 1474 jurium
1648 1442 1841 1476 confiscatio-

1101 1495 1192 1527 nibus
1223 1493 1471 1538 vcomprehendi¹
1499 1495 1566 1537 (sed
1599 1495 1774 1538 specialiter
1802 1494 1841 1528 ab

1101 1548 1162 1580 illis
1187 1553 1314 1591 excepta
1332 1548 1398 1580 sore
1424 1552 1452 1579 et
1477 1558 1545 1580 esse
1570 1553 1771 1587 censeantur,
1788 1547 1841 1580 de-

1101 1612 1161 1645 que
1186 1602 1247 1634 illis
1268 1602 1391 1645 ipsimet
1409 1601 1625 1644 delinquentes
1643 1602 1763 1644 integre
1780 1601 1842 1634 dis-

1102 1665 1219 1699 ponere
1244 1655 1381 1698 possint,
1407 1665 1442 1687 ac
1467 1654 1492 1687 si
1517 1654 1629 1687 delicta
1661 1654 1841 1687 huiusmodi

1101 1718 1298 1751 nequaquam
1315 1707 1569 1751 commisissent),
1588 1707 1753 1750 minusque
1773 1708 1841 1740 loca

1101 1762 1260 1805 praedicta
1274 1761 1321 1794 vel
1336 1771 1445 1794 eorum
1460 1761 1578 1794 fructus
1594 1761 1733 1804 quolibet
1755 1771 1842 1804 prae-

1103 1820 1187 1847 textu
1223 1814 1261 1847 ad
1290 1814 1467 1846 instantiam
1499 1814 1635 1846 cuiusvis
1668 1824 1841 1856 personae,

1102 1868 1195 1901 etiam
1228 1878 1372 1901 camerae
1403 1872 1544 1906 nostrae,
1570 1867 1616 1899 xe]
1642 1867 1717 1899 alias
1748 1867 1842 1900 modo

1102 1922 1207 1965 aliquo
1233 1921 1433 1965 sequestrari,
1460 1921 1560 1961 rendi,
1586 1920 1774 1962 subhastari,
1790 1926 1841 1953 aut

1102 1974 1249 2018 impediri
1267 1975 1396 2018 possint.

1147 2029 1161 2071 ξ
1186 2029 1214 2062 8.
1236 2028 1441 2061 Decernimus
1458 2033 1633 2072 praeterea,
1651 2027 1735 2072 quod
1752 2038 1842 2061 mons

1102 2081 1280 2125 praedictus
1304 2092 1366 2114 non
1392 2082 1491 2125 possit
1515 2082 1638 2122 redimi,
1664 2082 1711 2114 vel
1735 2081 1841 2114 reduci

1102 2135 1140 2167 ad
1157 2145 1220 2168 non
1237 2136 1419 2176 vacabilcm,
1434 2146 1491 2169 nec
1511 2136 1662 2179 extingui,
1676 2136 1842 2179 minusque

1103 2188 1186 2221 illius
1209 2189 1330 2222 fructus
1353 2199 1371 2221 a
1395 2189 1515 2222 ratione
1544 2194 1705 2222 scutorum
1730 2199 1842 2221 novem

1102 2242 1282 2275 huiusmodi
1306 2253 1364 2286 pro
1390 2242 1530 2286 quolibet
1554 2243 1642 2283 loco,
1670 2247 1704 2275 ut
1728 2253 1843 2286 supra,

1102 2296 1210 2329 reduci
1234 2306 1292 2329 nec
1316 2296 1415 2329 minui
1441 2296 1498 2329 sub
1523 2296 1633 2340 quovis
1658 2301 1843 2339 praetextu,

1102 2350 1195 2382 etiam
1219 2350 1414 2383 necessitatis
1440 2350 1581 2393 urgentis
1605 2354 1635 2383 et
1659 2349 1844 2392 urgentissi-

1102 2415 1171 2437 mae
1195 2404 1282 2438 Sedis
1301 2403 1761 2448 Apostolicae‚enormissimae
1786 2403 1845 2436 lae-

1102 2457 1217 2499 sionis,
1244 2457 1384 2500 urgentis
1415 2456 1632 2496 necessitatis,
1665 2467 1720 2489 seu
1751 2456 1844 2489 etiam

1102 2510 1254 2545 evidentis
1284 2510 1446 2550 utilitatis,
1471 2515 1524 2542 aut
1555 2510 1616 2542 alia
1647 2519 1845 2554 quacumque

1140 2583 1148 2608 1
1168 2581 1247 2614 Male,
1266 2586 1296 2608 ut
1310 2585 1388 2617 puto,
1405 2581 1468 2609 edit.
1485 2581 1564 2609 Main.
1579 2581 1646 2617 legit
1659 2581 1843 2616 comprehen-

1102 2628 1210 2656 dantur
1226 2627 1262 2662 [R.
1279 2626 1328 2661 T.).

1849 223 1897 249 Au.
1915 223 1942 249 G.
1967 223 2032 250 1629

1921 711 2034 732 Conssncari

1852 738 1955 764 prohibet.

1889 2038 2041 2059 Reductionem

1858 2065 1956 2090 prohibet
1985 2067 2005 2086 et
2029 2071 2041 2085 a

1858 2094 1967 2111 vacatione
2004 2097 2042 2117 pei·

1865 2118 2031 2143 quinquennium

1857 2145 1942 2166 liberat.
