2248 3229
83 255 135 284 Au.
152 253 182 283 G.
200 253 270 283 1634

119 2347 170 2375 cap.
183 2347 238 2370 vm.

85 2375 116 2397 Do
124 2376 228 2396 directore
236 2378 270 2395 so-

85 2403 175 2424 cietatis.

896 251 1040 276 uanam-us
1062 251 1121 277 vm
1143 251 1192 276 rr.

1041 305 1043 326 t
1059 310 1132 333 nem
1156 299 1386 344 assequendum
1404 308 1602 344 promovere.
1620 297 1734 332 Tribus
1750 307 1801 331 an-

283 300 323 344 (si
346 290 454 334 licebit
475 301 594 344 tamen)
612 310 701 333 sacra
717 300 755 333 de
776 299 895 344 Spiritu
914 300 1027 334 Sancto

282 355 402 396 facere,
418 353 472 397 qui
492 364 566 387 vero
583 354 761 387 sacerdotes
778 364 841 387 non
859 357 939 394 sunt,
956 354 1026 398 ipso

284 407 486 441 Exaltationis
503 408 581 441 sesto
606 408 656 440 die
681 412 808 451 peccata
825 408 979 448 confiteri,
997 412 1027 440 et

284 471 374 494 sacro
398 471 479 505 panc
504 471 536 494 se
560 461 692 494 relicere
713 461 866 504 optimum
891 466 981 493 esset.

327 513 412 555 Inde,
427 514 626 557 congregatis
651 514 797 547 omnibus
823 513 854 546 in
878 514 948 546 loco
965 513 1026 546 iam

286 573 356 600 ante
370 567 550 611 quindecim
567 567 634 600 dies
651 566 816 607 destinato,
831 558 969 600 director
985 567 1028 599 in-

285 620 378 664 cipiat.
402 620 554 664 hymnum
586 619 664 653 Veni
691 620 839 661 Creator,·
869 630 931 663 quo
956 630 1027 652 cum

284 673 415 717 reliquis
440 673 589 717 precibus
613 674 767 715 absoluto,
786 673 825 706 ad
842 674 1027 706 electionem

283 725 487 770 procedatur:
501 726 579 759 nulli
593 732 697 759 autem
710 731 817 761 extero
832 727 863 759 in
876 726 1028 759 electione

284 779 393 813 adesse
410 779 454 812 sas
470 780 539 812 erit.
554 780 672 813 Electio
685 790 760 813 vero
774 780 834 813 hoc
853 779 947 812 modo
960 778 1026 811 siet:

283 833 416 877 quisque
430 833 582 877 scriptum
596 833 628 866 in
642 833 790 867 schedula
804 843 921 866 nomen
933 832 1027 873 illius,

284 886 333 920 vel
355 897 475 930 eorum,
493 887 608 931 quibus
626 887 810 930 suffragium
829 896 921 919 suum
945 885 1028 919 serre

284 939 437 981 voluerit,
458 940 489 973 in
513 940 600 981 loco,
625 940 680 974 ubi
703 950 760 973 nec
786 939 905 973 adverti
929 939 1027 972 oculis

285 993 333 1027 vel
347 993 451 1037 aliquo
465 993 559 1027 modo
573 993 721 1037 cognosci
734 993 842 1037 possit,
853 992 1027 1026 collocabit.

329 1047 472 1080 Director
497 1057 572 1080 vero
596 1047 737 1080 arculam
761 1045 1027 1088 circumgestabit‚

285 1101 335 1136 cui
353 1101 521 1135 schedulae
542 1100 813 1142 commendentur,
834 1099 906 1132 inde
926 1099 964 1132 ad
985 1110 1045 1146 seg

284 1155 356 1188 dem
380 1165 469 1188 suam
492 1165 638 1188 reversus
662 1155 723 1188 alta
753 1164 829 1187 voce
854 1153 1027 1186 electorum

284 1210 317 1242 in
340 1209 492 1242 schedula
513 1208 642 1242 nomina
669 1208 812 1252 perleget
835 1207 1026 1251 singillatim,

284 1263 454 1297 secretario
468 1262 591 1306 singula
604 1261 815 1295 rescribente:
832 1261 946 1305 quibus
959 1271 1028 1305 per-

284 1317 382 1359 lectis,
409 1316 567 1350 videbitur
587 1316 618 1349 in
642 1326 812 1360 quemnam
836 1315 948 1348 electio
972 1325 1024 1348 ce-

285 1370 377 1404 cidit:
396 1371 482 1415 quod
498 1371 524 1404 si
548 1371 579 1403 in
604 1370 708 1415 prima
734 1369 886 1403 electione
909 1369 1027 1403 nemim

285 1425 444 1469 suffragia,
463 1435 543 1469 quae
560 1425 598 1458 ad
615 1425 646 1458 id
671 1435 786 1458 munus
810 1424 1026 1468 requiruntur,

284 1479 346 1512 lata
364 1479 462 1521 fuere,
487 1489 600 1523 nempe
625 1478 705 1511 duae
729 1478 837 1512 tertiae
865 1474 1044 1522 suffragio-³

284 1543 355 1566 rum
372 1537 488 1577 partes,
508 1543 608 1576 usque
626 1532 664 1565 ad
682 1532 804 1565 tertiam
825 1532 1025 1576 procedatur.

283 1586 373 1626 Quod
396 1586 422 1619 si
445 1596 547 1630 neque
577 1586 608 1618 in
633 1586 724 1618 tertia
748 1592 941 1630 peragetur,
973 1586 1044 1631 qui¹¹

284 1639 347 1673 duo
361 1638 369 1656 ¹
385 1640 478 1684 plura
494 1639 646 1683 suffragia
662 1640 841 1681 habuerint,
860 1640 1026 1683 eligantur,

284 1699 378 1738 atque
401 1693 439 1726 iis
463 1693 662 1727 solummodo
680 1693 795 1726 iterum
821 1693 971 1737 suffragia
987 1694 1027 1727 se-

284 1752 405 1788 rentur,
421 1747 516 1791 etqui
534 1747 626 1792 plura
643 1747 798 1788 habuerit,
812 1747 872 1780 erit
892 1748 1024 1789 electus3

285 1801 311 1835 si
335 1811 410 1834 vero
434 1801 523 1846 paria
547 1807 638 1835 erunt
655 1801 900 1846 uniuscuiusque
918 1801 1043 1836 suffra—¹

285 1854 346 1898 gia,
375 1864 425 1887 res
449 1854 488 1887 ad
511 1859 631 1888 sortem
655 1855 868 1888 renovabitur.

328 1908 488 1942 Electioue
508 1909 646 1952 peracta,
668 1909 708 1942 Te
724 1908 829 1941 Deum
850 1908 1025 1942 laudamus

285 1967 315 1995 et
330 1962 470 2007 reliquae
494 1973 604 2006 preces
621 1962 659 1994 ad
672 1962 845 2005 gratiarum
870 1964 1025 1996 actionem

283 2014 522 2049 recitabuntur:
554 2015 706 2059 postridie
743 2026 816 2049 vero
850 2016 1027 2050 sacerdotes

285 2078 373 2102 sacra
397 2068 542 2103 facientes
567 2069 688 2102 debitas
705 2069 768 2103 Deo
793 2069 909 2112 gratias
933 2080 1026 2112 agere

285 2122 484 2165 tenebuntur,
502 2123 659 2167 simulque
673 2123 811 2156 divinam
832 2123 1024 2156 maiestatem

285 2185 397 2218 orare,
426 2181 460 2208 ut
482 2186 580 2210 novos
610 2176 758 2209 officiales
791 2176 906 2220 dirigat
929 2176 967 2209 ad
992 2187 1027 2210 ea

284 2229 473 2273 peragenda,
494 2240 574 2274 quae
598 2230 637 2262 ad
661 2230 727 2263 eius
752 2230 885 2274 gloriam
911 2235 940 2264 et
972 2231 1027 2264 bo-

285 2293 360 2317 num
385 2283 542 2316 societatis
566 2283 685 2317 cedant.

328 2338 523 2372 Directorem
548 2338 645 2381 igitur
676 2348 800 2382 semper
824 2338 952 2372 habebit
976 2349 1026 2372 so-

286 2392 391 2433 cietas,
406 2401 423 2424 a
436 2402 499 2436 quo
512 2396 650 2435 regetur,
665 2392 782 2436 quique
796 2392 942 2426 sacerdos
956 2393 1025 2433 erit;

286 2445 458 2479 dummodo
476 2445 646 2478 residentia
663 2445 794 2479 alicuius
811 2446 960 2479 ecclesiae
978 2457 1028 2480 ex-

285 2502 333 2533 tra
352 2498 515 2539 Lutetiam,
533 2499 582 2531 vel
598 2499 774 2532 animarum
795 2501 882 2540 cura,
900 2499 947 2532 vel
967 2510 1026 2543 pu—

284 2551 368 2585 blico
385 2551 446 2585 alio
467 2561 598 2584 munere
615 2562 678 2585 non
696 2552 735 2584 sit
752 2552 930 2596 impeditus.
953 2553 1027 2586 Eius
1042 2573 1043 2579 κ

285 2606 346 2640 erit
369 2605 551 2639 societatem
575 2606 730 2649 dirigere,
755 2617 791 2640 ac
814 2607 853 2640 ad
876 2618 967 2641 suum
987 2607 1025 2641 fi-

320 2670 334 2696 1
349 2668 444 2696 Potius
458 2668 517 2704 lege
532 2668 586 2696 duo
603 2669 654 2703 qni
676 2670 711 2704 (n.
728 2670 778 2705 T.)-

366 2722 446 2751 Ball.
466 2722 550 2752 Rom.
592 2722 653 2753 Vol.
673 2722 748 2752 XIV.
920 2723 955 2752 55

1042 354 1107 411 §nis
1132 354 1164 386 in
1188 364 1225 386 eo
1250 363 1381 386 munere
1402 351 1600 396 permanebit
1624 350 1697 394 (nisi
1721 350 1801 385 sorte

1042 413 1043 455 ζ
1060 413 1171 451 sponte
1188 418 1246 451 pro
1264 407 1349 440 bono
1366 405 1532 447 societatis,
1547 404 1714 438 accedente
1729 403 1801 437 dua-

1042 458 1043 471 t

1042 477 1043 500 3
1061 471 1131 493 rum
1156 460 1320 493 tertiarum
1338 456 1473 503 partium
1499 468 1663 499 consensu,
1682 467 1714 491 se
1730 457 1801 491 sub-

1042 502 1044 559 }
1061 512 1185 545 trahere
1210 512 1332 556 vellet),
1351 512 1466 556 quibus
1490 513 1649 553 consectis,
1666 521 1729 545 non
1749 521 1802 555 po-

1042 565 1133 608 {terit
1157 565 1188 598 in
1212 565 1402 599 directorem
1423 566 1538 599 iterum
1561 566 1644 609 eligi,
1664 565 1724 598 nisi
1746 565 1802 598 tri-

1042 619 1044 655 Ξ
1060 618 1118 651 bus
1135 618 1203 652 aliis
1228 619 1343 663 clapsis
1367 619 1464 652 annis.
1483 618 1571 658 Quod
1592 619 1618 651 si
1642 619 1747 662 aliqua
1764 628 1802 653 ex

1061 674 1155 705 causa
1187 673 1356 717 plusquam
1387 673 1515 716 triginta
1547 672 1656 706 diebus
1681 682 1698 705 a
1720 672 1802 706 dicta

1044 727 1208 766 ,societate
1228 727 1377 765 directori
1402 727 1511 760 abesse
1535 726 1711 771 contigerit,
1732 736 1803 770 pro-

1060 786 1155 823 ponet
1171 780 1254 813 idem
1270 780 1408 813 director
1432 780 1568 824 aliquem
1586 791 1622 813 ex
1642 779 1801 820 societate,

1044 847 1045 860 κ
1061 832 1114 875 qui
1140 842 1211 865 suas
1235 832 1318 865 vices
1344 837 1443 875 gerat,
1461 832 1555 877 q'uem
1571 837 1676 865 tamen
1693 838 1801 876 aptum

1043 878 1168 924 {eadem
1194 886 1326 919 societas
1351 892 1484 927 censeat,
1499 892 1529 919 et
1553 886 1675 919 dicetur
1699 884 1803 919 subdi-

1060 945 1175 981 rector‚
1193 950 1229 973 ac
1242 939 1367 974 durabit
1380 940 1411 972 in
1427 939 1537 974 eodem
1555 949 1687 973 munere
1702 948 1803 983 usque

1061 993 1099 1027 ad
1124 993 1261 1026 reditum
1285 993 1462 1035 directoris,
1481 998 1511 1026 et
1527 1003 1589 1026 non
1606 993 1697 1025 ultra.

1105 1047 1192 1081 ldem
1217 1047 1354 1081 director
1378 1046 1616 1080 constitutiones
1639 1045 1733 1079 hasce
1755 1055 1804 1079 ar-

1062 1101 1264 1146 chiepiscopo
1290 1099 1457 1134 parisiensi
1480 1109 1538 1144 pro
1562 1104 1708 1143 tempore
1737 1098 1803 1131 exi-

1062 1156 1154 1190 stenti
1172 1155 1325 1196 ostendat,
1342 1158 1376 1188 ut
1400 1154 1432 1187 in
1451 1153 1578 1187 illarum
1602 1152 1803 1186 observantia

1061 1215 1155 1254 atque
1179 1208 1389 1254 exequutione
1412 1206 1578 1250 invigilare
1601 1205 1709 1251 possit.

1105 1263 1242 1304 Poterit,
1275 1266 1370 1306 prout
1409 1259 1622 1294 necessarium
1662 1259 1803 1293 societati

1061 1317 1307 1357 existimaverit,
1335 1321 1398 1349 tam
1426 1315 1459 1348 in
1486 1313 1625 1358 generali
1652 1324 1747 1358 quam
1771 1313 1803 1347 in

1060 1370 1244 1416 particulari
1257 1369 1371 1416 ‚socios
1395 1368 1576 1402 admonere.
1595 1367 1688 1402 Curet
1708 1367 1803 1400 etiam

1061 1427 1093 1458 in
1116 1425 1238 1470 primis,
1254 1429 1290 1458 ut
1306 1423 1381 1458 socii
1399 1424 1480 1457 inter
1497 1433 1530 1456 se
1547 1421 1721 1456 concordes
1737 1432 1803 1455 mu-

1061 1483 1113 1513 tuo
1138 1489 1171 1512 se
1195 1488 1303 1512 amore
1335 1478 1460 1511 foveant
1484 1481 1515 1509 et
1540 1476 1800 1520 complectantur.

1042 1533 1225 1567 rConversis
1248 1532 1323 1566 item
1347 1531 1386 1564 de
1409 1540 1512 1571 novo,
1533 1540 1589 1563 seu
1612 1529 1723 1563 divites
1747 1538 1803 1562 seu

1060 1597 1214 1631 pauperes
1238 1586 1306 1628 sint,
1328 1585 1360 1619 in
1384 1585 1636 1629 quibuscumque
1659 1583 1804 1617 fortunae

1042 1628 1184 1674 lcasibus
1208 1645 1334 1684 praesto
1358 1649 1425 1672 esse
1442 1638 1586 1672 debebit:
1604 1641 1804 1680 aegrotantes

1059 1700 1164 1728 autem
1189 1694 1300 1727 saltem
1324 1693 1421 1727 semel
1438 1692 1470 1725 in
1493 1691 1693 1726 hebdomada
1716 1689 1803 1724 adire

1059 1753 1152 1793 atque
1182 1747 1317 1781 invisere
1349 1747 1502 1792 optimum
1528 1751 1630 1787 esset;
1661 1744 1803 1780 societati

1060 1801 1172 1835 deinde
1195 1801 1312 1834 reseret
1335 1800 1483 1834 morbum
1504 1804 1534 1834 et
1552 1799 1702 1841 remedia,
1722 1808 1803 1844 quae

1059 1858 1125 1900 ipse
1149 1866 1207 1899 pro
1232 1854 1376 1899 corporis
1403 1855 1590 1898 animaeque
1616 1853 1715 1887 salute
1738 1863 1800 1897 op-

1059 1916 1195 1956 portuna
1218 1909 1377 1943 iudicabit.

1103 1965 1181 1997 Ante
1205 1963 1312 1998 omnia
1337 1967 1441 1996 autem
1466 1966 1573 2003 curet,
1597 1966 1632 1995 ut
1660 1960 1699 1994 de
1720 1970 1803 1995 novo

1060 2018 1203 2051 conversi
1228 2017 1319 2051 bonis
1344 2017 1486 2051 moribus
1512 2021 1542 2049 et
1566 2015 1740 2050 catholicae
1757 2025 1804 2048 re-

1042 2072 1186 2115 1ligionis
1210 2071 1387 2115 praeceptis
1419 2070 1632 2103 instituantur.
1664 2069 1753 2108 Quod
1777 2068 1802 2102 si

1042 2118 1120 2159 ¹hoc
1144 2135 1201 2168 per
1225 2135 1258 2158 se
1282 2128 1443 2168 praestare
1467 2134 1530 2157 non
1549 2122 1676 2167 poterit,
1693 2122 1803 2156 docto-

1042 2195 1043 2211 t
1060 2189 1131 2212 rum
1151 2177 1316 2211 hominum
1341 2180 1440 2222 opera
1464 2182 1579 2218 utetur,
1596 2187 1635 2210 ne
1652 2176 1733 2210 sorte
1750 2176 1803 2210 ho-

1042 2252 1043 2280 2
1060 2242 1131 2265 rum
1156 2231 1298 2265 omnium
1315 2230 1437 2264 inscitia
1461 2231 1504 2264 ad·
1523 2230 1676 2275 pristinos
1696 2239 1802 2264 mores

1042 2294 1043 2298 ’
1060 2286 1250 2319 relabantur.

1104 2339 1246 2372 Adi-enas
1263 2342 1378 2379 autem,
1395 2337 1449 2382 qui
1466 2337 1538 2371 fidei
1563 2337 1801 2382 amplectendae

1042 2417 1043 2426 1
1060 2395 1153 2427 causa
1177 2392 1329 2434 venerint,
1345 2402 1409 2426 non
1425 2393 1528 2426 solum
1544 2392 1679 2425 invisere
1696 2397 1726 2425 et
1743 2393 1802 2426 for-

1061 2448 1155 2481 tiores
1173 2446 1219 2480 in¹
1233 2449 1377 2491 suscepta
1394 2446 1547 2490 religione
1564 2445 1697 2479 reddere
1711 2445 1802 2480 dehe-

1059 2501 1114 2542 hit,
1128 2501 1181 2534 sed
1198 2500 1321 2534 curabit
1337 2499 1478 2544 insuper,
1493 2505 1526 2532 ut
1542 2499 1580 2533 ab
1598 2499 1721 2533 haeresi
1738 2509 1802 2533 non

1060 2555 1270 2596 absolvantur,
1294 2554 1355 2587 nisi
1378 2554 1466 2598 prius
1491 2558 1631 2595 constet,
1660 2564 1714 2588 eos
1737 2564 1801 2588 non

1059 2609 1130 2643 ficte
1149 2610 1230 2642 hanc
1249 2607 1478 2641 absolutionem
1492 2608 1667 2652 exquirere,
1684 2619 1720 2642 ac
1736 2613 1800 2642 tam

1095 2673 1108 2698 1
1125 2671 1222 2706 Praep.
1238 2671 1272 2699 in
1286 2678 1335 2699 nos
1350 2669 1474 2698 addimus
1485 2669 1523 2705 (R.
1536 2671 1586 2706 r.).

1704 239 1770 275 433
1815 249 1868 277 An.
1884 247 1912 277 G.
1930 247 1999 278 ¹634
