2248 3229
66 239 115 265 An.
133 238 160 265 C.
182 238 250 265 1635

91 882 202 904 nolentum
222 883 248 903 al»

65 909 178 936 Hispaniae
195 916 248 935 regis

65 936 166 957 militibus
177 936 248 956 'rm-v«-

65 969 146 983 rcnsem
167 963 248 983 archic-

65 995 173 1015 piscopnm

97 2105 216 2133 apostolico
234 2106 253 2125 in

70 2133 144 2158 Belgio
176 2133 252 2152 nuncia

70 2159 217 2180 committitur.
233 2162 252 2178 nt

70 2186 162 2208 Sanctae
193 2185 255 2206 Sedis

71 2218 155 2233 nomine
199 2214 254 2232 acei-

71 2241 124 2266 piat.

871 237 1012 261 nnnluus

263 346 389 381 Nunci'o
409 347 582 390 apostolico
597 348 631 380 ιή
646 347 759 391 Belgye'o
777 348 1002 388 committitur,

306 405 342 433 ul
373 400 535 434 detentum
574 402 613 433 ab
645 401 885 444 Hispam'urwn
917 402 1003 444 reyt's

306 453 470 487 militibus
488 454 767 497 arch[episcopum
785 454 1001 487 Trevirensem

307 507 341 539 in
366 507 419 539 sui
443 508 624 540 custodiam
648 507 813 550 recipiat?

262 578 432 605 Venerabili
452 578 540 605 fratri
564 578 646 605 Lelio
677 566 904 612 archiepiscopo
925 578 1002 605 The-

298 622 382 654 hano,
404 626 507 649 nostro
527 625 558 649 ct
579 622 767 655 Apostolicae
789 622 872 650 Sedis
894 623 925 650 in
942 623 1003 650 Bel-

298 667 372 699 qicis
393 666 557 693 ditionibus
578 667 700 700 nuncio,

457 712 594 738 Urbanus
624 712 704 746 Papa
732 712 807 739 vm.

477 765 662 792 Venerabilis
685 765 790 798 frater,

299 809 427 836 salutem
449 811 480 836 et
503 810 699 843 apostolicam
719 809 966 837 benedictionem.

308 872 322 914 ξ
347 871 375 903 sl.
401 871 476 904 Cum
499 872 715 915 superioribus
736 872 896 905 mensibus
916 882 1004 904 venc-

264 925 372 959 rabilis
398 926 494 958 srater
518 926 681 969 Philippus
697 926 940 968 Christophorus
958 936 1003 957 ar—

264 979 481 1022 chiepiscopus
501 979 693 1012 Trevircnsis
710 979 790 1012 sacri
809 978 930 1011 romani
950 979 1004 1010 im-

264 1032 342 1075 perii
365 1032 510 1076 princeps
534 1032 651 1065 elector
682 1038 711 1064 et
741 1032 908 1076 episeopus
932 1031 1002 1074 Spi-

264 1085 374 1126 rensis,
390 1085 429 1118 ob
446 1085 612 1118 nonnullas
632 1090 814 1128 praetensas
834 1095 953 1125 causas,
972 1085 1003 1116 in

263 1138 330 1171 cius
354 1138 477 1171 civitate
502 1138 678 1171 Trcvirensi
703 1149 760 1182 per
790 1138 904 1171 milites
935 1138 1004 1170 cha-

263 1191 378 1223 rissimi
397 1191 428 1223 in
445 1192 568 1225 Christo
586 1191 641 1224 tilii
659 1192 759 1224 nostri
776 1191 913 1235 Philippi
939 1191 1004 1224 His-

263 1244 427 1287 paniarum
453 1245 537 1287 regis
562 1244 707 1277 catholici
733 1244 763 1276 in
789 1254 856 1276 eam
888 1244 1003 1276 irrum-

263 1302 371 1340 pentes
391 1297 535 1330 detentus
552 1298 645 1331 suerit
659 1303 688 1330 et
701 1297 803 1330 adhuc
817 1297 1003 1339 detineatur,

263 1361 320 1383 nos
344 1361 402 1394 pro
433 1356 541 1384 nostro
575 1351 741 1394 pastoralis
772 1351 865 1383 officii
899 1350 1004 1383 debito

264 1403 399 1447 desuper
424 1409 601 1447 opportune
621 1404 787 1447 providere
810 1405 958 1444 volentes,
975 1409 1003 1437 et

264 1462 298 1489 ut
321 1467 485 1500 personae,
511 1457 681 1500 pontificali
707 1457 849 1499 dignitati
866 1463 896 1490 et
913 1457 1005 1490 liber-

265 1510 319 1542 tati
344 1510 595 1547 ecclesiasticae,
620 1520 655 1543 ac
680 1510 826 1551 iustitiae,
852 1516 1003 1554 quantum

265 1574 334 1596 cum
360 1564 493 1596 Domino
518 1564 642 1606 poterit,
667 1564 858 1604 consulatur,
881 1574 1004 1597 necnon

265 1615 303 1648 de
327 1618 378 1648 tua
396 1616 573 1659 prudentia,
593 1616 735 1649 doctrina
753 1622 782 1649 et
800 1618 1003 1660 experientia,

265 1679 301 1702 ac
325 1669 447 1702 sincera
472 1669 504 1701 in
528 1679 585 1702 nos
606 1675 635 1702 et
659 1670 870 1713 Apostolicam
892 1670 1003 1704 Sedem

265 1722 325 1755 side
350 1727 379 1755 et
409 1722 574 1755 devotione
606 1723 777 1766 plurimam
809 1723 840 1756 in
872 1724 1004 1758 Domino

265 1775 413 1809 fiduciam
437 1776 605 1816 habentes,
631 1782 854 1821 sperantesque
879 1783 907 1811 te
933 1789 1002 1821 gra-

266 1829 426 1861 vissimum
451 1830 510 1862 hoe
535 1830 701 1872 negocium
720 1831 760 1863 ita
777 1836 950 1874 gesturum,
972 1838 1005 1864 ut

265 1888 391 1915 nostrae
413 1883 450 1915 de
475 1888 504 1915 te
529 1883 668 1926 opinioni
694 1884 894 1927 respondeas,
920 1890 949 1917 et
975 1885 1005 1917 in

266 1936 314 1976 iis,
339 1947 418 1979 quae
444 1947 493 1968 res
518 1937 655 1980 postulat
680 1943 709 1969 et
729 1948 745 1969 a
770 1938 860 1970 nobis
880 1938 936 1970 tibi
958 1938 1006 1970 de-

267 1990 413 2022 mandata
429 1990 555 2030 suerint,
574 2001 610 2022 ex
627 1990 722 2022 animi
740 1991 838 2024 nostri
853 1991 1005 2024 sententia

268 2053 382 2075 munus
406 2048 494 2075 tuum
515 2044 672 2076 cumulate
693 2043 873 2087 adimpleas,

313 2097 328 2139 ξ
344 2097 372 2129 Q.
398 2097 619 2136 Quamobrem,
637 2102 670 2130 ut
686 2097 746 2130 hoc
763 2102 923 2140 praestare
940 2108 1007 2141 pos-

270 2150 321 2189 sis,
346 2150 400 2182 tibi
426 2156 458 2182 ut
482 2151 660 2194 praedictus
679 2150 841 2194 Philippus
870 2151 1008 2184 Christo-

269 2204 390 2247 phorus
414 2203 670 2248 archiepiscopus
695 2204 792 2237 libere
821 2204 962 2238 tradatur
979 2211 1008 2238 et

270 2268 341 2289 curn
358 2257 471 2289 effectu
487 2258 690 2300 consignetur
714 2258 855 2299 curandi,
872 2269 1008 2302 eumque

268 2317 378 2343 nostro
401 2315 430 2343 et
454 2311 651 2354 Apostolicae
675 2312 763 2345 Sedis
779 2312 907 2344 nomine
932 2312 1008 2345 reci—

270 2364 375 2408 piendi
393 2369 422 2396 et
438 2364 606 2407 detinendi,
632 2375 686 2397 seu
706 2365 837 2398 detineri
864 2365 1006 2407 faciendi,

270 2418 480 2462 eumdemque
489 2428 642 2462 personae
656 2429 711 2451 seu
724 2419 868 2462 personis
880 2418 1007 2451 mim'me

270 2473 432 2515 suspectis,
458 2471 510 2504 sed
535 2472 650 2515 quibus
676 2472 835 2505 confidere
854 2483 947 2516 posse
966 2472 1009 2504 iu-

269 2525 433 2566 dicaveris,
458 2525 689 2565 committendi,
715 2525 753 2558 ab
778 2526 885 2569 eisque
909 2525 946 2558 de
971 2536 1008 2558 eo

271 2584 336 2612 tuto
354 2585 383 2612 et
399 2579 533 2612 fideliter
550 2579 676 2612 nomine
693 2578 854 2622 praedicto
873 2579 1008 2612 tenendo

309 2644 319 2669 1
338 2641 374 2669 Ex
391 2642 496 2677 Regest.
514 2642 539 2668 in
555 2641 654 2669 Secret.
673 2641 749 2670 Brev.

1037 237 1092 260 YIII
1117 237 1164 260 FP,

1038 291 1068 318 et
1099 283 1305 318 custodiendo
1337 284 1549 316 iuramentum
1582 282 1776 327 recipiendi,

1037 348 1159 372 necnon
1185 337 1331 371 eumdem
1362 337 1544 381 Philippum
1575 336 1777 381 Christopho-

1037 402 1108 424 rum
1142 391 1414 435 archiepiscopum
1441 391 1479 424 de
1504 391 1574 424 loco
1599 391 1636 423 ad
1662 390 1777 431 locum,

1036 451 1130 488 prout
1162 445 1217 478 tibi
1247 445 1404 477 videbitur
1429 448 1457 478 ct
1482 444 1630 488 expedire
1662 444 1779 477 iudica-

1038 498 1129 539 veris,
1156 498 1374 539 transferendi,
1400 508 1522 531 necnon
1547 497 1652 530 onmia
1672 502 1701 530 et
1721 497 1780 530 sin-

1037 551 1110 594 gula
1134 551 1203 591 alia,
1229 562 1309 594 quae
1336 551 1365 583 in
1390 551 1573 594 praemissis
1593 556 1623 583 et
1640 551 1723 584 circa
1744 561 1778 583 ea

1037 604 1212 637 neccssaria
1238 604 1363 644 suerint,
1390 615 1444 637 scu
1469 604 1705 647 quomodolibet
1725 615 1779 648 op-

1038 661 1183 700 portuna,
1205 657 1327 690 etiamsi
1351 657 1422 689 talia
1439 663 1540 690 essent
1564 668 1642 700 quac
1661 657 1780 700 specifi-

1037 721 1104 743 cam
1122 716 1151 743 et.
1165 721 1344 754 expressam
1366 711 1563 754 requirerent
1578 710 1778 750 mentionem,

1037 763 1180 805 faciendi,
1205 763 1348 803 dicendi,
1373 763 1503 806 gerendi
1529 769 1558 796 et
1583 764 1778 807 exequendi,

1037 817 1209 860 apostolica
1221 817 1416 859 auctoritate,
1430 823 1538 850 tenore
1555 818 1778 861 praesentiunt,

1038 870 1175 912 plenam,
1197 870 1329 903 liberam
1344 876 1374 903 et
1391 871 1527 914 amplam
1550 871 1727 903 facultatem
1750 877 1779 903 et

1038 923 1256 956 auctoritatem
1288 923 1489 956 concedimus
1514 930 1543 957 et
1568 924 1777 967 impertimur.

1082 976 1097 1019 ἓ
1114 976 1143 1009 3.
1165 977 1232 1010 Non
1247 977 1452 1017 obstantibus,
1467 983 1619 1020 quatenus
1637 989 1716 1021 opus
1730 979 1779 1018 sit,

1038 1029 1136 1062 felicis
1162 1030 1390 1063 recordationis
1416 1030 1564 1063 Bonisacii
1590 1031 1691 1075 Papae
1715 1031 1778 1064 Vlll

1038 1082 1290 1127 praedecessoris
1314 1083 1412 1117 nostri
1438 1083 1476 1116 de
1502 1086 1573 1125 una,
1599 1089 1629 1116 et
1654 1084 1685 1116 in
1710 1095 1781 1117 con·

1039 1136 1110 1169 cilio
1136 1137 1275 1179 generali
1301 1137 1383 1170 edita
1409 1137 1447 1169 de
1472 1137 1594 1170 duabus
1618 1137 1720 1178 dietis,
1744 1148 1781 1170 ac

1038 1189 1106 1222 aliis
1131 1190 1321 1233 apostolicis,
1346 1200 1468 1224 necnon
1491 1191 1521 1223 in
1539 1191 1779 1232 universalibus,

1038 1243 1347 1287 provincialibusque
1368 1250 1396 1277 et
1417 1244 1618 1288 synodalibus
1638 1244 1779 1277 conciliis

1039 1297 1140 1338 editis,
1161 1298 1362 1340 generalibus
1380 1298 1427 1330 vel
1445 1298 1644 1341 specialibus,
1663 1298 1778 1331 consti-

1038 1351 1211 1384 tutionibus
1242 1357 1272 1384 et
1305 1351 1576 1392 ordinationibus,
1602 1352 1778 1396 ceterisque

1039 1405 1206 1438 contrariis
1231 1405 1492 1449 quibuscumque.

1083 1458 1193 1491 Datum
1204 1459 1332 1499 Romae,
1347 1459 1428 1503 apud
1438 1459 1467 1492 S.
1478 1459 1607 1492 Mariam
1618 1459 1778 1500 Maiorem,

1039 1511 1097 1543 sub
1125 1512 1240 1544 annulo
1266 1512 1434 1545 piscatoris
1451 1539 1458 1553 ,
1483 1513 1533 1545 die
1566 1513 1676 1545 ultima
1702 1512 1778 1545 iunii

1038 1575 1203 1606 mcxxxv,
1220 1566 1422 1609 pontificatus
1436 1566 1535 1599 nostri
1550 1576 1632 1600 anno
1647 1576 1691 1599 xn
1701 1566 1719 1599 ¹,

1075 1627 1131 1654 Dat.
1150 1627 1192 1654 die
1208 1627 1241 1654 30
1256 1628 1325 1655 iunii
1346 1629 1424 1663 1035,
1440 1629 1535 1664 pontis.
1552 1637 1622 1656 anno
1639 1635 1685 1656 xn.

1348 1754 1476 1788 DXVIII.

1040 1832 1195 1866 Facullas
1219 1835 1339 1866 nuncio
1356 1835 1528 1878 apostolico
1546 1836 1582 1868 in
1606 1836 1684 1868 urbe
1700 1835 1780 1869 Nea-

1081 1887 1166 1930 polis
1180 1888 1394 1930 permittendi
1406 1892 1441 1920 ut
1455 1889 1597 1931 populus
1611 1899 1684 1921 cum
1697 1889 1779 1921 clero

1086 1941 1247 1983 transiqat
1286 1951 1382 1984 super
1416 1941 1577 1974 solutione
1608 1941 1781 1974 cuiusdam

1084 1993 1268 2035 vectiqalz's,
1294 2005 1330 2026 ac
1354 1994 1560 2026 restitutione
1583 1995 1706 2027 solutae
1727 2005 1782 2037 pe-

1085 2046 1211 2086 cuniae,
1240 2057 1374 2090 eamque
1398 2047 1550 2090 eminendi
1571 2048 1701 2082 nomine
1724 2048 1777 2090 sa-

1086 2099 1193 2132 bricae
1217 2100 1248 2133 S.
1277 2101 1370 2133 Petri
1380 2100 1400 2133 ¹³.

1079 2197 1089 2222 1
1108 2195 1235 2223 Eiusdem
1251 2197 1367 2232 exempli
1383 2197 1488 2225 litterae
1503 2197 1553 2225 hac
1569 2198 1612 2225 die
1628 2198 1706 2225 datae
1717 2207 1784 2235 quo-

1042 2247 1095 2275 que
1110 2243 1171 2266 sunt
1186 2240 1219 2267 ad
1235 2241 1398 2276 apostolicos
1414 2243 1527 2269 nuncios
1542 2242 1612 2278 apud
1634 2243 1782 2278 Imperato-

1043 2293 1108 2317 rem⁷
1125 2284 1195 2319 apud
1213 2284 1337 2312 Poloniae
1352 2294 1456 2321 regem,
1473 2291 1553 2321 atque
1569 2287 1649 2313 etiam
1665 2288 1699 2313 ad
1715 2295 1783 2313 nun-

1042 2330 1112 2356 cium
1127 2330 1153 2355 in
1169 2330 1290 2365 partibus
1305 2330 1439 2357 interioris
1459 2331 1638 2365 Germaniae3
1660 2332 1733 2366 quod
1749 2331 1783 2357 ad

1042 2383 1132 2401 reruni
1149 2374 1199 2401 hoc
1215 2375 1240 2401 in
1257 2376 1369 2410 negocio
1385 2380 1520 2410 gestarum
1537 2376 1656 2402 notitiam
1672 2384 1783 2402 necesse

1042 2423 1133 2446 erata
1153 2420 1229 2446 nobis
1253 2419 1340 2447 innui.
1365 2419 1474 2447 Frustra
1498 2420 1634 2455 siquidem
1659 2419 1782 2447 eiusdem

1042 2464 1155 2500 exempli
1177 2468 1351 2491 monumenta
1375 2465 1564 2492 retulissemus
1584 2473 1599 2491 a
1619 2464 1784 2491 collectionis

1042 2508 1121 2535 huius
1143 2509 1195 2535 tine
1211 2509 1301 2544 aliquo
1317 2509 1395 2536 modo
1411 2509 1584 2543 divertentes,
1600 2518 1653 2545 quo
1675 2509 1783 2536 tandem

1042 2553 1186 2588 aliquando
1203 2553 1333 2580 accedere
1348 2553 1480 2580 videmur.

1076 2599 1092 2624 2
1112 2597 1149 2624 Ex
1168 2597 1274 2633 Regest.
1292 2599 1318 2624 in
1335 2599 1438 2625 Secret.
1456 2598 1532 2626 Brev.
1551 2613 1582 2618 -
1600 2598 1666 2626 Vide
1683 2599 1733 2626 hac
1749 2599 1781 2626 de

1041 2651 1070 2670 re
1084 2651 1167 2678 supra
1180 2642 1269 2671 Const.
1286 2650 1336 2670 nxv
1350 2648 1378 2671 et
1391 2650 1461 2670 va'i.

1682 226 1745 260 485
1791 237 1840 263 Au.
1857 236 1883 262 C.
1909 238 1974 265 1635

1817 990 1927 1010 Contraria
1941 991 1978 1010 tol·

1796 1017 1871 1037 lentur.
