2248 3229
275 225 324 253 An.
347 225 374 253 C.
394 224 462 253 1636
508 216 571 250 51⁹2

310 447 457 473 'transumpto-

275 479 319 493 rum
336 474 395 493 fides.

312 1564 374 1585 natio
397 1567 456 1586 tenor

273 1590 363 1612 decreti.

1043 225 1223 249 BULLAmtJM

476 273 523 306 vel
548 273 609 305 alia
634 273 741 316 quavis
772 272 919 305 firmitate
950 272 1126 313 roboratis,
1155 277 1213 306 sta-

475 327 548 359 tutis
573 330 602 360 et
626 326 912 367 consuetudinibus,
939 326 1112 370 ceterisque
1137 337 1211 359 con-

473 379 578 411 trariis
602 379 862 422 quibuscumque.

517 433 531 475 §
557 431 584 463 6.
611 432 761 464 Volumus
786 437 904 472 autem,
935 437 969 464 ut
999 433 1211 476 praesentium

474 485 688 527 transumptis,
705 485 798 517 etiarn
820 485 993 528 impressis,
1006 496 1101 518 manu
1118 486 1212 518 alicu-

471 538 519 571 ius
547 538 659 570 notarii
676 539 794 582 publici
830 539 1027 582 subscriptis,
1053 545 1082 572 et
1107 539 1211 582 sigillo

471 602 623 635 personae
637 591 668 623 in
685 591 836 634 dignitate
854 592 1065 625 ecclesiastica
1081 593 1212 625 contitu-

472 650 520 677 tae
545 644 683 686 munitis,
702 645 810 678 eadem
826 655 958 688 prorsus
974 645 1052 678 fides
1067 646 1212 678 adhibea-

471 702 532 737 tur,
551 708 630 740 quae
655 697 729 740 ipsis
754 698 972 740 praesentibus
989 697 1210 738 adhiberetur,

472 750 497 782 si
521 750 624 783 forent
648 750 803 783 exhibitae
830 751 876 783 vel
901 756 1055 784 ostensae.

516 803 627 836 Datum
638 804 766 845 Romae,
775 804 856 848 apud
866 804 894 837 S.
906 805 1043 848 Petrum,
1051 805 1109 838 sub
1118 815 1212 838 annu-

470 858 500 890 lo
522 857 699 898 PiscatoriS,
721 857 770 890 die
795 867 829 890 111
853 857 1030 891 decembris
1049 868 1210 900 MDcxxxv,

471 910 671 954 pontificatus
692 911 790 944 nostri
815 921 897 944 anno
916 922 980 945 xm.

505 971 564 1000 Dat.
585 972 628 1000 die
643 973 660 1000 3
679 973 830 1001 decembris
852 974 930 1009 1635,
952 975 1048 1010 pontif.
1068 983 1138 1003 anno
1156 982 1209 1003 xttt.

783 1115 895 1149 DXXV.

470 1196 641 1229 Decretum
680 1195 804 1228 editum
832 1206 853 1228 α
892 1198 984 1228 sacra
1026 1197 1212 1230 Tridentini

517 1249 656 1283 concilii
679 1249 926 1291 conqreyatione
946 1249 1054 1292 quoad
1073 1250 1210 1283 novitios

515 1305 652 1344 receptos
684 1305 713 1333 et
739 1301 898 1343 professos
929 1305 1041 1334 contra
1071 1303 1211 1344 formam

515 1354 716 1387 decretorum
726 1352 746 1386 ¹.

589 1434 804 1462 Sanctissimus
824 1436 855 1462 D.
878 1435 911 1463 N.
934 1435 1092 1469 Urbanus,

561 1479 661 1506 divina
694 1480 882 1513 providentia
915 1481 994 1515 Papa
1027 1481 1122 1514 vm,

516 1550 563 1583 Ad
587 1551 817 1584 occurrendum
843 1551 990 1592 motibus,
1012 1552 1064 1595 qui
1082 1557 1212 1596 possent

472 1603 504 1635 in
528 1602 734 1646 religionibus
759 1603 835 1636 oriri
865 1604 1028 1637 occasione
1056 1605 1211 1648 receptio-

472 1657 520 1689 nis
551 1657 743 1690 novitiorum
775 1662 804 1690 et
833 1657 1036 1701 professionis
1071 1668 1128 1701 per
1159 1668 1212 1691 eos

472 1710 605 1743 emissae
631 1710 662 1742 in
687 1711 892 1744 conventibus
927 1721 988 1744 non
1022 1711 1211 1754 designatis,

473 1769 582 1797 contra
607 1764 740 1797 formam
765 1764 968 1797 decretorum
993 1770 1117 1798 sanctae
1146 1775 1211 1798 me-

474 1818 593 1851 moriae
617 1818 785 1850 Clementis
804 1818 867 1851 vill
891 1818 927 1851 de
947 1818 1073 1851 novitiis
1098 1819 1135 1851 ad
1157 1819 1211 1851 ha-

472 1870 573 1903 bitum
593 1871 772 1913 regularem
791 1876 820 1903 et
836 1871 1064 1914 professionem
1081 1882 1144 1904 non
1163 1871 1212 1904 ad-

473 1924 631 1956 mittendis
660 1924 719 1956 nisi
745 1924 776 1956 in
794 1925 997 1957 conventibus
1022 1925 1210 1968 designatis,

472 1976 577 2009 audita
603 1987 696 2020 super
725 1977 786 2010 hoe
817 1978 970 2010 sententia
1002 1988 1108 2010 sacrae
1132 1978 1211 2011 Con-

471 2030 664 2073 gregationis
689 2029 824 2070 concilii,
853 2030 1021 2063 declaravit
1043 2041 1079 2063 ac
1103 2030 1211 2064 decre-

471 2083 523 2123 vit,
540 2083 721 2116 huiusmodi
734 2088 877 2127 receptos
891 2087 920 2117 et
932 2084 1089 2127 professos
1104 2088 1211 2118 contra

471 2136 603 2169 formam
629 2136 786 2169 dictorum
811 2136 1022 2176 decretorum,
1041 2137 1211 2180 allegantes

470 2195 637 2235 propterea
668 2190 842 2224 nullitatem
876 2191 1064 2234 receptionis
1088 2195 1117 2225 et
1141 2202 1212 2235 pro-

471 2243 624 2284 fessionis,
641 2253 702 2276 non
729 2253 820 2287 posse
840 2253 934 2287 super
951 2244 1130 2277 huiusmodi
1146 2244 1211 2276 nul·
1227 2267 1229 2293 3

471 2297 556 2330 litate
569 2302 638 2340 post
650 2297 771 2341 lapsum
790 2297 973 2341 quinquenii
986 2298 1211 2342 quoquomodo

471 2349 581 2383 audiri.
1145 2382 1155 2390 ,
1227 2343 1229 2357 '

515 2402 602 2442 Quod
627 2402 651 2435 si
676 2402 773 2447 aliqui
798 2408 907 2436 contra
931 2403 1065 2437 formam
1090 2404 1210 2448 praesa-

470 2462 575 2490 torum
607 2457 806 2490 decretorum
837 2458 954 2501 recepti
983 2463 1012 2490 et
1037 2457 1169 2502 professi
1193 2468 1209 2490 e

471 2510 626 2553 religione
648 2511 729 2543 infra
753 2511 1002 2555 quinquennium
1028 2513 1134 2553 exire,
1161 2512 1226 2544 vel*

507 2582 517 2607 1
535 2580 678 2608 Decretum
697 2581 769 2608 istud
790 2581 817 2608 in
839 2582 905 2609 edit.
921 2581 1001 2609 Malu.
1019 2582 1154 2610 adiectum
1174 2582 1206 2610 ad

471 2624 559 2652 Const.
576 2632 698 2660 cccxciv,
715 2635 797 2661 supra
811 2634 870 2662 pag.
888 2627 940 2654 215
957 2628 992 2662 (a.
1009 2628 1056 2662 T.).

1248 225 1402 250 ROMANUM

1245 273 1424 317 superiores
1450 279 1535 307 extra
1559 285 1627 308 eam
1644 277 1816 320 respective
1840 277 1910 310 illos
1930 277 1981 311 eii-

1246 337 1318 359 cere
1342 327 1515 370 voluerint,
1542 329 1648 361 eadem
1675 330 1825 363 Sanctitas
1848 331 1909 364 Sua
1926 332 1978 364 de-

1245 380 1360 421 crevit,
1389 386 1422 413 ut
1444 386 1505 413 tam
1530 381 1588 425 ipsi
1616 383 1748 425 professi
1772 394 1864 426 quarn
1893 395 1980 428 supe-

1245 435 1345 466 riores
1362 435 1534 477 respective
1552 440 1714 468 teneantur
1731 436 1809 477 iura,
1826 448 1904 480 quae
1922 438 1979 470 sibi

1245 487 1348 519 favere
1373 486 1436 519 visa
1452 487 1577 528 suerint,
1594 488 1682 531 prius
1702 488 1856 522 deducere
1872 501 1978 523 coram

1245 539 1354 572 eadem
1369 541 1458 572 sacra
1475 541 1732 583 Congregatione,
1753 552 1842 585 quae,
1862 553 1898 575 ex
1915 554 1980 587 spe-

1245 592 1314 625 ciali
1333 593 1424 625 etiam
1440 593 1519 626 Suae
1537 593 1713 626 Sanctitatis
1727 594 1871 627 facultate
1887 606 1981 639 super

1245 646 1304 679 hoc
1330 648 1478 679 concessa
1499 646 1685 690 providebit.
1710 647 1883 680 lnhibendo
1910 659 1981 691 pro-

1245 705 1353 743 pterea
1376 699 1579 743 primatibus,
1603 700 1800 744 patriarchis,
1824 701 1980 745 archiepi-

1245 753 1358 796 scopis,
1388 752 1562 796 episcopis,
1594 753 1757 786 abbatibus
1781 758 1810 786 et
1834 754 1979 796 praelatis

1246 805 1445 838 inferioribus
1469 805 1718 838 iurisdictionem
1743 807 1980 848 exercentibus,

1245 868 1280 890 ac
1304 857 1555 901 quibuscumque
1578 856 1733 892 iudicib'us
1761 859 1927 892 ordinariis
1951 864 1981 892 et

1245 910 1405 954 delegatis,
1426 911 1517 944 etiam
1543 922 1709 945 causarum
1734 912 1840 955 palatii
1860 917 1981 955 aposto-

1245 963 1295 996 lici
1321 964 1527 1004 auditoribus,
1545 970 1574 997 et
1599 971 1722 998 sanctae
1746 966 1903 998 Romanae
1917 966 1977 998 Ec-

1245 1017 1357 1050 clesiae
1382 1018 1603 1059 cardinalibus,
1636 1018 1731 1050 etiam
1751 1018 1789 1051 de
1815 1019 1912 1052 latere
1934 1019 1980 1052 le-

1245 1071 1334 1113 gatis,
1351 1071 1502 1115 Sedisque
1526 1072 1724 1116 Apostolieae
1748 1072 1874 1113 nuntiis,
1894 1083 1933 1106 ne
1949 1073 1980 1105 in

1244 1129 1403 1167 posterum
1429 1125 1460 1157 in
1484 1125 1545 1159 hoc
1576 1127 1799 1170 quoquomodo
1832 1137 1863 1159 se
1888 1127 1977 1170 inge-

1244 1183 1314 1210 rant
1342 1178 1460 1223 absque
1485 1179 1613 1223 speciali
1642 1180 1781 1212 eiusdem
1806 1180 1980 1214 Sanctitatis

1245 1231 1476 1272 commissione,
1494 1233 1550 1264 sub
1570 1234 1670 1276 poena
1692 1233 1760 1276 ipso
1776 1234 1856 1266 facto
1880 1234 1982 1266 incur-

1245 1284 1341 1317 renda
1371 1285 1472 1328 quoad
1497 1285 1682 1329 episcopos,
1710 1286 1980 1330 archiepiscopos,

1245 1337 1440 1382 patriarchas
1464 1343 1493 1371 et
1517 1339 1676 1382 primates,
1696 1339 1853 1373 interdicti
1878 1341 1916 1373 ab
1940 1341 1982 1374 in-

1245 1401 1356 1434 gressu
1384 1391 1553 1431 eeclesiae,
1578 1392 1681 1435 quoad
1710 1392 1847 1433 abbates,
1860 1394 1980 1436 praela-

1245 1448 1293 1477 tos
1310 1443 1484 1486 inferiores,
1503 1455 1538 1477 ac
1555 1445 1632 1478 alios
1653 1445 1770 1478 iudices
1794 1447 1982 1490 praedictos,

1245 1497 1580 1531 excommunicationis
1600 1499 1679 1532 latae
1703 1500 1893 1539 sententiae;
1919 1511 1982 1544 quo

1245 1561 1320 1584 vero
1344 1551 1382 1584 ad
1406 1552 1542 1593 nuntios,
1567 1556 1597 1586 et
1619 1552 1657 1585 ad
1682 1558 1804 1586 sanctae
1824 1554 1982 1588 Romanae

1245 1604 1402 1638 Ecclesiae
1426 1605 1614 1646 cardinales,
1640 1606 1732 1638 etiam
1758 1606 1795 1638 de
1819 1607 1916 1640 latere
1943 1608 1982 1641 le-

1245 1662 1355 1700 gatos,
1380 1658 1603 1700 indignationis
1634 1659 1713 1692 Suae
1749 1659 1924 1693 Sanctitatis
1953 1665 1982 1694 et

1245 1721 1418 1755 poenarum
1443 1711 1575 1745 arbitrio
1592 1712 1731 1745 eiusdem
1754 1713 1980 1756 ponendarum.

1290 1763 1319 1797 Si
1344 1774 1420 1798 vero
1444 1765 1549 1807 iidem,
1566 1770 1600 1798 ut
1617 1776 1710 1809 supra
1734 1767 1851 1810 recepti
1868 1772 1898 1799 et
1913 1778 1983 1810 pro-

1245 1817 1327 1859 fessi,
1348 1818 1469 1850 iuribus
1489 1818 1553 1851 suis
1567 1818 1695 1851 minime
1711 1819 1852 1852 deductis
1877 1831 1983 1854 coram

1246 1872 1334 1903 sacra
1348 1871 1597 1914 Congregatione
1613 1872 1752 1913 Concilii,
1771 1878 1800 1906 et
1816 1873 1882 1906 sine
1899 1874 1983 1907 illius

1246 1926 1394 1967 expressa
1426 1924 1568 1967 licentia,
1594 1935 1611 1957 e
1635 1925 1787 1968 religione
1811 1926 1914 1966 exire,
1936 1927 1983 1960 vel

1245 1977 1426 2020 superiores
1450 1978 1612 2021 religionis
1630 1989 1682 2011 eos
1700 1979 1813 2012 eiicere
1838 1980 1905 2012 ausi
1922 1980 1984 2014 sue-

1246 2030 1332 2071 rint,
1364 2031 1422 2074 ipsi
1448 2031 1565 2074 recepti
1597 2037 1626 2064 et
1658 2031 1791 2075 professi
1822 2037 1982 2076 tamquam

1245 2090 1403 2127 apostatae
1435 2085 1628 2128 puniantur,
1653 2089 1681 2117 et
1707 2095 1766 2128 pro
1791 2086 1905 2118 talibus
1933 2086 1983 2119 ha-

1244 2137 1393 2179 beantur,
1427 2148 1549 2172 necnon
1584 2142 1692 2172 contra
1727 2139 1873 2180 cosdem,
1898 2139 1983 2174 iuxta

1245 2191 1377 2224 sormam
1407 2191 1524 2224 decreti
1550 2191 1587 2224 de
1612 2192 1811 2235 regularibus
1835 2193 1982 2236 apostatis

1245 2247 1275 2277 et
1298 2244 1404 2277 eiectis
1429 2244 1568 2277 eiusdem
1593 2245 1769 2278 Sanctitatis
1794 2246 1873 2278 Suae
1896 2246 1983 2280 iussu

1244 2298 1283 2330 ab
1298 2297 1408 2330 eadem
1423 2300 1510 2331 sacra
1528 2298 1776 2342 Congregatione
1793 2299 1850 2331 sub
1863 2299 1913 2332 die
1926 2309 1982 2333 XXI

1245 2351 1430 2395 septembris
1449 2362 1609 2386 mcxxxiv
1626 2352 1709 2394 editi,
1730 2353 1936 2396 procedatur;
1954 2357 1983 2387 et

1244 2405 1434 2448 superiores,
1454 2405 1506 2448 qui
1527 2405 1684 2445 eiecerint,
1704 2416 1839 2449 poenam
1855 2416 1983 2450 suspen-

1244 2458 1340 2491 sionis
1365 2469 1381 2491 a
1407 2459 1529 2499 divinis,
1556 2469 1679 2493 necnon
1707 2459 1889 2502 privationis
1914 2469 1981 2492 orn-

1242 2511 1329 2544 nium
1354 2511 1531 2545 officiorum
1561 2523 1640 2555 quae
1672 2517 1746 2545 tunc
1775 2512 1981 2553 obtinebunt,

1242 2575 1277 2598 ac
1301 2571 1471 2610 perpetuae
1496 2566 1699 2599 inhabilitatis
1723 2565 1760 2598 ad
1778 2575 1812 2598 ea
1833 2565 1864 2598 in
1880 2571 1981 2610 poste·

1240 2628 1311 2652 rum
1335 2619 1511 2662 obtinenda,
1538 2620 1684 2663 vocisque
1710 2619 1825 2653 activae
1851 2623 1881 2654 et
1903 2628 1977 2664 pas-

1984 230 2036 258 An.
2057 231 2086 259 C.
2106 231 2173 260 1636
