2248 3229
444 273 509 308 768
990 276 1166 301 ΒυιῑᾹῃῑυΜ
1191 276 1341 301 Romanu

400 335 599 370 Minimorum
624 334 654 366 S.
680 331 840 365 Francisci
866 331 905 364 de
930 330 1026 364 Paula
1050 329 1147 369 Ordo,
1174 330 1212 363 27
1240 340 1276 369 ας
1302 331 1442 373 ipsorum
1467 328 1579 362 domus
1604 330 1741 362 nationis
1766 328 1932 363 Calabriae

488 388 526 420 ad
552 385 670 419 Montes
695 384 734 417 de
760 383 852 424 Urbe,
879 383 972 422 ibid.‚·
998 393 1037 416 ne
1062 383 1218 427 reliquiae
1243 392 1351 415 sacrae
1377 381 1417 415 ab
1442 383 1578 415 ecclesia
1601 381 1652 415 vel
1677 381 1750 415 libri
1776 391 1793 415 a
1818 381 1932 416 biblio-

488 439 577 474 theca
603 441 743 481 ipsorum
770 437 997 477 extrahantur,
1017 436 1055 469 27
1083 436 1114 475 b;
1132 437 1303 469 correctori
1328 436 1400 469 data
1425 435 1555 469 facultas
1580 440 1691 469 tenues
1715 435 1934 479 supprimendi

493 496 686 531 conventus,
712 499 887 534 eorumque
913 489 994 523 bona
1028 499 1100 522 cum
1133 488 1283 522 oneribus
1316 488 1354 522 ad
1385 490 1522 522 maiores
1553 488 1782 529 transterendi,
1808 488 1871 522 348
1895 499 1932 523 a:

487 545 609 578 admitti
634 546 665 576 in
691 553 728 576 eo
754 547 915 588 nequeunt
939 542 1098 576 Trinitarii
1123 541 1322 581 Discalceati‚
1349 542 1411 575 584
1437 541 1462 574 b.

399 598 640 633 Ministrantuum
666 596 802 630 lntirmis
827 596 1014 628 clericorum
1040 595 1234 637 regularium
1259 596 1475 638 congregatio,
1502 594 1572 627 cide
1596 594 1707 628 Clerici
1733 595 1903 637 regulares

397 652 533 686 Minores
558 651 665 684 clerici
690 650 865 694 regulares,
881 649 953 682 vide
976 649 1091 683 Clerici
1116 648 1278 691 regulares
1303 648 1449 681 Minores.

398 704 532 738 Minores
557 703 740 737 Dissalceati
767 704 951 746 provinciae
977 702 1007 735 S.
1034 702 1159 736 Ioannis
1184 701 1342 744 Baptistae
1369 702 1399 734 in
1426 700 1589 743 Hispania,
1616 701 1677 734 498
1703 700 1735 737 b2
1768 704 1935 734 revocatur

488 757 657 791 concordia
682 758 757 790 inita
785 758 865 790 inter
890 757 1086 800 provinciam
1112 759 1143 789 et
1166 755 1296 788 fratrem
1321 754 1520 798 Onuphriitm
1543 753 1674 797 Legaza,
1700 753 1779 787 ibid.
1803 757 1833 787 et
1855 764 1933 797 seq.;

485 819 635 844 concessa
654 810 830 853 privilegia.
848 810 911 843 730
929 810 960 848 b;
987 808 1165 842 facultatem
1192 808 1286 842 habet
1309 808 1454 851 erigendi
1480 811 1655 841 conventus
1680 807 1719 840 de
1744 808 1807 841 sola
1833 806 1935 842 Ordi-

486 866 565 897 narii
599 863 738 903 licentia,
767 862 826 895 731
855 873 889 899 (ις
917 866 947 895 et
971 871 988 894 a
1013 861 1078 894 solo
1103 863 1265 895 visitatore
1290 861 1487 895 Discalceato
1516 864 1618 904 potest
1648 861 1784 902 visitari,
1810 860 1872 894 73⁶.)
1896 871 1933 899 a;

486 922 661 951 ceterarum
687 925 762 949 vero
788 917 1022 959 provinciarum
1048 915 1161 948 fruitur
1185 914 1378 958 privilegiis,
1404 914 1467 947 732
1493 915 1520 947 b.

397 970 554 1005 Minoi-um
578 970 607 1003 S.
629 970 785 1002 Francisci
814 968 919 1010 Ordo,
938 969 999 1002 744
1026 969 1061 1008 b3
1083 967 1246 1011 privilegia
1279 976 1499 1012 quaecumque
1524 967 1703 1011 personalia
1728 967 1878 1011 abrogata
1903 968 1933 1000 iu

486 1029 547 1058 toto
572 1022 693 1058 Ordine
713 1022 869 1056 Minornm
894 1022 923 1055 S.
950 1022 1126 1058 Francisci,
1154 1021 1231 1054 ibid⁴

400 1096 439 1102 ⁴-
464 1077 749 1121 Cappuccinorum,
776 1075 846 1109 ride
870 1076 1155 1119 Cappucciuorutn.

398 1149 440 1154 —
464 1129 739 1169 Conventualium,
758 1129 797 1161 14
815 1139 852 1168 cr:
870 1128 1051 1162 observatio
1075 1128 1331 1161 constitutionum
1359 1127 1553 1162 Urbanarum
1579 1129 1834 1171 commendatur,
1854 1128 1933 1163 ibid.

487 1182 657 1226 collegium
682 1182 711 1215 S.
737 1181 976 1215 Bonaventurae
1009 1183 1040 1214 in
1074 1180 1167 1214 domo
1196 1181 1241 1214 Ss.
1267 1182 1321 1214 Xll
1352 1181 1574 1224 Apostolorum
1606 1182 1646 1215 de
1678 1181 1762 1216 Urbe
1793 1186 1933 1216 erectum

486 1236 596 1270 subest
620 1235 794 1278 guardiano
820 1234 965 1268 eiusdem
990 1234 1121 1275 doinus,
1149 1235 1211 1267 102
1234 1234 1266 1271 b:
1293 1244 1409 1278 partos
1435 1241 1623 1276 conventus,
1650 1237 1681 1269 in
1710 1235 1826 1280 quibus
1849 1236 1933 1269 suffi-

487 1290 574 1322 ciens
598 1289 728 1322 fratrum
754 1297 905 1321 numerus
923 1298 980 1332 pro
1001 1287 1203 1321 observantia
1228 1290 1365 1331 regulari
1386 1289 1557 1322 sustentari
1577 1290 1696 1333 nequit⁷
1714 1289 1933 1333 supprimendi

486 1342 566 1376 facta
593 1342 725 1375 facultas
749 1343 893 1375 ministro
917 1341 1060 1384 generali
1084 1341 1169 1374 illius
1194 1340 1342 1383 Ordinis,
1368 1342 1432 1374 498
1456 1351 1485 1374 a.

400 1415 441 1421 «-
466 1395 514 1429 De
538 1393 761 1435 Observanua,
786 1395 825 1428 41
853 1405 885 1433 (13
912 1395 1046 1428 lectores
1079 1395 1259 1439 linguarum
1292 1405 1353 1428 nou
1387 1399 1459 1429 sunt
1491 1397 1633 1440 exempti
1664 1404 1682 1430 a
1713 1395 1932 1430 iurisdictione

487 1459 614 1483 suorum
640 1450 838 1492 superiorum
865 1448 968 1493 quoad
994 1448 1173 1492 regularem
1194 1448 1438 1489 observantiam,
1457 1449 1493 1482 41
1515 1460 1534 1482 a
1551 1453 1583 1482 et
1600 1460 1672 1493 seq.;
1691 1449 1847 1483 Saxoniae
1865 1460 1932 1494 pro-

486 1505 591 1536 vincia
616 1505 770 1543 restituta⁷
797 1502 837 1535 (58
863 1502 880 1534 b
906 1506 934 1535 ct
959 1502 1001 1535 69
1026 1512 1061 1536 a:
1087 1502 1149 1535 duo
1175 1504 1317 1545 germani
1344 1502 1455 1535 fratres
1479 1502 1669 1536 delinitoriis
1694 1504 1848 1536 iuteresse
1872 1512 1930 1537 ne-

486 1560 620 1601 queunt,
647 1556 708 1588 456
726 1555 758 1591 b:
785 1564 843 1588 nec
868 1556 1126 1597 consanguineus
1152 1557 1296 1589 ministro
1322 1555 1509 1599 provinciali
1534 1557 1565 1589 in
1591 1557 1692 1600 priiuo
1718 1556 1766 1590 vel
1791 1556 1933 1590 seeundo

486 1610 587 1653 gradu
614 1612 715 1653 potest.
735 1608 779 1642 illi
801 1608 974 1641 succedere
1001 1611 1031 1642 in
1058 1610 1179 1648 officie,
1202 1610 1264 1643 609
1283 1610 1310 1645 b:
1328 1609 1516 1652 Recollecti‚
1535 1612 1589 1654 qui
1608 1620 1624 1643 a
1647 1611 1786 1654 perfecta
1804 1610 1933 1653 regulae

486 1663 689 1696 observantia
721 1662 922 1695 declinarunt
953 1663 983 1695 in
1016 1663 1226 1696 conventibus
1255 1662 1503 1697 Observantium
1534 1663 1729 1707 recipiendi,
1756 1664 1814 1696 611
1843 1663 1875 1703 b;
1901 1665 1932 1696 in

487 1719 681 1750 cismontana
708 1715 823 1749 familia
848 1716 982 1749 lectores
1008 1716 1130 1750 iubilati
1156 1718 1275 1750 institui
1302 1716 1419 1750 debent
1444 1716 1483 1750 ad
1509 1717 1640 1750 formam
1675 1719 1936 1751 constitutionum

487 1770 627 1810 Ordinis,
649 1770 711 1802 040
736 1769 769 1805 b:
797 1769 1009 1812 provinciales
1035 1770 1192 1813 religiosis
1211 1780 1266 1813 pro
1284 1772 1380 1802 sacris
1397 1768 1562 1802 ordinibus
1582 1769 1794 1813 suscipiendis
1815 1769 1934 1803 litteras

487 1822 716 1856 dimissoriales
741 1822 918 1855 com-edere
945 1826 1087 1865 possunt.
1115 1823 1173 1855 661
1195 1823 1227 1858 Ii:
1249 1825 1461 1856 tertiariorum
1483 1822 1625 1856 habitum
1649 1825 1717 1856 sine
1735 1825 1934 1866 superiorum

486 1874 616 1910 Ordinis
642 1875 768 1908 licentia
793 1875 910 1908 deferri
935 1877 1055 1908 nemini
1080 1875 1163 1916 licet,
1189 1877 1247 1909 671
1269 1876 1294 1911 h:
1316 1878 1479 1909 secretarii
1503 1876 1671 1918 generales
1696 1877 1727 1908 In
1752 1878 1930 1909 ministrum

486 1939 542 1962 seu
567 1930 817 1962 comittissariffln
843 1929 1026 1971 generalem
1051 1928 1181 1963 Ordinis
1207 1929 1280 1972 eligi
1300 1939 1360 1962 non
1379 1934 1509 1972 possunt
1528 1931 1589 1962 nisi
1609 1933 1762 1963 transacto
1779 1931 1932 1963 sexennio

485 1986 554 2026 post
578 1982 740 2025 expletum
765 1982 921 2022 officium,
947 1982 1011 2015 729
1037 1982 1054 2013 b
1079 1986 1109 2015 et
1133 1993 1204 2025 serp:
1231 1983 1472 2016 confraternitas
1497 1982 1718 2025 Conceptiouis
1743 1984 1774 2016 in
1799 1982 1933 2017 ecelesia

488 2040 615 2070 sanctae
640 2035 796 2069 Barbarae
823 2036 977 2069 Minoi-um
1003 2035 1032 2069 S.
1059 2035 1218 2068 Francisci
1243 2035 1282 2069 do
1308 2035 1521 2070 Observantia
1546 2036 1655 2079 oppidi
1676 2037 1715 2070 de
1733 2036 1829 2070 Cbaul
1850 2036 1934 2070 Goae

488 2094 602 2129 erecta,
624 2090 686 2122 743
703 2100 738 2127 (ι’,
760 2098 831 2122 cum
852 2088 1123 2132 indulgentiarum
1144 2090 1366 2129 concessione,
1388 2090 1450 2122 743
1473 2089 1506 2125 b:
1526 2089 1694 2133 privilegia
1712 2099 1933 2134 quaecumque

488 2143 665 2188 personalia
701 2143 851 2185 abrogata
884 2144 914 2176 in
949 2146 1010 2176 toto
1042 2141 1164 2177 Ordine
1195 2142 1324 2176 fratrum
1357 2142 1512 2176 illinorum
1545 2143 1575 2176 S.
1605 2142 1782 2184 Francisci,
1816 2143 1876 2176 744
1900 2143 1931 2179 b:

488 2201 593 2241 patres
628 2198 811 2241 provinciae
847 2198 878 2230 in
915 2196 1033 2230 familia
1065 2197 1294 2229 ultramontana
1326 2197 1477 2237 restituti,
1508 2196 1569 2228 746
1608 2196 1641 2234 [ις
1674 2195 1790 2240 quibus
1823 2197 1932 2239 poenis

487 2250 647 2284 afficiendi
671 2252 741 2291 siut,
768 2252 822 2294 qui
847 2250 951 2283 ol'ticia
976 2248 1107 2283 Ordinis
1132 2248 1283 2289 ambiunt,
1310 2252 1364 2282 aut
1387 2250 1593 2292 conquirunt,
1619 2249 1682 2282 749
1700 2249 1727 2281 b.

401 2325 441 2329 —
465 2304 511 2338 De
542 2303 754 2339 Observantia
785 2303 1070 2344 Discalceatorum,
1099 2304 1116 2335 9
1147 2313 1182 2337 a:
1217 2302 1396 2344 vigintitres
1427 2306 1583 2345 martyres
1616 2301 1810 2346 laponeuses
1841 2302 1933 2336 huius

488 2357 627 2396 Ordinis,
655 2359 673 2389 9
698 2358 731 2393 b:
759 2357 799 2389 10
823 2368 856 2393 a:
882 2356 1089 2390 Discalceatis
1114 2355 1294 2389 huiusmodi
1321 2355 1350 2388 in
1378 2355 1633 2398 processionibus
1662 2357 1811 2399 competit
1836 2365 1934 2399 prae-

488 2411 633 2443 cedentia
662 2420 758 2453 super
781 2409 858 2443 alios
883 2408 1022 2443 Ordines
1047 2409 1273 2447 Mendicantes,
1302 2409 1359 2441 124
1379 2419 1411 2445 a:
1437 2409 1526 2449 Quae
1552 2410 1590 2441 sit
1614 2410 1749 2442 ministri
1774 2409 1932 2452 generalis

487 2465 582 2497 totius
607 2462 737 2498 Ordinis
762 2463 936 2496 iurisdictio
960 2471 1057 2505 super
1086 2464 1281 2505 provIneiatn
1306 2462 1337 2495 S.
1363 2462 1489 2495 Ioannis
1513 2462 1671 2505 Baptistae
1696 2462 1931 2504 Hispaniarum,

490 2517 562 2555 1⁶28,
587 2528 605 2549 a
630 2520 660 2550 et
684 2527 761 2560 seqq
788 2516 924 2549 Minores
942 2515 1129 2550 Discaleeati
1147 2515 1231 2549 nulla
1248 2515 1389 2559 gaudent
1407 2517 1610 2559 exemptione
1628 2519 1679 2549 aut
1699 2515 1787 2549 titulo
1808 2515 1932 2549 lectoris

488 2569 622 2610 iubilati,
648 2570 704 2602 511
735 2581 755 2602 a
780 2573 811 2603 et
836 2570 863 2601 h.

403 2642 442 2647 -
466 2622 513 2655 De
537 2622 748 2656 Observantia
766 2623 1017 2657 Reformatorum
1036 2623 1084 2655 vel
1103 2624 1354 2656 Recollectorum
1373 2623 1546 2656 Strictioris
1564 2621 1806 2661 Observantiae,
1824 2621 1886 2653 100
1904 2620 1931 2661 IJ;

490 2677 566 2719 ipsis
591 2678 695 2710 unitur
719 2678 881 2719 provincia
906 2676 935 2709 S.
962 2678 1131 2710 Salvatoris
1156 2679 1186 2711 in
1213 2676 1365 2720 Unga1·ia,
1396 2677 1489 2710 ibat:
1515 2677 1676 2720 caputium
1702 2674 1870 2709 rotundum
1895 2683 1934 2708 ac

2223 3167 2225 3170 Α
2219 3141 2224 3144 ·
2218 3089 2234 3115 ὁ,
2216 2897 2225 2911 ο

2233 2902 2245 3229 mxu—Q·-
2234 2865 2245 2921 *α’-ψ
