2248 3229
125 248 173 276 An.
191 249 220 276 C.
242 247 306 275 ¹632

177 309 307 335 Nuntiosque

125 336 309 384 3²³¹r¹e¹i²m³³miissl
322 347 486 392 ponimus,
511 357 573 381 non
605 348 707 381 solum
732 347 984 389 ordinariorum,
1008 348 1062 382 sed

125 393 308 461 ssffilltffififit'ffi
322 400 416 433 etiam
431 400 754 434 extraordinariorum
771 401 967 442 nuntiorum,
984 411 1062 445 quos

125 448 150 463 εἰ)
180 447 190 462 e
227 447 308 461 annuo-

124 468 306 490 sumt-„umnam
322 453 359 486 ad
391 463 570 487 caesaream
602 454 796 487 malestatem
829 460 858 488 et
892 460 1062 498 utrumque

124 501 152 516 ue
178 500 307 522 coust-'quell-

207 1107 308 1129 Hortatur

126 1140 210 1159 omnes,
224 1137 247 1155 ut
267 1141 308 1161 qua

125 1162 203 1191 pollent
251 1162 307 1187 apud

126 1193 231 1214 principes
263 1194 309 1212 ura<

125 1214 265 1244 tumstutleaut
275 1221 309 1235 eo-

126 1247 170 1262 rum
185 1247 265 1262 animus
276 1247 310 1262 re·

126 1273 162 1289 rae
198 1268 309 1288 charitatis

127 1294 208 1315 vinculo
223 1300 310 1316 coniun-

127 1326 183 1347 gere.

942 247 1081 271 ramnus
1106 247 1161 270 vm
1186 247 1234 270 Pr.

367 294 421 339 35.
443 294 529 328 llanc
538 299 654 336 autem,
668 294 717 328 cui
735 294 855 339 reliqua
866 295 971 329 onmia
982 300 1063 340 post-

321 517 430 550 regem
456 507 618 549 mittimus,
644 507 810 550 geminatis
834 507 961 549 officiis,
987 517 1059 540 om-

321 561 416 605 nique
440 565 554 594 conatu
579 561 736 604 consequi
755 561 926 602 studemus,
943 565 973 594 et
992 569 1063 594 con-

321 613 448 647 fidimus
471 613 550 654 sore,
568 619 601 646 ut
618 613 762 647 instructi
786 613 903 647 nostris
926 613 1062 653 monitis,

320 667 434 711 quibus
452 677 506 700 eos
525 677 589 700 non
607 668 673 700 sine
697 667 899 712 prudentium
921 666 1063 700 cardina-

320 720 397 753 lium
415 720 547 753 consilio
564 721 766 763 munivimus,
784 720 964 764 ingruentia
987 729 1062 753 con-

321 773 425 807 fertim
439 773 620 807 discrimina
632 774 752 818 possint
768 779 919 814 avertere,
936 777 965 807 ct
977 773 1063 806 bono

321 828 447 872 publico
479 828 616 872 fideique
652 828 824 862 catholicae
848 827 978 860 effectus
1002 838 1059 871 pa-

321 893 392 916 rere
413 883 576 916 salutares.
600 883 722 916 Utinam
738 883 814 915 haec
838 887 945 915 nostra
962 884 1064 925 pasto-

321 935 396 968 ralis
426 936 569 969 muneris
594 935 788 977 sollicitudo,
812 935 918 968 divina
943 935 1064 968 favente

322 989 498 1031 clementia,
524 989 642 1030 afferat,
667 993 701 1021 ut
724 988 800 1021 alias
824 988 937 1021 similis
956 993 1064 1022 nostra

323 1052 431 1087 opera,
447 1052 609 1076 successus
625 1042 721 1086 optati
737 1042 886 1076 fructum.

368 1097 382 1139 ἓ
407 1096 436 1129 6.
462 1096 694 1137 Verumtamen,
714 1106 753 1129 ne
778 1095 855 1140 quid
879 1094 1065 1128 intentatum

323 1150 540 1193 relinquatur,
565 1149 732 1183 hortamur
756 1159 866 1182 omnes
891 1160 928 1182 ex
964 1149 1065 1182 domi-

323 1202 395 1236 nico
419 1213 534 1246 grege,
558 1208 655 1246 prout
686 1204 784 1247 pollet
816 1203 932 1248 quique
963 1202 1065 1245 gratia

324 1256 406 1300 apud
423 1256 560 1301 aliquem
576 1266 612 1290 ex
631 1256 792 1290 catholicis
806 1256 1011 1300 principibus,
1026 1255 1065 1288 ad

324 1315 469 1343 accurate
490 1310 746 1352 incumbendum,
764 1315 797 1344 ut
821 1310 963 1344 turbines
987 1308 1066 1343 cxci-

324 1363 378 1396 tati
395 1367 684 1408 compescantur,et
698 1364 749 1396 fiat
767 1365 901 1408 expetita
919 1365 1067 1408 tranquil-

325 1417 405 1457 litas,
426 1427 522 1460 quam
546 1427 675 1461 sperare
698 1428 877 1461 possumus,
896 1417 1025 1451 sublatis
1050 1429 1066 1452 e

325 1470 429 1503 medio
453 1471 510 1511 iis,
534 1481 613 1514 quae
646 1476 717 1503 sunt
744 1471 775 1503 in
808 1473 919 1512 eausa,
944 1481 982 1504 nc
1007 1482 1062 1505 eo-

326 1523 470 1557 rumdem
496 1524 677 1568 principum
701 1524 797 1556 animi
821 1524 946 1557 vinculo
973 1535 1065 1558 verae

326 1577 485 1611 charitatis
509 1576 667 1610 coniuncti
693 1577 723 1609 in
748 1577 950 1610 concordiam
967 1579 1067 1611 coate-

326 1634 420 1662 scant.
446 1629 490 1662 Ex
515 1630 632 1663 mutuis
656 1635 770 1672 autem,
792 1640 871 1674 quae
896 1630 970 1664 hinc
994 1631 1065 1664 inde

324 1683 500 1724 iactantur,
530 1684 854 1727 expostulationibus,
886 1695 966 1728 quac
1003 1690 1065 1718 tam

324 1736 449 1769 salubre
473 1747 552 1780 opus
576 1736 761 1780 impediunt,
778 1737 852 1770 salis
876 1742 991 1781 patent,
1009 1748 1066 1772 nec

324 1789 457 1822 dcerunt
480 1789 638 1832 rationes,
664 1790 779 1834 quibus
804 1801 839 1823 ea
863 1791 907 1834 pii
932 1791 1066 1835 pruden-

326 1847 433 1886 tesque
468 1843 526 1876 viri
564 1843 743 1877 moliantur.
775 1844 850 1883 Quis
884 1844 967 1877 enim
1003 1855 1065 1878 non

326 1896 418 1937 videt,
434 1896 495 1929 nisi
520 1896 676 1930 discordia
693 1897 889 1940 dis-iungeret
905 1898 1065 1942 principes

325 1949 506 1990 catholicos,
531 1960 632 1993 neque
657 1949 824 1991 haeresim,
850 1961 951 1994 neque
969 1951 1065 1984 inser-

324 2013 399 2035 num
416 2012 508 2046 posse
527 2013 676 2046 umquam
694 2004 941 2047 perterrefacere
962 2004 1067 2037 Eccle-

326 2057 403 2089 siam
413 2056 428 2087 ἰ)
446 2056 668 2097 Quamobrem,
686 2067 757 2089 cum
775 2056 942 2100 aliquando
960 2058 1066 2090 liuma-

326 2110 355 2142 ni
383 2109 506 2143 labores
530 2109 561 2142 in
581 2110 706 2142 irritum
732 2110 853 2149 cadant,
873 2110 1065 2144 venerabiles

327 2165 438 2196 fratres
455 2163 606 2209 et·dilecti
624 2163 690 2205 filii,
716 2163 826 2196 iactate
848 2164 878 2195 in
897 2164 1064 2197 Dominum

325 2216 530 2259 cogitationes
552 2222 677 2258 vestras,
695 2216 900 2258 roboramini,
919 2221 948 2250 et
972 2228 1065 2250 omne

326 2269 463 2302 studium
478 2269 637 2310 intendite,
648 2275 682 2303 ut
694 2269 890 2303 imminentia
904 2271 984 2302 mala
997 2282 1067 2314 pro·
1082 2289 1084 2304 t

310 2315 457 2367 'pulsetis
480 2323 576 2356 armis
594 2323 745 2357 orationis
765 2328 794 2356 et
815 2323 898 2356 fidei.
915 2324 1066 2368 Apostolo

326 2377 410 2409 enim
435 2375 576 2417 docente,
602 2375 738 2416 Gedeon,
763 2376 869 2418 David,
887 2376 1012 2410 Samuel
1037 2350 1085 2410 eti

326 2429 501 2473 Prophetae
525 2439 583 2473 per
602 2429 697 2462 fidem
713 2429 856 2462 vicerunt
872 2440 980 2473 regna,
998 2430 1068 2464 adc-

325 2483 370 2527 pti
381 2487 453 2516 sunt
465 2482 738 2527 repromissiones,
755 2483 954 2517 extinxerunt
971 2484 1068 2529 impc-

327 2541 392 2571 tum
424 2536 527 2580 ignis,
551 2541 653 2569 castra
683 2542 843 2570 verterunt
871 2542 1066 2580 exterorum,

327 2590 553 2631 obturaverunt
566 2600 622 2623 ora
634 2590 770 2623 leonum.
785 2590 887 2635 Prope
903 2596 949 2624 est
960 2592 1065 2625 Domi-

325 2652 385 2676 nus
398 2642 545 2677 omnihus
561 2642 780 2678 invocantibus
791 2654 863 2678 eum
877 2643 909 2678 in
925 2644 1064 2679 veritate.

1096 465 1171 488 voce
1189 455 1370 495 clamamus,
1393 455 1493 489 Salva
1517 465 1574 489 nos
1597 454 1746 495 Domine,
1762 454 1837 488 dum

1096 508 1198 541 fidelis
1215 508 1420 551 congregatio
1437 508 1551 552 populi
1577 508 1708 542 effundit
1731 518 1837 542 coram

1097 566 1125 596 te
1152 561 1247 595 corda
1272 571 1337 603 sua,
1354 561 1440 594 Deus
1457 561 1591 595 adiutor
1606 566 1712 595 noster
1730 561 1766 595 in
1785 572 1839 595 ae-

1096 619 1236 655 ternum,
1249 615 1284 648 in
1297 618 1324 647 lc
1335 615 1491 657 faciemus
1501 615 1665 656 virtulem,
1681 620 1711 648 et
1724 615 1791 659 ipse
1801 615 1840 647 ad

1095 668 1230 701 nihilum
1255 667 1387 701 deducet
1405 667 1590 701 tribulantes
1606 678 1673 701 nos.
1698 668 1840 702 Salutare

1096 721 1344 756 fraternitatibus
1369 721 1480 754 vestris
1512 726 1542 755 et
1567 721 1714 754 universo
1750 721 1840 764 gregi

1097 774 1253 818 catholico
1264 775 1410 808 solatium
1424 785 1440 807 a
1454 775 1587 808 Domino
1599 774 1840 818 praestolamur,

1098 827 1249 871 vobisque
1272 827 1478 871 apostolicam
1502 827 1753 861 benedictionem
1773 838 1841 872 per-

1097 886 1239 914 amanter
1258 881 1467 924 impertimur.

1141 935 1253 968 Datum
1281 935 1419 977 Romae,
1445 935 1528 978 apud
1553 935 1581 968 S.
1607 935 1733 968 Petrum
1749 961 1757 976 ,
1781 934 1839 967 sub

1098 988 1214 1021 annulo
1232 987 1412 1029 piscatoris,
1434 987 1484 1021 die
1512 999 1521 1021 l
1543 988 1651 1032 aprilis
1676 998 1840 1028 mocxxxn,

1098 1042 1299 1086 pontificatus
1316 1042 1417 1075 nostri
1441 1052 1523 1076 anno
1540 1053 1582 1076 1x.

1135 1105 1193 1133 Dat.
1210 1105 1252 1133 die
1271 1107 1280 1133 1
1299 1105 1393 1141 aprilis
1407 1105 1487 1139 1632,
1504 1105 1597 1140 pontif.
1615 1113 1686 1133 anno
1702 1113 1739 1133 xi.

1367 1222 1574 1256 CDXXXVIH.

1102 1285 1195 1325 Quod
1219 1285 1426 1318 ecclesiaslicc'
1458 1288 1525 1316 lam
1557 1283 1717 1329 seculares
1740 1293 1843 1328 quam
1870 1294 1875 1299 ·

1144 1338 1310 1381 requlares
1327 1338 1470 1370 civitatis
1487 1342 1515 1370 ct
1536 1337 1646 1370 staats
1664 1338 1841 1370 Mantuani

1147 1396 1317 1425 teneantur
1340 1391 1459 1424 solvere
1483 1391 1662 1434 quamdam
1684 1392 1843 1436 pecuniae

1142 1450 1264 1489 partem
1276 1455 1337 1488 pro
1352 1444 1578 1477 restaurandis
1588 1445 1722 1477 moeniis
1738 1444 1842 1477 dictae

1144 1498 1286 1531 civitatis
1296 1496 1313 1530 ¹.

1150 1567 1321 1596 Venerabili
1342 1567 1429 1596 fratri
1450 1568 1588 1602 episcopo
1607 1567 1783 1603 Mantuano,

1306 1622 1444 1650 Urbanus
1465 1622 1544 1656 Papa
1563 1622 1638 1651 v111.

1317 1684 1503 1712 Venerabilis
1520 1685 1626 1719 frater,

1137 1731 1267 1757 salutem
1288 1733 1319 1757 et
1339 1729 1535 1763 apostolicam
1555 1729 1804 1757 benedictionem.

1146 1791 1161 1834 ξ
1190 1791 1214 1823 1.
1239 1790 1358 1834 Exponi
1384 1790 1474 1823 nobis
1494 1800 1597 1834 nuper
1622 1790 1690 1823 fecit
1710 1790 1841 1824 dilectus
1884 1801 1963 1822 Damna
1980 1806 2040 1831 *quae

1102 1844 1183 1877 tilius
1200 1843 1315 1877 nobilis
1331 1843 1377 1876 vir
1391 1843 1520 1877 Carolus
1537 1844 1683 1887 Gonzaga
1699 1844 1840 1878 Mantuae
1857 1828 2040 1890 iiiJi't‘ii'i‘iiamssssssff

1100 1897 1172 1937 dux,
1197 1896 1292 1940 quod,
1317 1896 1358 1930 ol]
1382 1896 1525 1940 ingentes
1550 1897 1657 1931 ruinas
1686 1897 1841 1930 catamita-
1856 1883 2041 1931 Essfffassffcssssssfiffi

1100 1955 1218 1994 tesque,
1231 1961 1308 1994 quas
1326 1950 1391 1994 ipsa
1409 1950 1516 1984 civitas
1530 1951 1693 1984 Mantuana
1705 1951 1736 1984 in
1753 1961 1841 1995 prae-
1856 1936 1940 2009 Ξῖξῗὲῗῗέ
1979 1966 2040 1987 repa-

1102 2003 1199 2036 teritis
1216 2003 1374 2037 bellorum
1388 2003 1526 2037 motibus
1540 2014 1689 2048 perpassa
1704 2010 1758 2046 est,
1776 2015 1842 2037 sus-

1101 2060 1326 2090 tentamentum
1356 2068 1510 2101 aquarum
1536 2057 1574 2090 ad
1600 2058 1718 2091 clusam
1740 2064 1842 2092 terrae

1101 2109 1269 2143 Govcrnoli
1298 2110 1329 2143 in
1353 2111 1422 2154 ripa
1449 2110 1586 2144 [luminis
1617 2111 1840 2155 Mincii‘sitae,

1101 2162 1184 2206 quod
1205 2163 1329 2196 ruinam
1347 2164 1495 2205 minatur,
1511 2174 1633 2198 necnon
1651 2165 1840 2206 molendina,

1101 2221 1131 2248 et
1155 2226 1263 2249 eversa
1294 2216 1394 2250 dictae
1430 2218 1563 2252 cix-itatis
1599 2219 1738 2260 moenia,
1763 2219 1840 2253 adeo

1100 2269 1329 2303 restauratione
1353 2270 1508 2314 indigent,
1533 2276 1567 2304 ut
1593 2272 1617 2305 si
1642 2272 1740 2316 ipsius
1766 2283 1840 2306 sus-

1102 2324 1290 2359 tentamenti
1324 2334 1450 2358 omnem
1486 2336 1600 2369 aquam
1635 2325 1841 2359 circumcirca

1102 2376 1245 2410 eamdem
1257 2377 1415 2411 civitatem
1429 2379 1612 2412 sustinentis
1627 2379 1717 2412 ruina
1734 2389 1841 2423 seque-

1101 2436 1198 2471 retur,
1214 2441 1278 2464 non
1295 2431 1390 2465 modo
1408 2432 1516 2465 civitas
1534 2433 1600 2477 ipsa
1614 2433 1695 2466 intra
1711 2434 1840 2477 paludes

1101 2488 1277 2517 remaneret
1297 2487 1326 2518 et
1344 2485 1556 2519 inhabitabilis
1573 2486 1769 2529 redderetur,
1786 2488 1840 2521 sed

1100 2537 1193 2571 etiam
1217 2537 1355 2570 fluminis
1372 2538 1445 2571 Padi
1462 2538 1619 2582 navigatio
1636 2541 1765 2574 omnino
1782 2541 1841 2574 im-

1099 2591 1270 2635 pediretur,
1290 2601 1392 2635 neque
1409 2592 1516 2625 civitas
1541 2593 1709 2636 praedicta,
1727 2594 1841 2629 Status-

1135 2655 1146 2682 1
1165 2654 1202 2681 Ex
1218 2653 1326 2690 Regest.
1342 2653 1369 2682 in
1385 2654 1486 2692 Seeret.
1508 2655 1589 2684 Brev.

1746 234 1809 269 287
1856 243 1904 271 An.
1921 244 1949 272 C.
1970 244 2036 271 1632

1140 295 1200 339 57.
1222 285 1408 338 ltaqffltos
1432 294 1536 335 etiam,
1560 294 1612 338 qui
1637 292 1718 327 inter
1742 293 1836 327 hasce
1890 306 1935 333 lpse
1967 312 2036 333 noque

1095 354 1296 392 tempestates
1313 347 1458 382 sedemus
1471 348 1509 381 ad
1522 347 1663 391 regimen
1675 347 1837 380 naviculae
1851 334 2038 386 ffiissuffirssefflss

1829 401 1835 406 .
1853 389 1893 409 tur,
1904 389 1926 406 ut
1940 386 1967 406 ad
1982 387 2037 407 nihi-

1096 401 1196 442 Petri,
1221 412 1292 435 cum
1315 412 1354 435 eo
1379 406 1504 435 ex·tot0
1530 401 1625 435 corde
1649 406 1679 435 et
1702 401 1836 445 supplici
1852 412 2037 460 psliffigpffistn-
