2248 3229
126 239 177 267 An.
198 239 227 268 C.
245 239 314 267 1630

155 2006 246 2037 00101131
263 2011 311 2027 con-

128 2035 205 2053 trariis.

937 237 1077 262 rabanus

327 295 382 320 seu
405 287 497 319 etiam
517 291 615 327 motu,
632 285 761 319 scientia
779 290 809 318 et
828 286 990 330 potestatis
1006 287 1068 330 ple-

327 338 467 372 nitudine
492 338 647 372 similibus
672 339 811 380 concedi,
828 339 943 372 3111510
968 339 1067 383 impe-

328 398 409 426 trato
434 393 481 426 vel
507 403 658 427 concesso
677 393 859 437 quempiam
884 392 928 425 uti
955 403 1008 425 sen
1034 403 1066 425 50

328 447 436 480 iuvare
463 446 494 479 in
520 446 636 480 iudicio
661 447 708 479 vel
733 452 821 479 extra
845 457 948 490 posse,
966 456 1086 502 nequet¹

328 500 411 544 ipsas
435 506 615 544 praesentes
632 505 662 533 et
687 500 717 532 in
743 500 787 533 eis
812 504 955 533 contenta
981 510 1086 557 prae-¹

327 553 409 587 dicta
433 554 491 587 sub
516 553 768 598 quibusmunque
793 553 992 597 generalibus
1022 553 1086 585 veli

327 607 534 651 specialibus,
560 601 653 640 etiam
686 618 744 651 per
776 607 855 640 viam
893 607 992 650 legis,
1017 608 1086 639 3111Υ

327 660 412 701 alias,
430 661 523 693 etiam
550 666 635 694 motu
660 661 800 705 proprio,
820 672 854 693 30
876 660 968 693 etiam
994 670 1069 694 con-

328 713 536 756 sistorialiter,
555 714 649 747 etiam
668 725 725 758 per
742 724 799 748 nos
816 719 843 747 et
870 724 1068 746 successores
1084 712 1086 745 ὲ

327 772 452 800 nostros
465 778 503 801 ex
520 778 718 811 quacumque
733 769 825 801 causa
840 767 1068 811 quantumlibet

328 820 489 854 favorabili
507 826 536 854 et
553 821 685 854 iuridica
703 821 794 855 editis
818 825 848 853 et
872 819 1000 853 edendis
1018 830 1067 851 re-

327 873 418 917 gulis,
432 875 717 917 constitutionibus,
732 873 993 913 revocationibus,
1006 884 1070 905 sus-

328 928 552 970 pensionibus,
580 927 818 961 limitationibus
847 931 876 960 et
900 927 1065 960 modifica—

329 981 486 1023 tionibus,
512 981 643 1025 aliisque
677 980 871 1025 quibuslibet
904 980 1069 1013 contrariis

328 1033 587 1078 dispositionibus
613 1034 850 1078 comprehendi,
870 1034 923 1067 sed
945 1044 1069 1078 semper

328 1086 367 1121 ab
392 1087 453 1121 illis
477 1088 576 1121 libera
603 1094 634 1121 et
657 1092 802 1132 exempta
827 1093 857 1121 et
881 1087 938 1121 sub
963 1093 1068 1132 poste-

329 1142 406 1175 riori
423 1141 494 1174 data
511 1152 569 1186 per
584 1142 758 1186 quemlibet
770 1142 909 1186 ipsorum
925 1141 1069 1184 eligenda

329 1205 486 1238 concessa,
504 1200 534 1228 et
553 1190 702 1228 adversus
726 1205 942 1239 quascumque
967 1195 1068 1239 impu-

329 1249 493 1291 gnationes
518 1254 548 1282 et
572 1249 796 1293 impedimenta
821 1249 939 1290 valida,
967 1249 1069 1289 firma,

328 1312 364 1335 ac
389 1302 528 1336 efficacia
560 1313 629 1336 esse
654 1308 684 1336 et
708 1303 796 1342 sore;
821 1303 928 1346 sicque
953 1308 983 1335 et
1007 1313 1087 1335 110111

327 1355 418 1388 311101·
434 1366 491 1400 per
507 1366 723 1400 quoscumque
743 1356 862 1389 iudices
882 1356 1069 1397 ordinarios,

329 1410 574 1451 commissarios,
592 1415 622 1443 01.
639 1421 803 1443 causarum
826 1411 931 1454 palatii
949 1416 1070 1454 aposto-

330 1462 431 1496 stolici
456 1463 625 1505 auditores,
642 1474 678 1497 ac
703 1468 827 1497 sanctae
843 1464 1000 1497 Romanae
1017 1464 1070 1496 Ee·
1085 1485 1087 1493 ,

329 1516 442 1549 0105130
456 1517 639 1559 cardinales,
658 1517 751 1550 etiam
768 1517 807 1549 de
824 1518 921 1550 latere
938 1517 1068 1560 legatos,

328 1569 437 1612 quavis
461 1570 647 1604 auctoritate
670 1575 700 1603 et
717 1573 869 1614 potestate
894 1570 1068 1612 fungentes,

329 1622 360 1654 in
384 1623 493 1666 quavis
517 1625 612 1656 causa
636 1629 666 1657 et
689 1623 847 1663 instantia,
868 1622 988 1656 sublata
1015 1623 1068 1663 eis,

328 1680 357 1708 et
374 1686 486 1710 eorum
511 1677 648 1720 cuilibet,
664 1677 773 1721 quavis
797 1677 886 1711 aliter
911 1676 1067 1710 iudicandi

328 1735 358 1762 et
382 1730 609 1774 interpretandi
639 1730 785 1763 facultate
810 1735 840 1763 01
864 1730 1067 1772 auctoritate,

328 1782 445 1827 ubique
468 1783 600 1816 iudicari
626 1789 656 1817 et
679 1783 804 1817 definiri
829 1783 960 1824 debere,
978 1795 1013 1817 ac
1030 1784 1069 1816 ir-

328 1836 423 1869 ritum
450 1842 480 1870 et
503 1837 604 1878 inane,
625 1837 650 1870 si
671 1848 761 1870 secus
778 1847 871 1881 super
895 1838 944 1870 his
961 1848 977 1870 3
994 1848 1069 1881 quo-

328 1901 433 1934 quam,
445 1892 554 1935 quavis
567 1892 763 1932 auctoritate,
776 1892 910 1925 scienter
922 1892 968 1924 vel
984 1892 1069 1934 igno-

328 1947 433 1978 ranter
458 1945 625 1988 contigerit
648 1944 802 1979 attentari.

371 1998 387 2041 g
412 1998 440 2030 7.
466 1999 534 2031 Non
555 1998 750 2032 obstantibus
766 1998 928 2042 quibusvis
953 1999 1068 2032 consti-

328 2050 501 2084 tutionibus
526 2056 556 2084 et
587 2051 837 2085 ordinationibus
868 2052 1067 2096 apostolicis,

327 2114 363 2137 30
387 2104 538 2138 ecclesiae
562 2110 592 2138 et
616 2104 741 2138 Ordinis
769 2115 823 2139 seu
848 2106 1065 2148 congregatio-

326 2157 375 2190 nis
398 2157 593 2201 huiusmodi,
619 2159 713 2192 etiam
738 2159 932 2200 iuramento,
957 2160 1068 2192 confir-

326 2211 464 2244 matione
494 2212 686 2255 apostolica,
716 2213 764 2245 vel
788 2213 896 2256 quavis
920 2212 1067 2247 firmitate

325 2264 387 2299 3113
402 2265 569 2307 roboratis,
587 2267 720 2308 statutis,
737 2267 919 2310 usibusque,
937 2272 967 2300 et
982 2272 1068 2301 natu-

325 2318 386 2360 ris,
411 2323 441 2352 et
465 2320 754 2362 consuetudinibus,
779 2321 873 2354 etiam
900 2321 1066 2354 immemo-

325 2372 491 2414 rabilibus,
515 2373 688 2417 privilegiis
712 2384 859 2418 quoque,
886 2374 1013 2409 indultis
1038 2380 1067 2408 et

326 2425 437 2460 litteris
461 2427 652 2470 apostolicis,
670 2428 763 2460 etiam
780 2428 812 2460 in
832 2438 966 2472 corpore
989 2428 1066 2461 iuris

326 2479 450 2521 clausis,
474 2490 531 2524 per
555 2490 612 2514 nos
637 2491 692 2514 seu
716 2492 932 2525 quoscumque
957 2482 1067 2515 Roma-

326 2542 385 2567 nos
422 2533 587 2568 Pontifices
626 2534 885 2578 praedecessores
919 2540 1066 2577 nostros,

326 2587 419 2620 etiam
432 2592 520 2621 motu
532 2588 664 2632 proprio
678 2593 707 2621 et
724 2588 991 2630 consistorialiter,
1009 2589 1066 2623 suh

326 2640 577 2686 quibuscumque
590 2642 752 2676 tenoribus
766 2647 795 2675 et
811 2642 930 2678 formis,
945 2653 980 2677 ac
993 2654 1064 2677 cum
1081 2674 1083 2687 ,

1102 237 1148 262 pn.
1176 237 1231 261 viu
1747 226 1804 260 187

1101 285 1262 330 quibusvis
1287 285 1378 319 0113111
1405 284 1676 328 derogatoriarum
1702 285 1837 327 deroga-

1102 340 1209 382 toriis,
1235 339 1366 383 aliisque
1401 338 1629 373 efficacioribus
1654 343 1684 371 et
1709 339 1842 372 insolitis

1101 393 1259 434 clausulis,
1277 404 1313 425 ae
1330 393 1525 426 irritantibus
1550 397 1580 424 et
1604 392 1672 425 aliis
1697 392 1840 433 decretis,

1102 447 1131 479 in
1162 447 1355 480 ‹sontrarimn
1393 446 1631 491 quomodolibet
1663 447 1841 483 concessis.

1102 502 1305 543 confirmatis,
1332 501 1512 545 approbatis
1537 506 1566 534 01
1592 500 1715 544 saepius
1746 500 1839 533 inno-

1103 554 1193 593 vatis,
1219 555 1332 598 quilius
1358 555 1515 596 omnibus,
1544 554 1664 587 etiamsi
1692 565 1750 597 pro
1776 554 1843 586 1110-

1103 618 1172 640 111111
1198 607 1362 640 sufficienti
1388 608 1602 649 derogatione,
1631 607 1667 640 de
1693 607 1775 647 illis,
1795 618 1844 639 eo-

1103 671 1235 704 rumque
1261 660 1332 693 totis
1359 660 1533 701 tenoribus,
1560 661 1717 703 specialis,
1742 660 1843 704 speci-

1103 715 1171 754 1103,
1189 724 1335 758 expressa
1353 720 1383 745 et
1401 715 1570 750 individua,
1585 726 1618 747 30
1638 714 1675 747 de
1693 714 1788 747 verbo
1805 714 1842 746 ad

1103 767 1245 807 verbum,
1266 778 1327 799 non
1353 773 1457 799 autem
1482 779 1539 811 per
1563 768 1718 800 clausulas
1743 777 1840 809 gene-

1103 820 1183 853 rales
1203 820 1286 853 idem
1308 821 1525 864 iinportantes,
1543 821 1660 853 mentio
1681 831 1734 853 seu
1753 830 1844 864 quae-

1103 873 1148 905 vis
1167 873 1225 905 alia
1243 874 1405 917 expressio
1431 874 1573 905 habenda
1591 879 1643 906 aut
1664 874 1766 917 aliqua
1784 874 1843 905 alia

1103 926 1255 970 exquisita
1289 927 1388 960 forma
1413 926 1450 959 ad
1475 927 1535 959 1100
1567 927 1719 959 servanda
1744 927 1842 967 soret,

1103 985 1228 1018 tenores
1262 980 1463 1021 huiusmodi,
1490 991 1524 1013 ac
1558 980 1581 1012 si
1607 980 1645 1011 sle
1679 981 1776 1013 verbo
1807 979 1843 1012 ad

1104 1035 1236 1067 verbnm
1273 1034 1509 1074 insererentur,
1537 1034 1755 1078 praesentibus
1786 1044 1844 1076 pro

1102 1088 1193 1132 plene
1218 1094 1248 1120 et
1272 1088 1464 1121 sufficienter
1494 1088 1649 1132 expressis
1673 1087 1844 1125 habentes,

1104 1142 1164 1175 illis
1189 1142 1263 1175 alias
1283 1143 1311 1175 in
1330 1153 1385 1176 suo
1403 1142 1518 1175 robore
1543 1141 1767 1186 permansuris,
1788 1141 1846 1173 1130

1104 1197 1170 1229 viee
1195 1196 1356 1230 dumtaxat
1380 1196 1558 1239 specialiter
1583 1200 1612 1228 et
1635 1204 1781 1239 expresse
1798 1194 1847 1226 de—

1104 1260 1274 1293 rogamus:
1307 1249 1482 1293 ceterisque
1516 1249 1682 1282 contrariis
1707 1248 1842 1291 quibus-

1104 1316 1119 1336 c
1123 1315 1140 1337 u
1147 1314 1250 1348 mque.

1148 1358 1258 1391 Datum
1285 1358 1424 1398 Romae,
1456 1358 1540 1402 apud
1566 1358 1595 1390 S.
1621 1357 1749 1390 Mariam
1773 1357 1837 1389 Ma-

1105 1411 1226 1451 iorem,
1259 1412 1315 1444 sub
1348 1412 1464 1444 annulo
1500 1411 1690 1451 piscatoris,
1724 1411 1773 1443 die
1802 1421 1843 1443 vn

1103 1465 1279 1499 decembris
1316 1475 1464 1507 uucxxx,
1497 1465 1701 1509 pontificatus
1744 1466 1843 1497 nostri

1103 1529 1184 1552 anno
1211 1529 1273 1552 vm.

1139 1582 1196 1609 Dat.
1213 1582 1257 1609 die
1274 1583 1287 1608 7
1304 1582 1459 1610 decembris
1477 1582 1553 1617 1630,
1571 1582 1665 1618 pontis.
1684 1590 1752 1610 anno
1770 1589 1825 1608 vm.

1367 1717 1576 1751 CCCLXXXII.

1103 1797 1257 1831 Facultus
1271 1798 1512 1842 cwclziepiscopo
1526 1798 1766 1831 Panormitano
1773 1807 1844 1840 per-

1147 1851 1325 1891 mittendi,
1353 1856 1388 1884 ut
1413 1850 1620 1884 ecclesiastici
1645 1851 1739 1894 requi
1763 1850 1844 1883 Sici-

1148 1904 1212 1938 liae
1236 1904 1420 1937 subsidium
1444 1905 1515 1948 1091
1538 1904 1754 1948 persolvant¹.

1102 1985 1274 2012 Venerabili
1284 1985 1371 2012 fratri
1389 1985 1614 2019 archiepiscopo
1625 1984 1842 2017 Panormitano,

1297 2039 1433 2065 Urbanus
1462 2039 1540 2072 Papa
1568 2039 1647 2066 vm.

1319 2100 1506 2128 Venerabilis
1522 2101 1626 2134 frater⁷

1136 2145 1266 2172 salutem
1285 2147 1316 2171 et
1336 2144 1535 2178 apostolicam
1553 2145 1803 2173 benedictionem.

1146 2216 1266 2259 Exponi
1293 2215 1383 2249 nobis
1407 2226 1508 2260 nuper
1532 2216 1605 2250 seeit
1635 2216 1841 2249 charissimus

1102 2269 1132 2301 in
1156 2269 1279 2302 Christo
1303 2269 1386 2302 filius
1410 2273 1516 2304 noster
1541 2270 1703 2314 Philippus
1728 2270 1839 2313 Hispa—

1100 2322 1224 2355 niarum
1250 2333 1304 2355 rex
1330 2323 1513 2365 catholicus,
1527 2323 1622 2367 quod,
1640 2334 1710 2356 cum
1736 2322 1840 2355 dilecti

1101 2377 1156 2409 filii
1178 2382 1240 2410 tres
1258 2377 1422 2410 hominum
1441 2382 1548 2418 status,
1567 2388 1622 2411 seu
1635 2377 1694 2410 tria
1710 2377 1840 2410 brachia

1101 2430 1357 2472 ecclesiasticum,
1375 2431 1510 2464 militare
1528 2436 1558 2464 et
1574 2431 1748 2463 demaniale
1765 2440 1840 2463 nun-

1101 2488 1223 2528 cupata,
1241 2484 1330 2527 regni
1348 2484 1471 2518 Siciliae
1488 2484 1569 2518 ultra
1586 2484 1732 2528 pharum,
1750 2484 1839 2517 cuius

1100 2537 1166 2581 ipse
1191 2536 1353 2580 Philippus
1376 2548 1431 2571 rex
1450 2537 1562 2578 ex1stit,
1579 2537 1767 2581 quibusdam
1789 2548 1839 2569 ra-

1138 2654 1145 2679 1
1171 2653 1207 2680 Ex
1228 2653 1334 2689 Regest.
1357 2654 1382 2680 in
1403 2653 1503 2682 Secret.
1526 2653 1600 2682 Brev,

1852 236 1902 263 An.
1923 237 1953 265 C.
1971 237 2039 265 1630

1893 2223 2039 2245 Ecclesiastiei

1856 2251 1953 2276 Philippo
1995 2257 2039 2276 regi

1856 2278 1971 2298 sutuntuim
1990 2278 2039 2298 0110-

1833 2322 1839 2327 ,
1856 2306 1910 2324 111111Δ
