2248 3229
229 251 276 279 An.
294 252 322 279 c.
345 251 412 280 1638
459 242 521 276 656

427 304 456 334 et
479 300 621 332 locorum
647 297 898 342 praedictorum,
923 306 958 328 ac
983 296 1163 329 ultimarum

427 354 630 394 voluntatum,
656 352 748 384 etiam
773 351 984 394 antiquarum,
1002 359 1019 381 a
1039 349 1163 383 christi-

428 406 571 439 fidelibus
595 415 653 448 pro
679 409 821 446 tempore
845 413 904 446 pro
929 403 1072 446 ipsorum
1097 402 1164 434 ani-

428 460 539 492 mabus
548 458 628 502 apud
637 458 733 490 Deum
743 455 925 488 adjuvandis
940 455 1165 499 dispositarum

427 518 455 545 et
472 511 652 544 relictarum
670 509 918 551 abrogationem,
936 508 1164 552 praeiudicium

427 571 456 598 et
479 573 665 606 gravamen,
692 562 785 595 etiam
811 566 921 595 contra
949 562 1035 604 leges
1059 561 1165 594 civiles

426 627 505 661 quae
530 617 657 650 illorum
682 616 838 658 integram
869 615 1110 658 exequutionem
1137 619 1166 647 et

426 673 549 715 plenam
575 669 806 704 observantiam
833 679 979 712 expresse
1005 668 1113 701 iubent
1137 673 1184 701 et¹

427 724 588 763 mandant,
614 722 834 762 nihilominus,
859 727 892 756 ut
920 722 1109 766 accepimus,
1135 722 1166 754 in

426 778 457 810 in
471 776 679 819 Portugalliae
694 780 723 809 et
739 775 962 818 Algaibiorum
978 775 1094 818 regnis,
1108 776 1166 808 sub

426 835 591 875 praetextu
615 834 805 862 assertarum
830 829 937 872 legum
962 839 1017 862 seu
1045 829 1168 863 ordina-

427 885 546 918 tionum
567 885 693 917 illorum
710 894 881 926 regnorum
908 883 1043 926 (etiamsi
1064 883 1134 916 illae
1151 894 1167 916 a

426 939 495 982 piae
520 938 691 971 memoriae
717 937 871 981 Gregorio
896 937 935 970 tx
960 942 990 970 et
1014 937 1082 970 aliis
1106 937 1167 970 Ro-

426 992 526 1024 manis
556 990 759 1024 Pontificibus
790 990 1088 1035 praedecessoribus
1111 1001 1167 1023 no-

426 1045 498 1078 stris
519 1045 622 1087 etiam,
643 1044 809 1078 occasione
829 1043 1077 1078 confirmationis
1095 1054 1168 1077 con-

427 1099 628 1132 cordatorum
664 1099 745 1131 inter
779 1108 887 1139 regem
921 1108 975 1130 seu
1009 1108 1101 1140 reges
1133 1108 1167 1131 ac

427 1153 584 1196 praelatos
602 1157 631 1184 et
651 1152 770 1184 clerum
789 1151 863 1184 alias
884 1151 1046 1191 initorum,
1064 1151 1169 1183 annul-

426 1207 515 1248 latae,
537 1211 701 1239 revocatae
726 1210 756 1238 et
780 1205 948 1247 abrogatae
969 1204 1108 1247 fuerint),
1128 1210 1169 1236 at-

426 1263 594 1299 tentarunt,
619 1264 648 1291 et
672 1259 880 1302 incoeperunt
908 1257 1050 1291 nonnulli
1076 1257 1167 1289 etiam

427 1312 574 1346 officiales
607 1316 636 1346 et
667 1312 801 1344 ministri
832 1312 916 1354 regis
941 1311 1115 1354 inquietare
1140 1316 1188 1358 et»

426 1366 614 1411 perturbare
637 1365 795 1405 ecclesias,
821 1365 1026 1406 monasteria,
1051 1363 1188 1396 heneti-t

428 1420 484 1460 eia,
498 1430 595 1463 opera
615 1424 645 1451 et
662 1420 730 1452 loca
754 1418 804 1462 pia
828 1417 1021 1457 huiusmodi,
1047 1428 1170 1450 eorum·
1187 1437 1188 1447 t

427 1484 488 1517 que
512 1483 722 1516 possessores,
743 1482 838 1515 super
860 1472 923 1504 suis
948 1471 1049 1511 bonis,
1076 1471 1168 1504 etiam

427 1527 465 1560 ab
497 1527 623 1570 antiquo
655 1532 798 1569 tempore
828 1536 884 1569 per
917 1524 1188 1557 christifidelium*

1187 1597 1188 1600 =
1205 1577 1435 1610 ecclesiasticae
1453 1577 1484 1609 in
1501 1577 1606 1621 aliquo
1631 1576 1858 1620 praeiudicare,
1879 1576 1946 1609 abs—

428 1581 566 1614 diversas
591 1580 773 1623 largitiones
798 1579 915 1611 relictis
945 1583 975 1611 et
998 1578 1168 1622 acquisitis,

428 1632 605 1678 cappellas¹
628 1634 720 1675 vulgo
745 1632 944 1675 nuncupatis,
970 1631 1008 1664 de
1032 1632 1124 1670 sacto,
1143 1641 1171 1663 e—

429 1689 504 1721 tiam
522 1687 706 1720 auctoritate
732 1686 833 1718 laicali
852 1691 880 1718 et
898 1686 996 1727 regia,
1014 1690 1043 1717 et
1063 1695 1169 1718 coram

429 1741 585 1774 iudicibus
609 1740 707 1780 laicis,
732 1749 845 1772 vexare
876 1743 906 1771 et
929 1739 1115 1777 molestare,
1141 1743 1171 1770 et

429 1794 526 1837 aliqui
551 1794 665 1833 forsan,
691 1792 783 1825 etiam
805 1791 932 1824 nulliter
956 1801 992 1823 ac
1017 1791 1055 1823 de
1079 1792 1170 1831 sacto,

430 1848 544 1880 iniuste
569 1850 598 1880 et
622 1845 768 1885 indebite,
789 1845 849 1877 illis
875 1844 999 1876 easdem
1024 1844 1171 1876 ecclesias

430 1907 460 1935 et
484 1899 683 1940 monasteria,
700 1898 861 1940 beneficia,
881 1908 1039 1942 operaque
1057 1903 1087 1930 et
1104 1898 1171 1930 loca

430 1955 482 2000 pia
506 1954 675 1999 praedicta,
702 1963 873 1996 eorumque
898 1962 1096 1996 possessores
1121 1962 1171 1984 ex-

430 2009 604 2052 poliarunt;
624 2007 675 2040 alii
696 2007 789 2039 etiam
810 2006 1036 2049 occupantibus
1054 2010 1083 2038 et
1107 2015 1172 2038 mo-

431 2061 614 2094 lestantibus
645 2060 761 2093 nedum
793 2059 942 2092 auxilium
974 2064 1004 2091 et
1032 2059 1171 2092 savorem

431 2122 493 2148 tam
518 2116 550 2147 in
575 2114 696 2157 agendo
722 2118 752 2146 et
780 2113 980 2156 occupando,
1013 2123 1107 2156 quam
1141 2112 1190 2144 in>

431 2169 594 2202 retinendo
612 2172 642 2201 et
661 2168 735 2200 alias
756 2167 992 2210 quomodolibet
1011 2167 1172 2210 praestite-

431 2227 514 2263 runt,
532 2222 563 2254 in
587 2221 764 2254 animarum
789 2231 918 2253 suarum
938 2219 1171 2264 praeiudicium

431 2288 467 2310 ac
483 2276 725 2314 damnationem,
740 2274 793 2307 sed
817 2275 909 2307 etiam
924 2274 955 2306 in
972 2273 1171 2307 violationem

432 2329 636 2364 innnunitatis
649 2328 874 2362 ecclesiasticae
889 2334 919 2361 et
935 2328 1172 2372 usurpationem

432 2383 547 2416 iurium
573 2382 786 2422 ecclesiarum,
812 2381 1087 2421 monasteriorum,
1111 2380 1173 2413 be-

432 2437 636 2477 nesseiorum,
662 2446 794 2479 operum
819 2441 849 2468 et
877 2436 1019 2468 locorum
1046 2434 1172 2479 piorum

433 2490 633 2531 huiusmodi,
657 2501 693 2523 ac
725 2494 847 2522 sanctae
880 2489 985 2522 Matris
1016 2489 1173 2522 Ecclesiae

435 2549 659 2588 contemptum,
669 2548 698 2577 et
712 2543 742 2576 in
756 2543 935 2577 scandalum
949 2542 1172 2587 plurimorum,

472 2660 480 2685 1
501 2659 591 2687 Potius
605 2659 749 2694 legendum
765 2658 901 2694 cappellis
915 2660 953 2694 (n.
965 2658 1012 2694 T.).

1005 248 1185 272 BULLARIUM
1206 247 1361 272 ROMANUM

1198 305 1345 328 censuras
1378 299 1408 329 et
1441 305 1558 339 poenas
1593 296 1624 328 in
1648 297 1817 340 praedictis
1842 298 1939 332 sacris

1199 348 1379 390 canonibus,
1398 348 1671 381 constitutionibus
1695 351 1884 392 apostolicis,
1901 362 1937 384 u-

1198 401 1467 444 niversalibusque
1492 401 1643 441 conciliis,
1661 411 1696 435 ac
1712 402 1799 435 Bulla
1816 403 1936 436 Coenae

1199 454 1321 487 Domini
1346 454 1478 487 inflictas
1496 455 1715 487 damnabiliter
1732 455 1940 496 incurrend03

1199 513 1229 540 et
1246 507 1319 550 quia
1338 518 1355 539 a
1372 507 1532 540 nonnullis
1557 508 1718 548 asseritur,
1740 507 1824 551 quod
1843 509 1939 552 aliqui

1200 560 1230 592 in
1248 560 1338 593 dictis
1355 561 1461 603 regnis
1475 560 1610 592 ministri
1631 560 1717 593 Sedis
1734 561 1940 603 Apostolicae‚

1200 618 1227 645 et
1246 614 1351 646 forsan
1366 613 1457 647 etiam
1476 614 1670 654 collectores,
1688 614 1877 657 supradicta,
1894 616 1941 647 vel

1201 678 1310 699 eorum
1328 668 1440 711 aliqua,
1456 667 1547 700 tacita
1564 667 1762 700 conniventia
1783 678 1838 700 seu
1855 668 1942 701 incu-

1200 722 1248 754 ria
1261 721 1436 754 tolerarunt
1454 731 1509 754 seu
1526 721 1755 764 permiserunt3
1774 722 1943 755 nonnullos

1201 775 1305 815 etiam,
1318 785 1375 818 per
1386 774 1515 807 modum
1535 774 1765 815 declarationis,
1783 785 1838 808 seu
1855 776 1942 815 alias,

1201 829 1316 869 aetus¹,
1329 828 1382 872 qui
1402 828 1650 872 praetenduntur
1664 829 1793 862 tendere
1806 829 1838 861 in
1853 840 1941 874 prae-

1202 882 1353 915 iudicium
1386 882 1588 915 ecclesiarum
1607 909 1614 922 ,
1651 882 1914 916 monasteriorum
1936 911 1942 925 ,

1202 935 1440 977 beneficiorum,
1457 946 1589 979 operum
1604 941 1634 968 et
1646 936 1789 969 locorum
1807 936 1942 980 piorum,

1202 989 1399 1032 aliorumque
1424 989 1648 1033 praefatorum,
1677 999 1772 1032 super
1796 989 1944 1032 praefatis

1202 1042 1364 1086 cappellis,
1389 1053 1425 1075 ae
1449 1042 1525 1074 alias
1550 1047 1659 1075 contra
1683 1041 1943 1085 iurisdictionem,

1203 1097 1379 1129 libertatem
1397 1101 1427 1129 et
1447 1096 1676 1129 immunitatem
1702 1095 1943 1129 ecclesiasticam

1203 1155 1232 1183 et
1257 1150 1326 1182 iura
1350 1155 1475 1183 sanetae
1500 1149 1587 1182 Sedis
1605 1149 1803 1193 Apostolicae
1823 1149 1944 1193 aliaque

1202 1203 1384 1246 praemissa,
1399 1202 1539 1236 fecerint:
1555 1203 1675 1236 etiamsi
1693 1207 1779 1235 actus
1797 1213 1945 1246 quorum-

1204 1266 1338 1299 cumque
1364 1256 1544 1289 officialium
1567 1260 1596 1289 et
1620 1255 1837 1289 ministrorum
1858 1256 1946 1290 Sedis

1203 1309 1410 1353 Apostolicae,
1430 1309 1521 1342 etiam
1537 1309 1754 1350 collectorum,
1770 1310 1819 1342 vel
1835 1319 1944 1342 eorum

1203 1363 1430 1397 taciturnitates
1442 1389 1449 1403 ,
1475 1362 1692 1395 conniventiae
1708 1390 1715 1403 ,
1740 1363 1924 1395 tolerantiae
1940 1391 1946 1404 ,

1204 1416 1438 1460 permissiones,
1453 1416 1641 1449 omissiones
1657 1421 1686 1448 et
1703 1421 1770 1449 acta
1784 1426 1948 1459 quaecum-

1204 1481 1264 1514 que
1289 1480 1352 1503 non
1378 1469 1499 1513 possint
1524 1469 1625 1502 eidem
1650 1469 1722 1503 Sedi
1739 1469 1946 1512 Apostolieae,

1205 1535 1239 1556 ac
1271 1523 1479 1557 iurisdictioni
1495 1550 1502 1564 ,
1527 1523 1662 1555 libertati
1695 1527 1724 1556 et
1760 1523 1948 1556 immunitati

1205 1642 1265 1675 que
1280 1631 1409 1663 scientia
1428 1634 1457 1664 et
1473 1630 1700 1673 approbatione
1716 1633 1839 1669 nostra,

1249 1686 1263 1727 ξ
1277 1685 1305 1716 ι).
1321 1683 1530 1717 Nihilominus
1548 1683 1585 1715 ad
1600 1683 1861 1716 abundantiorem
1878 1694 1947 1716 cau-

1205 1737 1298 1769 telam
1322 1747 1390 1776 nos,
1415 1737 1453 1769 ad
1477 1747 1567 1780 quos,
1589 1747 1625 1769 ex
1648 1736 1753 1769 debito
1778 1736 1946 1779 pastoralis

1205 1789 1299 1822 officii
1330 1789 1421 1822 nobis
1453 1789 1557 1821 divina
1588 1789 1819 1832 dispensatione
1844 1789 1948 1822 iniun-

1205 1843 1256 1885 cti,
1281 1843 1415 1886 pertinet
1445 1843 1601 1884 ecclesias,
1621 1843 1811 1875 monasteria
1835 1843 1947 1875 utrius-

1205 1907 1264 1940 que
1298 1907 1407 1937 scxus,
1432 1896 1602 1936 beneficia,
1628 1906 1788 1940 operaque
1819 1903 1849 1930 et
1879 1897 1948 1930 loca

1204 1951 1275 1994 pia,
1300 1951 1430 1994 piasque
1463 1950 1715 1984 christifidelium
1745 1951 1947 1994 elargitiones

1205 2009 1235 2037 et
1259 2005 1415 2047 cappellas
1444 2004 1630 2047 praedictas,
1659 2004 1847 2047 illarumque
1873 2015 1946 2048 pos-

1206 2068 1355 2098 sessores,
1381 2057 1568 2099 libertatem,
1589 2057 1882 2101 imiminitatemque
1903 2068 1948 2090 ec-

1206 2111 1421 2153 clesiasticam,
1442 2121 1478 2143 ac
1495 2111 1562 2143 iura
1580 2116 1609 2143 et
1629 2110 1861 2144 iurisdictiones
1881 2121 1949 2143 san-

1206 2171 1273 2198 etae
1290 2165 1398 2197 matris
1419 2164 1576 2197 Ecclesiae
1593 2169 1622 2197 et
1643 2164 1729 2197 Sedis
1750 2165 1947 2208 Apostolicae

1207 2219 1244 2251 ab
1258 2218 1404 2251 indebitis
1422 2217 1582 2260 molestiis,
1597 2217 1812 2251 vexationibus
1832 2223 1862 2251 et
1881 2228 1949 2261 gra>

1207 2272 1383 2305 raminibus
1396 2272 1647 2315 quibuscumque
1662 2272 1743 2304 tueri
1757 2277 1787 2304 et
1803 2272 1948 2312 liberare,

1206 2326 1366 2370 superbis
1391 2326 1429 2358 de
1455 2325 1567 2358 mentis
1591 2329 1717 2359 nostrae
1737 2326 1948 2359 declaratione

1206 2379 1236 2413 et
1257 2380 1295 2413 de
1321 2384 1500 2424 opportuno
1520 2380 1671 2420 remedio,
1690 2383 1841 2424 quantum
1858 2379 1948 2412 nobis

1207 2444 1243 2466 ex
1268 2434 1331 2467 alto
1356 2433 1555 2474 conceditur,
1580 2433 1682 2466 debite
1707 2433 1874 2477 providere
1899 2444 1948 2466 vo-

1206 2488 1313 2530 lentes,
1328 2497 1450 2520 necnon
1466 2487 1678 2530 praesatarum
1693 2487 1813 2530 legum,
1827 2486 1947 2520 ordina—

1207 2543 1326 2575 tionum
1345 2547 1375 2574 et
1390 2545 1577 2575 statutorum
1598 2540 1740 2585 ipsorum
1759 2549 1946 2583 regnorum.

1244 2659 1253 2684 1
1273 2657 1371 2685 Vocem
1387 2659 1466 2685 actus
1483 2664 1531 2685 nos
1552 2655 1674 2684 addimus
1689 2656 1724 2690 [a.
1740 2655 1788 2688 τ.).

1956 250 2006 277 An.
2021 250 2039 277 C
2073 250 2139 278 1638

2006 1693 2104 1717 lunatio,
2119 1693 2145 1713 da

1962 1726 2004 1746 qua
2019 1720 2040 1740 in
2051 1720 2144 1742 rubrica.
