2248 3229
117 218 166 244 An.
188 217 216 243 U.
235 217 303 244 1630

143 1082 298 1104 Contrariorum

116 1109 235 1136 abrogatio.

182 1883 298 1909 Suspensi»)

113 1910 204 1939 aliarum
231 1909 299 1931 indul-

114 1938 240 1962 neutrarum.

149 2042 298 2071 'transumpto-

114 2075 158 2091 rum
173 2070 232 2091 sides.

935 217 1076 242 URBANUS
1098 217 1153 241 vm
1173 218 1220 242 PP.

316 264 528 310 praeinsertas
545 274 640 309 quam
654 265 730 298 alias
746 264 879 298 subinde
899 265 1058 310 expeditas

316 317 435 351 litteras
459 317 648 362 praedictas,
674 329 745 352 cum
770 318 917 352 omnibus
941 324 972 352 et
995 319 1058 352 sin-

316 371 398 414 gulis
422 370 454 403 in
478 370 522 404 eis
547 372 702 405 contentis
727 373 995 413 concessionibus,
1013 374 1057 405 t‘a-

315 424 494 465 cultatibus‚
519 425 657 466 indultis,
682 425 895 468 indulgentiis,
910 426 1057 459 clausulis

315 484 345 512 et
368 478 512 521 decretis,
539 478 577 511 ad
601 478 679 511 alios
704 478 785 511 trcs¹
803 489 927 512 menses
952 479 1057 523 proxi-

315 542 394 572 mOS,
407 531 561 572 videlicet,
576 531 884 572 ianua1·ii‚,februarii
906 538 936 565 et
953 532 1057 565 martii

316 585 443 629 (quibus
466 584 673 625 durantibus,
698 585 724 617 si
749 585 855 618 omnia
879 591 909 618 et
934 586 1057 629 singula

315 639 347 672 in
370 639 574 683 praeinsertis
598 639 711 672 litteris
731 650 877 683 expressa
890 639 964 673 dicti
978 640 1057 673 chri-

315 691 464 725 stifideles
488 691 740 736 adimpleverint,
764 693 807 725 illi
824 703 934 726 omnes
951 696 979 726 et
997 693 1057 725 sin-

315 746 404 789 gulas
428 745 637 789 indulgentias
662 750 692 780 et
718 751 920 790 peccatorum
945 746 1056 779 remis-

315 799 419 833 siones
448 799 643 843 praedictas,
676 810 747 833 cum
780 799 928 833 omnibus
960 799 1056 832 facul-

315 853 450 894 tatibus,
485 853 594 897 gratiis
626 858 657 887 et
690 853 818 886 indultis
853 853 1056 893 huiusmodi,

316 907 468 951 consequi
492 907 640 950 valeant),
665 906 851 940 auctoritate
876 906 1055 950 praedicta,

316 964 425 995 tenore
442 961 668 1005 praesentium,
682 960 797 993 iterum
814 959 1010 993 extendimus
1028 965 1057 993 et

315 1024 536 1058 prorogamus.

359 1067 374 1111 g
395 1067 425 1100 4.
443 1067 519 1107 Quia
539 1077 624 1109 vero,
645 1067 683 1100 ad
703 1067 964 1111 supplicationem
982 1077 1057 1100 non-

314 1121 475 1155 nullorum
500 1121 725 1166 episcoporum
756 1131 791 1154 ac
822 1121 1002 1165 principum
1027 1127 1057 1154 et

314 1175 635 1219 rerumpublicarum,
644 1175 872 1217 concessiones,
883 1175 1055 1217 facultates,

315 1226 444 1270 indulta,
470 1229 681 1272 indulgentias
700 1235 730 1262 et
753 1229 956 1263 remissiones
976 1240 1056 1273 pec-

314 1287 458 1316 catorum
482 1282 514 1315 in
534 1281 738 1326 praeinsertis
754 1282 868 1316 litteris
893 1287 1055 1316 contentas

313 1337 352 1370 ad
377 1342 478 1370 certas
503 1336 657 1377 civitates,
682 1335 852 1378 dioeceses,
877 1337 1055 1381 provincias

314 1393 344 1421 et
359 1388 428 1422 loca
444 1392 532 1421 extra
551 1387 672 1420 Italiam
697 1387 862 1421 existentia
877 1388 916 1420 ad
933 1393 1053 1421 certum

314 1447 439 1485 tempus
463 1440 660 1474 extendimus
684 1445 715 1474 et
738 1441 967 1485 ampliavimus,
995 1453 1052 1475 vo-

314 1495 419 1528 lumus
436 1500 466 1528 et
482 1494 563 1528 dicta
580 1495 766 1528 auctoritate
783 1494 993 1536 decernimus,
1012 1501 1054 1537 ut,

314 1549 417 1582 tribus
431 1548 592 1581 mensibus
602 1558 659 1592 per
671 1552 852 1592 praesentes
863 1550 1053 1593 prorogatis,

313 1608 347 1635 ut
362 1602 550 1647 praefertur,
564 1601 687 1645 elapsis,
709 1612 819 1635 omnes
836 1606 866 1635 et
883 1613 1054 1646 quaecum-

312 1667 373 1701 que
388 1656 586 1689 extensiones
603 1660 633 1688 et
649 1655 866 1699 ampliationes
880 1656 1053 1699 gratiarum

312 1721 368 1755 per
387 1720 445 1744 nos
460 1710 559 1744 factae
583 1709 765 1743 huiusmodi
784 1710 902 1754 pariter
923 1721 960 1743 eo
985 1711 1054 1755 ipso

313 1764 466 1809 expirent,
484 1764 664 1808 nulliusque
685 1764 765 1797 sint²
781 1765 908 1798 roboris
926 1766 973 1798 vel
991 1776 1055 1799 mo-

313 1818 421 1861 menti,
438 1828 496 1851 nec
520 1817 667 1861 cuiquam
682 1817 814 1850 ulterius
831 1817 1052 1862 suffragentur.

358 1871 415 1915 55.
433 1871 501 1905 Non
513 1870 711 1904 obstantibus
727 1871 873 1904 omnibus
887 1872 959 1913 illis,
974 1883 1053 1916 quae

314 1925 346 1958 in
358 1925 449 1959 dictis
462 1925 575 1958 litteris
591 1925 748 1958 voluimus
764 1935 827 1959 non
848 1925 982 1968 obstare,
1004 1937 1053 1959 ‹fe-

314 1979 453 2023 terisque
478 1979 644 2012 contrariis
668 1979 929 2023 quibuscumque.

358 2032 418 2077 §ti
446 2033 483 2066 Ut
508 2038 612 2066 autem
632 2037 813 2077 praesentes
834 2033 956 2066 litterae
980 2034 1053 2067 saci-

314 2086 373 2119 lius
397 2086 544 2120 omnibus
568 2086 774 2127 innotescant,
795 2087 940 2120 volumus
956 2093 989 2120 ut
1008 2099 1054 2121 ea-

312 2139 457 2173 rumdem
481 2140 696 2184 praesentium
722 2140 937 2184 transumptis,
958 2141 1051 2174 etiam

312 2194 497 2238 impressis,
522 2205 617 2228 manu
641 2195 772 2228 alicuius
796 2195 911 2228 notarii
935 2195 1051 2239 publici

311 2248 509 2292 subscriptis,
523 2252 553 2282 ct
569 2248 673 2291 sigillo
689 2258 844 2292 personae
857 2248 888 2281 iu
902 2249 1052 2293 dignitate

311 2301 523 2335 ecclesiastica
548 2302 735 2335 constitutae
764 2302 908 2345 munitis,
943 2303 1051 2336 eadem

311 2366 444 2400 prorsus
478 2355 595 2399 ubique
631 2355 709 2388 fides
740 2355 947 2399 adhibeatur,
972 2368 1051 2401 quae

311 2408 430 2442 eisdem
454 2408 529 2452 ipsis
552 2409 771 2452 praesentibus
796 2409 1010 2454 adhiberetur,
1025 2412 1051 2444 si

311 2462 415 2496 forent
438 2461 593 2496 exhibitae
618 2462 667 2494 vel
691 2467 844 2496 ostensae.

355 2517 467 2550 Datum
475 2517 603 2557 Romae,
613 2516 696 2560 apud
705 2516 733 2550 S.
744 2517 881 2559 Petrum,
891 2517 948 2551 sub
957 2528 1051 2553 annu-

350 2591 359 2615 1
378 2587 450 2616 Edit.
465 2587 545 2615 Main.
561 2587 626 2623 legit
641 2588 710 2615 duos
724 2590 763 2623 (11.
775 2590 824 2623 Τ.).

346 2633 362 2661 2
377 2633 495 2662 Verbum
508 2634 566 2663 sint
579 2641 629 2662 nos
643 2633 768 2662 addimus
783 2635 821 2670 (11.
838 2635 886 2670 Τ.).

1093 266 1123 299 lo
1139 265 1315 307 piscatoris,
1331 266 1380 300 die
1401 276 1472 299 xxxi
1492 266 1670 299 decembris
1686 265 1833 300 iincxxx¹

1093 320 1294 364 pontificatus
1319 321 1417 354 nostri
1440 330 1521 353 anno
1547 330 1611 353 vui.

1129 381 1187 409 Dat.
1206 382 1248 409 die
1264 382 1293 409 31
1313 382 1466 410 decembris
1485 383 1562 415 1630,
1580 383 1672 418 pontit.
1691 391 1761 410 anno
1777 390 1832 410 vui.

1351 526 1570 558 cet-:LXXXIV

1092 604 1289 637 attentatum
1303 606 1361 638 sub
1372 609 1475 649 pocmt
1490 609 1835 650 eas—commnnicacionzjs

1136 658 1402 702 quibuscumque,
1418 665 1451 692 nt
1461 660 1653 694 documenta
1663 673 1835 706 quaecum-

1136 723 1198 755 que
1218 713 1261 745 ad
1278 713 1434 746 ducatum
1463 715 1580 748 Urbini
1595 717 1773 759 spectantia
1793 718 1834 749 acl

1137 766 1319 809 episcopum
1337 767 1609 810 Senoqallienscm
1626 769 1772 811 deferant
1785 768 1806 802 ⁹.

1299 845 1436 873 Urbanus
1457 847 1536 880 Papa
1555 847 1634 881 VIII,

1234 891 1269 917 ad
1290 891 1422 917 futuram
1442 891 1485 918 rei
1506 892 1692 919 memoriam.

1136 960 1375 994 Considerantes
1389 961 1537 994 ducatum
1555 962 1694 1004 lli-hiniz
1712 974 1833 998 necnon

1091 1015 1231 1048 civitates
1251 1016 1462 1058 Eugubinam,
1487 1016 1704 1050 Pisaurensem
1729 1022 1757 1050 et
1785 1019 1835 1052 Se-

1091 1069 1330 1111 nogalliensem,
1353 1080 1388 1103 ac
1416 1070 1537 1103 Statum
1562 1071 1833 1113 Montisferetrani,

1091 1122 1213 1166 aliaque
1230 1122 1379 1164 dominia,
1404 1123 1554 1165 civitates,
1579 1125 1704 1168 oppida,
1723 1131 1833 1166 terras,

1091 1181 1214 1215 castra,
1248 1178 1486 1221 propugnacula
1501 1204 1508 1218 ,
1540 1178 1688 1211 fortalitia
1713 1184 1743 1212 et
1766 1180 1832 1213 loca

1091 1241 1319 1274 quaecumque,
1330 1231 1423 1263 etiam
1439 1232 1565 1275 speciali
1579 1234 1651 1265 nota
1664 1238 1694 1265 et
1712 1244 1834 1277 expres-

1092 1284 1179 1317 sione
1204 1284 1309 1326 digna,
1336 1285 1366 1316 in
1383 1289 1413 1317 et
1431 1284 1488 1317 sub
1505 1286 1593 1319 Statu
1609 1286 1684 1319 dieti
1701 1286 1832 1321 ducatus

1092 1336 1211 1378 Urbini,
1219 1337 1419 1382 aliorumque
1430 1337 1643 1372 dominiorum
1653 1340 1834 1374 huiusmodi

1090 1389 1129 1421 ad
1150 1400 1300 1433 praesens
1326 1391 1565 1433 quomodolibet
1590 1393 1833 1436 comprehensa,

1091 1448 1119 1476 et
1144 1443 1250 1476 dilecti
1264 1444 1319 1476 tilii
1334 1444 1449 1477 nobilis
1467 1446 1525 1478 viri
1544 1446 1703 1480 Francisci
1720 1448 1834 1482 Mariae.

1089 1497 1178 1530 ducis
1207 1498 1458 1532 antecessoribus
1488 1498 1606 1532 dudum
1637 1511 1654 1533 a
1686 1502 1834 1535 Romanis

1090 1550 1295 1584 Pontificibus
1327 1552 1626 1596 praedecessoribus
1650 1555 1768 1588 nostris
1801 1556 1833 1589 in

1089 1604 1226 1647 seudum,
1241 1605 1299 1637 sub
1313 1605 1411 1649 pactis
1421 1611 1451 1638 et
1465 1606 1697 1641 conditionibus
1710 1609 1742 1641 in
1753 1608 1833 1642 inve-

1090 1658 1211 1691 stituris
1225 1658 1363 1702 desuper
1382 1659 1471 1692 sactis
1488 1661 1642 1694 contentis
1658 1666 1688 1694 et
1709 1672 1833 1706 expres-

1088 1711 1140 1752 sis,
1158 1712 1228 1745 data
1249 1716 1277 1745 et
1302 1721 1463 1754 concessa,
1486 1723 1540 1746 seu
1560 1713 1635 1747 alias
1653 1725 1711 1758 per
1728 1715 1831 1759 ipsum

1088 1764 1291 1798 Franciscum
1310 1765 1439 1798 Mariam
1458 1766 1571 1799 ducem
1595 1767 1831 1810 quomodolibet

1087 1829 1242 1862 possessa,
1262 1830 1319 1863 per
1339 1820 1461 1853 obitum
1480 1820 1579 1864 ipsius
1597 1821 1755 1854 Francisci
1774 1823 1831 1855 Ma-

1088 1873 1153 1906 riae
1178 1873 1266 1907 ducis
1292 1873 1357 1907 sine
1382 1874 1492 1907 liberis
1517 1879 1547 1907 et
1571 1874 1831 1909 descendentibus

1088 1927 1236 1961 masculis
1263 1927 1412 1971 legitimis
1444 1934 1472 1961 et
1501 1929 1708 1970 naturalibus,
1733 1930 1773 1963 ob
1799 1931 1832 1963 li-

1088 1992 1181 2014 neam
1205 1981 1343 2023 smitam,
1370 1983 1432 2014 una
1455 1993 1526 2015 cum
1550 1983 1696 2016 omnibus
1721 1994 1831 2018 eorum

1089 2035 1258 2068 territoriis
1269 2061 1276 2075 ‚
1301 2035 1515 2078 districtibus,
1541 2036 1830 2080 iurisdictionibus,

1086 2089 1253 2129 fortalitiis,
1278 2089 1341 2122 sive
1366 2091 1630 2133 propugnaculis,
1656 2092 1807 2125 membris
1822 2120 1830 2133 ,

1087 2142 1220 2183 iuribus,
1245 2142 1338 2175 etiam
1363 2143 1562 2187 prohibendi,
1580 2154 1616 2177 ac
1633 2145 1831 2188 pertinentiis

1088 2196 1243 2229 universis
1268 2196 1411 2240 (excepto
1436 2197 1543 2231 Castro
1569 2198 1656 2231 Podii
1681 2199 1832 2233 Hiberno-

1087 2260 1156 2282 rum
1170 2255 1198 2282 et
1213 2250 1281 2282 aliis
1294 2249 1385 2283 bonis
1399 2260 1462 2282 non
1477 2250 1652 2284 feudalibus
1666 2262 1723 2285 nec
1738 2253 1831 2285 iuris-

1087 2303 1308 2336 dictionalibus
1333 2304 1478 2337 relaxatis
1503 2310 1533 2337 ct
1555 2305 1723 2338 reservatis
1739 2306 1831 2338 Fran-

1087 2357 1170 2390 cisco
1195 2357 1309 2390 Mariae
1327 2357 1398 2391 duci
1418 2357 1591 2401 praedicto,
1610 2358 1739 2402 eiusque
1757 2359 1829 2392 hae-

1086 2411 1214 2444 redibus
1234 2416 1263 2444 et
1285 2412 1537 2453 successoribus,
1564 2412 1594 2444 in
1622 2412 1830 2447 instrumento

1122 2503 1131 2528 1
1153 2501 1218 2528 Male
1235 2501 1299 2528 edit.
1317 2500 1398 2528 Μαίη.
1415 2501 1478 2536 legit
1493 2507 1607 2528 nocxxx1
1625 2502 1660 2536 (a.
1678 2502 1726 2535 1.).

1120 2547 1136 2573 ⁶2
1157 2546 1194 2573 Ex
1215 2546 1321 2580 Regest.
1343 2547 1369 2573 in
1389 2546 1491 2573 Seeret.
1515 2546 1590 2572 Brev.

1120 2592 1135 2619 3
1155 2592 1253 2618 Plures
1273 2591 1339 2617 alias
1359 2591 1392 2618 de
1418 2592 1469 2618 hoc
1490 2591 1589 2618 ducatu
1613 2591 1702 2618 Bullas
1721 2591 1782 2618 vide
1802 2592 1829 2619 iu

1085 2639 1150 2664 tom.
1168 2641 1225 2670 xut,
1246 2643 1307 2671 pag.
1327 2635 1387 2670 181,
1404 2634 1465 2670 ⁶268,
1482 2635 1544 2670 356,
1561 2635 1623 2671 563,
1639 2635 1691 2664 589
1708 2639 1743 2668 (R.
1759 2636 1807 2670 T.).

1853 218 1900 245 An.
1919 220 1947 246 C.
1968 219 2029 247 1631

1879 977 1988 997 Demlutiu
2007 977 2033 997 dil

1850 1006 1927 1027 Seduni
1951 1009 1971 1027 ot
2000 1012 2033 1026 ca-

1850 1039 1927 1054 meram
1949 1036 2033 1059 aposto·

1850 1062 1911 1081 lucain
1945 1060 2033 1081 ducatus·

1851 1088 1937 1109 [Tibine
