2221 3224
165 211 211 239 An.
231 212 258 240 C.
281 213 348 241 1629

200 645 280 666 Causae
296 651 344 666 con-

162 672 270 702 cedendae
281 674 344 693 tacut-

162 701 217 719 taue.

193 1704 295 1727 Facultas,
313 1704 338 1725 ao

159 1736 200 1756 qua
215 1732 235 1751 in
249 1731 339 1751 rubrica.

395 206 435 239 70

362 264 427 295 tera
452 263 573 296 Domini
600 264 729 296 faciente
753 265 899 296 virtutem
918 275 934 297 e
951 265 1096 299 manibus

361 315 590 349 haereticorum
601 327 662 349 non
677 317 716 350 ita
731 316 851 359 pridem
863 322 989 360 ereptae
1003 328 1094 361 opem

361 373 390 400 et
403 379 531 412 operam
547 375 669 402 nostras
688 369 786 411 magis
804 369 973 413 implorare
990 370 1096 413 digno-

360 427 499 462 scuntur,
517 423 646 465 piosque
671 422 897 455 catholicorum
916 423 1094 467 principum

361 480 489 507 conatus
516 481 608 518 atque
636 475 790 508 desideria
817 475 855 508 ad
884 476 915 508 id
940 477 1095 509 tendentia

361 527 517 560 favoribus
541 533 570 560 et
595 528 702 571 gratiis
726 529 948 572 prosequinuu·
972 541 1092 574 oppor-·

362 581 450 612 tunis.

404 635 418 676 ἓ
444 634 470 665 1.
496 634 570 667 Cum
602 634 726 677 itaque,
752 636 905 669 concitata
931 639 1094 671 retroactis

361 686 553 729 temporibus
570 687 600 719 in
619 698 717 730 regno
742 688 908 723 Boliemiae
933 701 989 734 per
1014 692 1095 735 prin—

359 739 444 782 cipes
459 745 485 771 et
502 745 670 783 potestates
691 742 894 775 tenebrarum
912 744 1093 787 rebellione,

358 792 604 835 furentibusque,
622 794 714 826 etiam
732 798 853 828 armata
870 796 1002 840 haeresi,
1018 798 1094 831 sedi-

359 844 502 886 tionibus,
527 846 678 889 bellisque
703 848 867 890 intestinis,
892 850 988 883 multa
1012 851 1093 884 bona

357 903 386 930 et
403 898 470 930 iura
487 900 695 934 ecelesiastica
713 902 827 946 partim
841 903 962 947 direpta
980 905 1092 947 partim

356 956 505 994 occupata
527 957 555 984 et
580 957 728 997 usurpata
754 954 878 996 suerint,
899 966 935 989 ac
952 957 989 989 ad
1007 968 1094 1001 prae-

356 1015 426 1037 sens
440 1005 648 1047 detmeantur,
659 1007 863 1041 charissimus
874 1020 947 1043 vero
966 1010 995 1042 in
1006 1011 1094 1044 Chri-

356 1062 402 1091 sto
419 1059 502 1091 filius
519 1065 624 1093 noster
649 1061 863 1095 Ferdinandus
881 1064 1092 1097 Romanorum

357 1122 409 1144 rex
428 1112 457 1144 in
476 1112 698 1156 imperatorem
717 1116 843 1157 electus,
861 1127 919 1160 pro
939 1129 994 1151 suo
1012 1118 1093 1152 avito

357 1170 386 1197 et
410 1172 547 1208 spectato
578 1168 739 1210 religionis
764 1180 799 1202 ae
823 1170 895 1203 fidei
921 1171 1093 1205 catholicae

357 1218 535 1251 huiusmodi
557 1221 632 1263 zelo,
650 1222 834 1265 profligatis,
853 1224 1020 1257 auxiliante
1038 1225 1094 1258 Do—

358 1272 441 1305 mino
466 1273 528 1305 Deo
551 1274 756 1316 exercituum,
782 1276 951 1309 rebellibus
976 1278 1090 1311 baere-

357 1324 443 1365 tieis,
468 1326 643 1370 sedatisque
672 1338 834 1361 armorum
856 1330 1003 1372 motibus,
1021 1331 1092 1364 fidei

355 1379 530 1421 praedictae
548 1380 579 1412 in
594 1380 678 1414 dicto
702 1392 810 1424 regno,
832 1388 861 1415 et
881 1383 924 1416 illi
943 1384 1090 1418 adiacen-

356 1432 436 1465 tibus
463 1434 642 1477 pcovineiis,
663 1434 882 1480 bonorumque
909 1438 1095 1472 ecelesiasti-

354 1496 463 1518 eorum
479 1487 666 1521 restitutioni
689 1489 760 1521 totis
777 1489 897 1523 viribus
915 1491 1092 1525 incubuerit

354 1542 384 1572 et
407 1540 589 1573 eorumdem
618 1541 850 1575 baereticorum
877 1546 1091 1587 conversioni,

354 1592 583 1636 baeresumque
618 1595 852 1638 praedictarum
892 1597 1091 1642 extirpationi

354 1646 406 1689 pia
431 1647 638 1680 sollieitudine
664 1648 778 1690 iugiter
802 1649 957 1693 invigilet:

399 1699 455 1743 502.
474 1701 545 1741 Nos,
564 1707 724 1744 sperantes
744 1704 906 1746 negotium
923 1705 1092 1740 restitutio-

354 1753 411 1795 nis,
438 1754 652 1797 extirpationis
677 1760 707 1787 et
732 1757 946 1790 conversionis
973 1760 1094 1802 praedi-

355 1812 474 1839 ctarum
489 1818 525 1840 eo
539 1808 693 1841 faciliores
707 1820 893 1852 progressus
911 1811 1090 1846 habiturum

355 1861 430 1901 fore,
451 1872 512 1905 quo
531 1863 631 1895 maior
650 1863 680 1895 in
696 1864 979 1898 ecclesiasticorum
998 1867 1092 1901 bono-

355 1925 424 1946 rum
441 1920 470 1947 et
488 1915 601 1948 iurium
620 1917 879 1959 possessionibus,
895 1919 925 1951 in
939 1920 1029 1953 dictis
1045 1932 1092 1954 re—

354 1977 416 2009 gno
440 1973 470 2000 et
494 1969 673 2011 provinciis,
702 1971 943 2013 praeteritorum
972 1978 1092 2017 tempo-

355 2028 423 2049 rum
442 2019 622 2052 huiusmodi
651 2022 844 2063 contusione,
862 2028 896 2055 ut
916 2025 1092 2067 praefertur

354 2073 523 2115 occupatis,
537 2074 694 2117 usurpatis
708 2080 737 2107 et
751 2075 892 2116 detentis,
907 2077 1022 2110 nedum
1040 2078 1092 2111 be-

354 2124 487 2167 nignitas
505 2131 533 2158 et
550 2127 742 2169 indulgentia
759 2129 796 2161 ab
814 2129 872 2161 1130
890 2133 996 2163 saneta
1013 2132 1091 2165 Sede

354 2178 542 2218 ostendatur,
561 2180 719 2213 sedetiam
735 2181 930 2215 indemnitati
951 2185 1092 2217 eeclesia-

354 2241 422 2263 rum
441 2233 682 2275 praeditjztarum,
700 2241 851 2278 quantum
869 2248 939 2269 cum
958 2238 1091 2272 Domino

353 2295 526 2327 possumus,
549 2288 749 2328 consulatui-3
776 2289 930 2333 nobisque
955 2302 1086 2334 persua-

353 2338 460 2371 dentes
486 2341 699 2383 praedictum¹
722 2342 953 2376 Ferdinaiulum
981 2345 1092 2377 Roma-

354 2402 464 2425 norum
483 2405 590 2437 regem
606 2396 636 2428 in
655 2396 877 2439 imperatorem
892 2398 1037 2438 electum,
1050 2399 1089 2432 ob

355 2448 546 2487 praeclaram
567 2449 633 2482 eius
647 2450 677 2481 in
695 2460 751 2482 nos
765 2455 794 2483 et
818 2451 928 2484 Sedem
948 2452 1090 2485 eamdem

355 2498 602 2542 observantiam,
623 2507 716 2546 atque
740 2503 770 2535 111
794 2503 975 2537 reductione
1000 2505 1089 2548 regni

393 2571 402 2595 1
421 2570 485 2598 Male
501 2581 609 2607 prorsus
627 2574 688 2602 01111,
708 2574 785 2603 Maia.
803 2575 852 2611 leg.
867 2577 1090 2618 praedictarum

356 2614 397 2649 (R.
412 2616 459 2649 T.).

935 218 1113 242 BULLARIUM
1136 218 1290 243 ROMANUM

1130 272 1159 299 et
1190 267 1428 315 provinciarum
1456 268 1635 303 huiusmodi
1664 271 1702 303 ad
1726 271 1865 304 eiusdem

1130 319 1286 352 Ecclesiae
1323 321 1479 363 gremium
1505 327 1531 355 et
1559 334 1650 356 verae
1673 324 1746 357 fidei
1773 335 1865 369 prae-

1129 372 1230 406 dictae
1256 373 1483 408 confessionem
1516 380 1719 421 nostramque
1753 383 1783 411 et
1807 389 1866 422 pro

1131 430 1271 469 tempore
1288 426 1448 460 existentis
1465 429 1597 462 Romani
1618 430 1777 463 Pontifieis
1797 431 1866 464 obe-

1129 478 1277 511 dientiam
1303 480 1461 523 singulare
1484 482 1638 524 studium,
1668 483 1865 527 infrascripta

1130 532 1273 565 facultate
1293 536 1452 577 tamquam
1469 536 1628 568 1113101113ί
1649 547 1724 570 suae
1743 537 1866 580 pietatis

1129 585 1321 618 exercendae
1343 597 1485 628 usurum,
1505 598 1636 632 eamque
1654 594 1865 630 ostensurum,

1130 642 1191 670 tam
1209 638 1241 670 in
1265 639 1415 680 ecclesiis,
1439 641 1637 674 monasteriis
1654 647 1684 674 et
1700 643 1777 675 locis
1796 642 1865 686 piis,

1129 702 1208 734 quae
1225 692 1327 725 adbuc
1344 699 1458 735 extant,
1476 695 1698 728 conservandis
1715 701 1745 729 et
1762 706 1867 729 manu-

1130 745 1281 788 tenendis,
1300 758 1393 789 quam
1419 747 1532 780 dirutis
1557 753 1586 781 et
1609 749 1725 782 eversis
1750 749 1780 782 in
1800 749 1866 782 dies

1130 798 1355 841 instaurandis,
1380 801 1605 844 occupatisque
1629 802 1865 846 recuperandis,

1129 851 1239 895 hisque
1268 853 1457 887 sufficienter
1489 853 1631 887 dotandis
1646 881 1653 895 ‚
1678 864 1714 888 ae
1738 855 1866 898 reliquis

1128 904 1261 948 denique
1282 907 1474 947 vulneribus,
1491 918 1570 950 quae
1588 907 1773 940 eorumdem
1792 913 1868 940 tem-

1128 968 1240 1001 porum
1259 959 1440 993 confusione
1458 961 1607 994 ecelesiae
1629 961 1714 1005 ipsae
1731 962 1867 994 maxima

1127 1017 1325 1055 acceperunt,
1351 1013 1512 1046 medendis
1530 1019 1560 1047 et
1580 1014 1738 1055 sanandis;
1760 1015 1798 1047 de
1819 1025 1868 1047 ve-

1128 1065 1316 1098 nerabilium
1331 1066 1461 1099 fratrum
1475 1072 1656 1101 nostrorum
1671 1068 1699 1101 S.
1711 1069 1744 1101 R.
1759 1069 1791 1100 E.
1803 1078 1867 1101 car-

1127 1118 1277 1151 dinalium
1295 1120 1422 1162 negotio
1440 1121 1662 1164 propagandae
1678 1121 1709 1154 in
1719 1121 1866 1155 universo

1128 1172 1245 1205 mundo
1264 1173 1335 1206 fidei
1361 1174 1616 1218 praepositorum
1634 1175 1775 1216 consilio,
1793 1175 1867 1208 dile-

1128 1231 1177 1258 cto
1194 1226 1260 1259 silio
1277 1232 1384 1260 nostro
1402 1228 1534 1261 Ernesto
1551 1228 1718 1262 Adalberto
1736 1228 1764 1262 S.
1779 1229 1812 1262 R.
1832 1229 1864 1261 E.

1128 1279 1310 1323 presbytero
1334 1280 1483 1313 cardinali
1501 1281 1540 1315 ab
1560 1282 1682 1314 Harach
1703 1292 1864 1325 nuncupa-

1129 1337 1168 1374 to,
1194 1333 1343 1366 ecclesiae
1361 1334 1525 1377 Pragensis
1549 1346 1586 1368 ex
1611 1335 1813 1369 concessione
1836 1341 1866 1368 et

1128 1385 1358 1429 dispensatione
1383 1388 1553 1430 apostoliea
1577 1389 1725 1432 praesuli,
1743 1399 1864 1423 necnon

1130 1439 1296 1471 venerabili
1320 1440 1409 1472 fiatri
1434 1440 1539 1487 loanni
1566 1441 1720 1484 Baptistae
1744 1442 1865 1475 archie-

1129 1491 1258 1535 piscopo
1283 1492 1565 1536 Tliessalonieensi,
1591 1499 1699 1527 nostro
1724 1499 1754 1527 et
1778 1494 1865 1527 Sedis

1129 1546 1305 1589 praedictae
1338 1547 1422 1590 apud
1455 1548 1599 1580 eumdem
1633 1548 1864 1582 Ferdinandum

1129 1610 1237 1642 regem
1262 1600 1292 1631 in
1316 1600 1541 1643 imperatorem
1571 1602 1705 1634 electum
1734 1602 1863 1644 nuntio,

1128 1663 1222 1696 super
1246 1653 1354 1694 bonis,
1379 1654 1524 1697 decimis,
1556 1655 1726 1698 primatiis,
1753 1656 1864 1697 rebus,

1129 1706 1249 1739 iuribus
1273 1712 1303 1739 et
1327 1707 1500 1740 actionibus
1531 1709 1782 1753 quibuscumque
1814 1720 1865 1742 ec-

1128 1760 1308 1793 elesiasticis
1326 1761 1415 1803 regni
1432 1761 1598 1794 Bohemiae
1618 1763 1768 1805 praedicti
1789 1764 1865 1806 (non

1129 1819 1231 1846 tamen
1253 1814 1291 1846 ad
1314 1815 1467 1858 hospitale
1487 1815 1516 1848 S.
1539 1816 1662 1849 Ioannis
1686 1817 1864 1862 Hierosoly-

1128 1867 1234 1900 mitani
1253 1868 1489 1911 quomodolibet
1506 1869 1744 1913 spectantibus),
1765 1871 1866 1904 cuius-

1127 1932 1263 1964 cumque
1291 1922 1467 1964 qualitatis,
1492 1923 1672 1965 quantitatis
1696 1929 1726 1956 et
1750 1925 1864 1958 valoris

1128 1974 1250 2015 fuerint,
1265 1985 1301 2007 ae
1313 1985 1513 2019 quocumque
1529 1981 1692 2019 praetextu
1705 1977 1752 2009 vel
1770 1979 1863 2010 causa

1127 2031 1279 2071 occupata
1296 2032 1326 2060 et
1345 2032 1494 2072 usurpata
1519 2029 1580 2062 sint
1603 2039 1638 2061 ac
1655 2029 1862 2071 detineantur,

1128 2085 1190 2112 tam
1221 2085 1330 2115 nostro
1363 2087 1392 2114 et
1420 2081 1559 2114 eiusdem
1591 2082 1620 2115 S.
1651 2082 1738 2115 Sedis
1769 2094 1863 2127 quam

1127 2133 1202 2166 cleri
1228 2134 1377 2167 secularis
1394 2139 1423 2167 et
1440 2135 1594 2177 regularis
1614 2134 1753 2168 eiusdem
1774 2137 1863 2179 regni

1126 2187 1314 2228 nominibus,
1328 2199 1399 2221 eum
1417 2188 1577 2231 praedicto
1594 2189 1791 2223 Ferdinando
1808 2190 1865 2224 Ro—

1128 2251 1290 2274 manorum
1327 2251 1401 2284 rege
1437 2241 1468 2273 in
1505 2241 1728 2285 imperatorem
1765 2243 1864 2277 electo

1126 2294 1341 2335 conveniendi,
1366 2294 1578 2328 concordandi
1603 2300 1632 2328 et
1656 2296 1863 2340 transigendi,

1126 2358 1161 2381 ae
1178 2348 1216 2380 de
1241 2348 1357 2380 eisdem
1382 2348 1473 2381 bonis
1497 2348 1694 2392 disponendi,
1714 2355 1808 2393 prout
1824 2350 1862 2383 ad

1126 2401 1199 2433 [idei
1225 2401 1395 2434 catholicae
1412 2402 1443 2434 in
1464 2402 1573 2435 eodem
1590 2413 1688 2445 regno
1707 2414 1863 2447 propaga-

1127 2454 1242 2487 tionem
1255 2465 1290 2487 ac
1301 2456 1567 2489 manutentionem
1584 2456 1702 2489 eisdem
1716 2456 1862 2501 expedire

1162 2535 1173 2560 1
1187 2533 1307 2569 Syutaxis
1319 2538 1391 2563 certo
1403 2539 1502 2571 errata,
1516 2545 1566 2564 nec
1578 2536 1655 2564 facile
1670 2536 1858 2564 emendabilis:

1125 2582 1215 2613 posset
1229 2587 1271 2605 ex.
1289 2588 1314 2613 g.
1339 2580 1392 2614 legi
1413 2580 1603 2615 infrascripta
1625 2582 1762 2616 facultate
1787 2584 1861 2610 lam-

1124 2631 1210 2658 quam
1226 2625 1371 2651 occasione
1385 2628 1544 2660 maternae,
1560 2628 1611 2653 etc.
1627 2626 1667 2659 (R.
1682 2626 1731 2659 T.).

1876 224 1925 251 An.
1945 224 1975 251 C.
1998 224 2065 252 1629
