2226 3235
89 241 143 268 An.
160 239 188 267 C.
213 239 278 268 1629

118 409 215 430 mauritta
231 409 275 429 sub-

90 437 139 457 Iulii.

163 1048 276 1070 Exuet-»res

93 1074 187 1102 deputat.

898 241 1040 265 URBANUS

294 292 346 321 aut
364 288 564 332 expressione
581 293 731 332 concepta
752 299 814 332 quo
834 289 871 321 ad
889 289 951 322 hoc
967 289 1033 321 nul-

294 342 414 374 latenus
435 341 600 383 suffragari
628 342 781 374 volumus.

337 395 351 438 ἓ
375 395 404 427 4.
423 394 546 438 Sicque‚
565 401 591 427 et
611 405 672 427 nou
696 396 797 435 aliter,
816 396 844 427 in
863 395 1032 439 praedictis

292 448 446 480 universis
470 454 499 480 et
523 448 654 489 singulis
677 459 731 491 per
756 459 973 491 quoscumque
990 449 1032 480 iu-

291 501 375 534 dices
398 508 426 534 et
457 502 707 540 commissarios,
740 503 832 534 etiam
866 513 1030 535 causarum

290 555 394 598 palatii
420 555 581 598 apostolici
604 549 772 595 auditores,
795 556 886 588 etiam
906 556 934 588 S.
951 555 984 588 R.
999 555 1030 587 Ε.

291 609 479 649 cardinales,
507 610 536 640 in
562 609 670 651 quavis
696 613 786 641 causa
815 615 844 641 ct
870 609 1031 647 instantia,

290 663 410 694 sublata
437 663 490 703 eis,
509 669 538 695 et
563 675 672 696 corum
699 656 838 699 cuilibet,
857 663 964 706 quavis
982 663 1033 694 ali-

291 721 346 757 ter¹
372 716 527 749 iudicandi
561 723 588 749 ct
623 717 849 760 uiterprctandi
888 717 1031 749 facultate

290 774 320 800 ct
344 770 539 806 auctoritate,
555 770 684 802 iudicari
710 775 739 802 et
759 769 882 802 deliniri
904 769 1031 807 debere,

290 832 326 855 ac
351 823 474 855 irritum
499 829 528 856 et
554 824 662 863 inane,
693 824 717 855 si
751 834 840 856 secus
865 833 960 866 super
985 822 1032 854 his

290 886 307 908 a
327 887 506 919 quoquam,
537 877 644 920 quavis
669 877 873 915 auctoritate,
898 876 1033 908 scienter

292 930 337 962 vel
361 931 552 972 ignoranter,
569 930 737 973 contigerit
754 929 909 970 attentari,
929 929 1034 962 decer-

291 983 405 1015 nimus.

337 1038 351 1081 ἓ
376 1037 404 1070 5.
431 1038 469 1071 Ut
493 1044 596 1071 autem
623 1037 802 1070 huiusmodi
825 1037 965 1070 decimae
989 1037 1034 1069 sa-

293 1091 384 1124 cilius
408 1092 584 1134 exigantur,
609 1091 834 1124 fraternitatem
869 1097 972 1131 tuam,
998 1101 1033 1123 ac

293 1145 488 1177 venerabiles
513 1145 625 1177 fratres
655 1145 864 1188 patriarcham
891 1144 1032 1177 Venetia-

293 1209 363 1230 rum
389 1204 418 1230 et
442 1199 622 1242 episcopum
642 1199 848 1238 Clodiensem,
873 1198 911 1230 ad
936 1197 1033 1230 dictas

293 1251 430 1284 decimas
462 1252 650 1295 exigendas,
680 1252 816 1294 ducique
841 1257 870 1284 et.
894 1252 1034 1285 dominio

294 1305 472 1348 praedictis,
499 1306 563 1338 sive
588 1305 654 1338 cius
681 1305 831 1338 ministris
857 1305 893 1337 ad
921 1305 948 1337 id
967 1316 1035 1348 spe-

294 1358 414 1391 cialiter
427 1359 594 1402 deputatis,
616 1359 730 1398 statim,
746 1360 827 1391 nulla
851 1359 1033 1402 interposita

295 1415 395 1451 mora,
414 1418 443 1445 et
464 1414 529 1445 sine
547 1413 648 1455 aliqua
665 1424 795 1456 prorsus
815 1412 1033 1451 diminutione,

295 1466 480 1504 retentione,
501 1470 553 1499 aut
573 1466 777 1505 detractione,
794 1466 884 1499 etiam
903 1476 967 1498 non
985 1467 1035 1499 de·

295 1520 402 1551 tractis
426 1520 564 1562 quinque
598 1531 654 1563 pro
687 1520 868 1553 centenario
893 1530 1035 1552 camerae

294 1579 420 1605 nostrae
441 1574 617 1616 praedictae
636 1574 664 1605 in
685 1574 844 1606 exactione
863 1574 971 1605 talium
987 1573 1036 1605 de-

295 1626 446 1658 cimarum
473 1627 621 1670 applicari
641 1628 807 1665 consuetis,
826 1627 947 1669 integre
964 1637 1035 1659 con-

295 1680 484 1722 signandas,
510 1681 692 1713 earumdem
719 1680 913 1714 decimarum
940 1680 1034 1713 colle-

295 1738 398 1771 ctores
422 1740 451 1766 et
476 1739 636 1766 exactores
665 1733 840 1777 praedictos
872 1733 1033 1766 constitui-

295 1797 365 1818 mus
389 1792 418 1819 et
442 1787 644 1830 deputamus3
665 1798 701 1819 ac
718 1787 772 1819 tibi
789 1793 818 1819 et
840 1787 1034 1830 patriarchae

296 1839 495 1872 Yenetiarum
522 1851 557 1873 ac.
582 1841 732 1884 episeopo
758 1840 952 1879 Yicendno‘,
978 1851 1035 1883 pro

296 1903 391 1926 onere
417 1894 500 1938 quod
526 1895 556 1926 in
575 1895 736 1927 exactione
761 1894 955 1926 decimarum
978 1895 1034 1926 bu-

296 1946 432 1979 iusmodi
454 1948 656 1988 sustinebitis,
675 1953 810 1990 quatuor
832 1948 929 1980 millia
949 1955 1035 1980 scuta

297 2000 365 2032 auri
392 2000 421 2031 in
447 2011 525 2033 auro
551 2011 585 2033 ex
612 2001 729 2033 eisdem
765 2000 894 2033 decimis
927 2000 1033 2033 detra-

296 2052 419 2093 henda,
445 2060 475 2086 et
499 2054 626 2086 illorum
653 2054 849 2086 medietatem
877 2054 957 2087 inter
982 2065 1036 2087 vos

297 2118 356 2150 pro
370 2108 490 2150 aequali
506 2109 650 2151 portione
664 2113 693 2140 et
707 2108 848 2152 quolibet
863 2118 944 2141 anno
960 2108 1037 2141 eius-

298 2159 368 2192 dem
395 2162 528 2193 octennii
553 2172 611 2205 pro
636 2163 703 2194 rata
732 2162 979 2194 distribuendam
1007 2163 1054 2194 et*

298 2213 495 2246 dividendam
511 2241 518 2254 ,
546 2215 699 2258 reliquam
732 2225 806 2248 vero
839 2215 1035 2248 medietatem

299 2266 580 2300 subcollectoribus
613 2274 643 2300 et
674 2268 741 2301 aliis
772 2269 971 2301 exactoribus
1002 2279 1037 2301 ac

298 2321 571 2363 procuratoribus,
589 2322 626 2354 ad
645 2322 769 2355 easdem
795 2322 933 2355 decimas
954 2323 1038 2356 colli-

299 2374 416 2416 gendas
432 2374 598 2418 deputatis,
613 2376 704 2408 etiam
723 2377 864 2420 quolibet
881 2387 962 2409 anno
979 2387 1037 2420 pro

299 2430 376 2469 rata,
392 2428 497 2460 habita
511 2429 631 2462 ratione
649 2430 764 2463 laboris
778 2436 807 2463 et
820 2430 1037 2474 amplitudinis

299 2481 527 2525 cuiuscumque
557 2483 688 2516 civitatis
713 2487 743 2517 et
770 2484 943 2524 dioecesis,
968 2485 1037 2518 loco

300 2536 404 2568 salarii
422 2547 476 2569 seu
493 2537 638 2580 stipendii
656 2543 686 2570 et
703 2538 857 2570 mercedis
881 2539 1039 2581 assignan-

336 2608 348 2634 1
371 2607 464 2635 Nescio
484 2617 538 2643 qua
557 2609 660 2636 ratione
680 2613 759 2636 antea
778 2610 810 2637 de
830 2610 956 2645 episcopo
973 2611 1038 2638 Clo—

301 2651 405 2688 diensi,
422 2662 494 2681 nune
508 2654 542 2681 de
560 2655 709 2683 Vicenez'no
725 2655 824 2683 mentio
838 2658 877 2682 est
891 2656 929 2691 (R.
945 2656 995 2691 T.).

1065 240 1121 263 vm
1146 241 1194 264 rr.
1713 228 1777 262 109

1066 289 1135 321 dam
1153 293 1183 320 ct.
1200 286 1465 320 distribuendam¹
1486 286 1540 329 (ita
1559 291 1672 325 tamen,
1690 292 1723 319 ut.
1743 296 1805 318 non

1065 343 1233 385 quotannis
1251 342 1429 374 huiusmodi
1449 347 1583 385 quatuor
1597 341 1694 373 mill'a
1708 346 1804 381 scuta,

1066 395 1118 427 sed
1147 397 1173 427 in
1200 401 1265 428 toto
1291 396 1435 427 octennio
1463 395 1584 437 integra
1610 405 1732 427 summa
1758 405 1806 426 eo-

1068 448 1209 480 rumdem
1237 454 1372 492 quatuor
1399 450 1529 481 millium
1556 455 1728 487 scutorum,
1749 458 1806 491 pro

1067 502 1131 531 rata
1151 501 1289 542 quolibet
1306 511 1397 538 auno,
1412 501 1653 538 (l1·ti·aluitui·,a‹:
1672 506 1732 531 tam
1754 510 1806 531 vos

1066 559 1092 585 ct
1119 554 1250 596 quilibet
1277 560 1424 591 vestrum,
1450 566 1543 597 quam
1571 554 1629 597 ipsi
1655 553 1807 586 subcelle-

1066 614 1169 639 ctores
1194 613 1222 639 et
1247 608 1296 639 alii
1324 608 1485 650 praedicti,
1505 609 1623 640 ratione
1649 608 1805 640 fructuum

1066 661 1280 701 ecclesiarum,
1307 662 1420 702 ‹piibus
1438 672 1518 693 nunc
1538 671 1680 704 praten-sse
1701 661 1808 701 digno-

1067 713 1199 751 scimini,
1225 720 1277 745 aut
1303 714 1509 756 imposterum
1532 714 1675 757 practici,
1693 714 1738 745 vel
1759 713 1809 745 be-

1067 767 1251 799 neficiorum
1270 768 1482 807 obtentorum,
1499 774 1548 799 aut
1563 778 1642 810 quac
1655 767 1807 805 obtinere,

1067 831 1188 853 netnon
1214 821 1373 853 fructuum
1399 827 1429 853 et
1453 822 1638 864 pensionum
1665 831 1807 853 reserva-

1068 881 1170 907 torum
1196 878 1225 907 et
1247 875 1488 917 assignatarum,
1507 885 1584 917 quos
1609 880 1638 906 et
1663 885 1739 917 quas
1760 885 1809 907 vo-

1067 929 1114 961 bis
1138 929 1291 971 assignari
1319 929 1447 972 posthac
1471 928 1648 971 contigerit,
1672 928 1808 961 decimas

1067 982 1149 1025 ipsas
1169 993 1225 1025 pro
1241 985 1342 1014 vestra
1358 987 1387 1015 et
1406 983 1530 1015 illorum
1547 985 1622 1022 rata,
1638 987 1667 1014 ct
1683 982 1807 1014 illorum

1067 1036 1238 1079 quemlibet
1252 1040 1408 1078 tangente,
1423 1036 1544 1077 integre
1558 1040 1588 1067 et
1601 1035 1727 1067 realiter
1742 1046 1810 1078 per-

1068 1090 1190 1123 solvere
1203 1089 1333 1122 omnino
1349 1090 1526 1127 teneamini,
1537 1095 1566 1121 et
1580 1089 1661 1121 dicta
1676 1089 1811 1131 assigna-

1069 1143 1151 1175 tione
1163 1149 1189 1175 et
1202 1143 1423 1176 distributione
1434 1143 1569 1176 contenti
1582 1153 1649 1175 esse
1662 1142 1809 1183 debeatis,

1068 1206 1125 1229 nec
1142 1196 1312 1239 quidquam
1331 1197 1415 1229 aliud
1433 1207 1487 1229 vos
1507 1201 1537 1229 et
1558 1201 1694 1229 vestrum
1721 1196 1811 1239 quili-

1069 1251 1116 1283 bet
1143 1251 1346 1294 praetendere
1369 1251 1507 1294 possitis)
1524 1251 1737 1293 assignarim&
1755 1248 1811 1282 ac*z

1070 1304 1122 1337 tibi
1142 1310 1171 1336 et
1188 1305 1255 1336 aliis
1275 1304 1451 1347 praedictis,
1470 1315 1485 1336 a
1503 1304 1593 1336 dictis
1614 1303 1810 1347 patriarchis,

1068 1358 1324 1401 archiepiscopis.
1350 1358 1516 1401 episcopis,
1542 1358 1658 1395 electis,
1682 1357 1812 1390 admini-

1069 1411 1273 1448 stratoribus,
1307 1411 1598 1450 commendaturus,
1623 1411 1810 1450 abbatibus,

1070 1465 1238 1507 prioribus,
1264 1464 1460 1507 praepositis,
1479 1465 1634 1508 capitulis,
1656 1464 1812 1497 conventi-

1070 1518 1127 1550 bus
1151 1524 1180 1550 et
1204 1518 1273 1550 aliis
1299 1519 1441 1561 personis
1460 1518 1569 1561 (supra
1586 1518 1742 1561 expressis
1763 1529 1811 1550 ex-

1069 1571 1179 1614 ceptis)
1197 1572 1320 1604 easdem
1340 1572 1486 1613 decimas,
1499 1577 1533 1604 ut
1551 1573 1736 1615 praelertur,
1755 1582 1812 1615 per

1070 1635 1126 1657 nos
1151 1625 1314 1668 impositas
1338 1625 1478 1668 petendi,
1504 1625 1647 1667 exigendi
1673 1631 1702 1657 et
1727 1625 1811 1657 colli-

1069 1678 1172 1720 gendi,
1198 1679 1391 1722 eisquetam
1412 1678 1441 1710 in
1462 1689 1577 1721 genere
1595 1689 1687 1721 quam
1713 1679 1812 1711 nomi-

1070 1732 1164 1764 natim
1199 1738 1228 1764 et
1257 1732 1288 1764 in
1313 1732 1416 1775 speeie
1442 1738 1475 1764 ut
1506 1732 1573 1764 illas
1604 1733 1725 1764 solvant
1754 1731 1811 1764 sub

1069 1786 1252 1829 privationis
1278 1786 1503 1818 beneficiorum
1525 1786 1809 1818 ecclesiasticorum

1069 1850 1125 1883 per
1150 1850 1203 1872 eos
1228 1840 1465 1883 quomodolibet
1491 1840 1703 1879 obtentorum,
1728 1839 1811 1872 aliis-

1070 1904 1130 1936 que
1155 1899 1248 1937 prout
1268 1893 1377 1926 nobis³
1398 1893 1554 1926 videbitur
1579 1893 1697 1936 poenis,
1719 1893 1812 1925 etiam

1070 1947 1273 1990 pecuniariis,
1299 1957 1334 1978 ac
1359 1946 1486 1979 demum
1509 1957 1566 1989 per
1591 1939 1769 1979 sentcntias'
1783 1951 1813 1978 et

1070 2011 1219 2033 censuras
1244 2000 1470 2033 ecclesiasticas
1491 2000 1657 2032 mandandi
1680 2005 1709 2032 et
1727 2010 1813 2043 prae-

1071 2053 1205 2096 cipiendi
1221 2080 1228 2093 ,
1254 2065 1290 2086 ac
1320 2066 1379 2098 pro
1410 2054 1591 2086 earumdem
1617 2053 1820 2086 decimarum·

1071 2107 1202 2139 faciliori
1228 2108 1388 2140 exactione
1413 2118 1509 2140 unum
1541 2108 1588 2140 vel
1613 2108 1719 2151 plures
1744 2107 1813 2140 sub-

1071 2161 1267 2201 collectores,
1277 2161 1340 2204 qui,
1355 2161 1378 2193 si
1395 2161 1424 2193 in
1438 2161 1587 2203 dignitate
1602 2162 1811 2194 ecclesiastiea

1071 2215 1231 2247 constituti
1254 2215 1324 2254 sint,
1342 2215 1419 2258 pari,
1437 2220 1505 2248 actu
1524 2215 1651 2258 vigore⁴
1669 2226 1813 2259 praesen—

1071 2268 1160 2307 tium,
1176 2268 1319 2301 facultate
1337 2270 1517 2311 fungantur,
1533 2279 1590 2312 per
1603 2269 1745 2302 locorum
1760 2268 1813 2301 Or-

1071 2321 1210 2354 dinarios
1228 2321 1258 2353 in
1275 2332 1474 2365 quacumque
1492 2322 1614 2355 cix-itate
1633 2327 1662 2353 et
1675 2322 1811 2354 dioecesi

1106 2429 1117 2455 1
1139 2428 1204 2455 Male
1224 2428 1287 2455 edit.
1310 2428 1389 2456 Malu.
1411 2429 1475 2464 legit
1494 2429 1643 2464 assiynan.
1665 2431 1691 2456 el
1712 2428 1813 2457 discri-

1072 2475 1292 2508 buendz'(ss.'1'.).

1107 2521 1122 2546 b2
1139 2520 1211 2546 llaec
1227 2519 1311 2546 verba
1330 2520 1529 2553 assiyna›nus;
1543 2528 1576 2546 ac
1596 2520 1751 2547 necessaria
1765 2520 1814 2547 ad-

1072 2565 1159 2592 denda
1179 2565 1332 2591 censuimus
1347 2571 1386 2597 tn.
1403 2565 1450 2598 τ.).

1107 2610 1123 2637 3
1139 2610 1238 2637 Forsan
1254 2610 1396 2645 legendum
1412 2611 1489 2637 robis
1502 2611 1540 2645 (R.
1557 2611 1605 2644 Τ.),

1108 2655 1123 2681 4
1142 2655 1244 2683 Forsan
1262 2655 1408 2690 legendum
1427 2659 1493 2684 acen
1508 2658 1535 2684 et
1550 2656 1646 2691 vigore
1658 2656 1697 2692 (R.
1714 2657 1763 2692 T.)„

1825 239 1871 265 An.
1890 238 1917 265 C.
1941 239 2005 265 ¹6⁶2ss
