2248 3229
215 230 264 256 An.
286 228 313 256 C.
333 228 399 256 1635

440 220 511 255 ⁷500
989 225 1167 251 aunisimau

413 278 523 319 mnari,
542 282 594 310 aut
613 275 725 320 affecti,
742 276 790 308 vel
807 274 1005 308 condemnati
1020 273 1148 312 fuerint,
1164 276 1166 292 ³

413 330 491 364 bene
516 336 545 363 et
568 329 703 371 benigne
730 332 870 368 tractent,
896 336 997 370 neque
1022 326 1091 358 illos
1119 325 1150 358 in

414 383 525 416 futuris
543 381 695 426 capitulis,
713 380 761 413 vel
781 379 863 422 alibi,
882 379 1045 413 occasione
1060 388 1150 422 prae-

386 456 389 457 ν
414 436 591 475 missoium,
614 434 652 466 ab
678 433 788 466 officiis
814 438 843 466 et
869 432 1051 465 muneribus
1076 431 1149 464 ieli-

257 1189 354 1210 lnbibitio
371 1188 399 1209 iu

219 1216 308 1239 dicibus.
319 1216 401 1242 quomi-

217 1248 256 1263 nus
275 1242 314 1263 hac
336 1248 356 1262 in
378 1247 400 1261 re

217 1275 239 1289 se
254 1269 354 1294 ingerant.

254 1559 366 1581 Clausulas
381 1562 401 1580 et

218 1586 325 1608 decretum
355 1588 401 1607 irri-

219 1615 273 1635 taus.

285 2567 400 2589 Contrariis

219 2595 311 2622 derogat,

414 488 514 531 gionis
539 487 717 528 excludant
744 486 806 519 imo
831 496 884 519 eos
908 485 946 518 ad
970 486 1046 529 ipsa,
1066 485 1151 518 nulla

415 539 452 573 de
476 540 655 584 praemissis
681 539 784 572 habita
806 538 1065 578 consideratione,
1082 538 1105 571 si
1124 548 1168 587 a-;

414 593 469 626 lias
494 593 612 626 habiles
637 593 708 633 sint,
732 592 849 636 absque
873 592 937 625 ulla
957 590 1168 631 diffe1²entia,i

415 657 450 679 ac
481 646 710 690 parisormiter‚
742 650 836 690 prout
861 650 890 678 et
914 645 990 678 alios
1023 645 1151 684 fratres,

415 698 527 742 eligant
554 709 607 732 seu
632 698 813 738 admittant;
839 698 1079 741 facultatemque
1096 695 1169 729 tri-³,

414 752 539 785 hulmus
576 751 774 785 consessariis
809 751 976 784 ordinariis
1011 750 1150 783 eiusdem

414 805 593 849 provinciae
618 804 799 839 absolvendi
824 809 853 837 et
879 803 1079 848 dispensandi
1103 814 1152 836 re—

414 858 558 902 spective,
577 863 638 891 tam
664 857 841 902 praedictos
865 867 958 902 quam
984 867 1152 901 quoscum-

414 922 475 955 que
499 911 576 945 alios
600 912 712 944 fratres
737 911 875 944 eiusdem
894 911 1083 955 provinciae,
1105 911 1170 967 vel-

415 964 534 1009 aliquos
559 965 695 1005 illorum,
721 964 745 997 si
771 964 800 996 id
825 964 981 1008 petierint,
1005 964 1096 998 etiam
1115 963 1170 996 ad:

415 1017 578 1060 cautelam,
604 1028 659 1051 seu
683 1017 767 1059 alias,
786 1027 803 1050 a
824 1017 974 1058 censuris,
1000 1027 1053 1050 seu
1078 1017 1153 1049 irre-

414 1071 644 1114 gulaiitatibus,
670 1077 699 1104 et
719 1071 787 1104 aliis
800 1071 908 1115 poenis
925 1071 1029 1104 forsan
1052 1070 1154 1103 incur-

416 1124 457 1157 sis
482 1135 531 1168 pl
523 1135 675 1157 aemissoi
678 1135 729 1157 um
756 1125 929 1158 occasione.

461 1177 476 1221 ἓ
499 1177 527 1211 3.
544 1178 674 1221 Insuper
691 1177 852 1222 quibusxis
869 1177 1025 1210 iudicibus
1043 1183 1154 1221 etpe1

417 1231 500 1264 sonis
525 1231 725 1274 quibuslibet,
746 1232 854 1275 quaxis
879 1231 1063 1270 auctoritate
1088 1230 1154 1263 sun-

416 1284 571 1328 gentibus,
588 1284 759 1317 districtius
778 1284 966 1325 inhibemus,
986 1294 1025 1317 ne
1042 1284 1155 1317 fratres

415 1336 606 1377 huiusmodi,
623 1347 677 1370 seu
695 1337 772 1370 alios
796 1347 854 1381 pro
879 1337 933 1377 eis,
951 1347 1045 1381 super
1065 1347 1154 1381 prae-

417 1391 518 1424 missis
544 1391 674 1424 ulterius
699 1391 818 1433 audire,
840 1401 894 1424 seu
912 1391 986 1424 ali'as
1012 1401 1043 1424 se
1069 1390 1156 1424 desu-

416 1454 472 1488 per
496 1444 640 1488 ingerere
666 1444 901 1487 quomodolibet
938 1444 1070 1477 audeant
1103 1454 1156 1476 seu

415 1503 626 1541 praesumant.

461 1551 476 1594 g
500 1550 528 1582 4.
554 1551 763 1584 Decernentes
784 1556 964 1595 praesentes
988 1551 1106 1585 litteras
1127 1557 1173 1584 et¹

416 1603 448 1635 in
459 1603 503 1636 eis
518 1609 662 1638 contenta
679 1614 895 1648 quaecumque
905 1605 991 1638 nullo
1005 1615 1155 1648 umquam

416 1662 559 1701 tempore
585 1657 623 1690 de
644 1657 865 1702 subreptionis,
880 1658 1083 1702 obreptionis,
1102 1669 1155 1692 seu

416 1710 566 1744 nullitatis
583 1710 668 1751 vitio,
682 1714 734 1744 aut
758 1711 939 1745 intentionis
955 1716 1090 1752 nostrae,
1109 1712 1155 1744 vel

417 1762 477 1796 alio
494 1763 604 1807 quovis
629 1763 750 1797 defectu
768 1765 879 1806 notari,
898 1765 1086 1808 impugnari,
1101 1775 1156 1798 seu

416 1816 577 1850 invalidari
595 1827 696 1861 posse,
715 1817 768 1850 sed
794 1828 920 1862 semper
937 1818 1046 1859 valida,
1064 1818 1155 1851 firma
1170 1829 1172 1840 ¹

417 1875 445 1902 et
469 1870 607 1904 efficacia
630 1871 762 1904 existere
787 1877 817 1904 ct
841 1872 917 1912 sore,
942 1882 1076 1916 suosque
1093 1872 1156 1916 ple-

415 1923 520 1957 narios
545 1929 575 1957 et
599 1924 737 1968 integros
763 1924 891 1958 effectus
916 1925 1020 1958 sortiri
1047 1931 1075 1957 et
1099 1925 1172 1958 ob-‘

415 1975 523 2019 tinere,
550 1987 584 2010 ac
610 1977 648 2010 ab
673 1977 829 2018 omnibus,
850 1989 928 2021 quos
948 1978 999 2010 illa
1026 1974 1172 2026 concers}

416 2035 504 2071 nunt,
522 2030 553 2063 in
569 2031 710 2064 futurum
737 2030 956 2064 inviolabiliter
976 2031 1154 2069 observari;

417 2083 522 2128 sicque
540 2094 597 2128 per
614 2095 830 2128 quoscumque
845 2084 963 2117 iudices
978 2084 1155 2117 ordinarios

417 2141 446 2169 et
470 2137 639 2181 deleoatos,
659 2138 749 2171 etiam
772 2148 881 2171 causai
885 2149 936 2170 um
963 2137 1092 2181 palatii
1085 2148 1156 2181 apo-

417 2190 516 2224 stolici
540 2163 729 2231 0'auditoies‚
755 2191 875 2224 sublata
908 2191 951 2223 eis
985 2195 1012 2224 et
1045 2201 1173 2224 eoium

417 2243 543 2276 cuilibet
569 2244 675 2287 quaxis
701 2219 791 2277 aliter
817 2243 972 2278 iudicandi
999 2248 1028 2277 et
1053 2244 1151 2277 inter—

415 2297 557 2340 pietandi
582 2298 727 2330 facult-ite
752 2303 782 2330 et
805 2298 998 2338 auctoritate,
1024 2297 1155 2331 iudicari

415 2354 443 2382 et
469 2349 591 2383 deliniri
617 2350 742 2391 debere,
760 2362 795 2384 ac
814 2351 936 2384 irritum
963 2354 992 2384 et
1009 2351 1109 2391 inane,
1131 2351 1154 2383 si

416 2412 504 2436 Sec-us
531 2413 626 2447 super
651 2403 697 2436 his
723 2414 739 2435 a
765 2415 941 2448 quoquam,
967 2404 1075 2448 quavis
1100 2414 1154 2436 au-

417 2457 570 2498 ctoritate,
584 2456 719 2490 scienter
734 2456 781 2489 vel
806 2457 998 2499 ignoranter,
1021 2457 1156 2499 contige-

416 2509 457 2542 lit
474 2510 628 2544 attentaii
1171 2535 1173 2551 l

462 2563 522 2606 §.5
539 2564 606 2598 Non
624 2564 765 2605 obstante
787 2565 896 2608 regula
909 2565 1017 2598 nost1a
1031 2564 1094 2598 de'
1086 2574 1155 2598 iure

418 2616 558 2660 quaesito
581 2627 644 2650 non
667 2607 814 2658 tollendo,
841 2617 972 2661 aliisque
999 2617 1149 2652 constitu·

1191 224 1346 249 ROMANUM

1182 272 1318 305 tionibus
1343 276 1373 305 et
1397 271 1645 306 ordinationibus
1669 271 1858 316 apostolicis,
1882 281 1917 304 ac

1184 323 1309 358 Ordinis
1342 329 1372 357 et
1399 324 1578 368 provinciae
1602 324 1802 365 huiusmodi,
1826 325 1918 357 etiam

1184 377 1370 417 iuramento,
1400 376 1636 410 confirmatione
1664 377 1844 420 apostolica,
1872 376 1919 410 vel

1165 419 1291 474 quavis
1317 430 1464 463 firmitate
1488 430 1549 463 alia
1571 430 1736 471 roboratis,
1752 431 1872 471 statutis
1891 435 1921 464 et

1184 484 1472 525 consuetudinibus,
1490 483 1661 527 privilegiis
1678 493 1813 527 quoque,
1826 483 1921 516 indul-

1184 537 1222 569 tis
1253 542 1282 569 et
1314 537 1424 570 litteris
1455 536 1634 580 apostolicis
1666 536 1696 568 in
1729 535 1922 569 contrarium

1185 590 1421 634 quomodolibet
1446 590 1610 630 concessis,
1629 589 1821 624 confirmatis
1839 594 1868 622 et
1879 589 1923 622 in·

1185 643 1321 683 novatis3
1347 644 1460 687 quibus
1484 643 1630 676 omnibus
1660 648 1690 676 et
1714 643 1861 686 singulis,
1887 642 1923 676 il-

1185 697 1287 729 lorum
1300 702 1423 730 tenores
1433 696 1650 740 praesentibus
1662 707 1720 740 pro
1734 696 1922 730 sufficienter

1168 750 1342 794 :expressis
1376 750 1547 790 habentes,
1578 750 1635 783 hac
1663 751 1730 783 rice
1765 750 1923 783 dumtaxat

1186 804 1362 848 specialiter
1387 809 1417 837 et
1442 814 1586 848 expresse
1611 803 1815 847 derogamus;
1840 808 1923 837 cete-

1186 857 1292 902 risque
1310 858 1475 891 contrariis
1492 857 1751 902 quibuscumque.

1231 911 1244 954 g
1270 909 1297 944 6.
1324 911 1474 944 Volumus
1499 916 1622 953 autem,
1649 916 1682 944 ut
1712 910 1925 955 praesentium

1188 964 1402 1007 transumptis,
1428 965 1519 997 etiam
1546 964 1720 1008 impressis,
1746 974 1840 997 manu
1863 963 1921 997 ali-

1187 1016 1275 1050 cuius
1296 1018 1409 1050 notarii
1430 1018 1546 1061 publici
1564 1017 1757 1061 subscriptis,
1776 1022 1806 1051 et
1823 1016 1925 1061 sigillo

1187 1081 1340 1114 personae
1367 1071 1397 1103 in
1423 1070 1572 1113 dignitate
1590 1071 1799 1105 ecclesiastica
1816 1070 1927 1105 consti-

1187 1128 1270 1156 tutae
1306 1123 1432 1157 munitis
1450 1150 1457 1164 ‚
1483 1124 1591 1156 eadem
1626 1134 1757 1168 prorsus
1788 1123 1865 1157 fides
1895 1123 1927 1156 in

1169 1169 1302 1210 iudicio
1336 1182 1364 1210 et
1401 1182 1486 1210 extra
1513 1177 1713 1219 adhibeatur,
1745 1188 1825 1222 quae
1853 1177 1927 1221 ipsis

1187 1230 1403 1273 piaesentibus
1421 1230 1633 1272 adhiberetur,
1652 1232 1676 1264 si
1693 1231 1796 1264 forent
1812 1230 1927 1264 exhibi-

1188 1289 1237 1316 tae
1253 1284 1302 1316 vel
1319 1289 1468 1318 ostensae.

1233 1337 1343 1370 Datum
1369 1338 1496 1379 Romae,
1523 1338 1604 1382 apud
1628 1339 1656 1373 S.
1683 1339 1811 1372 Mariam
1832 1338 1927 1372 Maio-

1190 1400 1266 1432 rem,
1285 1391 1342 1424 sub
1357 1392 1473 1425 annulo
1487 1391 1666 1433 piscatoris,
1684 1391 1734 1425 die
1751 1401 1772 1425 x
1788 1391 1926 1426 octobris

1190 1454 1350 1487 MDcxxxv,
1367 1446 1566 1490 pontificatus
1586 1445 1685 1480 nostri
1710 1456 1791 1480 anno
1815 1456 1881 1481 x111.

1226 1506 1283 1534 Dat.
1301 1507 1344 1534 die
1363 1509 1394 1535 10
1408 1508 1526 1536 octobris
1543 1508 1620 1544 1635,
1642 1508 1735 1545 pontif.
1753 1517 1796 1536 an.
1813 1515 1872 1536 xm.

1496 1651 1621 1684 DXXIX.

1189 1729 1235 1762 De
1265 1732 1483 1773 praestatione
1519 1731 1751 1764 alimentorum
1783 1731 1926 1766 hebraeis

1230 1783 1430 1826 pauperibus
1450 1783 1492 1816 acl
1516 1783 1712 1818 instantiam
1736 1784 1929 1819 christiano-

1232 1846 1308 1868 rum
1332 1835 1527 1870 creditorum
1553 1837 1723 1870 carceratis
1736 1837 1754 1869 ¹,

1397 1917 1531 1945 Urbanus
1547 1918 1624 1952 Papa
1644 1919 1720 1952 VIII,

1332 1964 1366 1988 ad
1387 1962 1519 1989 futuram
1539 1962 1582 1989 rei
1602 1963 1781 1991 memoriam.

1233 2030 1247 2074 g
1273 2030 1301 2062 1.
1328 2031 1414 2071 Cum,
1440 2032 1519 2064 sicut
1544 2032 1738 2076 accepimus,
1756 2032 1829 2066 licet
1852 2033 1928 2067 alias

1189 2085 1390 2128 congregatio
1416 2085 1599 2118 visitationis
1632 2096 1794 2119 carcerum
1828 2085 1927 2120 almae

1189 2137 1280 2170 Uibis
1300 2143 1435 2178 nostrae,
1455 2144 1594 2182 tempore
1611 2138 1709 2172 felicis
1734 2138 1927 2173 recordatio·

1188 2190 1236 2223 nis
1261 2190 1346 2223 Pauli
1372 2191 1472 2234 Papae
1494 2191 1515 2223 V
1540 2191 1791 2234 praedecessoris
1815 2191 1925 2232 nostri,

1171 2234 1262 2276 visis
1282 2243 1392 2277 litteris
1416 2243 1648 2277 reformationis
1666 2248 1727 2278 tam
1753 2245 1791 2277 ab
1817 2245 1928 2279 eodem

1189 2297 1283 2330 Paulo
1311 2297 1553 2340 praedecessore
1579 2308 1671 2341 quam
1699 2298 1796 2332 felicis
1820 2308 1927 2332 recor-

1189 2349 1322 2383 dationis
1345 2351 1398 2383 Pio
1425 2351 1505 2394 Papa
1530 2351 1552 2382 V
1578 2351 1720 2384 similiter
1744 2351 1927 2395 praedeces-

1189 2413 1259 2436 sore
1273 2409 1380 2437 nostro
1399 2404 1559 2444 emanatis,
1578 2404 1760 2446 decreverit,
1779 2404 1926 2437 alimenta

1189 2456 1252 2489 sive
1270 2457 1422 2490 victualia'
1436 2457 1578 2490 hebraeis
1603 2458 1808 2502 pauperibus,
1826 2457 1864 2490 ad
1881 2457 1925 2490 in-

1225 2537 1235 2562 1
1254 2535 1290 2563 De
1305 2535 1432 2564 haebreis
1452 2536 1535 2563 habes
1551 2536 1624 2564 Pauli
1642 2536 1673 2563 lv
1689 2536 1780 2564 Const.
1796 2543 1833 2570 w,
1851 2535 1924 2563 Cum

1187 2580 1276 2608 nimis
1291 2585 1355 2608 tom.
1371 2588 1407 2613 vi,
1424 2589 1485 2617 pag.
1503 2582 1563 2616 498,
1580 2586 1607 2609 et
1627 2581 1664 2608 Pii
1679 2581 1698 2607 V
1715 2581 1806 2610 Const.
1822 2586 1851 2616 x,
1866 2581 1922 2610 Ro-

1189 2633 1303 2658 manus,
1319 2630 1382 2654 tom·
1397 2632 1445 2660 vn,
1461 2634 1522 2663 pag.
1538 2626 1601 2654 438.

1932 222 1980 249 An.
2001 221 2029 250 C.
2047 221 2115 249 ¹635

1979 918 2122 945 “transumptis

1940 944 1998 965 credi
2014 943 2078 966 iubet.

1970 2035 2050 2057 Causae
2064 2035 2127 2057 huius

1943 2062 2107 2084 constitutionis.
