<?xml version="1.0" encoding="UTF-8"?>
<!DOCTYPE html PUBLIC "-//W3C//DTD XHTML 1.0 Transitional//EN"
    "http://www.w3.org/TR/xhtml1/DTD/xhtml1-transitional.dtd">
<html xmlns="http://www.w3.org/1999/xhtml" xml:lang="en" lang="en">
 <head>
  <title>
</title>
<meta http-equiv="Content-Type" content="text/html;charset=utf-8" />
  <meta name='ocr-system' content='tesseract 3.04.00' />
  <meta name='ocr-capabilities' content='ocr_page ocr_carea ocr_par ocr_line ocrx_word'/>
</head>
<body>
  <div class='ocr_page' id='page_1' title='image "./bullarumdiplomat14cath/bullarumdiplomat14cath_0363.png"; bbox 0 0 2248 3229; ppageno 0'>
   <div class='ocr_carea' id='block_1_1' title="bbox 106 243 300 274">
    <p class='ocr_par' dir='ltr' id='par_1_1' title="bbox 106 243 300 274">
     <span class='ocr_line' id='line_1_1' title="bbox 106 243 300 274; baseline -0.015 0"><span class='ocrx_word' id='word_1_1' title='bbox 106 246 165 274; x_wconf 74' lang='lat' dir='ltr'>&#39;Am</span> <span class='ocrx_word' id='word_1_2' title='bbox 181 244 209 272; x_wconf 91' lang='lat' dir='ltr'>C.</span> <span class='ocrx_word' id='word_1_3' title='bbox 232 243 300 272; x_wconf 73' lang='lat'><strong>1632</strong></span> 
     </span>
    </p>
   </div>
   <div class='ocr_carea' id='block_1_2' title="bbox 314 241 1072 378">
    <p class='ocr_par' dir='ltr' id='par_1_2' title="bbox 314 241 1072 378">
     <span class='ocr_line' id='line_1_2' title="bbox 928 241 1069 266; baseline 0 0"><span class='ocrx_word' id='word_1_4' title='bbox 928 241 1069 266; x_wconf 67' lang='lat' dir='ltr'>rnnANUs</span> 
     </span>
     <span class='ocr_line' id='line_1_3' title="bbox 314 290 1072 335; baseline -0.004 -11"><span class='ocrx_word' id='word_1_5' title='bbox 314 290 442 335; x_wconf 72' lang='lat' dir='ltr'>antiqua</span> <span class='ocrx_word' id='word_1_6' title='bbox 459 290 686 335; x_wconf 74' lang='lat' dir='ltr'>consuetudine</span> <span class='ocrx_word' id='word_1_7' title='bbox 700 290 883 324; x_wconf 86' lang='lat' dir='ltr'>solemniter</span> <span class='ocrx_word' id='word_1_8' title='bbox 901 301 973 323; x_wconf 89' lang='lat' dir='ltr'>cum</span> <span class='ocrx_word' id='word_1_9' title='bbox 991 291 1053 323; x_wconf 87' lang='lat' dir='ltr'>bal-</span> <span class='ocrx_word' id='word_1_10' title='bbox 1070 292 1072 319; x_wconf 75' lang='grc' dir='ltr'>ἶ</span> 
     </span>
     <span class='ocr_line' id='line_1_4' title="bbox 314 344 1055 378; baseline -0.004 0"><span class='ocrx_word' id='word_1_11' title='bbox 314 344 448 378; x_wconf 85' lang='lat' dir='ltr'>dachino</span> <span class='ocrx_word' id='word_1_12' title='bbox 473 350 503 378; x_wconf 89' lang='lat' dir='ltr'>et</span> <span class='ocrx_word' id='word_1_13' title='bbox 527 344 744 378; x_wconf 69' lang='lat' dir='ltr'>assistentibus</span> <span class='ocrx_word' id='word_1_14' title='bbox 765 344 795 377; x_wconf 91' lang='lat' dir='ltr'>in</span> <span class='ocrx_word' id='word_1_15' title='bbox 821 354 931 377; x_wconf 86' lang='lat' dir='ltr'>eorum</span> <span class='ocrx_word' id='word_1_16' title='bbox 957 344 1055 376; x_wconf 87' lang='lat' dir='ltr'>cecle-</span> 
     </span>
    </p>
   </div>
   <div class='ocr_carea' id='block_1_3' title="bbox 302 396 1054 440">
    <p class='ocr_par' dir='ltr' id='par_1_3' title="bbox 302 396 1054 440">
     <span class='ocr_line' id='line_1_5' title="bbox 302 396 1054 440; baseline 0 -12"><span class='ocrx_word' id='word_1_17' title='bbox 302 398 369 431; x_wconf 91' lang='lat' dir='ltr'>.siis</span> <span class='ocrx_word' id='word_1_18' title='bbox 393 398 581 440; x_wconf 83' lang='lat' dir='ltr'>celebrandi,</span> <span class='ocrx_word' id='word_1_19' title='bbox 602 398 814 437; x_wconf 76' lang='lat' dir='ltr'><strong>recederetur,</strong></span> <span class='ocrx_word' id='word_1_20' title='bbox 833 396 936 440; x_wconf 85' lang='lat' dir='ltr'>quoad</span> <span class='ocrx_word' id='word_1_21' title='bbox 956 406 1019 436; x_wconf 87' lang='lat' dir='ltr'>eos,</span> <span class='ocrx_word' id='word_1_22' title='bbox 1037 406 1054 428; x_wconf 92' lang='lat' dir='ltr'>a</span> 
     </span>
    </p>
   </div>
   <div class='ocr_carea' id='block_1_4' title="bbox 276 1736 1063 1780">
    <p class='ocr_par' dir='ltr' id='par_1_4' title="bbox 276 1736 1063 1780">
     <span class='ocr_line' id='line_1_6' title="bbox 276 1736 1063 1780; baseline 0.003 -11"><span class='ocrx_word' id='word_1_23' title='bbox 276 1744 288 1746; x_wconf 40' lang='lat'><em>*</em></span> <span class='ocrx_word' id='word_1_24' title='bbox 322 1747 419 1780; x_wconf 87' lang='lat' dir='ltr'>super</span> <span class='ocrx_word' id='word_1_25' title='bbox 443 1737 587 1770; x_wconf 74' lang='lat' dir='ltr'>scabellis</span> <span class='ocrx_word' id='word_1_26' title='bbox 605 1736 743 1778; x_wconf 83' lang='lat' dir='ltr'>sedeant,</span> <span class='ocrx_word' id='word_1_27' title='bbox 764 1737 796 1770; x_wconf 87' lang='lat' dir='ltr'>in</span> <span class='ocrx_word' id='word_1_28' title='bbox 819 1737 889 1771; x_wconf 88' lang='lat' dir='ltr'>loeo</span> <span class='ocrx_word' id='word_1_29' title='bbox 911 1747 1063 1780; x_wconf 73' lang='lat' dir='ltr'>congruo,</span> 
     </span>
    </p>
   </div>
   <div class='ocr_carea' id='block_1_5' title="bbox 129 2120 313 2197">
    <p class='ocr_par' dir='ltr' id='par_1_5' title="bbox 129 2120 313 2197">
     <span class='ocr_line' id='line_1_7' title="bbox 187 2120 313 2147; baseline -0.008 -5"><span class='ocrx_word' id='word_1_30' title='bbox 187 2120 313 2147; x_wconf 84' lang='lat' dir='ltr'>Supplicaut</span> 
     </span>
     <span class='ocr_line' id='line_1_8' title="bbox 129 2147 313 2168; baseline 0 0"><span class='ocrx_word' id='word_1_31' title='bbox 129 2147 224 2168; x_wconf 77' lang='lat' dir='ltr'>Pontifici</span> <span class='ocrx_word' id='word_1_32' title='bbox 247 2150 269 2168; x_wconf 92' lang='lat' dir='ltr'>ut</span> <span class='ocrx_word' id='word_1_33' title='bbox 289 2148 313 2168; x_wconf 90' lang='lat' dir='ltr'>il·</span> 
     </span>
     <span class='ocr_line' id='line_1_9' title="bbox 129 2174 296 2197; baseline 0.006 -2"><span class='ocrx_word' id='word_1_34' title='bbox 129 2175 165 2196; x_wconf 82' lang='lat' dir='ltr'>lud</span> <span class='ocrx_word' id='word_1_35' title='bbox 179 2174 296 2197; x_wconf 80' lang='lat' dir='ltr'>confirmet.</span> 
     </span>
    </p>
   </div>
   <div class='ocr_carea' id='block_1_6' title="bbox 131 2388 315 2465">
    <p class='ocr_par' dir='ltr' id='par_1_6' title="bbox 131 2388 315 2465">
     <span class='ocr_line' id='line_1_10' title="bbox 162 2388 314 2415; baseline 0 -5"><span class='ocrx_word' id='word_1_36' title='bbox 162 2388 223 2413; x_wconf 85' lang='lat' dir='ltr'>Quod</span> <span class='ocrx_word' id='word_1_37' title='bbox 237 2394 314 2415; x_wconf 77' lang='lat' dir='ltr'>appro-</span> 
     </span>
     <span class='ocr_line' id='line_1_11' title="bbox 131 2415 315 2465; baseline 0.016 -30"><span class='ocrx_word' id='word_1_38' title='bbox 131 2415 182 2465; x_wconf 47' lang='lat' dir='ltr'>ssaatt.</span> <span class='ocrx_word' id='word_1_39' title='bbox 196 2418 218 2437; x_wconf 81' lang='lat' dir='ltr'>et</span> <span class='ocrx_word' id='word_1_40' title='bbox 240 2417 315 2438; x_wconf 84' lang='lat' dir='ltr'>confir-</span> 
     </span>
    </p>
   </div>
   <div class='ocr_carea' id='block_1_7' title="bbox 311 770 1060 815">
    <p class='ocr_par' dir='ltr' id='par_1_7' title="bbox 311 770 1060 815">
     <span class='ocr_line' id='line_1_12' title="bbox 311 770 1060 815; baseline 0 -12"><span class='ocrx_word' id='word_1_41' title='bbox 311 770 394 804; x_wconf 87' lang='lat' dir='ltr'>libet</span> <span class='ocrx_word' id='word_1_42' title='bbox 410 781 491 804; x_wconf 90' lang='lat' dir='ltr'>anno</span> <span class='ocrx_word' id='word_1_43' title='bbox 509 771 729 805; x_wconf 76' lang='lat' dir='ltr'>festivitatibus</span> <span class='ocrx_word' id='word_1_44' title='bbox 749 771 794 805; x_wconf 92' lang='lat' dir='ltr'>eis</span> <span class='ocrx_word' id='word_1_45' title='bbox 814 771 917 805; x_wconf 79' lang='lat' dir='ltr'>facere</span> <span class='ocrx_word' id='word_1_46' title='bbox 932 771 1060 815; x_wconf 89' lang='lat' dir='ltr'>permit-</span> 
     </span>
    </p>
   </div>
   <div class='ocr_carea' id='block_1_8' title="bbox 317 2214 1085 2264">
    <p class='ocr_par' dir='ltr' id='par_1_8' title="bbox 317 2214 1085 2264">
     <span class='ocr_line' id='line_1_13' title="bbox 317 2214 1085 2264; baseline -0.001 -12"><span class='ocrx_word' id='word_1_47' title='bbox 317 2218 509 2257; x_wconf 58' lang='lat' dir='ltr'>,huiusmodi</span> <span class='ocrx_word' id='word_1_48' title='bbox 534 2220 725 2264; x_wconf 86' lang='lat' dir='ltr'>apostolicae</span> <span class='ocrx_word' id='word_1_49' title='bbox 749 2226 875 2254; x_wconf 86' lang='lat' dir='ltr'>nostrae</span> <span class='ocrx_word' id='word_1_50' title='bbox 900 2214 1085 2254; x_wconf 64' lang='lat' dir='ltr'>confirma-i</span> 
     </span>
    </p>
   </div>
   <div class='ocr_carea' id='block_1_9' title="bbox 315 447 1075 709">
    <p class='ocr_par' dir='ltr' id='par_1_9' title="bbox 315 447 1075 709">
     <span class='ocr_line' id='line_1_14' title="bbox 315 447 1073 485; baseline -0.003 -1"><span class='ocrx_word' id='word_1_51' title='bbox 315 451 450 485; x_wconf 78' lang='lat' dir='ltr'>decretis</span> <span class='ocrx_word' id='word_1_52' title='bbox 477 452 552 485; x_wconf 74' lang='lat' dir='ltr'>alias</span> <span class='ocrx_word' id='word_1_53' title='bbox 577 452 635 485; x_wconf 89' lang='lat' dir='ltr'>bac</span> <span class='ocrx_word' id='word_1_54' title='bbox 659 451 696 484; x_wconf 87' lang='lat' dir='ltr'>de</span> <span class='ocrx_word' id='word_1_55' title='bbox 722 461 756 484; x_wconf 88' lang='lat' dir='ltr'>rc</span> <span class='ocrx_word' id='word_1_56' title='bbox 781 450 871 483; x_wconf 87' lang='lat' dir='ltr'>editis</span> <span class='ocrx_word' id='word_1_57' title='bbox 897 450 926 482; x_wconf 91' lang='lat' dir='ltr'>in</span> <span class='ocrx_word' id='word_1_58' title='bbox 952 447 1073 483; x_wconf 80' lang='lat' dir='ltr'>causis</span> 
     </span>
     <span class='ocr_line' id='line_1_15' title="bbox 316 503 1075 558; baseline -0.004 -20"><span class='ocrx_word' id='word_1_59' title='bbox 316 505 462 538; x_wconf 76' lang='lat' dir='ltr'>Firmana</span> <span class='ocrx_word' id='word_1_60' title='bbox 475 515 575 539; x_wconf 79' lang='lat' dir='ltr'>xxvni</span> <span class='ocrx_word' id='word_1_61' title='bbox 589 504 721 538; x_wconf 86' lang='lat' dir='ltr'>ianuarii</span> <span class='ocrx_word' id='word_1_62' title='bbox 740 513 847 540; x_wconf 74' lang='lat' dir='ltr'>nncvt,</span> <span class='ocrx_word' id='word_1_63' title='bbox 866 508 896 536; x_wconf 83' lang='lat' dir='ltr'>et</span> <span class='ocrx_word' id='word_1_64' title='bbox 915 503 1058 546; x_wconf 74' lang='lat' dir='ltr'>Neapoli-</span> <span class='ocrx_word' id='word_1_65' title='bbox 1074 522 1075 558; x_wconf 22' lang='grc' dir='ltr'><strong>ἦ</strong></span> 
     </span>
     <span class='ocr_line' id='line_1_16' title="bbox 318 556 1058 597; baseline -0.004 -5"><span class='ocrx_word' id='word_1_66' title='bbox 318 561 388 592; x_wconf 79' lang='lat' dir='ltr'>tana</span> <span class='ocrx_word' id='word_1_67' title='bbox 398 569 477 592; x_wconf 85' lang='lat' dir='ltr'>xvm</span> <span class='ocrx_word' id='word_1_68' title='bbox 486 558 590 592; x_wconf 86' lang='lat' dir='ltr'>martii</span> <span class='ocrx_word' id='word_1_69' title='bbox 601 567 741 597; x_wconf 67' lang='lat' dir='ltr'>›incxvm</span> <span class='ocrx_word' id='word_1_70' title='bbox 753 567 842 590; x_wconf 86' lang='lat' dir='ltr'>sacra</span> <span class='ocrx_word' id='word_1_71' title='bbox 856 557 974 590; x_wconf 88' lang='lat' dir='ltr'>rituum</span> <span class='ocrx_word' id='word_1_72' title='bbox 983 556 1058 590; x_wconf 86' lang='lat' dir='ltr'>Con-</span> 
     </span>
     <span class='ocr_line' id='line_1_17' title="bbox 317 610 1057 655; baseline -0.001 -11"><span class='ocrx_word' id='word_1_73' title='bbox 317 612 459 655; x_wconf 79' lang='lat' dir='ltr'>gregatio</span> <span class='ocrx_word' id='word_1_74' title='bbox 476 612 596 645; x_wconf 87' lang='lat' dir='ltr'>censuit</span> <span class='ocrx_word' id='word_1_75' title='bbox 622 611 718 644; x_wconf 89' lang='lat' dir='ltr'>licere</span> <span class='ocrx_word' id='word_1_76' title='bbox 738 610 903 643; x_wconf 85' lang='lat' dir='ltr'>abbatibus</span> <span class='ocrx_word' id='word_1_77' title='bbox 920 610 1057 653; x_wconf 78' lang='lat' dir='ltr'>Congre-</span> 
     </span>
     <span class='ocr_line' id='line_1_18' title="bbox 318 663 1059 709; baseline -0.001 -13"><span class='ocrx_word' id='word_1_78' title='bbox 318 664 452 707; x_wconf 83' lang='lat' dir='ltr'>gationis</span> <span class='ocrx_word' id='word_1_79' title='bbox 474 664 737 705; x_wconf 88' lang='lat' dir='ltr'>Camaldulensis,</span> <span class='ocrx_word' id='word_1_80' title='bbox 763 664 889 709; x_wconf 87' lang='lat' dir='ltr'>quando</span> <span class='ocrx_word' id='word_1_81' title='bbox 913 663 1059 697; x_wconf 89' lang='lat' dir='ltr'>solemni—</span> 
     </span>
    </p>
   </div>
   <div class='ocr_carea' id='block_1_10' title="bbox 319 717 1059 762">
    <p class='ocr_par' dir='ltr' id='par_1_10' title="bbox 319 717 1059 762">
     <span class='ocr_line' id='line_1_19' title="bbox 319 717 1059 762; baseline -0.001 -12"><span class='ocrx_word' id='word_1_82' title='bbox 319 722 366 750; x_wconf 87' lang='lat' dir='ltr'>ter</span> <span class='ocrx_word' id='word_1_83' title='bbox 390 717 559 759; x_wconf 86' lang='lat' dir='ltr'>celebrant,</span> <span class='ocrx_word' id='word_1_84' title='bbox 577 717 662 762; x_wconf 85' lang='lat' dir='ltr'>quod</span> <span class='ocrx_word' id='word_1_85' title='bbox 678 717 709 750; x_wconf 90' lang='lat' dir='ltr'>in</span> <span class='ocrx_word' id='word_1_86' title='bbox 727 718 827 751; x_wconf 89' lang='lat' dir='ltr'>tribus</span> <span class='ocrx_word' id='word_1_87' title='bbox 847 722 966 751; x_wconf 85' lang='lat' dir='ltr'>tantum</span> <span class='ocrx_word' id='word_1_88' title='bbox 985 727 1059 760; x_wconf 89' lang='lat' dir='ltr'>quo-</span> 
     </span>
    </p>
   </div>
   <div class='ocr_carea' id='block_1_11' title="bbox 318 824 1078 1192">
    <p class='ocr_par' dir='ltr' id='par_1_11' title="bbox 318 824 1078 1192">
     <span class='ocr_line' id='line_1_20' title="bbox 319 824 1060 866; baseline -0.001 -8"><span class='ocrx_word' id='word_1_89' title='bbox 319 824 404 866; x_wconf 88' lang='lat' dir='ltr'>titur,</span> <span class='ocrx_word' id='word_1_90' title='bbox 429 825 474 858; x_wconf 85' lang='lat' dir='ltr'>uti</span> <span class='ocrx_word' id='word_1_91' title='bbox 497 825 694 866; x_wconf 83' lang='lat' dir='ltr'>baldachino,</span> <span class='ocrx_word' id='word_1_92' title='bbox 719 826 785 859; x_wconf 89' lang='lat' dir='ltr'>sine</span> <span class='ocrx_word' id='word_1_93' title='bbox 809 835 888 859; x_wconf 87' lang='lat' dir='ltr'>auro</span> <span class='ocrx_word' id='word_1_94' title='bbox 908 830 1014 858; x_wconf 87' lang='lat' dir='ltr'>tamen</span> <span class='ocrx_word' id='word_1_95' title='bbox 1030 829 1060 857; x_wconf 90' lang='lat' dir='ltr'>et</span> 
     </span>
     <span class='ocr_line' id='line_1_21' title="bbox 318 878 1059 923; baseline -0.003 -10"><span class='ocrx_word' id='word_1_96' title='bbox 318 880 447 923; x_wconf 67' lang='lat' dir='ltr'>pompa,</span> <span class='ocrx_word' id='word_1_97' title='bbox 473 890 545 913; x_wconf 86' lang='lat' dir='ltr'>eum</span> <span class='ocrx_word' id='word_1_98' title='bbox 569 879 744 912; x_wconf 78' lang='lat' dir='ltr'>assistentia</span> <span class='ocrx_word' id='word_1_99' title='bbox 767 879 861 912; x_wconf 86' lang='lat' dir='ltr'>unius</span> <span class='ocrx_word' id='word_1_100' title='bbox 885 878 1059 923; x_wconf 63' lang='lat' dir='ltr'>presbyteri</span> 
     </span>
     <span class='ocr_line' id='line_1_22' title="bbox 320 932 1061 973; baseline -0.001 -8"><span class='ocrx_word' id='word_1_101' title='bbox 320 937 351 965; x_wconf 88' lang='lat' dir='ltr'>et</span> <span class='ocrx_word' id='word_1_102' title='bbox 370 932 505 966; x_wconf 88' lang='lat' dir='ltr'>duorum</span> <span class='ocrx_word' id='word_1_103' title='bbox 519 933 736 973; x_wconf 86' lang='lat' dir='ltr'>diaconorum,</span> <span class='ocrx_word' id='word_1_104' title='bbox 753 933 836 965; x_wconf 85' lang='lat' dir='ltr'>ultra</span> <span class='ocrx_word' id='word_1_105' title='bbox 849 932 1017 966; x_wconf 85' lang='lat' dir='ltr'>diaconum</span> <span class='ocrx_word' id='word_1_106' title='bbox 1031 936 1061 965; x_wconf 91' lang='lat' dir='ltr'>et</span> 
     </span>
     <span class='ocr_line' id='line_1_23' title="bbox 320 985 1061 1031; baseline -0.001 -12"><span class='ocrx_word' id='word_1_107' title='bbox 320 986 546 1020; x_wconf 82' lang='lat' dir='ltr'>subdiaconum</span> <span class='ocrx_word' id='word_1_108' title='bbox 571 997 630 1031; x_wconf 89' lang='lat' dir='ltr'>pro</span> <span class='ocrx_word' id='word_1_109' title='bbox 655 985 818 1019; x_wconf 88' lang='lat' dir='ltr'>cantandis</span> <span class='ocrx_word' id='word_1_110' title='bbox 842 986 1004 1029; x_wconf 76' lang='lat' dir='ltr'>evangelio</span> <span class='ocrx_word' id='word_1_111' title='bbox 1031 990 1061 1019; x_wconf 88' lang='lat' dir='ltr'>et</span> 
     </span>
     <span class='ocr_line' id='line_1_24' title="bbox 321 1039 1061 1084; baseline -0.001 -11"><span class='ocrx_word' id='word_1_112' title='bbox 321 1039 465 1084; x_wconf 75' lang='lat' dir='ltr'>epistola,</span> <span class='ocrx_word' id='word_1_113' title='bbox 482 1050 518 1073; x_wconf 84' lang='lat' dir='ltr'>ac</span> <span class='ocrx_word' id='word_1_114' title='bbox 542 1050 593 1073; x_wconf 81' lang='lat' dir='ltr'>sex</span> <span class='ocrx_word' id='word_1_115' title='bbox 611 1039 745 1073; x_wconf 85' lang='lat' dir='ltr'>aliorum</span> <span class='ocrx_word' id='word_1_116' title='bbox 763 1039 801 1072; x_wconf 88' lang='lat' dir='ltr'>ad</span> <span class='ocrx_word' id='word_1_117' title='bbox 818 1049 976 1073; x_wconf 86' lang='lat' dir='ltr'>summum</span> <span class='ocrx_word' id='word_1_118' title='bbox 998 1049 1061 1072; x_wconf 88' lang='lat' dir='ltr'>mo-</span> 
     </span>
     <span class='ocr_line' id='line_1_25' title="bbox 321 1093 1062 1137; baseline 0.001 -11"><span class='ocrx_word' id='word_1_119' title='bbox 321 1093 495 1128; x_wconf 87' lang='lat' dir='ltr'>nachorum</span> <span class='ocrx_word' id='word_1_120' title='bbox 509 1094 606 1128; x_wconf 88' lang='lat' dir='ltr'>sacris</span> <span class='ocrx_word' id='word_1_121' title='bbox 622 1094 761 1128; x_wconf 77' lang='lat' dir='ltr'>vestibus</span> <span class='ocrx_word' id='word_1_122' title='bbox 777 1094 970 1135; x_wconf 85' lang='lat' dir='ltr'>indutorum,</span> <span class='ocrx_word' id='word_1_123' title='bbox 988 1104 1062 1137; x_wconf 83' lang='lat' dir='ltr'>quo-</span> 
     </span>
     <span class='ocr_line' id='line_1_26' title="bbox 321 1140 1078 1192; baseline 0 -12"><span class='ocrx_word' id='word_1_124' title='bbox 321 1157 392 1180; x_wconf 89' lang='lat' dir='ltr'>rum</span> <span class='ocrx_word' id='word_1_125' title='bbox 417 1147 479 1181; x_wconf 87' lang='lat' dir='ltr'>duo</span> <span class='ocrx_word' id='word_1_126' title='bbox 503 1148 650 1181; x_wconf 83' lang='lat' dir='ltr'>assistant</span> <span class='ocrx_word' id='word_1_127' title='bbox 673 1159 744 1182; x_wconf 91' lang='lat' dir='ltr'>cum</span> <span class='ocrx_word' id='word_1_128' title='bbox 774 1147 973 1192; x_wconf 79' lang='lat' dir='ltr'>pluvialibus,</span> <span class='ocrx_word' id='word_1_129' title='bbox 999 1140 1078 1180; x_wconf 48' lang='lat' dir='ltr'>duo*</span> 
     </span>
    </p>
   </div>
   <div class='ocr_carea' id='block_1_12' title="bbox 1074 591 1081 1247">
    <p class='ocr_par' dir='ltr' id='par_1_12' title="bbox 1074 591 1081 1247">
     <span class='ocr_line' id='line_1_27' title="bbox 1074 591 1081 1247; baseline 0 0"><span class='ocrx_word' id='word_1_130' title='bbox 1074 591 1081 1247; x_wconf 95' lang='lat' dir='ltr'> </span> 
     </span>
    </p>
   </div>
   <div class='ocr_carea' id='block_1_13' title="bbox 321 1201 1081 1726">
    <p class='ocr_par' dir='ltr' id='par_1_13' title="bbox 321 1201 1081 1726">
     <span class='ocr_line' id='line_1_28' title="bbox 321 1201 1061 1245; baseline 0 -11"><span class='ocrx_word' id='word_1_131' title='bbox 321 1211 392 1234; x_wconf 90' lang='lat' dir='ltr'>cum</span> <span class='ocrx_word' id='word_1_132' title='bbox 417 1201 564 1245; x_wconf 83' lang='lat' dir='ltr'>planetis,</span> <span class='ocrx_word' id='word_1_133' title='bbox 589 1207 619 1234; x_wconf 91' lang='lat' dir='ltr'>et</span> <span class='ocrx_word' id='word_1_134' title='bbox 643 1201 705 1235; x_wconf 90' lang='lat' dir='ltr'>duo</span> <span class='ocrx_word' id='word_1_135' title='bbox 730 1212 801 1235; x_wconf 86' lang='lat' dir='ltr'>cum</span> <span class='ocrx_word' id='word_1_136' title='bbox 828 1201 982 1235; x_wconf 78' lang='lat' dir='ltr'>tunicellis</span> <span class='ocrx_word' id='word_1_137' title='bbox 1008 1212 1061 1234; x_wconf 91' lang='lat' dir='ltr'>co-</span> 
     </span>
     <span class='ocr_line' id='line_1_29' title="bbox 321 1255 1061 1300; baseline 0 -12"><span class='ocrx_word' id='word_1_138' title='bbox 321 1255 397 1289; x_wconf 90' lang='lat' dir='ltr'>loris</span> <span class='ocrx_word' id='word_1_139' title='bbox 423 1255 557 1300; x_wconf 80' lang='lat' dir='ltr'>tempori</span> <span class='ocrx_word' id='word_1_140' title='bbox 582 1255 807 1296; x_wconf 80' lang='lat' dir='ltr'>convenientis,</span> <span class='ocrx_word' id='word_1_141' title='bbox 834 1260 863 1288; x_wconf 92' lang='lat' dir='ltr'>et</span> <span class='ocrx_word' id='word_1_142' title='bbox 889 1255 1061 1288; x_wconf 87' lang='lat' dir='ltr'>dummodo</span> 
     </span>
     <span class='ocr_line' id='line_1_30' title="bbox 322 1308 1061 1344; baseline 0 -3"><span class='ocrx_word' id='word_1_143' title='bbox 322 1308 416 1342; x_wconf 88' lang='lat' dir='ltr'>iidem</span> <span class='ocrx_word' id='word_1_144' title='bbox 441 1309 568 1343; x_wconf 82' lang='lat' dir='ltr'>abbates</span> <span class='ocrx_word' id='word_1_145' title='bbox 591 1310 678 1344; x_wconf 88' lang='lat' dir='ltr'>nullo</span> <span class='ocrx_word' id='word_1_146' title='bbox 699 1309 793 1343; x_wconf 90' lang='lat' dir='ltr'>modo</span> <span class='ocrx_word' id='word_1_147' title='bbox 814 1314 934 1342; x_wconf 85' lang='lat' dir='ltr'>teneant</span> <span class='ocrx_word' id='word_1_148' title='bbox 955 1309 1061 1342; x_wconf 89' lang='lat' dir='ltr'>sedem</span> 
     </span>
     <span class='ocr_line' id='line_1_31' title="bbox 322 1361 1063 1407; baseline 0 -12"><span class='ocrx_word' id='word_1_149' title='bbox 322 1361 511 1396; x_wconf 84' lang='lat' dir='ltr'>abbatialem</span> <span class='ocrx_word' id='word_1_150' title='bbox 536 1363 629 1396; x_wconf 82' lang='lat' dir='ltr'>fixam</span> <span class='ocrx_word' id='word_1_151' title='bbox 651 1368 681 1396; x_wconf 88' lang='lat' dir='ltr'>et</span> <span class='ocrx_word' id='word_1_152' title='bbox 700 1368 950 1407; x_wconf 81' lang='lat' dir='ltr'>permanentem,</span> <span class='ocrx_word' id='word_1_153' title='bbox 969 1368 1002 1396; x_wconf 89' lang='lat' dir='ltr'>ut</span> <span class='ocrx_word' id='word_1_154' title='bbox 1019 1373 1063 1396; x_wconf 81' lang='lat' dir='ltr'>se·</span> 
     </span>
     <span class='ocr_line' id='line_1_32' title="bbox 323 1415 1080 1460; baseline 0.001 -11"><span class='ocrx_word' id='word_1_155' title='bbox 323 1415 377 1449; x_wconf 88' lang='lat' dir='ltr'>des</span> <span class='ocrx_word' id='word_1_156' title='bbox 401 1416 586 1460; x_wconf 87' lang='lat' dir='ltr'>episcopalis</span> <span class='ocrx_word' id='word_1_157' title='bbox 610 1417 738 1450; x_wconf 88' lang='lat' dir='ltr'>retineri</span> <span class='ocrx_word' id='word_1_158' title='bbox 756 1417 926 1457; x_wconf 79' lang='lat' dir='ltr'>consuevit,</span> <span class='ocrx_word' id='word_1_159' title='bbox 944 1416 997 1449; x_wconf 84' lang='lat' dir='ltr'>sed</span> <span class='ocrx_word' id='word_1_160' title='bbox 1015 1427 1064 1450; x_wconf 88' lang='lat' dir='ltr'>co·</span> <span class='ocrx_word' id='word_1_161' title='bbox 1079 1436 1080 1451; x_wconf 48' lang='lat'>³</span> 
     </span>
     <span class='ocr_line' id='line_1_33' title="bbox 324 1470 1064 1504; baseline 0 -2"><span class='ocrx_word' id='word_1_162' title='bbox 324 1480 395 1502; x_wconf 89' lang='lat' dir='ltr'>rum</span> <span class='ocrx_word' id='word_1_163' title='bbox 420 1470 508 1504; x_wconf 91' lang='lat' dir='ltr'>sedes</span> <span class='ocrx_word' id='word_1_164' title='bbox 532 1470 705 1504; x_wconf 87' lang='lat' dir='ltr'>retineatur</span> <span class='ocrx_word' id='word_1_165' title='bbox 722 1470 753 1503; x_wconf 89' lang='lat' dir='ltr'>in</span> <span class='ocrx_word' id='word_1_166' title='bbox 770 1470 903 1504; x_wconf 81' lang='lat' dir='ltr'>ecclesia</span> <span class='ocrx_word' id='word_1_167' title='bbox 927 1470 976 1503; x_wconf 79' lang='lat' dir='ltr'>liis</span> <span class='ocrx_word' id='word_1_168' title='bbox 1001 1475 1064 1502; x_wconf 88' lang='lat' dir='ltr'>tan-</span> 
     </span>
     <span class='ocr_line' id='line_1_34' title="bbox 324 1523 1080 1568; baseline -0.001 -12"><span class='ocrx_word' id='word_1_169' title='bbox 324 1523 486 1557; x_wconf 89' lang='lat' dir='ltr'>tummodo</span> <span class='ocrx_word' id='word_1_170' title='bbox 511 1524 613 1557; x_wconf 83' lang='lat' dir='ltr'>tribus</span> <span class='ocrx_word' id='word_1_171' title='bbox 637 1523 747 1557; x_wconf 87' lang='lat' dir='ltr'>diebus</span> <span class='ocrx_word' id='word_1_172' title='bbox 771 1534 827 1568; x_wconf 85' lang='lat' dir='ltr'>per</span> <span class='ocrx_word' id='word_1_173' title='bbox 848 1533 945 1556; x_wconf 87' lang='lat' dir='ltr'>annos</span> <span class='ocrx_word' id='word_1_174' title='bbox 959 1523 1080 1566; x_wconf 59' lang='lat' dir='ltr'>singu-³</span> 
     </span>
     <span class='ocr_line' id='line_1_35' title="bbox 324 1576 1081 1620; baseline 0 -11"><span class='ocrx_word' id='word_1_175' title='bbox 324 1576 380 1618; x_wconf 90' lang='lat' dir='ltr'>los,</span> <span class='ocrx_word' id='word_1_176' title='bbox 398 1576 514 1620; x_wconf 88' lang='lat' dir='ltr'>quibus</span> <span class='ocrx_word' id='word_1_177' title='bbox 531 1577 659 1610; x_wconf 84' lang='lat' dir='ltr'>abbates</span> <span class='ocrx_word' id='word_1_178' title='bbox 676 1576 857 1610; x_wconf 87' lang='lat' dir='ltr'>solemniter</span> <span class='ocrx_word' id='word_1_179' title='bbox 875 1576 1062 1610; x_wconf 84' lang='lat' dir='ltr'>celebraturi</span> <span class='ocrx_word' id='word_1_180' title='bbox 1079 1586 1081 1590; x_wconf 76' lang='grc'><em>’</em></span> 
     </span>
     <span class='ocr_line' id='line_1_36' title="bbox 324 1629 1063 1674; baseline 0.001 -13"><span class='ocrx_word' id='word_1_181' title='bbox 324 1634 431 1670; x_wconf 87' lang='lat' dir='ltr'>erunt,</span> <span class='ocrx_word' id='word_1_182' title='bbox 462 1634 492 1662; x_wconf 88' lang='lat' dir='ltr'>et</span> <span class='ocrx_word' id='word_1_183' title='bbox 523 1629 597 1663; x_wconf 89' lang='lat' dir='ltr'>dicti</span> <span class='ocrx_word' id='word_1_184' title='bbox 628 1640 681 1662; x_wconf 74' lang='lat' dir='ltr'>sex</span> <span class='ocrx_word' id='word_1_185' title='bbox 713 1629 878 1669; x_wconf 86' lang='lat' dir='ltr'>monachi,</span> <span class='ocrx_word' id='word_1_186' title='bbox 903 1635 937 1662; x_wconf 90' lang='lat' dir='ltr'>ut</span> <span class='ocrx_word' id='word_1_187' title='bbox 968 1640 1063 1674; x_wconf 88' lang='lat' dir='ltr'>supra</span> 
     </span>
     <span class='ocr_line' id='line_1_37' title="bbox 322 1682 1081 1726; baseline 0 -11"><span class='ocrx_word' id='word_1_188' title='bbox 322 1682 446 1726; x_wconf 81' lang='lat' dir='ltr'>parati,</span> <span class='ocrx_word' id='word_1_189' title='bbox 470 1693 533 1716; x_wconf 92' lang='lat' dir='ltr'>non</span> <span class='ocrx_word' id='word_1_190' title='bbox 562 1682 594 1715; x_wconf 89' lang='lat' dir='ltr'>in</span> <span class='ocrx_word' id='word_1_191' title='bbox 621 1683 747 1716; x_wconf 86' lang='lat' dir='ltr'>sedibus</span> <span class='ocrx_word' id='word_1_192' title='bbox 780 1683 982 1725; x_wconf 84' lang='lat' dir='ltr'>choralibus,</span> <span class='ocrx_word' id='word_1_193' title='bbox 1007 1683 1081 1717; x_wconf 51' lang='lat' dir='ltr'>sed¹</span> 
     </span>
    </p>
   </div>
   <div class='ocr_carea' id='block_1_14' title="bbox 323 1785 1084 2210">
    <p class='ocr_par' dir='ltr' id='par_1_14' title="bbox 323 1785 1082 2102">
     <span class='ocr_line' id='line_1_38' title="bbox 325 1785 1082 1834; baseline 0.001 -11"><span class='ocrx_word' id='word_1_194' title='bbox 325 1790 410 1823; x_wconf 78' lang='lat' dir='ltr'>iuxta</span> <span class='ocrx_word' id='word_1_195' title='bbox 441 1791 591 1825; x_wconf 87' lang='lat' dir='ltr'>ecelesiae</span> <span class='ocrx_word' id='word_1_196' title='bbox 616 1791 853 1825; x_wconf 80' lang='lat' dir='ltr'>convenientem</span> <span class='ocrx_word' id='word_1_197' title='bbox 877 1792 992 1834; x_wconf 84' lang='lat' dir='ltr'>situm,</span> <span class='ocrx_word' id='word_1_198' title='bbox 1026 1785 1082 1824; x_wconf 53' lang='lat' dir='ltr'>ad*</span> 
     </span>
     <span class='ocr_line' id='line_1_39' title="bbox 323 1843 1064 1889; baseline 0.003 -12"><span class='ocrx_word' id='word_1_199' title='bbox 323 1843 410 1878; x_wconf 88' lang='lat' dir='ltr'>hunc</span> <span class='ocrx_word' id='word_1_200' title='bbox 424 1843 568 1878; x_wconf 78' lang='lat' dir='ltr'>effectum</span> <span class='ocrx_word' id='word_1_201' title='bbox 585 1850 659 1878; x_wconf 83' lang='lat' dir='ltr'>tunc</span> <span class='ocrx_word' id='word_1_202' title='bbox 676 1845 838 1889; x_wconf 80' lang='lat' dir='ltr'>appositis,</span> <span class='ocrx_word' id='word_1_203' title='bbox 854 1856 958 1889; x_wconf 88' lang='lat' dir='ltr'>panno</span> <span class='ocrx_word' id='word_1_204' title='bbox 974 1846 1064 1879; x_wconf 88' lang='lat' dir='ltr'>laneo</span> 
     </span>
     <span class='ocr_line' id='line_1_40' title="bbox 325 1897 1082 1942; baseline 0.001 -11"><span class='ocrx_word' id='word_1_205' title='bbox 325 1897 495 1942; x_wconf 87' lang='lat' dir='ltr'>coopertis,</span> <span class='ocrx_word' id='word_1_206' title='bbox 515 1897 606 1931; x_wconf 89' lang='lat' dir='ltr'>dictis</span> <span class='ocrx_word' id='word_1_207' title='bbox 620 1908 727 1931; x_wconf 84' lang='lat' dir='ltr'>sacrae</span> <span class='ocrx_word' id='word_1_208' title='bbox 740 1898 1000 1942; x_wconf 75' lang='lat' dir='ltr'>Congregationis</span> <span class='ocrx_word' id='word_1_209' title='bbox 1016 1898 1065 1932; x_wconf 90' lang='lat' dir='ltr'>de·</span> <span class='ocrx_word' id='word_1_210' title='bbox 1080 1915 1082 1932; x_wconf 60' lang='lat' dir='ltr'>i</span> 
     </span>
     <span class='ocr_line' id='line_1_41' title="bbox 326 1950 1065 1996; baseline 0.001 -12"><span class='ocrx_word' id='word_1_211' title='bbox 326 1950 420 1984; x_wconf 86' lang='lat' dir='ltr'>cretis</span> <span class='ocrx_word' id='word_1_212' title='bbox 448 1951 480 1984; x_wconf 90' lang='lat' dir='ltr'>in</span> <span class='ocrx_word' id='word_1_213' title='bbox 504 1951 606 1985; x_wconf 88' lang='lat' dir='ltr'>causis</span> <span class='ocrx_word' id='word_1_214' title='bbox 635 1951 783 1985; x_wconf 77' lang='lat' dir='ltr'>Firmana</span> <span class='ocrx_word' id='word_1_215' title='bbox 808 1956 838 1985; x_wconf 87' lang='lat' dir='ltr'>et</span> <span class='ocrx_word' id='word_1_216' title='bbox 861 1953 1065 1996; x_wconf 75' lang='lat' dir='ltr'>Neapolitana</span> 
     </span>
     <span class='ocr_line' id='line_1_42' title="bbox 326 2003 1064 2050; baseline 0 -12"><span class='ocrx_word' id='word_1_217' title='bbox 326 2003 416 2039; x_wconf 85' lang='lat' dir='ltr'>editis</span> <span class='ocrx_word' id='word_1_218' title='bbox 439 2004 515 2038; x_wconf 77' lang='lat' dir='ltr'>alias</span> <span class='ocrx_word' id='word_1_219' title='bbox 546 2005 578 2037; x_wconf 93' lang='lat' dir='ltr'>in</span> <span class='ocrx_word' id='word_1_220' title='bbox 607 2016 664 2039; x_wconf 89' lang='lat' dir='ltr'>suo</span> <span class='ocrx_word' id='word_1_221' title='bbox 692 2005 809 2039; x_wconf 85' lang='lat' dir='ltr'>robore</span> <span class='ocrx_word' id='word_1_222' title='bbox 840 2006 1064 2050; x_wconf 88' lang='lat' dir='ltr'>permansuris.</span> 
     </span>
     <span class='ocr_line' id='line_1_43' title="bbox 327 2059 792 2102; baseline 0.002 -11"><span class='ocrx_word' id='word_1_223' title='bbox 327 2059 381 2092; x_wconf 89' lang='lat' dir='ltr'>Die</span> <span class='ocrx_word' id='word_1_224' title='bbox 404 2068 459 2092; x_wconf 77' lang='lat' dir='ltr'>xxi</span> <span class='ocrx_word' id='word_1_225' title='bbox 483 2059 607 2102; x_wconf 79' lang='lat' dir='ltr'>augusti</span> <span class='ocrx_word' id='word_1_226' title='bbox 631 2069 792 2093; x_wconf 77' lang='lat' dir='ltr'>uncxxxn.</span> 
     </span>
    </p>

    <p class='ocr_par' dir='ltr' id='par_1_15' title="bbox 326 2112 1084 2210">
     <span class='ocr_line' id='line_1_44' title="bbox 372 2112 1067 2157; baseline 0.001 -12"><span class='ocrx_word' id='word_1_227' title='bbox 372 2112 388 2155; x_wconf 62' lang='grc' dir='ltr'><strong>ἓ</strong></span> <span class='ocrx_word' id='word_1_228' title='bbox 411 2112 440 2145; x_wconf 65' lang='lat'><strong>2</strong></span> <span class='ocrx_word' id='word_1_229' title='bbox 465 2112 541 2146; x_wconf 90' lang='lat' dir='ltr'>Cum</span> <span class='ocrx_word' id='word_1_230' title='bbox 561 2117 676 2153; x_wconf 86' lang='lat' dir='ltr'>autem,</span> <span class='ocrx_word' id='word_1_231' title='bbox 694 2112 773 2145; x_wconf 88' lang='lat' dir='ltr'>sicut</span> <span class='ocrx_word' id='word_1_232' title='bbox 790 2112 898 2146; x_wconf 87' lang='lat' dir='ltr'>cadem</span> <span class='ocrx_word' id='word_1_233' title='bbox 914 2113 1067 2157; x_wconf 73' lang='lat' dir='ltr'>expositio</span> 
     </span>
     <span class='ocr_line' id='line_1_45' title="bbox 326 2165 1084 2210; baseline 0 -11"><span class='ocrx_word' id='word_1_234' title='bbox 326 2165 562 2208; x_wconf 81' lang='lat' dir='ltr'>subiungebat,</span> <span class='ocrx_word' id='word_1_235' title='bbox 587 2165 689 2199; x_wconf 88' lang='lat' dir='ltr'>dictus</span> <span class='ocrx_word' id='word_1_236' title='bbox 717 2176 876 2210; x_wconf 78' lang='lat' dir='ltr'>exponens</span> <span class='ocrx_word' id='word_1_237' title='bbox 905 2166 1084 2207; x_wconf 53' lang='lat' dir='ltr'>decretuim</span> 
     </span>
    </p>
   </div>
   <div class='ocr_carea' id='block_1_15' title="bbox 329 2272 1087 2694">
    <p class='ocr_par' dir='ltr' id='par_1_16' title="bbox 329 2272 1069 2360">
     <span class='ocr_line' id='line_1_46' title="bbox 329 2272 1069 2318; baseline 0.004 -13"><span class='ocrx_word' id='word_1_238' title='bbox 329 2272 422 2306; x_wconf 85' lang='lat' dir='ltr'>tionis</span> <span class='ocrx_word' id='word_1_239' title='bbox 447 2273 562 2307; x_wconf 90' lang='lat' dir='ltr'>robore</span> <span class='ocrx_word' id='word_1_240' title='bbox 587 2273 776 2307; x_wconf 84' lang='lat' dir='ltr'>connnuniri</span> <span class='ocrx_word' id='word_1_241' title='bbox 801 2284 1002 2318; x_wconf 86' lang='lat' dir='ltr'>summopere</span> <span class='ocrx_word' id='word_1_242' title='bbox 1020 2274 1069 2308; x_wconf 88' lang='lat' dir='ltr'>dc-</span> 
     </span>
     <span class='ocr_line' id='line_1_47' title="bbox 329 2326 461 2360; baseline -0.008 0"><span class='ocrx_word' id='word_1_243' title='bbox 329 2326 461 2360; x_wconf 88' lang='lat' dir='ltr'>sideret:</span> 
     </span>
    </p>

    <p class='ocr_par' dir='ltr' id='par_1_17' title="bbox 329 2380 1087 2694">
     <span class='ocr_line' id='line_1_48' title="bbox 374 2380 1085 2428; baseline 0.001 -14"><span class='ocrx_word' id='word_1_244' title='bbox 374 2381 389 2424; x_wconf 62' lang='lat' dir='ltr'>g</span> <span class='ocrx_word' id='word_1_245' title='bbox 412 2380 442 2414; x_wconf 81' lang='lat'>3.</span> <span class='ocrx_word' id='word_1_246' title='bbox 467 2381 544 2422; x_wconf 83' lang='lat' dir='ltr'>Nos,</span> <span class='ocrx_word' id='word_1_247' title='bbox 569 2381 658 2414; x_wconf 87' lang='lat' dir='ltr'>illum</span> <span class='ocrx_word' id='word_1_248' title='bbox 689 2381 879 2425; x_wconf 86' lang='lat' dir='ltr'>specialibus</span> <span class='ocrx_word' id='word_1_249' title='bbox 909 2381 1085 2428; x_wconf 77' lang='lat' dir='ltr'>favoribus]</span> 
     </span>
     <span class='ocr_line' id='line_1_49' title="bbox 330 2431 1085 2480; baseline 0.001 -12"><span class='ocrx_word' id='word_1_250' title='bbox 330 2439 361 2468; x_wconf 85' lang='lat' dir='ltr'>et</span> <span class='ocrx_word' id='word_1_251' title='bbox 384 2435 494 2478; x_wconf 76' lang='lat' dir='ltr'>gratiis</span> <span class='ocrx_word' id='word_1_252' title='bbox 517 2435 665 2479; x_wconf 86' lang='lat' dir='ltr'>prosequi</span> <span class='ocrx_word' id='word_1_253' title='bbox 690 2436 837 2478; x_wconf 78' lang='lat' dir='ltr'>volentes,</span> <span class='ocrx_word' id='word_1_254' title='bbox 863 2441 891 2469; x_wconf 92' lang='lat' dir='ltr'>et</span> <span class='ocrx_word' id='word_1_255' title='bbox 909 2446 926 2468; x_wconf 91' lang='lat' dir='ltr'>a</span> <span class='ocrx_word' id='word_1_256' title='bbox 943 2431 1085 2480; x_wconf 70' lang='lat' dir='ltr'>quibus-3</span> 
     </span>
     <span class='ocr_line' id='line_1_50' title="bbox 330 2488 1085 2532; baseline 0 -11"><span class='ocrx_word' id='word_1_257' title='bbox 330 2488 376 2521; x_wconf 85' lang='lat' dir='ltr'>vis</span> <span class='ocrx_word' id='word_1_258' title='bbox 408 2488 762 2530; x_wconf 81' lang='lat' dir='ltr'>excommunicationis,</span> <span class='ocrx_word' id='word_1_259' title='bbox 789 2488 1003 2532; x_wconf 87' lang='lat' dir='ltr'>suspensionis</span> <span class='ocrx_word' id='word_1_260' title='bbox 1039 2492 1085 2521; x_wconf 51' lang='lat' dir='ltr'>et*</span> 
     </span>
     <span class='ocr_line' id='line_1_51' title="bbox 330 2537 1085 2585; baseline 0.001 -11"><span class='ocrx_word' id='word_1_261' title='bbox 330 2541 500 2582; x_wconf 87' lang='lat' dir='ltr'>interdicti,</span> <span class='ocrx_word' id='word_1_262' title='bbox 513 2542 644 2585; x_wconf 87' lang='lat' dir='ltr'>aliisque</span> <span class='ocrx_word' id='word_1_263' title='bbox 661 2541 878 2576; x_wconf 85' lang='lat' dir='ltr'>ecclesiasticis</span> <span class='ocrx_word' id='word_1_264' title='bbox 898 2542 1069 2583; x_wconf 84' lang='lat' dir='ltr'>sententiis,</span> <span class='ocrx_word' id='word_1_265' title='bbox 1084 2537 1085 2549; x_wconf 59' lang='lat'>³</span> 
     </span>
     <span class='ocr_line' id='line_1_52' title="bbox 332 2595 1068 2640; baseline 0.003 -12"><span class='ocrx_word' id='word_1_266' title='bbox 332 2595 472 2628; x_wconf 86' lang='lat' dir='ltr'>censuris</span> <span class='ocrx_word' id='word_1_267' title='bbox 496 2600 525 2629; x_wconf 87' lang='lat' dir='ltr'>et</span> <span class='ocrx_word' id='word_1_268' title='bbox 549 2595 669 2640; x_wconf 89' lang='lat' dir='ltr'>poenis,</span> <span class='ocrx_word' id='word_1_269' title='bbox 686 2606 703 2628; x_wconf 83' lang='lat' dir='ltr'>a</span> <span class='ocrx_word' id='word_1_270' title='bbox 720 2596 787 2628; x_wconf 88' lang='lat' dir='ltr'>iure</span> <span class='ocrx_word' id='word_1_271' title='bbox 806 2595 852 2628; x_wconf 76' lang='lat' dir='ltr'>vel</span> <span class='ocrx_word' id='word_1_272' title='bbox 877 2595 915 2628; x_wconf 89' lang='lat' dir='ltr'>ab</span> <span class='ocrx_word' id='word_1_273' title='bbox 932 2596 1068 2637; x_wconf 87' lang='lat' dir='ltr'>homine,</span> 
     </span>
     <span class='ocr_line' id='line_1_53' title="bbox 329 2649 1087 2694; baseline 0.003 -12"><span class='ocrx_word' id='word_1_274' title='bbox 329 2649 441 2694; x_wconf 81' lang='lat' dir='ltr'>quavis</span> <span class='ocrx_word' id='word_1_275' title='bbox 465 2650 630 2684; x_wconf 85' lang='lat' dir='ltr'>occasione</span> <span class='ocrx_word' id='word_1_276' title='bbox 655 2650 700 2683; x_wconf 85' lang='lat' dir='ltr'>vel</span> <span class='ocrx_word' id='word_1_277' title='bbox 727 2651 819 2684; x_wconf 73' lang='lat' dir='ltr'>eausa</span> <span class='ocrx_word' id='word_1_278' title='bbox 845 2650 930 2692; x_wconf 87' lang='lat' dir='ltr'>latis,</span> <span class='ocrx_word' id='word_1_279' title='bbox 956 2650 981 2683; x_wconf 91' lang='lat' dir='ltr'>si</span> <span class='ocrx_word' id='word_1_280' title='bbox 1003 2649 1087 2694; x_wconf 63' lang='lat' dir='ltr'>qui-j</span> 
     </span>
    </p>
   </div>
   <div class='ocr_carea' id='block_1_16' title="bbox 1078 1456 1088 2639">
    <p class='ocr_par' dir='ltr' id='par_1_18' title="bbox 1078 1456 1088 2639">
     <span class='ocr_line' id='line_1_54' title="bbox 1078 1456 1088 2639; baseline 0 0"><span class='ocrx_word' id='word_1_281' title='bbox 1078 1456 1088 2639; x_wconf 95' lang='lat' dir='ltr'> </span> 
     </span>
    </p>
   </div>
   <div class='ocr_carea' id='block_1_17' title="bbox 1345 205 1348 219">
    <p class='ocr_par' dir='ltr' id='par_1_19' title="bbox 1345 205 1348 219">
     <span class='ocr_line' id='line_1_55' title="bbox 1345 205 1348 219; baseline 0 0"><span class='ocrx_word' id='word_1_282' title='bbox 1345 205 1348 219; x_wconf 67' lang='lat' dir='ltr'>t</span> 
     </span>
    </p>
   </div>
   <div class='ocr_carea' id='block_1_18' title="bbox 1089 240 1835 1079">
    <p class='ocr_par' dir='ltr' id='par_1_20' title="bbox 1089 240 1833 919">
     <span class='ocr_line' id='line_1_56' title="bbox 1092 240 1221 265; baseline -0.008 0"><span class='ocrx_word' id='word_1_283' title='bbox 1092 241 1149 265; x_wconf 82' lang='lat' dir='ltr'>vm</span> <span class='ocrx_word' id='word_1_284' title='bbox 1173 240 1221 265; x_wconf 79' lang='lat' dir='ltr'>rr.</span> 
     </span>
     <span class='ocr_line' id='line_1_57' title="bbox 1089 284 1828 333; baseline -0.008 -11"><span class='ocrx_word' id='word_1_285' title='bbox 1089 290 1145 322; x_wconf 86' lang='lat' dir='ltr'>bus</span> <span class='ocrx_word' id='word_1_286' title='bbox 1169 287 1408 333; x_wconf 84' lang='lat' dir='ltr'>quomodolibet</span> <span class='ocrx_word' id='word_1_287' title='bbox 1438 284 1603 320; x_wconf 84' lang='lat' dir='ltr'>innodatus</span> <span class='ocrx_word' id='word_1_288' title='bbox 1636 285 1759 325; x_wconf 81' lang='lat' dir='ltr'>existit,</span> <span class='ocrx_word' id='word_1_289' title='bbox 1787 284 1828 317; x_wconf 85' lang='lat' dir='ltr'>ad</span> 
     </span>
     <span class='ocr_line' id='line_1_58' title="bbox 1089 340 1823 386; baseline -0.005 -12"><span class='ocrx_word' id='word_1_290' title='bbox 1089 342 1233 375; x_wconf 78' lang='lat' dir='ltr'>effectum</span> <span class='ocrx_word' id='word_1_291' title='bbox 1269 341 1479 386; x_wconf 87' lang='lat' dir='ltr'>praesentium</span> <span class='ocrx_word' id='word_1_292' title='bbox 1516 340 1676 372; x_wconf 78' lang='lat' dir='ltr'>dumtaxat</span> <span class='ocrx_word' id='word_1_293' title='bbox 1710 347 1823 370; x_wconf 82' lang='lat' dir='ltr'>conse--</span> 
     </span>
     <span class='ocr_line' id='line_1_59' title="bbox 1089 391 1827 438; baseline -0.004 -12"><span class='ocrx_word' id='word_1_294' title='bbox 1089 395 1260 438; x_wconf 72' lang='lat' dir='ltr'>quendum,</span> <span class='ocrx_word' id='word_1_295' title='bbox 1285 395 1396 427; x_wconf 83' lang='lat' dir='ltr'>harum</span> <span class='ocrx_word' id='word_1_296' title='bbox 1410 393 1490 427; x_wconf 89' lang='lat' dir='ltr'>serie</span> <span class='ocrx_word' id='word_1_297' title='bbox 1515 392 1709 426; x_wconf 74' lang='lat' dir='ltr'>absolventes</span> <span class='ocrx_word' id='word_1_298' title='bbox 1727 396 1757 424; x_wconf 86' lang='lat' dir='ltr'>et</span> <span class='ocrx_word' id='word_1_299' title='bbox 1773 391 1827 423; x_wconf 86' lang='lat' dir='ltr'>ab·</span> 
     </span>
     <span class='ocr_line' id='line_1_60' title="bbox 1090 444 1828 490; baseline -0.005 -10"><span class='ocrx_word' id='word_1_300' title='bbox 1090 449 1227 482; x_wconf 85' lang='lat' dir='ltr'>solutum</span> <span class='ocrx_word' id='word_1_301' title='bbox 1254 448 1319 481; x_wconf 87' lang='lat' dir='ltr'>sore</span> <span class='ocrx_word' id='word_1_302' title='bbox 1345 453 1523 486; x_wconf 79' lang='lat' dir='ltr'>censentes,</span> <span class='ocrx_word' id='word_1_303' title='bbox 1549 444 1828 490; x_wconf 78' lang='lat' dir='ltr'>supplicationibus</span> 
     </span>
     <span class='ocr_line' id='line_1_61' title="bbox 1091 499 1831 544; baseline -0.004 -11"><span class='ocrx_word' id='word_1_304' title='bbox 1091 501 1174 534; x_wconf 90' lang='lat' dir='ltr'>illius</span> <span class='ocrx_word' id='word_1_305' title='bbox 1198 502 1326 534; x_wconf 87' lang='lat' dir='ltr'>nomine</span> <span class='ocrx_word' id='word_1_306' title='bbox 1352 501 1442 533; x_wconf 85' lang='lat' dir='ltr'>nobis</span> <span class='ocrx_word' id='word_1_307' title='bbox 1466 512 1560 544; x_wconf 82' lang='lat' dir='ltr'>super</span> <span class='ocrx_word' id='word_1_308' title='bbox 1585 501 1643 533; x_wconf 81' lang='lat' dir='ltr'>boc</span> <span class='ocrx_word' id='word_1_309' title='bbox 1670 499 1831 532; x_wconf 83' lang='lat' dir='ltr'>lunuilitcr</span> 
     </span>
     <span class='ocr_line' id='line_1_62' title="bbox 1090 553 1829 598; baseline -0.004 -12"><span class='ocrx_word' id='word_1_310' title='bbox 1090 555 1246 598; x_wconf 86' lang='lat' dir='ltr'>porrectis</span> <span class='ocrx_word' id='word_1_311' title='bbox 1258 554 1405 593; x_wconf 84' lang='lat' dir='ltr'>inclinati,</span> <span class='ocrx_word' id='word_1_312' title='bbox 1415 553 1577 587; x_wconf 86' lang='lat' dir='ltr'>decretum</span> <span class='ocrx_word' id='word_1_313' title='bbox 1588 553 1829 596; x_wconf 81' lang='lat' dir='ltr'>praeinsertum,</span> 
     </span>
     <span class='ocr_line' id='line_1_63' title="bbox 1092 606 1831 652; baseline -0.005 -11"><span class='ocrx_word' id='word_1_314' title='bbox 1092 608 1263 652; x_wconf 72' lang='lat' dir='ltr'>apostolica</span> <span class='ocrx_word' id='word_1_315' title='bbox 1277 607 1471 648; x_wconf 85' lang='lat' dir='ltr'>auctoritate,</span> <span class='ocrx_word' id='word_1_316' title='bbox 1486 612 1594 640; x_wconf 88' lang='lat' dir='ltr'>tenore</span> <span class='ocrx_word' id='word_1_317' title='bbox 1608 606 1831 650; x_wconf 83' lang='lat' dir='ltr'>praesentium,</span> 
     </span>
     <span class='ocr_line' id='line_1_64' title="bbox 1092 659 1833 705; baseline -0.004 -11"><span class='ocrx_word' id='word_1_318' title='bbox 1092 661 1306 705; x_wconf 84' lang='lat' dir='ltr'>approbamus</span> <span class='ocrx_word' id='word_1_319' title='bbox 1330 664 1360 695; x_wconf 88' lang='lat' dir='ltr'>et</span> <span class='ocrx_word' id='word_1_320' title='bbox 1384 660 1606 698; x_wconf 84' lang='lat' dir='ltr'>confirmamus</span> <span class='ocrx_word' id='word_1_321' title='bbox 1621 686 1628 700; x_wconf 92' lang='lat'>,</span> <span class='ocrx_word' id='word_1_322' title='bbox 1654 659 1760 702; x_wconf 84' lang='lat' dir='ltr'>illique</span> <span class='ocrx_word' id='word_1_323' title='bbox 1786 659 1833 691; x_wconf 86' lang='lat' dir='ltr'>in-</span> 
     </span>
     <span class='ocr_line' id='line_1_65' title="bbox 1094 711 1833 759; baseline -0.004 -12"><span class='ocrx_word' id='word_1_324' title='bbox 1094 715 1247 748; x_wconf 86' lang='lat' dir='ltr'>violabilis</span> <span class='ocrx_word' id='word_1_325' title='bbox 1263 714 1454 759; x_wconf 88' lang='lat' dir='ltr'>apostolicae</span> <span class='ocrx_word' id='word_1_326' title='bbox 1472 713 1628 747; x_wconf 85' lang='lat' dir='ltr'>firmitatis</span> <span class='ocrx_word' id='word_1_327' title='bbox 1644 712 1742 745; x_wconf 89' lang='lat' dir='ltr'>robur</span> <span class='ocrx_word' id='word_1_328' title='bbox 1759 711 1833 744; x_wconf 87' lang='lat' dir='ltr'>adii-</span> 
     </span>
     <span class='ocr_line' id='line_1_66' title="bbox 1093 766 1832 810; baseline -0.005 -8"><span class='ocrx_word' id='word_1_329' title='bbox 1093 769 1214 810; x_wconf 85' lang='lat' dir='ltr'>cimus,</span> <span class='ocrx_word' id='word_1_330' title='bbox 1239 779 1275 801; x_wconf 87' lang='lat' dir='ltr'>ac</span> <span class='ocrx_word' id='word_1_331' title='bbox 1300 778 1409 802; x_wconf 90' lang='lat' dir='ltr'>omnes</span> <span class='ocrx_word' id='word_1_332' title='bbox 1433 773 1464 801; x_wconf 85' lang='lat' dir='ltr'>et</span> <span class='ocrx_word' id='word_1_333' title='bbox 1495 767 1636 810; x_wconf 79' lang='lat' dir='ltr'>singulos</span> <span class='ocrx_word' id='word_1_334' title='bbox 1664 771 1727 799; x_wconf 83' lang='lat' dir='ltr'>tam</span> <span class='ocrx_word' id='word_1_335' title='bbox 1755 766 1832 799; x_wconf 90' lang='lat' dir='ltr'>iuris</span> 
     </span>
     <span class='ocr_line' id='line_1_67' title="bbox 1093 821 1833 867; baseline -0.004 -11"><span class='ocrx_word' id='word_1_336' title='bbox 1093 834 1186 867; x_wconf 84' lang='lat' dir='ltr'>quam</span> <span class='ocrx_word' id='word_1_337' title='bbox 1208 823 1280 856; x_wconf 89' lang='lat' dir='ltr'>sacti</span> <span class='ocrx_word' id='word_1_338' title='bbox 1304 823 1454 863; x_wconf 78' lang='lat' dir='ltr'>descetus,</span> <span class='ocrx_word' id='word_1_339' title='bbox 1479 822 1504 855; x_wconf 91' lang='lat' dir='ltr'>si</span> <span class='ocrx_word' id='word_1_340' title='bbox 1528 822 1581 866; x_wconf 85' lang='lat' dir='ltr'>qui</span> <span class='ocrx_word' id='word_1_341' title='bbox 1605 821 1740 865; x_wconf 87' lang='lat' dir='ltr'>desuper</span> <span class='ocrx_word' id='word_1_342' title='bbox 1757 830 1833 864; x_wconf 87' lang='lat' dir='ltr'>quo-</span> 
     </span>
     <span class='ocr_line' id='line_1_68' title="bbox 1094 875 1743 919; baseline -0.003 -10"><span class='ocrx_word' id='word_1_343' title='bbox 1094 876 1265 909; x_wconf 89' lang='lat' dir='ltr'>modolibet</span> <span class='ocrx_word' id='word_1_344' title='bbox 1289 875 1524 915; x_wconf 79' lang='lat' dir='ltr'>intervenerint,</span> <span class='ocrx_word' id='word_1_345' title='bbox 1549 875 1743 919; x_wconf 85' lang='lat' dir='ltr'>supplemus.</span> 
     </span>
    </p>

    <p class='ocr_par' dir='ltr' id='par_1_21' title="bbox 1093 930 1835 1079">
     <span class='ocr_line' id='line_1_69' title="bbox 1139 930 1833 974; baseline -0.003 -11"><span class='ocrx_word' id='word_1_346' title='bbox 1139 931 1153 974; x_wconf 66' lang='grc' dir='ltr'><strong>ἓ</strong></span> <span class='ocrx_word' id='word_1_347' title='bbox 1178 930 1206 963; x_wconf 72' lang='grc'>4.</span> <span class='ocrx_word' id='word_1_348' title='bbox 1231 931 1441 964; x_wconf 86' lang='lat' dir='ltr'>Deeernentes</span> <span class='ocrx_word' id='word_1_349' title='bbox 1472 930 1548 963; x_wconf 90' lang='lat' dir='ltr'>illud</span> <span class='ocrx_word' id='word_1_350' title='bbox 1580 939 1703 963; x_wconf 88' lang='lat' dir='ltr'>necnon</span> <span class='ocrx_word' id='word_1_351' title='bbox 1739 939 1833 972; x_wconf 89' lang='lat' dir='ltr'>prae-</span> 
     </span>
     <span class='ocr_line' id='line_1_70' title="bbox 1094 982 1835 1025; baseline -0.003 -8"><span class='ocrx_word' id='word_1_352' title='bbox 1094 989 1196 1018; x_wconf 90' lang='lat' dir='ltr'>sentes</span> <span class='ocrx_word' id='word_1_353' title='bbox 1230 984 1348 1018; x_wconf 89' lang='lat' dir='ltr'>litteras</span> <span class='ocrx_word' id='word_1_354' title='bbox 1373 983 1495 1025; x_wconf 84' lang='lat' dir='ltr'>valida,</span> <span class='ocrx_word' id='word_1_355' title='bbox 1521 984 1613 1016; x_wconf 84' lang='lat' dir='ltr'>firma</span> <span class='ocrx_word' id='word_1_356' title='bbox 1637 988 1667 1016; x_wconf 86' lang='lat' dir='ltr'>et</span> <span class='ocrx_word' id='word_1_357' title='bbox 1697 982 1835 1016; x_wconf 80' lang='lat' dir='ltr'>efficacia</span> 
     </span>
     <span class='ocr_line' id='line_1_71' title="bbox 1093 1036 1834 1079; baseline -0.001 -9"><span class='ocrx_word' id='word_1_358' title='bbox 1093 1037 1228 1071; x_wconf 75' lang='lat' dir='ltr'>existere</span> <span class='ocrx_word' id='word_1_359' title='bbox 1245 1043 1275 1071; x_wconf 85' lang='lat' dir='ltr'>et</span> <span class='ocrx_word' id='word_1_360' title='bbox 1294 1038 1371 1079; x_wconf 87' lang='lat' dir='ltr'>sore,</span> <span class='ocrx_word' id='word_1_361' title='bbox 1396 1048 1431 1071; x_wconf 88' lang='lat' dir='ltr'>ac</span> <span class='ocrx_word' id='word_1_362' title='bbox 1456 1037 1494 1070; x_wconf 88' lang='lat' dir='ltr'>ab</span> <span class='ocrx_word' id='word_1_363' title='bbox 1517 1036 1673 1078; x_wconf 85' lang='lat' dir='ltr'>omnibus7</span> <span class='ocrx_word' id='word_1_364' title='bbox 1695 1036 1733 1068; x_wconf 90' lang='lat' dir='ltr'>ad</span> <span class='ocrx_word' id='word_1_365' title='bbox 1755 1045 1834 1079; x_wconf 81' lang='lat' dir='ltr'>quos</span> 
     </span>
    </p>
   </div>
   <div class='ocr_carea' id='block_1_19' title="bbox 1077 1089 1834 1136">
    <p class='ocr_par' dir='ltr' id='par_1_22' title="bbox 1077 1089 1834 1136">
     <span class='ocr_line' id='line_1_72' title="bbox 1077 1089 1834 1136; baseline -0.005 -11"><span class='ocrx_word' id='word_1_366' title='bbox 1077 1096 1214 1136; x_wconf 46' lang='lat' dir='ltr'>¹spectat</span> <span class='ocrx_word' id='word_1_367' title='bbox 1238 1097 1265 1125; x_wconf 84' lang='lat' dir='ltr'>et</span> <span class='ocrx_word' id='word_1_368' title='bbox 1292 1101 1352 1135; x_wconf 90' lang='lat' dir='ltr'>pro</span> <span class='ocrx_word' id='word_1_369' title='bbox 1378 1096 1521 1135; x_wconf 87' lang='lat' dir='ltr'>tempore</span> <span class='ocrx_word' id='word_1_370' title='bbox 1545 1089 1709 1134; x_wconf 87' lang='lat' dir='ltr'>spectabit,</span> <span class='ocrx_word' id='word_1_371' title='bbox 1735 1089 1834 1122; x_wconf 78' lang='lat' dir='ltr'>invio-</span> 
     </span>
    </p>
   </div>
   <div class='ocr_carea' id='block_1_20' title="bbox 1094 1145 1835 1296">
    <p class='ocr_par' dir='ltr' id='par_1_23' title="bbox 1094 1145 1835 1296">
     <span class='ocr_line' id='line_1_73' title="bbox 1094 1145 1434 1185; baseline 0 -7"><span class='ocrx_word' id='word_1_372' title='bbox 1094 1146 1230 1179; x_wconf 86' lang='lat' dir='ltr'>labiliter</span> <span class='ocrx_word' id='word_1_373' title='bbox 1254 1145 1434 1185; x_wconf 85' lang='lat' dir='ltr'>observari;</span> 
     </span>
     <span class='ocr_line' id='line_1_74' title="bbox 1140 1197 1835 1243; baseline -0.004 -10"><span class='ocrx_word' id='word_1_374' title='bbox 1140 1200 1154 1243; x_wconf 68' lang='grc' dir='ltr'><strong>ἓ</strong></span> <span class='ocrx_word' id='word_1_375' title='bbox 1179 1200 1207 1233; x_wconf 85' lang='grc'>5.</span> <span class='ocrx_word' id='word_1_376' title='bbox 1241 1197 1353 1243; x_wconf 82' lang='lat' dir='ltr'>Sicque</span> <span class='ocrx_word' id='word_1_377' title='bbox 1381 1210 1439 1243; x_wconf 89' lang='lat' dir='ltr'>per</span> <span class='ocrx_word' id='word_1_378' title='bbox 1470 1208 1686 1243; x_wconf 83' lang='lat' dir='ltr'>quoscumque</span> <span class='ocrx_word' id='word_1_379' title='bbox 1718 1197 1835 1231; x_wconf 88' lang='lat' dir='ltr'>iudices</span> 
     </span>
     <span class='ocr_line' id='line_1_75' title="bbox 1095 1252 1835 1296; baseline -0.004 -9"><span class='ocrx_word' id='word_1_380' title='bbox 1095 1254 1272 1287; x_wconf 88' lang='lat' dir='ltr'>ordinarios</span> <span class='ocrx_word' id='word_1_381' title='bbox 1297 1259 1326 1286; x_wconf 83' lang='lat' dir='ltr'>et</span> <span class='ocrx_word' id='word_1_382' title='bbox 1350 1253 1524 1296; x_wconf 77' lang='lat' dir='ltr'>delegatos,</span> <span class='ocrx_word' id='word_1_383' title='bbox 1549 1252 1643 1285; x_wconf 86' lang='lat' dir='ltr'>etiam</span> <span class='ocrx_word' id='word_1_384' title='bbox 1668 1262 1835 1285; x_wconf 86' lang='lat' dir='ltr'>causarum</span> 
     </span>
    </p>
   </div>
   <div class='ocr_carea' id='block_1_21' title="bbox 1078 1305 1837 1403">
    <p class='ocr_par' dir='ltr' id='par_1_24' title="bbox 1078 1305 1837 1403">
     <span class='ocr_line' id='line_1_76' title="bbox 1079 1305 1837 1352; baseline 0 -14"><span class='ocrx_word' id='word_1_385' title='bbox 1079 1318 1080 1347; x_wconf 70' lang='lat'>3</span> <span class='ocrx_word' id='word_1_386' title='bbox 1097 1308 1201 1352; x_wconf 80' lang='lat' dir='ltr'>palatii</span> <span class='ocrx_word' id='word_1_387' title='bbox 1219 1307 1383 1352; x_wconf 87' lang='lat' dir='ltr'>apostolici</span> <span class='ocrx_word' id='word_1_388' title='bbox 1401 1307 1570 1347; x_wconf 86' lang='lat' dir='ltr'>auditores,</span> <span class='ocrx_word' id='word_1_389' title='bbox 1588 1306 1720 1339; x_wconf 88' lang='lat' dir='ltr'>iudicari</span> <span class='ocrx_word' id='word_1_390' title='bbox 1738 1311 1767 1338; x_wconf 89' lang='lat' dir='ltr'>et</span> <span class='ocrx_word' id='word_1_391' title='bbox 1785 1305 1837 1338; x_wconf 83' lang='lat' dir='ltr'>de-</span> 
     </span>
     <span class='ocr_line' id='line_1_77' title="bbox 1078 1359 1837 1403; baseline -0.004 -9"><span class='ocrx_word' id='word_1_392' title='bbox 1078 1371 1079 1402; x_wconf 60' lang='lat' dir='ltr'><strong><em>g</em></strong></span> <span class='ocrx_word' id='word_1_393' title='bbox 1095 1361 1180 1394; x_wconf 89' lang='lat' dir='ltr'>finiri</span> <span class='ocrx_word' id='word_1_394' title='bbox 1205 1361 1330 1402; x_wconf 86' lang='lat' dir='ltr'>debere,</span> <span class='ocrx_word' id='word_1_395' title='bbox 1348 1371 1383 1394; x_wconf 90' lang='lat' dir='ltr'>ac</span> <span class='ocrx_word' id='word_1_396' title='bbox 1407 1360 1533 1393; x_wconf 86' lang='lat' dir='ltr'>irritum</span> <span class='ocrx_word' id='word_1_397' title='bbox 1551 1365 1581 1393; x_wconf 93' lang='lat' dir='ltr'>et</span> <span class='ocrx_word' id='word_1_398' title='bbox 1598 1360 1699 1400; x_wconf 84' lang='lat' dir='ltr'>inane,</span> <span class='ocrx_word' id='word_1_399' title='bbox 1716 1359 1741 1392; x_wconf 93' lang='lat' dir='ltr'>si</span> <span class='ocrx_word' id='word_1_400' title='bbox 1761 1359 1837 1403; x_wconf 87' lang='lat' dir='ltr'>quid</span> 
     </span>
    </p>
   </div>
   <div class='ocr_carea' id='block_1_22' title="bbox 1096 1412 1838 1555">
    <p class='ocr_par' dir='ltr' id='par_1_25' title="bbox 1096 1412 1838 1555">
     <span class='ocr_line' id='line_1_78' title="bbox 1096 1412 1837 1458; baseline -0.005 -10"><span class='ocrx_word' id='word_1_401' title='bbox 1096 1425 1186 1448; x_wconf 86' lang='lat' dir='ltr'>secus</span> <span class='ocrx_word' id='word_1_402' title='bbox 1210 1425 1309 1458; x_wconf 86' lang='lat' dir='ltr'>super</span> <span class='ocrx_word' id='word_1_403' title='bbox 1333 1414 1382 1447; x_wconf 91' lang='lat' dir='ltr'>his</span> <span class='ocrx_word' id='word_1_404' title='bbox 1407 1424 1424 1446; x_wconf 92' lang='lat' dir='ltr'>a</span> <span class='ocrx_word' id='word_1_405' title='bbox 1449 1423 1626 1457; x_wconf 80' lang='lat' dir='ltr'>quoquam,</span> <span class='ocrx_word' id='word_1_406' title='bbox 1652 1412 1761 1456; x_wconf 84' lang='lat' dir='ltr'>quavis</span> <span class='ocrx_word' id='word_1_407' title='bbox 1785 1422 1837 1444; x_wconf 90' lang='lat' dir='ltr'>au-</span> 
     </span>
     <span class='ocr_line' id='line_1_79' title="bbox 1097 1467 1838 1510; baseline -0.005 -8"><span class='ocrx_word' id='word_1_408' title='bbox 1097 1469 1252 1509; x_wconf 83' lang='lat' dir='ltr'>ctoritate,</span> <span class='ocrx_word' id='word_1_409' title='bbox 1267 1468 1402 1501; x_wconf 86' lang='lat' dir='ltr'>scienter</span> <span class='ocrx_word' id='word_1_410' title='bbox 1419 1467 1466 1500; x_wconf 73' lang='lat' dir='ltr'>vel</span> <span class='ocrx_word' id='word_1_411' title='bbox 1485 1467 1678 1510; x_wconf 73' lang='lat' dir='ltr'>ignoranter,</span> <span class='ocrx_word' id='word_1_412' title='bbox 1700 1467 1838 1509; x_wconf 77' lang='lat' dir='ltr'>contige-</span> 
     </span>
     <span class='ocr_line' id='line_1_80' title="bbox 1098 1522 1315 1555; baseline 0 -1"><span class='ocrx_word' id='word_1_413' title='bbox 1098 1522 1137 1554; x_wconf 88' lang='lat' dir='ltr'>rit</span> <span class='ocrx_word' id='word_1_414' title='bbox 1160 1522 1315 1555; x_wconf 87' lang='lat' dir='ltr'>attentari.</span> 
     </span>
    </p>
   </div>
   <div class='ocr_carea' id='block_1_23' title="bbox 1731 225 2024 263">
    <p class='ocr_par' dir='ltr' id='par_1_26' title="bbox 1731 225 2024 263">
     <span class='ocr_line' id='line_1_81' title="bbox 1731 225 2024 263; baseline 0 -3"><span class='ocrx_word' id='word_1_415' title='bbox 1731 225 1795 260; x_wconf 66' lang='lat'>⁶299</span> <span class='ocrx_word' id='word_1_416' title='bbox 1841 234 1891 263; x_wconf 79' lang='lat' dir='ltr'>An.</span> <span class='ocrx_word' id='word_1_417' title='bbox 1911 234 1940 263; x_wconf 87' lang='lat' dir='ltr'>c.</span> <span class='ocrx_word' id='word_1_418' title='bbox 1958 233 2024 262; x_wconf 74' lang='lat'><strong>1632</strong></span> 
     </span>
    </p>
   </div>
   <div class='ocr_carea' id='block_1_24' title="bbox 1850 939 2035 967">
    <p class='ocr_par' dir='ltr' id='par_1_27' title="bbox 1850 939 2035 967">
     <span class='ocr_line' id='line_1_82' title="bbox 1850 939 2035 967; baseline 0.005 -7"><span class='ocrx_word' id='word_1_419' title='bbox 1850 939 1958 960; x_wconf 77' lang='lat' dir='ltr'>Clausulas</span> <span class='ocrx_word' id='word_1_420' title='bbox 1971 946 2035 967; x_wconf 81' lang='lat' dir='ltr'>prae-</span> 
     </span>
    </p>
   </div>
   <div class='ocr_carea' id='block_1_25' title="bbox 1849 967 2034 1014">
    <p class='ocr_par' dir='ltr' id='par_1_28' title="bbox 1849 967 2034 1014">
     <span class='ocr_line' id='line_1_83' title="bbox 1849 967 2034 1014; baseline 0.011 -28"><span class='ocrx_word' id='word_1_421' title='bbox 1849 967 1965 1014; x_wconf 46' lang='lat' dir='ltr'>{lefrativas</span> <span class='ocrx_word' id='word_1_422' title='bbox 1997 967 2034 989; x_wconf 80' lang='lat' dir='ltr'>ad-</span> 
     </span>
     <span class='ocr_line' id='line_1_84' title="bbox 1866 1000 1888 1014; baseline 0 0"><span class='ocrx_word' id='word_1_423' title='bbox 1866 1000 1870 1014; x_wconf 87' lang='grc' dir='ltr'>ι</span> <span class='ocrx_word' id='word_1_424' title='bbox 1883 1010 1888 1014; x_wconf 92' lang='grc'><em>.</em></span> 
     </span>
    </p>
   </div>
   <div class='ocr_carea' id='block_1_26' title="bbox 1851 1208 2033 1256">
    <p class='ocr_par' dir='ltr' id='par_1_29' title="bbox 1851 1208 2033 1256">
     <span class='ocr_line' id='line_1_85' title="bbox 1872 1208 2033 1230; baseline 0.019 -3"><span class='ocrx_word' id='word_1_425' title='bbox 1872 1208 1894 1228; x_wconf 78' lang='lat' dir='ltr'>Ei</span> <span class='ocrx_word' id='word_1_426' title='bbox 1906 1209 1932 1228; x_wconf 75' lang='lat' dir='ltr'>ita</span> <span class='ocrx_word' id='word_1_427' title='bbox 1944 1208 2033 1230; x_wconf 67' lang='lat' dir='ltr'>{ulicari</span> 
     </span>
     <span class='ocr_line' id='line_1_86' title="bbox 1851 1238 1975 1256; baseline 0.008 -1"><span class='ocrx_word' id='word_1_428' title='bbox 1851 1238 1931 1256; x_wconf 72' lang='lat' dir='ltr'>statuit.</span> <span class='ocrx_word' id='word_1_429' title='bbox 1972 1252 1975 1254; x_wconf 96' lang='lat'>.</span> 
     </span>
    </p>
   </div>
   <div class='ocr_carea' id='block_1_27' title="bbox 1142 1573 1955 1618">
    <p class='ocr_par' dir='ltr' id='par_1_30' title="bbox 1142 1573 1955 1618">
     <span class='ocr_line' id='line_1_87' title="bbox 1142 1573 1955 1618; baseline -0.006 -10"><span class='ocrx_word' id='word_1_430' title='bbox 1142 1576 1156 1618; x_wconf 65' lang='grc' dir='ltr'><strong>ξ</strong></span> <span class='ocrx_word' id='word_1_431' title='bbox 1176 1576 1204 1608; x_wconf 73' lang='lat' dir='ltr'>G.</span> <span class='ocrx_word' id='word_1_432' title='bbox 1224 1576 1291 1608; x_wconf 80' lang='lat' dir='ltr'>Non</span> <span class='ocrx_word' id='word_1_433' title='bbox 1305 1574 1500 1608; x_wconf 86' lang='lat' dir='ltr'>obstantibus</span> <span class='ocrx_word' id='word_1_434' title='bbox 1514 1573 1705 1618; x_wconf 82' lang='lat' dir='ltr'>praemissis,</span> <span class='ocrx_word' id='word_1_435' title='bbox 1719 1582 1755 1605; x_wconf 88' lang='lat' dir='ltr'>ac</span> <span class='ocrx_word' id='word_1_436' title='bbox 1767 1582 1838 1605; x_wconf 88' lang='lat' dir='ltr'>con-</span> <span class='ocrx_word' id='word_1_437' title='bbox 1888 1589 1915 1603; x_wconf 44' lang='lat'>„-</span> <span class='ocrx_word' id='word_1_438' title='bbox 1937 1589 1955 1603; x_wconf 56' lang='grc' dir='ltr'>-υ</span> 
     </span>
    </p>
   </div>
   <div class='ocr_carea' id='block_1_28' title="bbox 1097 1626 1841 1832">
    <p class='ocr_par' dir='ltr' id='par_1_31' title="bbox 1097 1626 1841 1832">
     <span class='ocr_line' id='line_1_88' title="bbox 1097 1626 1837 1675; baseline -0.005 -13"><span class='ocrx_word' id='word_1_439' title='bbox 1097 1628 1311 1662; x_wconf 87' lang='lat' dir='ltr'>stitutionibus</span> <span class='ocrx_word' id='word_1_440' title='bbox 1329 1633 1358 1661; x_wconf 91' lang='lat' dir='ltr'>ct</span> <span class='ocrx_word' id='word_1_441' title='bbox 1379 1626 1837 1675; x_wconf 79' lang='lat' dir='ltr'>ordinationibusapostolicis,</span> 
     </span>
     <span class='ocr_line' id='line_1_89' title="bbox 1098 1680 1839 1726; baseline -0.004 -10"><span class='ocrx_word' id='word_1_442' title='bbox 1098 1688 1127 1716; x_wconf 89' lang='lat' dir='ltr'>et</span> <span class='ocrx_word' id='word_1_443' title='bbox 1151 1683 1322 1726; x_wconf 74' lang='lat' dir='ltr'>quibusvis,</span> <span class='ocrx_word' id='word_1_444' title='bbox 1348 1682 1441 1716; x_wconf 87' lang='lat' dir='ltr'>ctiam</span> <span class='ocrx_word' id='word_1_445' title='bbox 1466 1681 1653 1721; x_wconf 88' lang='lat' dir='ltr'>iuramento,</span> <span class='ocrx_word' id='word_1_446' title='bbox 1674 1680 1839 1714; x_wconf 82' lang='lat' dir='ltr'>confirma-</span> 
     </span>
     <span class='ocr_line' id='line_1_90' title="bbox 1099 1734 1840 1781; baseline -0.004 -11"><span class='ocrx_word' id='word_1_447' title='bbox 1099 1737 1180 1771; x_wconf 86' lang='lat' dir='ltr'>tione</span> <span class='ocrx_word' id='word_1_448' title='bbox 1205 1737 1387 1781; x_wconf 69' lang='lat' dir='ltr'>apostolica,</span> <span class='ocrx_word' id='word_1_449' title='bbox 1412 1736 1460 1768; x_wconf 82' lang='lat' dir='ltr'>vel</span> <span class='ocrx_word' id='word_1_450' title='bbox 1485 1735 1544 1768; x_wconf 77' lang='lat' dir='ltr'>alia</span> <span class='ocrx_word' id='word_1_451' title='bbox 1561 1735 1670 1778; x_wconf 83' lang='lat' dir='ltr'>quavis</span> <span class='ocrx_word' id='word_1_452' title='bbox 1690 1734 1840 1767; x_wconf 84' lang='lat' dir='ltr'>firmitate</span> 
     </span>
     <span class='ocr_line' id='line_1_91' title="bbox 1099 1788 1841 1832; baseline -0.007 -8"><span class='ocrx_word' id='word_1_453' title='bbox 1099 1790 1265 1831; x_wconf 87' lang='lat' dir='ltr'>roboratis,</span> <span class='ocrx_word' id='word_1_454' title='bbox 1290 1790 1411 1823; x_wconf 86' lang='lat' dir='ltr'>statutis</span> <span class='ocrx_word' id='word_1_455' title='bbox 1426 1795 1455 1822; x_wconf 92' lang='lat' dir='ltr'>et</span> <span class='ocrx_word' id='word_1_456' title='bbox 1472 1788 1762 1829; x_wconf 87' lang='lat' dir='ltr'>consuetudinibus,</span> <span class='ocrx_word' id='word_1_457' title='bbox 1780 1788 1841 1832; x_wconf 88' lang='lat' dir='ltr'>pri-</span> 
     </span>
    </p>
   </div>
   <div class='ocr_carea' id='block_1_29' title="bbox 1080 1842 1840 1888">
    <p class='ocr_par' dir='ltr' id='par_1_32' title="bbox 1080 1842 1840 1888">
     <span class='ocr_line' id='line_1_92' title="bbox 1080 1842 1840 1888; baseline -0.001 -11"><span class='ocrx_word' id='word_1_458' title='bbox 1080 1844 1219 1888; x_wconf 68' lang='lat' dir='ltr'>,vilegiis</span> <span class='ocrx_word' id='word_1_459' title='bbox 1243 1854 1388 1888; x_wconf 84' lang='lat' dir='ltr'>quoque,</span> <span class='ocrx_word' id='word_1_460' title='bbox 1420 1842 1549 1876; x_wconf 85' lang='lat' dir='ltr'>indultis</span> <span class='ocrx_word' id='word_1_461' title='bbox 1573 1847 1603 1875; x_wconf 85' lang='lat' dir='ltr'>ct</span> <span class='ocrx_word' id='word_1_462' title='bbox 1627 1842 1738 1876; x_wconf 87' lang='lat' dir='ltr'>litteris</span> <span class='ocrx_word' id='word_1_463' title='bbox 1763 1853 1840 1886; x_wconf 86' lang='lat' dir='ltr'>apo-</span> 
     </span>
    </p>
   </div>
   <div class='ocr_carea' id='block_1_30' title="bbox 1098 1896 1842 2101">
    <p class='ocr_par' dir='ltr' id='par_1_33' title="bbox 1098 1896 1842 2049">
     <span class='ocr_line' id='line_1_93' title="bbox 1098 1896 1842 1941; baseline -0.001 -10"><span class='ocrx_word' id='word_1_464' title='bbox 1098 1898 1226 1937; x_wconf 82' lang='lat' dir='ltr'>stolicis,</span> <span class='ocrx_word' id='word_1_465' title='bbox 1244 1898 1275 1930; x_wconf 89' lang='lat' dir='ltr'>in</span> <span class='ocrx_word' id='word_1_466' title='bbox 1293 1897 1486 1931; x_wconf 84' lang='lat' dir='ltr'>contrarium</span> <span class='ocrx_word' id='word_1_467' title='bbox 1500 1896 1749 1941; x_wconf 85' lang='lat' dir='ltr'>praemissorum</span> <span class='ocrx_word' id='word_1_468' title='bbox 1767 1907 1842 1939; x_wconf 88' lang='lat' dir='ltr'>quo-</span> 
     </span>
     <span class='ocr_line' id='line_1_94' title="bbox 1099 1949 1842 1993; baseline -0.004 -8"><span class='ocrx_word' id='word_1_469' title='bbox 1099 1951 1269 1985; x_wconf 88' lang='lat' dir='ltr'>modolibet</span> <span class='ocrx_word' id='word_1_470' title='bbox 1295 1950 1461 1993; x_wconf 78' lang='lat' dir='ltr'>concessis,</span> <span class='ocrx_word' id='word_1_471' title='bbox 1488 1949 1682 1983; x_wconf 85' lang='lat' dir='ltr'>confirmatis</span> <span class='ocrx_word' id='word_1_472' title='bbox 1707 1953 1737 1983; x_wconf 88' lang='lat' dir='ltr'>et</span> <span class='ocrx_word' id='word_1_473' title='bbox 1754 1949 1842 1982; x_wconf 91' lang='lat' dir='ltr'>inno-</span> 
     </span>
     <span class='ocr_line' id='line_1_95' title="bbox 1100 2003 1841 2049; baseline -0.004 -11"><span class='ocrx_word' id='word_1_474' title='bbox 1100 2006 1187 2047; x_wconf 85' lang='lat' dir='ltr'>vatis,</span> <span class='ocrx_word' id='word_1_475' title='bbox 1205 2005 1380 2049; x_wconf 82' lang='lat' dir='ltr'>ceterisque</span> <span class='ocrx_word' id='word_1_476' title='bbox 1397 2004 1565 2038; x_wconf 86' lang='lat' dir='ltr'>contrariis</span> <span class='ocrx_word' id='word_1_477' title='bbox 1578 2003 1841 2047; x_wconf 76' lang='lat' dir='ltr'>quibuscumtpie.</span> 
     </span>
    </p>

    <p class='ocr_par' dir='ltr' id='par_1_34' title="bbox 1143 2056 1842 2101">
     <span class='ocr_line' id='line_1_96' title="bbox 1143 2056 1842 2101; baseline -0.003 -10"><span class='ocrx_word' id='word_1_478' title='bbox 1143 2059 1255 2091; x_wconf 88' lang='lat' dir='ltr'>Datum</span> <span class='ocrx_word' id='word_1_479' title='bbox 1280 2059 1408 2100; x_wconf 81' lang='lat' dir='ltr'>Romae,</span> <span class='ocrx_word' id='word_1_480' title='bbox 1433 2057 1515 2101; x_wconf 89' lang='lat' dir='ltr'>apud</span> <span class='ocrx_word' id='word_1_481' title='bbox 1539 2058 1568 2090; x_wconf 79' lang='lat' dir='ltr'>S.</span> <span class='ocrx_word' id='word_1_482' title='bbox 1593 2056 1722 2089; x_wconf 79' lang='lat' dir='ltr'>Mariam</span> <span class='ocrx_word' id='word_1_483' title='bbox 1747 2057 1842 2090; x_wconf 83' lang='lat' dir='ltr'>Maio-</span> 
     </span>
    </p>
   </div>
   <div class='ocr_carea' id='block_1_31' title="bbox 1083 2109 1838 2152">
    <p class='ocr_par' dir='ltr' id='par_1_35' title="bbox 1083 2109 1838 2152">
     <span class='ocr_line' id='line_1_97' title="bbox 1083 2109 1838 2152; baseline -0.004 -6"><span class='ocrx_word' id='word_1_484' title='bbox 1083 2138 1084 2147; x_wconf 59' lang='lat'>.</span> <span class='ocrx_word' id='word_1_485' title='bbox 1102 2122 1166 2145; x_wconf 89' lang='lat' dir='ltr'>rem</span> <span class='ocrx_word' id='word_1_486' title='bbox 1182 2139 1190 2152; x_wconf 90' lang='lat'>,</span> <span class='ocrx_word' id='word_1_487' title='bbox 1218 2111 1277 2144; x_wconf 89' lang='lat' dir='ltr'>sub</span> <span class='ocrx_word' id='word_1_488' title='bbox 1306 2111 1421 2144; x_wconf 89' lang='lat' dir='ltr'>annulo</span> <span class='ocrx_word' id='word_1_489' title='bbox 1439 2109 1606 2144; x_wconf 74' lang='lat' dir='ltr'>piscatoris</span> <span class='ocrx_word' id='word_1_490' title='bbox 1620 2137 1628 2151; x_wconf 91' lang='lat'>,</span> <span class='ocrx_word' id='word_1_491' title='bbox 1649 2109 1699 2143; x_wconf 91' lang='lat' dir='ltr'>die</span> <span class='ocrx_word' id='word_1_492' title='bbox 1719 2120 1759 2144; x_wconf 84' lang='lat' dir='ltr'>xv</span> <span class='ocrx_word' id='word_1_493' title='bbox 1787 2120 1838 2143; x_wconf 91' lang='lat' dir='ltr'>se-</span> 
     </span>
    </p>
   </div>
   <div class='ocr_carea' id='block_1_32' title="bbox 1100 2163 1841 2253">
    <p class='ocr_par' dir='ltr' id='par_1_36' title="bbox 1100 2163 1841 2253">
     <span class='ocr_line' id='line_1_98' title="bbox 1100 2163 1841 2209; baseline -0.003 -11"><span class='ocrx_word' id='word_1_494' title='bbox 1100 2165 1253 2209; x_wconf 86' lang='lat' dir='ltr'>ptembris</span> <span class='ocrx_word' id='word_1_495' title='bbox 1289 2174 1469 2206; x_wconf 75' lang='lat' dir='ltr'>uncxxxn,</span> <span class='ocrx_word' id='word_1_496' title='bbox 1505 2164 1706 2208; x_wconf 82' lang='lat' dir='ltr'>pontificatus</span> <span class='ocrx_word' id='word_1_497' title='bbox 1741 2163 1841 2198; x_wconf 88' lang='lat' dir='ltr'>nostri</span> 
     </span>
     <span class='ocr_line' id='line_1_99' title="bbox 1101 2229 1229 2253; baseline 0 -2"><span class='ocrx_word' id='word_1_498' title='bbox 1101 2229 1229 2253; x_wconf 81' lang='lat' dir='ltr'>annox.</span> 
     </span>
    </p>
   </div>
   <div class='ocr_carea' id='block_1_33' title="bbox 1137 2280 1840 2316">
    <p class='ocr_par' dir='ltr' id='par_1_37' title="bbox 1137 2280 1840 2316">
     <span class='ocr_line' id='line_1_100' title="bbox 1137 2280 1840 2316; baseline -0.004 -7"><span class='ocrx_word' id='word_1_499' title='bbox 1137 2281 1193 2310; x_wconf 72' lang='lat' dir='ltr'>Dat.</span> <span class='ocrx_word' id='word_1_500' title='bbox 1213 2281 1256 2308; x_wconf 86' lang='lat' dir='ltr'>die</span> <span class='ocrx_word' id='word_1_501' title='bbox 1280 2280 1310 2308; x_wconf 78' lang='lat'>¹5</span> <span class='ocrx_word' id='word_1_502' title='bbox 1326 2280 1489 2316; x_wconf 79' lang='lat' dir='ltr'>septembris</span> <span class='ocrx_word' id='word_1_503' title='bbox 1510 2280 1588 2314; x_wconf 74' lang='lat'>1632,</span> <span class='ocrx_word' id='word_1_504' title='bbox 1609 2280 1705 2316; x_wconf 84' lang='lat' dir='ltr'>pontif.</span> <span class='ocrx_word' id='word_1_505' title='bbox 1727 2287 1798 2308; x_wconf 83' lang='lat' dir='ltr'>anno</span> <span class='ocrx_word' id='word_1_506' title='bbox 1813 2286 1840 2306; x_wconf 79' lang='lat' dir='ltr'>x.</span> 
     </span>
    </p>
   </div>
   <div class='ocr_carea' id='block_1_34' title="bbox 1368 2347 1577 2352">
    <p class='ocr_par' dir='ltr' id='par_1_38' title="bbox 1368 2347 1577 2352">
     <span class='ocr_line' id='line_1_101' title="bbox 1368 2347 1577 2352; baseline 0 0"><span class='ocrx_word' id='word_1_507' title='bbox 1368 2347 1577 2352; x_wconf 95' lang='lat' dir='ltr'> </span> 
     </span>
    </p>
   </div>
   <div class='ocr_carea' id='block_1_35' title="bbox 1415 2417 1550 2451">
    <p class='ocr_par' dir='ltr' id='par_1_39' title="bbox 1415 2417 1550 2451">
     <span class='ocr_line' id='line_1_102' title="bbox 1415 2417 1550 2451; baseline -0.007 0"><span class='ocrx_word' id='word_1_508' title='bbox 1415 2417 1550 2451; x_wconf 70' lang='lat' dir='ltr'>CDXLv.</span> 
     </span>
    </p>
   </div>
   <div class='ocr_carea' id='block_1_36' title="bbox 1102 2487 1845 2694">
    <p class='ocr_par' dir='ltr' id='par_1_40' title="bbox 1102 2487 1845 2694">
     <span class='ocr_line' id='line_1_103' title="bbox 1102 2487 1844 2523; baseline -0.001 -1"><span class='ocrx_word' id='word_1_509' title='bbox 1102 2488 1254 2523; x_wconf 63' lang='lat' dir='ltr'>Dederat</span> <span class='ocrx_word' id='word_1_510' title='bbox 1268 2489 1349 2522; x_wconf 76' lang='lat' dir='ltr'>bona</span> <span class='ocrx_word' id='word_1_511' title='bbox 1363 2489 1597 2522; x_wconf 72' lang='lat' dir='ltr'>monachormn</span> <span class='ocrx_word' id='word_1_512' title='bbox 1619 2487 1754 2522; x_wconf 75' lang='lat' dir='ltr'>Ordinis</span> <span class='ocrx_word' id='word_1_513' title='bbox 1769 2498 1844 2522; x_wconf 68' lang='lat' dir='ltr'>stm-</span> 
     </span>
     <span class='ocr_line' id='line_1_104' title="bbox 1147 2541 1843 2586; baseline -0.003 -10"><span class='ocrx_word' id='word_1_514' title='bbox 1147 2544 1190 2577; x_wconf 77' lang='lat' dir='ltr'>cti</span> <span class='ocrx_word' id='word_1_515' title='bbox 1205 2542 1372 2576; x_wconf 77' lang='lat' dir='ltr'>Benedicti</span> <span class='ocrx_word' id='word_1_516' title='bbox 1382 2542 1648 2586; x_wconf 68' lang='lat' dir='ltr'>ConsJrcqaliom&#39;s</span> <span class='ocrx_word' id='word_1_517' title='bbox 1661 2541 1843 2585; x_wconf 73' lang='lat' dir='ltr'>Hispania-</span> 
     </span>
     <span class='ocr_line' id='line_1_105' title="bbox 1146 2595 1845 2639; baseline -0.003 -10"><span class='ocrx_word' id='word_1_518' title='bbox 1146 2607 1238 2637; x_wconf 74' lang='lat' dir='ltr'>rum,</span> <span class='ocrx_word' id='word_1_519' title='bbox 1266 2607 1321 2629; x_wconf 70' lang='lat' dir='ltr'>scu.</span> <span class='ocrx_word' id='word_1_520' title='bbox 1345 2596 1567 2639; x_wconf 67' lang='lat' dir='ltr'>Anqlicanae,</span> <span class='ocrx_word' id='word_1_521' title='bbox 1596 2596 1632 2628; x_wconf 76' lang='lat' dir='ltr'>in</span> <span class='ocrx_word' id='word_1_522' title='bbox 1655 2595 1845 2639; x_wconf 62' lang='lat' dir='ltr'>Anylz&#39;camt</span> 
     </span>
     <span class='ocr_line' id='line_1_106' title="bbox 1147 2649 1844 2694; baseline 0.001 -12"><span class='ocrx_word' id='word_1_523' title='bbox 1147 2650 1300 2684; x_wconf 61' lang='lat' dir='ltr'>omissione</span> <span class='ocrx_word' id='word_1_524' title='bbox 1322 2650 1556 2691; x_wconf 72' lang='lat' dir='ltr'>laborantium,</span> <span class='ocrx_word' id='word_1_525' title='bbox 1572 2653 1643 2694; x_wconf 72' lang='lat' dir='ltr'>post</span> <span class='ocrx_word' id='word_1_526' title='bbox 1660 2649 1795 2685; x_wconf 70' lang='lat' dir='ltr'>illorum</span> <span class='ocrx_word' id='word_1_527' title='bbox 1811 2659 1844 2683; x_wconf 77' lang='lat'>0-</span> 
     </span>
    </p>
   </div>
  </div>
 </body>
</html>
