2226 3235
170 253 219 280 An.
236 252 264 280 C.
286 252 354 280 1629

983 255 1124 279 URBANUS
1149 255 1205 279 ¹:111
1229 256 1277 279 PP.

366 310 461 344 super
484 302 653 334 necessarii
678 302 821 347 deputari
846 303 990 344 debeant,
1012 303 1108 347 depu-

366 353 477 386 tandos
502 354 673 397 exigendIS,
698 361 829 397 certam,
853 357 991 401 alioquin
1016 356 1105 390 suffi-

367 406 512 447 cientem,
532 408 719 452 portionem,
740 409 778 441 ab
804 409 915 444 eodem
939 409 1107 444 Francisco

367 459 516 492 cardinali
541 466 571 494 et
595 462 862 496 commendatario
882 473 940 506 pro
965 468 1106 506 tempore

366 513 517 548 existente
541 515 755 554 taxanda1n„¹
786 527 844 559 pro
879 517 963 549 cultu
992 516 1104 550 unius-

367 566 517 611 cuiusque
550 569 699 601 ecclesiae
725 574 754 602 et
779 570 915 602 fabricae
940 579 1107 602 conscrva-

367 620 460 661 tione,
478 626 512 654 et
531 632 589 665 pro
614 622 823 666 adimplendis
847 623 996 656 oneribus
1021 622 1107 655 cuili-

365 673 417 706 bet
441 673 594 708 dictarum
613 676 817 709 ecclesiarum
844 676 1106 715 incumbentibus,

365 731 396 759 et
419 729 654 762 manutentione
678 729 876 763 sacerdotum
900 729 1104 770 secularium,

365 781 413 814 vel
437 782 574 816 cuiusvis
598 783 723 816 Ordinis
740 783 944 827 regularium,
963 783 993 815 in
1008 783 1019 799 '²
1042 793 1107 815 mo-

365 835 493 868 nasterii
515 836 544 869 S.
563 836 741 878 Salinatoris,
759 842 798 878 et,
818 837 870 869 ubi
896 846 976 880 opus
1001 835 1104 875 suerit,

364 888 559 932 prioratuum
568 890 779 934 praefatorum
789 889 928 923 ecclesiis
938 889 1106 933 praedictis

365 943 587 984 residentium,
612 949 642 976 et
665 944 798 977 aliorum
825 943 1023 977 sacerdotum
1048 943 1105 976 hu-

364 996 500 1029 iusmodi
525 997 651 1030 servitio
671 997 889 1037 insistentium,
906 1007 1026 1030 necnon
1047 1007 1104 1040 pro

365 1051 602 1084 necessitatibus
619 1056 650 1083 et
666 1050 847 1093 indigentiis
864 1051 1021 1084 dictorum
1042 1061 1106 1084 mo-

364 1105 576 1137 nasteriorum
604 1109 635 1137 et
659 1105 785 1138 illorum
811 1105 1030 1149 prioratuum,
1051 1105 1104 1149 qui

364 1157 553 1190 sufficientes
574 1168 657 1190 nunc
683 1163 713 1191 et
736 1169 794 1202 pro
816 1163 957 1202 tempore
974 1169 1036 1192 non
1052 1158 1105 1191 ha-

363 1209 489 1244 buerint
518 1210 681 1252 redditus,
715 1211 940 1244 detrahendam
957 1211 978 1252 ⁸,
1011 1215 1105 1255 prout

363 1264 456 1296 etiam
470 1264 641 1306 residuum,
652 1265 689 1298 ad
703 1275 934 1308 quamcumque
949 1276 1104 1298 summam

363 1317 457 1350 etiam
474 1318 645 1351 notabilem
663 1319 845 1358 ascendens,
865 1329 962 1361 penes
980 1329 1103 1351 sacrum

363 1371 500 1404 Montem
524 1372 647 1415 pietatis
672 1372 709 1404 de
734 1372 817 1404 dicta
843 1372 944 1411 L'rbe,
974 1376 1026 1405 aut
1054 1373 1105 1404 ali-

363 1435 457 1467 quam
482 1425 591 1458 aedem
616 1436 752 1467 sacram,
778 1425 825 1457 vel
850 1436 1016 1469 personam
1043 1426 1104 1458 fide

364 1484 394 1525 et
407 1479 604 1512 facultatibus
619 1479 774 1519 idoneam,
785 1489 842 1522 per
852 1479 998 1511 eumdem
1012 1479 1105 1512 Fran-

364 1531 482 1564 ciseum
507 1532 698 1565 cardinalem
723 1537 752 1564 et
776 1542 835 1575 pro
871 1536 1015 1575 tempore
1039 1533 1104 1571 exi-

363 1590 495 1618 stentem
521 1585 595 1618 dicti
629 1585 811 1618 monasterii
837 1585 992 1618 Farfensis
1018 1595 1104 1619 com-

362 1638 602 1679 mendatarium,
625 1639 663 1671 ad
689 1638 833 1671 effectum
859 1639 1103 1682 infrascriptum,

362 1693 584 1737 deponendum
610 1697 639 1727 et
663 1693 911 1726 conservandum
927 1721 934 1734 ,
960 1693 1013 1726 uni
1049 1704 1103 1726 seu

362 1746 506 1790 pluribus
524 1746 701 1780 seminariis
725 1747 757 1778 in
782 1747 853 1780 loeo
874 1757 929 1779 seu
951 1746 1029 1780 locis
1047 1758 1104 1791 per

363 1799 507 1832 eumdem
529 1799 832 1833 commendatarium
857 1801 952 1832 semel
970 1801 1017 1832 vel
1038 1801 1104 1844 plu·

362 1852 424 1885 ries
441 1852 509 1885 eius
526 1853 659 1886 arbitrio
676 1853 840 1895 eligendis,
858 1858 888 1885 et
904 1864 963 1897 pro
980 1853 1103 1886 clericis

363 1906 463 1938 eidem
478 1906 646 1940 francisco
667 1906 818 1939 cardinali
839 1912 869 1939 et
884 1917 943 1950 pro
960 1912 1103 1950 tempore

362 1959 505 1993 existenti
529 1960 796 1993 commendatario
813 1960 970 1993 dictorum
995 1971 1102 1993 mona-

361 2013 573 2046 nasteriorum
609 2013 779 2054 subiectis,
810 2019 839 2046 et
872 2013 1041 2057 praecipue
1066 2024 1102 2046 ex

362 2068 439 2100 locis
463 2067 645 2101 monasterii
671 2068 700 2100 S
726 2067 896 2100 Salvatoris
921 2072 951 2099 et
974 2068 1100 2111 priora-

362 2126 451 2153 tuum
475 2121 689 2164 praesatorum
714 2121 866 2161 oriundis,
883 2126 922 2161 et,
940 2121 971 2153 in
992 2131 1101 2153 eorum

363 2174 504 2207 omnium
518 2174 684 2217 defectum,
699 2174 767 2207 aliis
782 2185 838 2218 per
852 2175 996 2207 eumdem
1012 2175 1104 2207 Fran-

363 2227 481 2260 ciscum
507 2228 697 2261 cardinalem
728 2233 758 2262 et
782 2239 840 2271 pro
871 2234 1014 2272 tempore
1039 2229 1103 2261 exi-

363 2286 495 2314 stentem
521 2281 825 2314 commendatarium
850 2282 1018 2325 eligendis,
1050 2282 1102 2325 qui

362 2335 395 2366 in
419 2345 456 2368 eo
481 2345 537 2368 seu
561 2336 605 2368 eis
629 2336 773 2376 alantur,
798 2341 828 2368 et
852 2336 999 2378 religiose
1028 2336 1102 2369 edu-

363 2395 490 2429 centur,
516 2393 545 2421 et
569 2389 601 2421 in
624 2389 844 2431 ecclesiasticis
877 2389 1049 2432 disciplinis
1075 2395 1102 2422 et

362 2442 601 2476 humanioribus
626 2443 738 2475 litteris
762 2443 967 2484 instruantur,
987 2447 1015 2476 et
1042 2448 1105 2475 tan-

400 2533 409 2558 1
430 2532 570 2559 Coniunct.
587 2534 614 2560 et
629 2531 751 2559 delemus
766 2531 803 2567 (n.
820 2533 867 2566 r).

397 2575 413 2603 2
430 2576 662 2612 praepositionem
678 2576 710 2603 in
727 2584 776 2603 nos
791 2576 916 2604 addimus
934 2577 972 2612 (n.
988 2577 1038 2612 T.).

397 2621 413 2649 3
433 2621 562 2657 Legerem
581 2622 718 2655 detrahi,
742 2630 838 2657 nempe
862 2622 1054 2655 mandamus,
1076 2626 1105 2649 ut

361 2673 420 2702 seq.
439 2668 480 2702 (n.
498 2669 545 2701 τ.).

1808 245 1844 278 91

1142 303 1212 336 dem
1231 302 1433 336 ecclesiarum
1450 302 1624 335 ministerio
1649 302 1770 341 adduci,
1788 308 1880 346 atque

1142 356 1318 389 animarum
1344 366 1437 389 curae
1462 356 1631 388 salubriter
1655 354 1806 399 praetici¹
1827 366 1881 388 xa-

1143 409 1234 448 leant‚
1260 410 1412 453 applicari
1433 410 1552 454 pariter
1577 410 1781 449 maudamus;

1186 463 1200 505 ξ
1226 463 1276 495 15.
1303 463 1433 496 Demum
1465 474 1575 496 omues
1607 469 1636 495 et
1666 473 1881 507 quascumque

1142 516 1221 559 lites,
1239 527 1347 549 causas
1372 522 1401 550 et
1426 517 1666 557 controversias,
1683 507 1762 560 quae
1787 528 1882 560 super

1140 570 1333 612 praemissis,
1351 576 1383 602 ut
1403 571 1589 614 praefertur,
1607 576 1659 603 aut
1677 571 1752 603 alias
1772 570 1882 614 quovis

1141 623 1235 656 modo
1264 629 1368 656 motae
1392 630 1421 656 et
1445 626 1577 665 agitatae
1603 625 1826 668 reperiuntur,
1852 624 1881 656 in

1141 681 1220 708 statu
1247 680 1276 710 et
1301 669 1443 709 terminis
1468 678 1497 709 in
1523 678 1636 720 quibus
1661 678 1882 720 reperiuntur,

1141 730 1232 762 etiam
1254 730 1278 762 si
1300 731 1470 764 instructae
1492 736 1518 765 et
1542 732 1570 763 in
1592 732 1712 764 calculo
1737 731 1883 764 serendae

1140 784 1311 816 sententiae
1337 785 1490 825 existant,
1515 796 1569 817 seu
1595 786 1618 817 si
1645 786 1674 817 iu
1701 785 1745 817 eis
1769 785 1806 817 ad
1828 785 1882 816 ali-

1139 847 1219 880 quos
1243 842 1330 870 actus
1355 848 1407 869 seu
1434 838 1553 881 aliquas
1575 837 1763 877 derisiones,
1788 837 1881 870 etiam

1139 890 1177 922 ad
1209 890 1348 923 savorem
1382 891 1588 934 praesidentis
1621 896 1651 923 et
1682 891 1881 934 superiorum

1140 944 1394 987 congregationis
1411 944 1603 978 Cassinensis
1622 945 1814 985 huiusmodi,
1830 950 1883 977 aut

1139 998 1324 1041 quorumvis
1349 998 1494 1037 aliorum,
1515 997 1681 1030 deventum
1707 998 1755 1039 sit,
1777 1008 1792 1029 a
1814 998 1882 1041 qui-

1139 1050 1335 1094 buscumque
1360 1050 1538 1091 iudicibus,
1569 1061 1674 1083 coram
1705 1050 1820 1093 quibus
1843 1051 1881 1083 de

1140 1104 1297 1148 praesenti
1315 1104 1460 1148 pendent,
1479 1116 1533 1137 seu
1558 1105 1626 1137 aliis
1647 1105 1814 1137 ordinariis
1834 1105 1882 1137 vel

1139 1158 1302 1200 delegatis,
1323 1168 1357 1191 ae
1379 1158 1487 1202 quavis
1507 1159 1702 1198 auctoritate,
1721 1158 1881 1200 dignitate,

1139 1212 1187 1244 rel
1213 1212 1396 1244 excellentia
1421 1212 1624 1254 fulgentibus,
1652 1212 1764 1244 luirum
1790 1211 1880 1252 serie,

1140 1270 1236 1305 ruotu,
1264 1265 1391 1299 scientia
1419 1270 1448 1297 et
1473 1265 1698 1298 delibmatione
1723 1276 1759 1298 ac
1783 1270 1884 1308 potes-

1139 1319 1208 1351 tatIs
1233 1319 1426 1362 plenitudine
1451 1319 1597 1362 paribus,
1624 1319 1660 1351 ad
1686 1329 1742 1351 nos
1771 1329 1882 1352 avoca—

1139 1383 1228 1411 mus,
1261 1373 1412 1416 illasque,
1438 1373 1482 1405 sie
1507 1378 1672 1413 artsujratas,
1701 1372 1824 1415 penitus
1853 1378 1883 1405 et

1139 1426 1266 1459 omnino
1293 1426 1520 1468 extinguimus,
1547 1436 1684 1465 necnon,
1709 1432 1772 1458 tani
1797 1436 1883 1469 prae-

1138 1479 1251 1511 sidenti
1301 1484 1330 1511 et
1369 1479 1588 1522 superioribus
1628 1479 1882 1521 congregationis

1137 1532 1328 1565 Cassinensis
1346 1535 1373 1566 el
1392 1533 1554 1565 monacbis
1573 1533 1754 1565 monasterii
1772 1534 1800 1565 S.
1820 1532 1883 1565 Sal-

1137 1586 1253 1619 vatoris
1278 1590 1308 1618 et
1333 1586 1529 1629 prioratuum
1559 1586 1761 1625 huiusmodi,
1787 1596 1880 1628 quam

1137 1639 1300 1683 quibusvis
1317 1640 1385 1672 aliis
1401 1639 1549 1672 interesse
1567 1640 1596 1671 in
1613 1639 1794 1683 praemissis
1807 1650 1882 1683 quo-

1137 1693 1309 1726 modolibet
1340 1693 1541 1733 habentibus,
1571 1694 1617 1726 rel
1647 1693 1762 1725 babere
1789 1703 1880 1736 prae-

1137 1746 1348 1787 tendentibus,
1366 1757 1461 1790 super
1480 1747 1663 1790 praemissis
1688 1746 1834 1779 omnibus
1851 1750 1881 1780 ct

1137 1801 1268 1842 singulis
1289 1806 1477 1844 perpetuum
1503 1801 1659 1834 silentium
1678 1800 1879 1843 iinponimus;

1136 1854 1345 1897 praestitisque
1363 1865 1418 1887 seu
1438 1854 1601 1897 quibusvis
1622 1854 1689 1886 aliis
1715 1854 1879 1894 iudicibus,

1137 1907 1230 1941 eiiam
1256 1917 1422 1940 causarum
1452 1907 1525 1939 dir-ti
1551 1907 1656 1950 palatii
1682 1907 1879 1939 auditoribus

1137 1966 1166 1993 et
1183 1960 1377 2004 cappellanis
1401 1961 1527 2001 nostris,
1544 1971 1581 1993 ne
1600 1960 1729 2004 posthac
1743 1960 1781 1993 de
1798 1966 1879 1993 statu

1137 2018 1167 2045 et
1193 2014 1314 2045 meritis
1338 2013 1441 2045 litium
1467 2019 1497 2045 et
1522 2024 1685 2046 causarum
1707 2014 1880 2057 praedicta-

1136 2077 1218 2106 rum,
1247 2072 1309 2098 tam
1335 2067 1440 2099 forsan
1473 2066 1511 2098 ad
1544 2067 1721 2100 instantiam
1754 2067 1876 2110 praesi-

1137 2119 1237 2152 dentis
1269 2125 1299 2152 et
1323 2121 1524 2164 superiorum
1551 2120 1806 2163 congregationis
1831 2120 1879 2152 vel

1137 2174 1365 2206 monachorum
1392 2174 1574 2207 monasterii
1601 2175 1629 2207 S,
1656 2174 1824 2206 Salvatoris
1850 2177 1879 2206 et

1136 2227 1333 2269 prioratuum
1358 2228 1548 2270 huiusmodi,
1579 2238 1671 2271 quam
1693 2227 1878 2271 quorumvis

1137 2281 1282 2321 aliorum,
1300 2281 1492 2314 coniunctim
1515 2282 1561 2314 rel
1586 2282 1720 2321 divisim,
1742 2281 1879 2314 introdu-

1137 2333 1298 2376 ctarum2,
1331 2345 1367 2367 ac
1398 2335 1522 2368 iuribus
1546 2340 1575 2367 et
1606 2334 1878 2378 praetensionilnis

1137 2398 1258 2429 eorum,
1278 2398 1361 2421 nunc
1385 2389 1432 2421 vel
1457 2388 1720 2432 quandocumque
1744 2388 1774 2420 in
1799 2388 1878 2421 sutu-

1137 2453 1206 2475 rum
1229 2453 1441 2485 cognoscere,
1466 2443 1631 2485 minusque
1656 2443 1738 2485 ipsas
1762 2448 1876 2485 partes,

1137 2500 1189 2530 aut
1211 2496 1288 2529 alios
1304 2496 1334 2528 in
1357 2496 1538 2540 praemissis
1558 2496 1708 2528 interesse
1725 2496 1878 2528 habentes

1138 2551 1184 2583 vel
1201 2550 1317 2583 habere
1341 2550 1592 2594 praetendentes,
1610 2550 1648 2582 ad
1665 2550 1790 2582 illarum
1807 2560 1878 2594 pro-

1174 2622 1183 2647 l
1204 2620 1270 2648 Mate
1285 2621 1349 2648 edit.
1367 2620 1446 2648 Maia.
1462 2621 1526 2656 legit
1537 2621 1639 2656 perfici
1656 2622 1692 2657 (Β,
1709 2622 1757 2655 Τ.).

1173 2666 1188 2692 2
1209 2666 1279 2694 Edit.
1295 2666 1374 2693 Main.
1392 2666 1455 2701 legit
1470 2667 1703 2695 introductorum
1719 2668 1757 2701 (n.
1774 2667 1822 2702 T.).

1897 255 1946 281 An.
1962 255 1989 282 C.
2012 256 2078 282 1629

1920 479 1933 498 (ἶ
1942 483 1999 498 {11:55
2011 482 2082 496 ornnes

1898 507 1997 528 extinguit
2016 506 2036 523 et
2055 504 2081 524 ,nl

1898 538 1919 551 su
1936 534 2019 551 „ito-ut.
