2248 3229
225 221 279 253 An.
300 223 328 252 C.
344 223 416 252 ’1633
462 214 526 249 3⁶22

276 1090 416 1115 Iiupeatieutes

231 1117 353 1137 huiusmodi
380 1122 417 1137 ac-

231 1149 314 1163 cessum
331 1148 417 1164 exeom-

234 1170 334 1192 municat.

308 1571 419 1597 nangius-is

235 1599 310 1622 missis,
324 1601 343 1618 ut
360 1600 419 1617 utan-

235 1628 268 1645 tur
291 1625 419 1645 catechismo

234 1658 322 1672 romano
344 1653 364 1671 et
384 1652 419 1670 dn-

234 1679 303 1698 ctrina
322 1678 420 1698 christia-

235 1711 262 1725 na
306 1704 419 1724 cardinatis

235 1731 363 1751 Bellariniuii
400 1737 419 1751 in

236 1757 364 1777 instruendis
381 1757 420 1777 illis

236 1783 332 1809 gentihus
357 1789 420 1811 prae-

236 1811 295 1836 cipit.

424 277 666 317 nuncupentur,
690 279 772 304 nunc
798 274 827 305 et
850 279 908 314 pro
935 275 1076 314 tempore
1101 270 1184 302 011-7

425 327 600 366 stentibus‚
624 324 809 358 auctoritate
837 323 1030 368 apostolica,
1055 328 1165 357 tenore

425 378 653 425 praesentium,
672 377 874 411 concedimus
899 383 929 410 et
953 377 1163 420 indulgemus,

426 438 470 474 ut,
490 443 561 466 cum
587 432 631 465 eis
656 431 805 476 expedire
825 432 926 465 visum
951 431 1055 472 suerit,
1074 442 1164 475 quos-

426 487 502 519 libet
526 497 654 519 suarum
678 486 880 529 religionum,
906 485 1057 519 Ordinum
1075 490 1105 518 et
1122 485 1167 517 in-

427 540 525 572 stituti
549 539 733 583 religiosos,
758 550 837 584 quos
862 544 974 580 aetate,
1000 539 1072 580 vita,
1098 549 1165 572 mo-

426 593 514 626 ribus
531 598 561 626 et
581 593 710 626 scientia
723 593 852 626 idoneos
869 603 936 626 esse
949 592 988 625 ad
1002 592 1166 626 missiones

427 646 643 688 iudicaverint,
668 647 706 679 ad
730 646 1068 691 p1·aedictas·insulas‚
1093 657 1167 690 pro-

427 700 559 741 vincias,
583 700 729 744 regiones
753 705 783 733 et
808 711 904 744 regna
928 700 1033 734 Indiae
1064 699 1167 734 orien-

429 755 499 787 talis
524 754 616 788 etiam
637 765 693 798 per
717 754 792 788 alias
818 755 882 788 vias
907 765 1000 798 quam
1025 764 1083 799 per
1107 754 1167 786 Lu-

429 808 573 841 sitaniam
601 808 700 841 libere
729 813 758 841 et
790 808 872 842 licite
901 808 1023 842 mittere
1048 808 1169 852 possint

430 872 465 894 ac
500 862 640 904 valeant,
674 864 796 896 servata
834 867 935 895 tamen
971 862 1002 894 in
1038 861 1168 905 reliquis

430 916 643 960 praefatarum
660 917 836 949 litterarum
854 915 1020 949 Clementis
1042 915 1170 960 praede-

430 970 564 1003 cessoris
587 970 687 1003 nostri
711 970 812 1003 forma
837 969 868 1002 in
892 969 1039 1003 omnibus
1059 973 1088 1003 et
1112 979 1170 1013 per

431 1023 545 1067 onmia,
560 1029 590 1057 et
609 1034 673 1058 non
693 1024 793 1065 aliter,

476 1078 491 1121 ς
515 1077 543 1111 5.
562 1078 689 1111 Necnon
706 1087 923 1122 quoscumque
944 1076 1170 1111 ecclesiasticos

432 1136 461 1164 et
485 1131 652 1175 religiosos
675 1131 903 1175 cuiuscumque
927 1130 1072 1172 Ordinis,
1107 1135 1169 1163 tam

431 1195 495 1219 non
518 1185 760 1219 Mendicantium
785 1195 878 1229 quam
908 1183 1148 1217 Mendicantium
1162 1211 1170 1225 ,

432 1239 525 1273 etiam
549 1239 711 1272 Societatis
736 1239 815 1279 lesu,
840 1242 869 1272 et
893 1238 1065 1280 seculares,
1091 1237 1166 1270 reli-

432 1292 604 1335 giosorum,
629 1297 663 1324 ut
685 1292 872 1336 praefertur,
890 1291 1115 1324 mittendorum
1133 1290 1171 1323 ad

432 1345 570 1386 insulas,
603 1345 804 1389 provincias,
837 1344 982 1388 regiones
1015 1349 1045 1377 et
1075 1354 1171 1387 regna

432 1398 595 1443 praedicta
619 1409 779 1432 accessum
804 1398 985 1432 huiusmodi
1002 1397 1173 1442 impedien-

433 1457 500 1493 tes,
525 1452 859 1485 excommunicationis
891 1452 970 1485 latae
1001 1451 1172 1485 sententiae

433 1506 557 1540 vinculo
582 1506 778 1539 innodamus.

479 1558 540 1601 §e
566 1559 740 1602 Religiosos
766 1569 851 1599 vero,
876 1563 909 1591 ut
934 1569 1027 1602 supra
1053 1557 1174 1591 mitten-

435 1612 501 1653 dos,
518 1622 553 1645 ac
571 1613 663 1645 etiam
682 1613 804 1653 missos,
819 1612 893 1645 etin
907 1611 1075 1656 praedictis
1096 1611 1173 1644 locis

434 1676 518 1699 nunc
543 1666 701 1709 degentes,
726 1666 897 1710 plurimum
912 1666 942 1698 in
956 1665 1088 1699 Domino
1104 1665 1175 1697 hor-

435 1724 549 1761 tamur,
573 1726 607 1753 ut
631 1720 663 1752 in
687 1720 828 1753 docendo
856 1720 1000 1763 populos,
1025 1724 1053 1752 et
1077 1729 1171 1762 prae-

435 1774 543 1806 sertim
568 1774 605 1807 de
636 1774 753 1807 recenti
779 1774 816 1806 ad
846 1773 940 1805 sidem
972 1773 1173 1805 christianam

436 1838 615 1868 conversos,
631 1828 803 1861 uniformes
820 1827 890 1868 sint,
905 1837 942 1859 ne
961 1826 1001 1859 ob
1015 1826 1175 1859 doctrinae

435 1880 658 1921 diversitatem,
683 1880 868 1924 praesertim
894 1880 925 1912 in
950 1879 1088 1913 materiis
1110 1890 1175 1912 mo-

435 1934 576 1975 ralibus,
602 1934 751 1978 neophyti
775 1934 819 1966 1111
844 1933 971 1977 aliquod
996 1933 1176 1966 scandalum

434 1989 602 2032 patiantur.
628 1989 674 2029 Et,
700 1988 772 2032 quia
797 1988 827 2020 in
849 1988 906 2020 hac
927 1998 960 2020 re
983 1987 1176 2030 generalium

435 2042 649 2085 praefatorum
675 2052 781 2073 curam
807 2046 836 2073 et
863 2040 1056 2083 vigilantiam
1081 2040 1177 2084 pluri-

437 2106 522 2128 mum
547 2096 744 2139 profuturam
769 2094 971 2135 arbitramur,
996 2093 1112 2126 eisdem
1134 2093 1178 2125 in-

437 2149 606 2192 iungimus,
627 2153 661 2181 ut
675 2148 851 2192 praedictos
866 2158 938 2181 suos
960 2148 1123 2190 religiosos
1140 2147 1178 2179 ad

438 2203 622 2237 servandam
638 2203 831 2247 praedictam
849 2202 1100 2236 conformitatem
1116 2211 1178 2234 sae-

437 2257 508 2301 pius
539 2257 755 2291 adhortentur.
787 2256 826 2289 Ut
856 2261 960 2289 autem
993 2256 1023 2288 id
1059 2256 1179 2288 facilius

439 2311 594 2352 succedat,
619 2310 749 2355 praefati
774 2310 913 2353 religiosi
936 2310 966 2342 in
988 2309 1178 2342 instruendis

439 2365 564 2410 populis
588 2364 823 2409 praedictorum
848 2365 991 2397 locorum
1016 2363 1121 2396 Indiae
1140 2363 1178 2396 O-

439 2419 578 2452 rientalis
592 2419 817 2451 catechismum
835 2418 1008 2451 Romanum
1024 2421 1053 2451 et
1066 2417 1180 2450 doctri-

439 2483 512 2505 nam
533 2472 734 2505 christianam
755 2482 883 2516 parvam
909 2477 938 2504 et
963 2482 1109 2514 magnam
1126 2471 1180 2504 bo-

439 2536 497 2558 nae
522 2526 693 2559 memoriae
718 2525 845 2559 Roberti
870 2530 994 2558 sanctae
1022 2526 1178 2558 Romanae

1007 222 1186 246 L'L'LLARIUM
1211 222 1367 246 ROMANUM

440 2579 597 2611 Ecclesiae
610 2579 777 2612 cardinalis
797 2578 976 2611 Bellarmini
997 2578 1177 2621 nuncupati,

442 2630 475 2664 in
486 2631 608 2674 linguas
622 2632 855 2675 praedictorum
873 2633 1065 2676 populorum
1081 2636 1179 2664 trans-

1950 223 2001 251 An.
2022 223 2052 251 C.
2071 222 2137 252 1633

1200 271 1260 304 lata
1277 274 1306 304 et
1323 269 1506 314 iinprcssa¹,
1529 270 1554 304 si
1573 271 1642 305 fieri
1666 272 1792 317 poterit,
1809 271 1937 307 omnino

1199 323 1377 357 adhibeant.

1244 378 1259 420 ἓ
1287 377 1315 409 7.
1344 377 1498 416 Quoniam
1526 381 1653 419 autem,
1678 378 1758 412 sicut
1780 389 1844 414 non
1873 380 1940 414 sine
1957 421 1961 425 ὁ
1981 394 2141 425 ‚enauimus-,in

1199 430 1295 470 animi
1311 431 1410 464 nostri
1427 430 1536 464 dolore
1553 430 1811 473 intelleximus‚in
1825 433 1940 478 Iaponc
1956 422 2142 469 ¹0¹l¹÷⁵sie1¹5ttt⁵s¹¹⁶r¹ssff

1956 481 2027 501 cipere
2036 481 2097 501 posse
2108 481 2141 495 sa·

1182 494 1216 532 ¹a
1246 484 1390 528 pluribus
1421 484 1511 517 annis
1543 490 1653 518 eontra
1679 485 1887 527 christianos,
1912 493 1942 520 et
1956 504 2064 522 tramenta
2078 502 2142 522 enam

1955 528 2089 554 parochialia
2129 534 2142 548 a

1957 561 2089 581 quocumque
2109 560 2142 574 sa-

1200 538 1386 582 praesertim
1418 537 1605 581 religiosos,
1641 538 1795 571 acerrima
1829 549 1938 583 perse-

1200 591 1310 636 quutio
1337 591 1395 624 suit
1426 597 1604 633 commota,
1637 602 1735 636 eaque
1768 602 1867 636 usque
1905 593 1943 626 ad
1957 581 2142 636 35223‘303‘313?

1202 655 1351 690 praesens
1376 645 1526 689 perdurat
1549 648 1579 679 et
1602 645 1706 689 viget,
1737 646 1883 679 omnibus
1914 636 2143 690 etl'tsst'ffiff'sst‘lt't}

1201 699 1332 742 singulis
1358 692 1537 732 christianis
1561 709 1645 732 nunc
1676 699 1707 732 in
1738 700 1852 744 Iaponc
1882 699 1944 733 exi-
1959 687 2110 713 ⁰P¹S⁰⁰¹³³¹⁰¹¹¹'

1201 754 1375 793 stentibus,
1402 757 1432 786 et
1454 763 1514 797 pro
1542 757 1684 797 tempore
1709 753 1845 795 suturis,
1869 758 1904 786 ut
1927 764 1944 786 a

1201 806 1364 850 quibusvis
1388 806 1611 849 sacerdotibus,
1639 811 1671 839 ut
1695 817 1790 850 supra
1812 817 1830 839 a
1855 817 1945 850 gene-

1202 860 1320 893 ralibus
1345 870 1455 893 eorum
1480 859 1553 893 illuc
1578 859 1681 893 missis
1703 870 1738 892 ac
1763 859 1944 902 mittendis,

1203 924 1338 957 quorum
1363 913 1485 957 copiam
1509 913 1627 946 habere
1650 918 1818 958 poterunt,
1842 923 1945 947 sacra-

1204 973 1307 1001 menta
1333 967 1490 1011 (ordinem
1518 972 1622 1000 tamen
1647 967 1857 1011 episcopalem
1881 977 1945 1001 non

1203 1021 1409 1065 requirentia)
1441 1020 1535 1053 etiam
1564 1020 1781 1064 parochialia,
1800 1021 1945 1054 ,durante

1203 1074 1359 1118 praesenti
1385 1084 1493 1107 rerum
1511 1078 1602 1114 statu,
1621 1073 1782 1118 suscipere
1799 1073 1898 1107 libere
1917 1077 1947 1107 et

1204 1127 1287 1161 licite
1311 1128 1453 1169 valeant,
1479 1127 1684 1161 concedimus
1707 1127 1825 1172 pariter
1851 1132 1881 1160 et
1904 1127 1947 1161 in-

1204 1181 1380 1224 dulgemus.

1248 1236 1264 1278 g
1283 1234 1311 1268 8.
1338 1235 1494 1276 Ceterum,
1513 1235 1587 1279 quia
1611 1245 1628 1267 a
1649 1234 1746 1268 sacris
1764 1235 1945 1279 canonibus,
1993 1275 1997 1278 ,
2036 1249 2147 1279 ηειῑςῡοξες

1206 1288 1414 1322 conciliorum
1440 1288 1585 1329 decretis,
1605 1299 1641 1322 ae
1665 1289 1846 1333 apostolicis
1872 1300 1946 1323 eon·
1962 1274 2147 1354 {iziiiissf’c‘iiu'ssssi

2006 1335 2058 1348 m'ls
2087 1335 2148 1350 nnn}-

1205 1342 1429 1382 stittuiouibus‚
1443 1342 1589 1375 omnibus
1608 1342 1775 1385 religiosis,
1798 1352 1834 1375 ac
1854 1343 1947 1375 etiam
1963 1360 2023 1384 mam>
2048 1361 2147 1376 exercere

1205 1395 1274 1428 aliis
1299 1394 1538 1437 ecclesiasticis,
1565 1395 1752 1439 praesertim
1786 1396 1817 1428 in
1850 1396 1947 1429 sacris
1963 1381 2147 1438 Evlssffiffumciss’

1206 1449 1369 1483 ordinibus
1402 1449 1600 1491 constitutis,
1627 1453 1806 1482 mercatura
1836 1454 1867 1483 et
1894 1460 1946 1483 ne·
1963 1436 2148 1486 3333÷s⁶20³l¹1¹5

1207 1503 1394 1546 gotiationes
1420 1503 1576 1536 seculares
1605 1502 1746 1536 districte
1777 1503 1947 1547 probiben—
1963 1490 2148 1541 Eituffilfd'iil’s

1208 1561 1279 1599 tur,
1305 1567 1341 1590 ac
1366 1556 1454 1589 valde
1479 1556 1684 1598 damnosum,
1711 1555 1894 1590 indecorum
1919 1562 1949 1590 et

1208 1610 1355 1643 indecens
1381 1610 1494 1651 existit,
1521 1609 1702 1643 huiusmodi
1726 1620 1879 1654 personas
1903 1610 1948 1643 di-

1208 1664 1279 1697 vino
1305 1664 1403 1697 cultui
1422 1663 1624 1707 mancipatas,
1642 1674 1677 1695 ae
1693 1663 1864 1707 praecipue
1881 1663 1949 1696 illas

1208 1728 1288 1762 quae
1306 1718 1344 1750 ad
1354 1717 1601 1762 praedicandum
1619 1723 1852 1751 sacrosanctum
1866 1717 1950 1751 Chr'i-

1209 1772 1245 1804 sti
1271 1771 1394 1804 Domini
1426 1771 1623 1814 evangelium
1656 1771 1827 1804 destinatae
1856 1775 1948 1813 sunt,

1210 1825 1357 1868 praefatis
1382 1824 1569 1857 mercaturis
1586 1827 1615 1858 et
1632 1824 1899 1867 negotiationibus
1917 1835 1950 1858 se

1210 1878 1389 1911 immiscere
1414 1884 1467 1911 aut
1491 1888 1621 1922 operam
1645 1878 1742 1919 dare,
1774 1878 1950 1922 praedicto-

1210 1943 1280 1965 rum
1306 1942 1468 1965 sacrorum
1494 1942 1659 1973 canonum,
1685 1942 1721 1965 ac
1737 1931 1950 1974 decretorum,

1211 1986 1532 2030 constitutionumque
1552 1985 1796 2030 apostolicarum
1817 1985 1951 2030 disposi-

1212 2039 1287 2073 tioni
1312 2039 1529 2083 inhaerentes,
1554 2039 1739 2073 auctoritate
1758 2040 1949 2084 apostoliea,

1211 2093 1394 2126 earumdem
1420 2097 1527 2128 tenore
1550 2093 1774 2137 praesentium,
1794 2093 1951 2137 religiosis

1212 2147 1356 2180 omnibus
1382 2147 1609 2191 cuiuscumque
1625 2147 1749 2181 Ordinis
1766 2151 1795 2181 et
1808 2147 1950 2188 instituti,

1213 2207 1275 2235 tam
1300 2211 1362 2234 non
1387 2201 1630 2235 Mendicantium
1656 2212 1750 2245 quam
1773 2201 1950 2234 Mendican-

1214 2256 1312 2297 tium,
1338 2255 1429 2288 ctiam
1465 2255 1628 2289 Societatis
1656 2256 1744 2297 lesu,
1777 2266 1966 2302 eorumque⁸

1213 2309 1354 2352 singulis,
1372 2313 1433 2343 tam
1455 2309 1485 2341 111
1510 2309 1677 2352 praedictis
1702 2309 1778 2342 locis
1794 2319 1877 2342 nunc
1891 2308 1952 2342 exi-

1213 2362 1375 2404 stentibus,
1402 2372 1495 2406 quam
1520 2362 1552 2394 in
1575 2362 1716 2395 futurum
1740 2362 1778 2395 ad
1799 2362 1851 2395 illa
1874 2362 1948 2395 mit-

1214 2416 1324 2458 tendis,
1351 2426 1474 2450 omnem
1496 2421 1524 2449 et
1541 2426 1773 2460 quamcumque
1790 2420 1948 2449 mercatu-

1212 2480 1279 2502 ram
1304 2481 1359 2503 seu
1376 2470 1630 2513 negotiationem,
1642 2479 1843 2514 quocumque
1858 2469 1952 2502 modo

1212 2524 1250 2556 ab
1275 2524 1318 2556 eis
1340 2524 1408 2557 lieri
1433 2524 1612 2566 contingat,
1638 2523 1702 2555 sive
1727 2533 1785 2566 per
1809 2533 1863 2563 se,
1888 2522 1952 2555 sive

1212 2588 1267 2620 per
1291 2577 1377 2619 alios,
1399 2576 1462 2610 sive
1479 2577 1620 2620 propr-io,
1638 2575 1701 2609 sive
1718 2575 1952 2609 communitatis

1246 2640 1258 2666 1
1271 2639 1336 2667 Male
1346 2639 1386 2667 ed⁴
1397 2639 1464 2667 Main
1483 2639 1498 2667 Ι.
1511 2640 1669 2668 translatas
1677 2642 1702 2666 et
1711 2639 1867 2674 impressas
1878 2638 1950 2674 (uxr).
