2226 3235
149 205 200 234 An.
213 204 244 234 C.
265 205 334 235 ¹689

180 267 292 290 Decretum
306 267 333 289 ir·

149 295 223 317 titane.

164 481 278 510 Dei-ugano
287 486 334 502 con-

149 509 270 528 erat-iorum.

177 745 266 768 Sanctio
285 751 335 773 poe-

150 773 211 794 nanu.

199 2186 250 2207 Cum
264 2186 344 2213 Phiiip-

158 2217 197 2239 pus
212 2218 247 2233 rex
258 2216 344 2239 propter

159 2241 298 2264 exactionem,
317 2241 344 2261 si-

158 2272 185 2288 ne
204 2267 266 2288 Sedis
289 2269 344 2293 Apo-

158 2293 247 2315 stolicae
280 2294 344 2314 licen-

159 2321 196 2346 ua,
210 2321 344 2347 vectigalium

159 2348 186 2368 ah
213 2348 345 2368 ecclesiasti-

159 2374 190 2394 cis
205 2374 225 2394 iu
243 2380 345 2396 censuras

159 2400 296 2427 incurrissem

958 204 1101 230 URBANUS
1125 204 1182 228 vm
1205 204 1252 227 PP.

393 253 408 298 ἓ
431 251 461 287 3.
486 252 677 297 irritumque
702 253 848 293 etimne,
870 252 893 285 si
918 263 1008 286 secus
1034 263 1086 285 su-

349 317 407 351 per
431 306 480 339 his
504 316 520 338 a
545 316 726 350 quoquam,
752 306 860 349 quavis
884 305 1086 345 auctoritate,

349 359 484 393 scienter
508 359 556 392 vel
582 359 773 401 ignoranter,
792 359 957 402 contigerit
982 364 1084 391 atten-

350 412 418 454 tari,
445 412 653 445 decernimus.

395 466 409 509 ἓ
433 465 462 498 4.
489 466 556 499 Non
581 466 777 498 obstantibus
808 465 972 509 quibusvis
996 475 1087 509 apos—

351 519 478 559 stolicis‚
492 529 527 552 ac
549 519 760 563 synodalibus,
780 518 1087 563 provincialibusque

351 573 441 606 editis
459 578 489 606 et
514 573 642 606 edendis
667 573 941 606 constitutionibus
958 577 987 605 et
1003 571 1087 605 ordi-

350 627 540 667 nationibus,
566 626 741 670 ceterisque
765 626 930 659 contrariis
959 625 1087 669 quibus-

351 691 496 725 cumque.

395 734 410 778 ἓ
435 733 464 767 5.
490 734 572 767 Nulli
602 744 678 777 ergo
711 734 839 767 omnino
864 732 1026 766 hominum
1052 731 1088 764 il-

351 791 419 819 ceat
443 786 523 819 lianc
548 787 693 830 paginam
719 790 843 820 nostrae
867 785 1088 825 absolutionis,

351 840 573 881 concessionis,
591 841 701 874 indulti
719 846 749 873 et
769 839 885 873 decreti
907 839 1089 882 infringere,

352 893 398 927 vel
425 893 452 927 ei
477 904 555 926 ausu
580 893 748 926 temerario
772 893 945 932 contraire3
971 892 996 925 si
1021 892 1090 935 quis

352 951 455 981 autem
480 948 540 981 hoc
563 952 715 981 attentare
734 946 990 991 praesumpserit,
1011 946 1089 979 indi·

352 1001 533 1044 gnationem
558 1000 782 1044 omnipotentis
799 1000 852 1033 Dei
873 1011 908 1033 ac
926 1000 1089 1033 beatorum

353 1054 435 1088 Petri
449 1059 478 1087 et
498 1054 584 1087 Pauli
601 1054 819 1098 apostolorum
837 1054 904 1087 eius
921 1064 953 1086 se
969 1054 1091 1087 noverit

353 1108 563 1142 incursurum.

395 1161 507 1195 Datum
518 1162 645 1201 Romae,
656 1161 738 1206 apud
752 1162 780 1196 S.
793 1162 921 1195 Mariam
932 1162 1090 1203 Maiorem,

353 1225 434 1248 anno
463 1215 688 1249 lncarnationis
718 1216 899 1249 Dominicae
928 1226 1090 1258 mnexxni,

353 1268 493 1302 kalendis
511 1269 597 1309 iunii,
615 1268 814 1312 pontificatus
830 1269 929 1303 nostri
946 1280 1028 1303 anno
1050 1280 1090 1303 V1.

389 1331 446 1359 Dat.
464 1331 507 1359 die
530 1332 537 1358 1
562 1331 628 1359 iunii
651 1332 727 1366 1629,
750 1332 842 1367 pontif.
865 1341 933 1360 anno
955 1340 989 1359 Vi.

627 1475 822 1509 CCCXXXVI.

355 1556 503 1589 Absolvit
522 1565 629 1597 reyem
653 1555 851 1588 catholicum
879 1556 1012 1599 eiusque
1033 1556 1095 1588 mi-

400 1609 520 1642 nistros
543 1620 564 1641 a
580 1610 723 1642 censuris
737 1610 768 1641 in
787 1619 867 1652 quas
885 1609 1095 1642 incurrerant

400 1662 438 1695 ob
457 1667 606 1696 emotum
628 1667 703 1695 anic
727 1663 890 1696 obtentam
914 1662 1094 1706 beneplaci—

402 1719 471 1749 tum
495 1715 710 1760 apostolicum
729 1715 767 1749 ab
792 1716 932 1749 ecclesiis
954 1720 982 1749 el
1001 1716 1095 1749 eccle-

400 1769 543 1802 siastic-is
559 1779 735 1812 reynorwn
757 1768 915 1803 castellae
931 1776 960 1802 et
980 1769 1095 1813 Leyio-

401 1822 453 1855 nis
469 1822 654 1855 subsidium
671 1822 839 1855 octodecim
855 1821 1074 1855 millionum¹.

358 1903 540 1931 charissimo
560 1903 592 1930 in
613 1903 729 1930 christo
749 1903 811 1930 filio
831 1906 931 1930 nostro
950 1903 1095 1937 Philippo,

489 1947 702 1981 Hispaniarum
720 1947 783 1981 regi
803 1947 965 1979 catholico,

561 2001 698 2028 Urbanus
719 2002 799 2035 Papa
817 2001 894 2028 VIII.

454 2063 634 2091 eharissime
650 2063 681 2090 in
699 2063 815 2090 Christo
832 2063 875 2090 fili
890 2065 1003 2095 noster,

395 2110 526 2137 salutem
547 2111 578 2136 et
597 2109 793 2142 apostolicam
812 2109 1062 2136 benedictionem.

404 2180 419 2223 ἓ
442 2180 471 2213 t.
490 2180 596 2223 Nuper
620 2190 638 2212 a
659 2179 749 2212 nobis
771 2185 957 2212 emanarunt
977 2180 1098 2213 litterae

359 2233 477 2267 tenoris
503 2233 740 2277 subsequentis,
766 2233 931 2266 videlicet:
960 2234 1098 2268 Carissi-

360 2297 411 2319 mo
425 2287 461 2319 in
476 2286 602 2321 Christo
615 2286 685 2329 filio
701 2291 808 2319 nostro
821 2287 992 2330 Philippo,
1010 2293 1066 2320 etc.
1079 2288 1097 2320 ².

360 2340 436 2373 Cum
461 2346 576 2380 autern,
594 2339 673 2373 sicut
690 2339 828 2373 eiusdem
847 2340 1016 2373 maiestatis
1030 2346 1099 2374 tuae

360 2393 487 2427 nomine
518 2393 609 2426 nobis
633 2403 733 2437 nuper
760 2394 937 2437 expositum
963 2395 1041 2435 fuit,
1067 2400 1099 2427 tu

361 2447 501 2490 gabeli-as
517 2457 571 2479 seu
596 2446 672 2479 sisas
696 2447 872 2490 praedictas
896 2459 992 2492 super
1017 2448 1099 2489 vino,

1787 190 1830 225 65
1876 200 1923 226 An.
1940 199 1968 227 C.
1992 199 2057 227 ¹629

1121 252 1167 285 lae
1192 257 1221 284 et
1246 249 1390 294 Legionis
1415 248 1521 291 regnis
1551 258 1610 292 pro
1635 246 1763 280 servitio
1797 248 1859 279 sire

1121 304 1261 338 subsidio
1286 304 1393 337 deceni
1419 309 1448 335 ct
1473 307 1544 335 octo
1570 301 1744 333 n‘iillionum
1771 311 1861 332 nnm-

1122 368 1246 390 morum
1272 368 1456 396 aureorum,
1482 356 1567 388 iuxta
1593 354 1861 397 praeinscrtarum

1122 412 1297 444 litterarum
1317 412 1448 444 sormam
1467 415 1495 441 et
1523 413 1660 442 tenorem
1687 409 1863 451 porsolven-

1122 464 1172 504 do,
1190 469 1219 497 ct
1240 475 1296 508 per
1322 464 1417 496 laicos
1443 463 1583 495 subditos
1608 462 1792 494 eorumdem
1819 472 1863 494 re-

1123 528 1258 560 gnorum
1284 518 1432 549 Castellae
1457 523 1486 549 et
1512 516 1656 558 Legionis
1679 515 1731 548 tibi
1757 515 1863 547 oblato

1124 570 1294 613 impositas,
1314 570 1405 602 otiam
1424 569 1463 601 ab
1481 568 1621 601 ecclesiis
1647 574 1676 600 et
1701 568 1864 600 ecclesias-

1122 624 1192 656 ticis
1222 623 1366 666 personis
1396 623 1579 655 eorumdem
1611 632 1781 664 regnorum
1808 631 1864 664 per

1124 676 1284 709 ministros
1309 687 1363 708 seu
1396 675 1545 708 officiales
1577 680 1662 714 tuos,
1695 680 1863 717 antequam

1123 734 1230 762 nostra
1260 734 1290 761 et
1321 729 1407 770 Sedis
1438 728 1616 772 praedictae
1652 728 1774 760 licentia
1811 738 1863 760 seu

1124 782 1308 826 approbatio
1341 792 1436 825 super
1467 781 1648 824 praemissis
1679 781 1862 822 accederet,

1124 846 1179 879 per
1204 835 1371 868 nonnullos
1398 846 1519 867 menses
1543 835 1685 877 exegeris
1710 835 1757 867 vel
1782 834 1863 877 exigi

1124 889 1246 929 leceris,
1272 893 1381 922 contra
1406 899 1567 921 sacrorum
1589 898 1744 921 canonum
1770 894 1799 919 et
1816 898 1865 930 ge-

1124 943 1277 976 neralium
1304 942 1508 975 conciliorum
1542 952 1663 974 necnon
1696 941 1801 973 Bullae
1834 941 1865 973 in

1125 997 1174 1029 die
1199 997 1319 1030 Coenae
1338 995 1461 1029 Domini
1480 995 1540 1037 legi
1562 1000 1592 1027 et
1616 995 1768 1038 publicari
1790 1004 1864 1027 con-

1126 1054 1230 1084 suetae
1251 1049 1486 1093 dispositionem
1504 1059 1509 1080 :

1171 1103 1185 1146 ἓ
1209 1103 1238 1135 2.
1264 1103 1335 1145 Nos,
1362 1102 1532 1134 maiestatis
1558 1107 1627 1133 tuae
1650 1112 1685 1134 ac
1711 1101 1865 1135 ministro-
1908 1115 1958 1136 Eum
1975 1114 2066 1135 absolvit

1126 1168 1195 1189 rum
1213 1167 1267 1189 seu
1284 1156 1464 1190 officialium
1485 1162 1611 1188 tuorum
1632 1156 1864 1199 praedictorum
1882 1142 1983 1163 munst*

1126 1211 1333 1244 conscientiae
1351 1211 1524 1251 consulere,
1542 1215 1633 1253 teque
1655 1221 1690 1242 ac
1711 1210 1779 1243 illos
1798 1221 1867 1253 spe-

1126 1266 1258 1298 cialibus
1282 1265 1440 1297 savoribus
1465 1269 1495 1296 et
1519 1264 1628 1307 gratiis
1653 1265 1799 1307 prosequi
1818 1275 1868 1298 vo-

1127 1320 1234 1358 lentes,
1255 1318 1535 1362 supplicationilnis
1560 1318 1699 1350 eiusdem
1728 1318 1867 1350 maiesta-

1127 1374 1165 1406 tis
1186 1378 1256 1405 tuae
1279 1372 1406 1405 nomine
1430 1371 1520 1404 nobis
1542 1382 1637 1415 super
1658 1372 1717 1403 boc
1742 1372 1867 1403 bumili-

1128 1433 1175 1459 ter
1204 1425 1357 1470 porrectis
1388 1425 1548 1464 inclinati,
1575 1430 1603 1457 te
1636 1435 1671 1457 ac
1707 1425 1867 1457 ministros

1129 1492 1182 1514 seu
1202 1480 1352 1513 officiales
1372 1484 1442 1511 tuos
1461 1478 1637 1522 praedictos
1663 1489 1680 1510 a
1707 1479 1869 1521 quibusvis

1129 1532 1471 1572 excommunicationis,
1493 1532 1706 1575 suspensionis
1724 1538 1754 1564 et.
1775 1533 1870 1565 inter-

1129 1589 1212 1629 dicti,
1227 1589 1358 1631 aliisque
1375 1587 1593 1620 ecclesiasticis
1611 1586 1781 1626 sententiis,
1801 1597 1870 1619 cen-

1129 1642 1210 1675 suris
1235 1646 1264 1675 et
1287 1642 1407 1685 poenis,
1432 1651 1489 1684 per
1514 1645 1543 1673 te
1568 1651 1603 1673 ae
1630 1640 1790 1673 ministros
1816 1651 1870 1673 scu

1129 1696 1278 1730 officiales
1310 1700 1380 1728 tuos
1411 1694 1588 1739 praedictos
1621 1694 1869 1737 praemissorum

1130 1750 1294 1783 occasione
1319 1748 1557 1793 quomodolibet
1590 1748 1742 1787 incursis,
1767 1748 1870 1780 modis

1130 1808 1159 1837 et
1182 1803 1290 1836 formis
1316 1802 1523 1845 infrascriptis
1539 1829 1546 1842 ,
1571 1801 1654 1833 dicta
1685 1803 1871 1834 auctoritate

1131 1856 1311 1901 apostolica,
1323 1855 1513 1888 absolvimus
1528 1860 1555 1887 et
1570 1855 1751 1896 liberamus,
1766 1855 1874 1887 dictas<

1131 1921 1191 1955 que
1209 1920 1326 1954 poenas
1344 1920 1379 1942 ac
1398 1909 1556 1953 pecunias,
1583 1909 1619 1941 ad
1640 1919 1873 1952 quamcumque

1132 1975 1286 1997 summam
1305 1961 1514 2004 accedentes¹,
1534 1973 1569 1995 ex
1587 1963 1717 2005 gabellis
1736 1973 1789 1995 seu
1805 1963 1874 1995 sisis

1132 2017 1312 2051 huiusmodi
1334 2028 1391 2061 per
1411 2017 1537 2050 eosdem
1558 2017 1718 2049 ministros
1736 2027 1790 2049 seu
1810 2017 1875 2050 offi-

1133 2072 1226 2105 ciales
1247 2077 1316 2104 tuos
1332 2071 1370 2103 ab
1389 2071 1617 2109 ecclesiasticis,
1638 2074 1669 2104 ut
1686 2071 1874 2114 praefertur,

1133 2130 1265 2166 exactas,
1294 2125 1346 2157 tibi
1371 2125 1507 2168 gratiose
1534 2124 1724 2157 remittimus
1749 2129 1779 2158 et
1803 2135 1874 2157 con-

1134 2179 1296 2212 donamus.

1178 2233 1192 2276 g
1216 2232 1244 2265 3.
1273 2232 1423 2265 Volumus
1450 2237 1563 2271 tamen,
1586 2235 1618 2263 ut
1638 2231 1873 2275 poenitentiam,
1944 2239 2074 2284 mandatique

1133 2296 1226 2330 quam
1252 2286 1461 2319 confessarius
1490 2285 1635 2325 idoneus,
1661 2284 1788 2317 omnino
1813 2285 1871 2316 eli·
1890 2272 2075 2329 iis-fif'ii'ti1jfi11'v'ii:

1134 2339 1271 2382 gendos,
1297 2339 1353 2371 tibi
1386 2349 1421 2371 ac
1447 2339 1598 2371 ministris
1628 2342 1657 2371 et
1689 2337 1875 2370 officialibus
1891 2323 1946 2366 [hi-¹¹0
1960 2319 2075 2372 dimifflffi:

1135 2393 1303 2437 praedictis
1318 2397 1447 2437 propter
1461 2393 1633 2436 praemissa
1644 2392 1766 2424 (luxerit
1778 2392 1876 2423 iniun-
1891 2375 1947 2394 ‘mm'

1134 2448 1289 2490 gendam,
1319 2447 1491 2490 adimplere
1524 2446 1652 2479 omnino
1684 2445 1875 2486 teneamini,

361 2504 460 2540 aceto,
481 2500 551 2532 oleo
575 2504 605 2532 et
629 2510 722 2532 carne
747 2500 777 2532 in
802 2501 971 2544 praedietis
990 2502 1101 2535 Castel-
1125 2502 1212 2536 ‚alias
1237 2507 1419 2545 praesentes
1444 2501 1548 2533 nullae
1574 2500 1643 2532 sint.

398 2572 407 2598 1
432 2570 469 2597 Ex
489 2570 596 2605 Regest.
618 2570 644 2597 in
666 2570 770 2597 Secret.
792 2571 869 2599 Brev.

397 2615 412 2641 2
432 2614 489 2642 Non
509 2619 574 2650 puto
595 2622 640 2642 eas
659 2622 719 2642 esse
738 2615 768 2642 in
786 2615 934 2644 Bullarz‘o.

474 2669 550 2697 Ball.
566 2669 650 2697 Rom.
664 2685 697 2689 —-
716 2669 777 2696 Vol.
794 2669 871 2697 XIV.
1035 2670 1052 2699 9

1172 2618 1180 2643 1
1199 2616 1314 2643 Videtur
1329 2616 1421 2651 potius
1437 2614 1581 2650 legendum
1597 2615 1758 2643 ascedentes
1774 2616 1811 2651 (a,
1827 2616 1875 2651 ¹12).
