<?xml version="1.0" encoding="UTF-8"?>
<!DOCTYPE html PUBLIC "-//W3C//DTD XHTML 1.0 Transitional//EN"
    "http://www.w3.org/TR/xhtml1/DTD/xhtml1-transitional.dtd">
<html xmlns="http://www.w3.org/1999/xhtml" xml:lang="en" lang="en">
 <head>
  <title>
</title>
<meta http-equiv="Content-Type" content="text/html;charset=utf-8" />
  <meta name='ocr-system' content='tesseract 3.04.00' />
  <meta name='ocr-capabilities' content='ocr_page ocr_carea ocr_par ocr_line ocrx_word'/>
</head>
<body>
  <div class='ocr_page' id='page_1' title='image "./bullarumdiplomat14cath_0772.png"; bbox 0 0 2248 3229; ppageno 0'>
   <div class='ocr_carea' id='block_1_1' title="bbox 250 234 540 270">
    <p class='ocr_par' dir='ltr' id='par_1_1' title="bbox 250 234 540 270">
     <span class='ocr_line' id='line_1_1' title="bbox 250 234 540 270; baseline -0.007 -2"><span class='ocrx_word' id='word_1_1' title='bbox 250 243 302 269; x_wconf 79' lang='lat' dir='ltr'>An.</span> <span class='ocrx_word' id='word_1_2' title='bbox 319 241 347 268; x_wconf 86' lang='lat' dir='ltr'>c.</span> <span class='ocrx_word' id='word_1_3' title='bbox 364 243 432 270; x_wconf 82' lang='lat'><strong>1638</strong></span> <span class='ocrx_word' id='word_1_4' title='bbox 477 234 540 267; x_wconf 83' lang='lat'>670</span> 
     </span>
    </p>
   </div>
   <div class='ocr_carea' id='block_1_2' title="bbox 266 1786 351 1806">
    <p class='ocr_par' dir='ltr' id='par_1_2' title="bbox 266 1786 351 1806">
     <span class='ocr_line' id='line_1_2' title="bbox 266 1786 351 1806; baseline -0.012 0"><span class='ocrx_word' id='word_1_5' title='bbox 266 1786 351 1806; x_wconf 65' lang='lat' dir='ltr'>noim.</span> 
     </span>
    </p>
   </div>
   <div class='ocr_carea' id='block_1_3' title="bbox 265 2103 403 2129">
    <p class='ocr_par' dir='ltr' id='par_1_3' title="bbox 265 2103 403 2129">
     <span class='ocr_line' id='line_1_3' title="bbox 265 2103 403 2129; baseline 0.007 -6"><span class='ocrx_word' id='word_1_6' title='bbox 265 2103 403 2129; x_wconf 61' lang='lat' dir='ltr'>Supplicatsso.</span> 
     </span>
    </p>
   </div>
   <div class='ocr_carea' id='block_1_4' title="bbox 439 290 1183 1129">
    <p class='ocr_par' dir='ltr' id='par_1_4' title="bbox 441 290 1183 968">
     <span class='ocr_line' id='line_1_4' title="bbox 446 290 1181 330; baseline -0.001 -7"><span class='ocrx_word' id='word_1_7' title='bbox 446 291 526 324; x_wconf 87' lang='lat' dir='ltr'>dinis</span> <span class='ocrx_word' id='word_1_8' title='bbox 557 296 586 323; x_wconf 91' lang='lat' dir='ltr'>et</span> <span class='ocrx_word' id='word_1_9' title='bbox 618 290 831 323; x_wconf 76' lang='lat' dir='ltr'>custodiarum</span> <span class='ocrx_word' id='word_1_10' title='bbox 866 290 1064 330; x_wconf 89' lang='lat' dir='ltr'>huiusmodi,</span> <span class='ocrx_word' id='word_1_11' title='bbox 1090 291 1181 323; x_wconf 89' lang='lat' dir='ltr'>etiam</span> 
     </span>
     <span class='ocr_line' id='line_1_5' title="bbox 446 343 1181 385; baseline -0.001 -9"><span class='ocrx_word' id='word_1_12' title='bbox 446 344 630 384; x_wconf 84' lang='lat' dir='ltr'>iuramento,</span> <span class='ocrx_word' id='word_1_13' title='bbox 653 343 889 376; x_wconf 83' lang='lat' dir='ltr'>confirmatione</span> <span class='ocrx_word' id='word_1_14' title='bbox 919 343 1110 385; x_wconf 74' lang='lat' dir='ltr'>apostolica,</span> <span class='ocrx_word' id='word_1_15' title='bbox 1135 343 1181 375; x_wconf 66' lang='lat' dir='ltr'>vel</span> 
     </span>
     <span class='ocr_line' id='line_1_6' title="bbox 446 395 1183 439; baseline 0 -11"><span class='ocrx_word' id='word_1_16' title='bbox 446 396 553 439; x_wconf 73' lang='lat' dir='ltr'>quavis</span> <span class='ocrx_word' id='word_1_17' title='bbox 574 395 720 428; x_wconf 77' lang='lat' dir='ltr'>firmitate</span> <span class='ocrx_word' id='word_1_18' title='bbox 744 395 802 427; x_wconf 75' lang='lat' dir='ltr'>alia</span> <span class='ocrx_word' id='word_1_19' title='bbox 828 395 995 435; x_wconf 87' lang='lat' dir='ltr'>roboratis,</span> <span class='ocrx_word' id='word_1_20' title='bbox 1013 395 1134 429; x_wconf 84' lang='lat' dir='ltr'>statutis</span> <span class='ocrx_word' id='word_1_21' title='bbox 1154 401 1183 428; x_wconf 90' lang='lat' dir='ltr'>et</span> 
     </span>
     <span class='ocr_line' id='line_1_7' title="bbox 446 448 1183 491; baseline 0 -11"><span class='ocrx_word' id='word_1_22' title='bbox 446 448 722 481; x_wconf 84' lang='lat' dir='ltr'>consuetudinibus</span> <span class='ocrx_word' id='word_1_23' title='bbox 737 475 744 488; x_wconf 85' lang='lat'>,</span> <span class='ocrx_word' id='word_1_24' title='bbox 765 448 937 491; x_wconf 70' lang='lat' dir='ltr'>privilegiis</span> <span class='ocrx_word' id='word_1_25' title='bbox 961 458 1108 491; x_wconf 84' lang='lat' dir='ltr'>quoque,</span> <span class='ocrx_word' id='word_1_26' title='bbox 1138 449 1183 480; x_wconf 89' lang='lat' dir='ltr'>in-</span> 
     </span>
     <span class='ocr_line' id='line_1_8' title="bbox 445 500 1180 543; baseline 0.001 -11"><span class='ocrx_word' id='word_1_27' title='bbox 445 500 538 532; x_wconf 90' lang='lat' dir='ltr'>dultis</span> <span class='ocrx_word' id='word_1_28' title='bbox 563 506 592 532; x_wconf 89' lang='lat' dir='ltr'>et</span> <span class='ocrx_word' id='word_1_29' title='bbox 616 501 727 533; x_wconf 86' lang='lat' dir='ltr'>litteris</span> <span class='ocrx_word' id='word_1_30' title='bbox 752 501 931 543; x_wconf 88' lang='lat' dir='ltr'>apostolicis</span> <span class='ocrx_word' id='word_1_31' title='bbox 944 501 973 533; x_wconf 93' lang='lat' dir='ltr'>in</span> <span class='ocrx_word' id='word_1_32' title='bbox 989 501 1180 534; x_wconf 86' lang='lat' dir='ltr'>eontrarium</span> 
     </span>
     <span class='ocr_line' id='line_1_9' title="bbox 443 552 1181 596; baseline 0.004 -12"><span class='ocrx_word' id='word_1_33' title='bbox 443 552 688 595; x_wconf 87' lang='lat' dir='ltr'>praemissorum</span> <span class='ocrx_word' id='word_1_34' title='bbox 729 553 964 596; x_wconf 69' lang='lat' dir='ltr'>quomodolibet</span> <span class='ocrx_word' id='word_1_35' title='bbox 1004 555 1181 595; x_wconf 70' lang='lat' dir='ltr'>concessis,</span> 
     </span>
     <span class='ocr_line' id='line_1_10' title="bbox 443 605 1182 649; baseline 0.004 -13"><span class='ocrx_word' id='word_1_36' title='bbox 443 605 636 638; x_wconf 78' lang='lat' dir='ltr'>confirmatis</span> <span class='ocrx_word' id='word_1_37' title='bbox 655 611 684 638; x_wconf 89' lang='lat' dir='ltr'>et</span> <span class='ocrx_word' id='word_1_38' title='bbox 705 606 875 645; x_wconf 64' lang='lat' dir='ltr'>innovatis,</span> <span class='ocrx_word' id='word_1_39' title='bbox 896 607 1009 649; x_wconf 80' lang='lat' dir='ltr'>quibus</span> <span class='ocrx_word' id='word_1_40' title='bbox 1035 607 1182 639; x_wconf 89' lang='lat' dir='ltr'>omnibus</span> 
     </span>
     <span class='ocr_line' id='line_1_11' title="bbox 443 659 1181 703; baseline 0.004 -13"><span class='ocrx_word' id='word_1_41' title='bbox 443 665 472 690; x_wconf 78' lang='lat' dir='ltr'>ct</span> <span class='ocrx_word' id='word_1_42' title='bbox 489 659 630 701; x_wconf 78' lang='lat' dir='ltr'>singulis,</span> <span class='ocrx_word' id='word_1_43' title='bbox 651 659 776 692; x_wconf 90' lang='lat' dir='ltr'>illorum</span> <span class='ocrx_word' id='word_1_44' title='bbox 794 660 934 692; x_wconf 89' lang='lat' dir='ltr'>omnium</span> <span class='ocrx_word' id='word_1_45' title='bbox 953 665 1078 693; x_wconf 85' lang='lat' dir='ltr'>tenores</span> <span class='ocrx_word' id='word_1_46' title='bbox 1096 671 1181 703; x_wconf 65' lang='lat' dir='ltr'>prae&lt;</span> 
     </span>
     <span class='ocr_line' id='line_1_12' title="bbox 443 712 1180 756; baseline 0.004 -13"><span class='ocrx_word' id='word_1_47' title='bbox 443 712 581 744; x_wconf 83' lang='lat' dir='ltr'>sentibus</span> <span class='ocrx_word' id='word_1_48' title='bbox 598 723 657 756; x_wconf 91' lang='lat' dir='ltr'>pro</span> <span class='ocrx_word' id='word_1_49' title='bbox 672 712 763 755; x_wconf 88' lang='lat' dir='ltr'>plene</span> <span class='ocrx_word' id='word_1_50' title='bbox 778 718 807 745; x_wconf 89' lang='lat' dir='ltr'>et</span> <span class='ocrx_word' id='word_1_51' title='bbox 821 713 1011 745; x_wconf 76' lang='lat' dir='ltr'>sufficienter</span> <span class='ocrx_word' id='word_1_52' title='bbox 1025 714 1180 756; x_wconf 82' lang='lat' dir='ltr'>expressis</span> 
     </span>
     <span class='ocr_line' id='line_1_13' title="bbox 441 764 1176 810; baseline 0.004 -14"><span class='ocrx_word' id='word_1_53' title='bbox 441 764 612 804; x_wconf 86' lang='lat' dir='ltr'>habentes,</span> <span class='ocrx_word' id='word_1_54' title='bbox 640 765 700 797; x_wconf 89' lang='lat' dir='ltr'>illis</span> <span class='ocrx_word' id='word_1_55' title='bbox 725 765 799 797; x_wconf 82' lang='lat' dir='ltr'>alias</span> <span class='ocrx_word' id='word_1_56' title='bbox 825 765 855 797; x_wconf 92' lang='lat' dir='ltr'>in</span> <span class='ocrx_word' id='word_1_57' title='bbox 881 776 936 798; x_wconf 87' lang='lat' dir='ltr'>suo</span> <span class='ocrx_word' id='word_1_58' title='bbox 962 766 1077 799; x_wconf 89' lang='lat' dir='ltr'>robore</span> <span class='ocrx_word' id='word_1_59' title='bbox 1101 777 1176 810; x_wconf 89' lang='lat' dir='ltr'>per-</span> 
     </span>
     <span class='ocr_line' id='line_1_14' title="bbox 442 818 1180 863; baseline 0.004 -14"><span class='ocrx_word' id='word_1_60' title='bbox 442 818 608 859; x_wconf 86' lang='lat' dir='ltr'>mansuris,</span> <span class='ocrx_word' id='word_1_61' title='bbox 627 818 665 850; x_wconf 88' lang='lat' dir='ltr'>ad</span> <span class='ocrx_word' id='word_1_62' title='bbox 681 818 825 851; x_wconf 83' lang='lat' dir='ltr'>effectum</span> <span class='ocrx_word' id='word_1_63' title='bbox 839 820 1098 862; x_wconf 83' lang='lat' dir='ltr'>praemissorum,</span> <span class='ocrx_word' id='word_1_64' title='bbox 1114 831 1180 863; x_wconf 84' lang='lat' dir='ltr'>spe-</span> 
     </span>
     <span class='ocr_line' id='line_1_15' title="bbox 441 870 1179 916; baseline 0.004 -14"><span class='ocrx_word' id='word_1_65' title='bbox 441 870 560 903; x_wconf 85' lang='lat' dir='ltr'>cialiter</span> <span class='ocrx_word' id='word_1_66' title='bbox 573 876 602 903; x_wconf 87' lang='lat' dir='ltr'>et</span> <span class='ocrx_word' id='word_1_67' title='bbox 620 881 766 914; x_wconf 70' lang='lat' dir='ltr'>expresse</span> <span class='ocrx_word' id='word_1_68' title='bbox 783 871 991 914; x_wconf 74' lang='lat' dir='ltr'>derogamus3</span> <span class='ocrx_word' id='word_1_69' title='bbox 1007 873 1179 916; x_wconf 83' lang='lat' dir='ltr'>ceterisque</span> 
     </span>
     <span class='ocr_line' id='line_1_16' title="bbox 441 924 892 968; baseline 0.004 -12"><span class='ocrx_word' id='word_1_70' title='bbox 441 924 608 957; x_wconf 77' lang='lat' dir='ltr'>contrariis</span> <span class='ocrx_word' id='word_1_71' title='bbox 633 925 892 968; x_wconf 84' lang='lat' dir='ltr'>quibuscumque.</span> 
     </span>
    </p>

    <p class='ocr_par' dir='ltr' id='par_1_5' title="bbox 439 977 1180 1129">
     <span class='ocr_line' id='line_1_17' title="bbox 483 977 1180 1022; baseline 0.003 -12"><span class='ocrx_word' id='word_1_72' title='bbox 483 977 594 1010; x_wconf 82' lang='lat' dir='ltr'>Datum</span> <span class='ocrx_word' id='word_1_73' title='bbox 619 979 746 1019; x_wconf 69' lang='lat' dir='ltr'>Romae,</span> <span class='ocrx_word' id='word_1_74' title='bbox 773 979 853 1022; x_wconf 87' lang='lat' dir='ltr'>apud</span> <span class='ocrx_word' id='word_1_75' title='bbox 878 979 906 1012; x_wconf 82' lang='lat' dir='ltr'>S.</span> <span class='ocrx_word' id='word_1_76' title='bbox 936 980 1062 1012; x_wconf 85' lang='lat' dir='ltr'>Mariam</span> <span class='ocrx_word' id='word_1_77' title='bbox 1087 980 1180 1013; x_wconf 85' lang='lat' dir='ltr'>Maio-</span> 
     </span>
     <span class='ocr_line' id='line_1_18' title="bbox 439 1031 1179 1077; baseline 0.005 -15"><span class='ocrx_word' id='word_1_78' title='bbox 439 1041 516 1073; x_wconf 88' lang='lat' dir='ltr'>rem,</span> <span class='ocrx_word' id='word_1_79' title='bbox 536 1031 593 1064; x_wconf 87' lang='lat' dir='ltr'>sub</span> <span class='ocrx_word' id='word_1_80' title='bbox 607 1033 721 1065; x_wconf 88' lang='lat' dir='ltr'>annulo</span> <span class='ocrx_word' id='word_1_81' title='bbox 740 1033 918 1074; x_wconf 79' lang='lat' dir='ltr'>Piscatoris,</span> <span class='ocrx_word' id='word_1_82' title='bbox 932 1033 981 1066; x_wconf 91' lang='lat' dir='ltr'>die</span> <span class='ocrx_word' id='word_1_83' title='bbox 996 1044 1060 1067; x_wconf 77' lang='lat' dir='ltr'>xvu</span> <span class='ocrx_word' id='word_1_84' title='bbox 1085 1044 1179 1077; x_wconf 77' lang='lat' dir='ltr'>augu-</span> 
     </span>
     <span class='ocr_line' id='line_1_19' title="bbox 440 1084 1177 1129; baseline 0.004 -13"><span class='ocrx_word' id='word_1_85' title='bbox 440 1084 476 1116; x_wconf 87' lang='lat' dir='ltr'>sti</span> <span class='ocrx_word' id='word_1_86' title='bbox 488 1094 683 1127; x_wconf 75' lang='lat' dir='ltr'>uncxxxvm,</span> <span class='ocrx_word' id='word_1_87' title='bbox 693 1086 893 1129; x_wconf 86' lang='lat' dir='ltr'>pontificatus</span> <span class='ocrx_word' id='word_1_88' title='bbox 908 1087 1005 1119; x_wconf 77' lang='lat' dir='ltr'>nostri</span> <span class='ocrx_word' id='word_1_89' title='bbox 1019 1097 1100 1120; x_wconf 87' lang='lat' dir='ltr'>anno</span> <span class='ocrx_word' id='word_1_90' title='bbox 1115 1097 1177 1120; x_wconf 69' lang='lat' dir='ltr'>xri.</span> 
     </span>
    </p>
   </div>
   <div class='ocr_carea' id='block_1_5' title="bbox 476 1146 1129 1184">
    <p class='ocr_par' dir='ltr' id='par_1_6' title="bbox 476 1146 1129 1184">
     <span class='ocr_line' id='line_1_20' title="bbox 476 1146 1129 1184; baseline 0.005 -12"><span class='ocrx_word' id='word_1_91' title='bbox 476 1146 531 1173; x_wconf 63' lang='lat' dir='ltr'>Dat,</span> <span class='ocrx_word' id='word_1_92' title='bbox 551 1147 594 1173; x_wconf 87' lang='lat' dir='ltr'>die</span> <span class='ocrx_word' id='word_1_93' title='bbox 611 1149 642 1174; x_wconf 86' lang='lat'>17</span> <span class='ocrx_word' id='word_1_94' title='bbox 659 1148 764 1183; x_wconf 76' lang='lat' dir='ltr'>augusti</span> <span class='ocrx_word' id='word_1_95' title='bbox 783 1149 860 1182; x_wconf 69' lang='lat'>1038,</span> <span class='ocrx_word' id='word_1_96' title='bbox 878 1148 972 1184; x_wconf 84' lang='lat' dir='ltr'>pontif.</span> <span class='ocrx_word' id='word_1_97' title='bbox 990 1157 1060 1176; x_wconf 85' lang='lat' dir='ltr'>anno</span> <span class='ocrx_word' id='word_1_98' title='bbox 1076 1156 1129 1175; x_wconf 65' lang='lat' dir='ltr'>xvi⁴</span> 
     </span>
    </p>
   </div>
   <div class='ocr_carea' id='block_1_6' title="bbox 719 1214 888 1220">
    <p class='ocr_par' dir='ltr' id='par_1_7' title="bbox 719 1214 888 1220">
     <span class='ocr_line' id='line_1_21' title="bbox 719 1214 888 1220; baseline 0 0"><span class='ocrx_word' id='word_1_99' title='bbox 719 1214 888 1220; x_wconf 95' lang='lat' dir='ltr'> </span> 
     </span>
    </p>
   </div>
   <div class='ocr_carea' id='block_1_7' title="bbox 728 1264 881 1298">
    <p class='ocr_par' dir='ltr' id='par_1_8' title="bbox 728 1264 881 1298">
     <span class='ocr_line' id='line_1_22' title="bbox 728 1264 881 1298; baseline 0.007 -1"><span class='ocrx_word' id='word_1_100' title='bbox 728 1264 881 1298; x_wconf 69' lang='lat' dir='ltr'>Dcxvttt.</span> 
     </span>
    </p>
   </div>
   <div class='ocr_carea' id='block_1_8' title="bbox 440 1334 1178 1642">
    <p class='ocr_par' dir='ltr' id='par_1_9' title="bbox 440 1334 1178 1642">
     <span class='ocr_line' id='line_1_23' title="bbox 440 1334 1178 1379; baseline 0.001 -12"><span class='ocrx_word' id='word_1_101' title='bbox 440 1334 531 1374; x_wconf 76' lang='lat' dir='ltr'>Quod</span> <span class='ocrx_word' id='word_1_102' title='bbox 561 1336 598 1367; x_wconf 75' lang='lat' dir='ltr'>in</span> <span class='ocrx_word' id='word_1_103' title='bbox 629 1335 767 1368; x_wconf 73' lang='lat' dir='ltr'>ecclesiis</span> <span class='ocrx_word' id='word_1_104' title='bbox 803 1336 1066 1379; x_wconf 74' lang='lat' dir='ltr'>parochialibus,</span> <span class='ocrx_word' id='word_1_105' title='bbox 1094 1346 1178 1379; x_wconf 76' lang='lat' dir='ltr'>quae</span> 
     </span>
     <span class='ocr_line' id='line_1_24' title="bbox 482 1387 1175 1431; baseline 0 -12"><span class='ocrx_word' id='word_1_106' title='bbox 482 1392 557 1420; x_wconf 80' lang='lat' dir='ltr'>sunt</span> <span class='ocrx_word' id='word_1_107' title='bbox 581 1387 723 1420; x_wconf 78' lang='lat' dir='ltr'>membra</span> <span class='ocrx_word' id='word_1_108' title='bbox 747 1388 1020 1420; x_wconf 77' lang='lat' dir='ltr'>monasteriorum</span> <span class='ocrx_word' id='word_1_109' title='bbox 1039 1388 1175 1431; x_wconf 59' lang='lat' dir='ltr'>Conpre-</span> 
     </span>
     <span class='ocr_line' id='line_1_25' title="bbox 480 1440 1177 1483; baseline 0 -11"><span class='ocrx_word' id='word_1_110' title='bbox 480 1441 621 1482; x_wconf 65' lang='lat' dir='ltr'>9ationts</span> <span class='ocrx_word' id='word_1_111' title='bbox 639 1440 851 1480; x_wconf 74' lang='lat' dir='ltr'>Cassinensis,</span> <span class='ocrx_word' id='word_1_112' title='bbox 868 1444 923 1473; x_wconf 81' lang='lat' dir='ltr'>aut</span> <span class='ocrx_word' id='word_1_113' title='bbox 938 1440 1024 1472; x_wconf 68' lang='lat' dir='ltr'>altas</span> <span class='ocrx_word' id='word_1_114' title='bbox 1041 1440 1080 1472; x_wconf 82' lang='lat' dir='ltr'>ab</span> <span class='ocrx_word' id='word_1_115' title='bbox 1098 1441 1177 1483; x_wconf 77' lang='lat' dir='ltr'>ipsis</span> 
     </span>
     <span class='ocr_line' id='line_1_26' title="bbox 481 1493 1178 1536; baseline 0 -11"><span class='ocrx_word' id='word_1_116' title='bbox 481 1493 700 1536; x_wconf 75' lang='lat' dir='ltr'>dependentes,</span> <span class='ocrx_word' id='word_1_117' title='bbox 721 1504 801 1526; x_wconf 80' lang='lat' dir='ltr'>cura</span> <span class='ocrx_word' id='word_1_118' title='bbox 824 1494 1015 1526; x_wconf 74' lang='lat' dir='ltr'>animarum</span> <span class='ocrx_word' id='word_1_119' title='bbox 1039 1494 1178 1526; x_wconf 74' lang='lat' dir='ltr'>eoeerceri</span> 
     </span>
     <span class='ocr_line' id='line_1_27' title="bbox 480 1546 1176 1590; baseline 0 -12"><span class='ocrx_word' id='word_1_120' title='bbox 480 1547 580 1588; x_wconf 69' lang='lat' dir='ltr'>possit</span> <span class='ocrx_word' id='word_1_121' title='bbox 605 1547 703 1579; x_wconf 76' lang='lat' dir='ltr'>etiam</span> <span class='ocrx_word' id='word_1_122' title='bbox 727 1557 783 1590; x_wconf 76' lang='lat' dir='ltr'>per</span> <span class='ocrx_word' id='word_1_123' title='bbox 803 1547 977 1579; x_wconf 78' lang='lat' dir='ltr'>monachos</span> <span class='ocrx_word' id='word_1_124' title='bbox 1001 1546 1042 1579; x_wconf 78' lang='lat' dir='ltr'>ad</span> <span class='ocrx_word' id='word_1_125' title='bbox 1061 1551 1176 1578; x_wconf 68' lang='lat' dir='ltr'>nuliam</span> 
     </span>
     <span class='ocr_line' id='line_1_28' title="bbox 481 1599 1064 1642; baseline 0.002 -12"><span class='ocrx_word' id='word_1_126' title='bbox 481 1608 614 1631; x_wconf 81' lang='lat' dir='ltr'>suorum</span> <span class='ocrx_word' id='word_1_127' title='bbox 639 1599 846 1642; x_wconf 77' lang='lat' dir='ltr'>superiorum</span> <span class='ocrx_word' id='word_1_128' title='bbox 871 1599 1064 1632; x_wconf 62' lang='lat' dir='ltr'>aitiot&#39;ibiles.</span> 
     </span>
    </p>
   </div>
   <div class='ocr_carea' id='block_1_9' title="bbox 578 1669 1032 1742">
    <p class='ocr_par' dir='ltr' id='par_1_10' title="bbox 578 1669 1032 1742">
     <span class='ocr_line' id='line_1_29' title="bbox 632 1669 981 1703; baseline 0.003 -7"><span class='ocrx_word' id='word_1_129' title='bbox 632 1669 768 1696; x_wconf 81' lang='lat' dir='ltr'>Urbanus</span> <span class='ocrx_word' id='word_1_130' title='bbox 797 1670 876 1703; x_wconf 84' lang='lat' dir='ltr'>Papa</span> <span class='ocrx_word' id='word_1_131' title='bbox 896 1671 981 1701; x_wconf 79' lang='lat' dir='ltr'>viu,</span> 
     </span>
     <span class='ocr_line' id='line_1_30' title="bbox 578 1714 1032 1742; baseline 0.002 -2"><span class='ocrx_word' id='word_1_132' title='bbox 578 1714 614 1740; x_wconf 78' lang='lat' dir='ltr'>ad</span> <span class='ocrx_word' id='word_1_133' title='bbox 634 1714 767 1741; x_wconf 72' lang='lat' dir='ltr'>futuram</span> <span class='ocrx_word' id='word_1_134' title='bbox 787 1714 831 1742; x_wconf 84' lang='lat' dir='ltr'>rei</span> <span class='ocrx_word' id='word_1_135' title='bbox 852 1715 1032 1742; x_wconf 78' lang='lat' dir='ltr'>memoriam.</span> 
     </span>
    </p>
   </div>
   <div class='ocr_carea' id='block_1_10' title="bbox 432 1775 1174 2668">
    <p class='ocr_par' dir='ltr' id='par_1_11' title="bbox 435 1775 1174 2086">
     <span class='ocr_line' id='line_1_31' title="bbox 481 1775 1174 1809; baseline 0.003 -2"><span class='ocrx_word' id='word_1_136' title='bbox 481 1775 562 1807; x_wconf 76' lang='lat' dir='ltr'>Alias</span> <span class='ocrx_word' id='word_1_137' title='bbox 587 1786 603 1807; x_wconf 90' lang='lat' dir='ltr'>a</span> <span class='ocrx_word' id='word_1_138' title='bbox 629 1776 857 1808; x_wconf 79' lang='lat' dir='ltr'>venerabililnis</span> <span class='ocrx_word' id='word_1_139' title='bbox 885 1777 1035 1809; x_wconf 81' lang='lat' dir='ltr'>fratribus</span> <span class='ocrx_word' id='word_1_140' title='bbox 1059 1777 1174 1809; x_wconf 86' lang='lat' dir='ltr'>nostris</span> 
     </span>
     <span class='ocr_line' id='line_1_32' title="bbox 437 1830 1174 1863; baseline 0.001 -2"><span class='ocrx_word' id='word_1_141' title='bbox 437 1834 560 1861; x_wconf 83' lang='lat' dir='ltr'>sanetae</span> <span class='ocrx_word' id='word_1_142' title='bbox 586 1830 742 1862; x_wconf 76' lang='lat' dir='ltr'>Romanae</span> <span class='ocrx_word' id='word_1_143' title='bbox 776 1830 931 1862; x_wconf 71' lang='lat' dir='ltr'>Ecclesiae</span> <span class='ocrx_word' id='word_1_144' title='bbox 963 1830 1174 1863; x_wconf 63' lang='lat' dir='ltr'>cardinalibus</span> 
     </span>
     <span class='ocr_line' id='line_1_33' title="bbox 437 1882 1173 1926; baseline 0.001 -12"><span class='ocrx_word' id='word_1_145' title='bbox 437 1882 515 1914; x_wconf 84' lang='lat' dir='ltr'>sacri</span> <span class='ocrx_word' id='word_1_146' title='bbox 540 1883 855 1915; x_wconf 69' lang='lat' dir='ltr'>ConciliiT1·itlentini</span> <span class='ocrx_word' id='word_1_147' title='bbox 878 1883 1101 1926; x_wconf 84' lang='lat' dir='ltr'>interpretibus</span> <span class='ocrx_word' id='word_1_148' title='bbox 1122 1895 1173 1916; x_wconf 85' lang='lat' dir='ltr'>su-</span> 
     </span>
     <span class='ocr_line' id='line_1_34' title="bbox 437 1936 1174 1979; baseline 0.001 -12"><span class='ocrx_word' id='word_1_149' title='bbox 437 1945 492 1978; x_wconf 81' lang='lat' dir='ltr'>per</span> <span class='ocrx_word' id='word_1_150' title='bbox 515 1936 692 1968; x_wconf 78' lang='lat' dir='ltr'>subinserto</span> <span class='ocrx_word' id='word_1_151' title='bbox 725 1936 856 1979; x_wconf 81' lang='lat' dir='ltr'>supplici</span> <span class='ocrx_word' id='word_1_152' title='bbox 886 1937 991 1969; x_wconf 89' lang='lat' dir='ltr'>libello</span> <span class='ocrx_word' id='word_1_153' title='bbox 1017 1937 1075 1969; x_wconf 85' lang='lat' dir='ltr'>sibi</span> <span class='ocrx_word' id='word_1_154' title='bbox 1102 1942 1174 1969; x_wconf 83' lang='lat' dir='ltr'>tunc</span> 
     </span>
     <span class='ocr_line' id='line_1_35' title="bbox 435 1990 1173 2032; baseline 0.001 -11"><span class='ocrx_word' id='word_1_155' title='bbox 435 1995 582 2032; x_wconf 88' lang='lat' dir='ltr'>porrecto</span> <span class='ocrx_word' id='word_1_156' title='bbox 606 1990 763 2023; x_wconf 68' lang='lat' dir='ltr'>emanavit</span> <span class='ocrx_word' id='word_1_157' title='bbox 780 1990 940 2022; x_wconf 87' lang='lat' dir='ltr'>decretum</span> <span class='ocrx_word' id='word_1_158' title='bbox 967 1990 1083 2024; x_wconf 87' lang='lat' dir='ltr'>tenoris</span> <span class='ocrx_word' id='word_1_159' title='bbox 1101 1990 1173 2023; x_wconf 85' lang='lat' dir='ltr'>sub-</span> 
     </span>
     <span class='ocr_line' id='line_1_36' title="bbox 436 2042 785 2086; baseline 0 -12"><span class='ocrx_word' id='word_1_160' title='bbox 436 2043 605 2086; x_wconf 85' lang='lat' dir='ltr'>sequentis,</span> <span class='ocrx_word' id='word_1_161' title='bbox 626 2042 785 2075; x_wconf 60' lang='lat' dir='ltr'>i‘idelicet:</span> 
     </span>
    </p>

    <p class='ocr_par' dir='ltr' id='par_1_12' title="bbox 432 2095 1174 2668">
     <span class='ocr_line' id='line_1_37' title="bbox 479 2095 1173 2138; baseline 0.004 -12"><span class='ocrx_word' id='word_1_162' title='bbox 479 2095 494 2138; x_wconf 64' lang='grc' dir='ltr'>ἓ</span> <span class='ocrx_word' id='word_1_163' title='bbox 520 2095 543 2127; x_wconf 91' lang='grc'>1.</span> <span class='ocrx_word' id='word_1_164' title='bbox 558 2095 771 2128; x_wconf 83' lang='lat' dir='ltr'>Illustrissime</span> <span class='ocrx_word' id='word_1_165' title='bbox 789 2101 817 2128; x_wconf 88' lang='lat' dir='ltr'>et</span> <span class='ocrx_word' id='word_1_166' title='bbox 838 2096 1097 2129; x_wconf 64' lang='lat' dir='ltr'>reverendissime</span> <span class='ocrx_word' id='word_1_167' title='bbox 1118 2096 1173 2129; x_wconf 86' lang='lat' dir='ltr'>Do-</span> 
     </span>
     <span class='ocr_line' id='line_1_38' title="bbox 437 2147 1174 2182; baseline 0.003 -3"><span class='ocrx_word' id='word_1_168' title='bbox 437 2147 528 2180; x_wconf 89' lang='lat' dir='ltr'>mine.</span> <span class='ocrx_word' id='word_1_169' title='bbox 551 2148 771 2182; x_wconf 85' lang='lat' dir='ltr'>Monasterium</span> <span class='ocrx_word' id='word_1_170' title='bbox 801 2149 926 2182; x_wconf 76' lang='lat' dir='ltr'>Ordinis</span> <span class='ocrx_word' id='word_1_171' title='bbox 954 2150 1050 2182; x_wconf 87' lang='lat' dir='ltr'>sancti</span> <span class='ocrx_word' id='word_1_172' title='bbox 1082 2150 1174 2182; x_wconf 84' lang='lat' dir='ltr'>Bene-</span> 
     </span>
     <span class='ocr_line' id='line_1_39' title="bbox 435 2201 1172 2244; baseline 0 -11"><span class='ocrx_word' id='word_1_173' title='bbox 435 2201 508 2234; x_wconf 87' lang='lat' dir='ltr'>dicti</span> <span class='ocrx_word' id='word_1_174' title='bbox 532 2201 789 2244; x_wconf 68' lang='lat' dir='ltr'>Congregationis</span> <span class='ocrx_word' id='word_1_175' title='bbox 813 2202 1004 2235; x_wconf 83' lang='lat' dir='ltr'>Cassinensis</span> <span class='ocrx_word' id='word_1_176' title='bbox 1041 2202 1172 2235; x_wconf 70' lang='lat' dir='ltr'>civitatis</span> 
     </span>
     <span class='ocr_line' id='line_1_40' title="bbox 436 2255 1173 2298; baseline 0 -12"><span class='ocrx_word' id='word_1_177' title='bbox 436 2255 597 2287; x_wconf 76' lang='lat' dir='ltr'>Patavinae</span> <span class='ocrx_word' id='word_1_178' title='bbox 616 2255 706 2287; x_wconf 86' lang='lat' dir='ltr'>habet</span> <span class='ocrx_word' id='word_1_179' title='bbox 727 2256 892 2287; x_wconf 83' lang='lat' dir='ltr'>nonnullas</span> <span class='ocrx_word' id='word_1_180' title='bbox 913 2255 1107 2298; x_wconf 77' lang='lat' dir='ltr'>parochiales</span> <span class='ocrx_word' id='word_1_181' title='bbox 1127 2266 1173 2287; x_wconf 85' lang='lat' dir='ltr'>ec-</span> 
     </span>
     <span class='ocr_line' id='line_1_41' title="bbox 434 2308 1172 2351; baseline -0.003 -11"><span class='ocrx_word' id='word_1_182' title='bbox 434 2308 543 2340; x_wconf 78' lang='lat' dir='ltr'>clesias</span> <span class='ocrx_word' id='word_1_183' title='bbox 568 2308 597 2339; x_wconf 92' lang='lat' dir='ltr'>in</span> <span class='ocrx_word' id='word_1_184' title='bbox 623 2309 731 2340; x_wconf 78' lang='lat' dir='ltr'>eadem</span> <span class='ocrx_word' id='word_1_185' title='bbox 757 2308 904 2346; x_wconf 74' lang='lat' dir='ltr'>dioecesi,</span> <span class='ocrx_word' id='word_1_186' title='bbox 922 2319 1002 2351; x_wconf 79' lang='lat' dir='ltr'>quae</span> <span class='ocrx_word' id='word_1_187' title='bbox 1022 2319 1082 2341; x_wconf 90' lang='lat' dir='ltr'>non</span> <span class='ocrx_word' id='word_1_188' title='bbox 1102 2313 1172 2339; x_wconf 89' lang='lat' dir='ltr'>sunt.</span> 
     </span>
     <span class='ocr_line' id='line_1_42' title="bbox 432 2360 1171 2404; baseline 0 -13"><span class='ocrx_word' id='word_1_189' title='bbox 432 2360 536 2392; x_wconf 87' lang='lat' dir='ltr'>unitae</span> <span class='ocrx_word' id='word_1_190' title='bbox 561 2361 773 2400; x_wconf 86' lang='lat' dir='ltr'>monasterio,</span> <span class='ocrx_word' id='word_1_191' title='bbox 799 2361 852 2393; x_wconf 88' lang='lat' dir='ltr'>sed</span> <span class='ocrx_word' id='word_1_192' title='bbox 878 2366 949 2392; x_wconf 89' lang='lat' dir='ltr'>sunt</span> <span class='ocrx_word' id='word_1_193' title='bbox 974 2360 1171 2404; x_wconf 73' lang='lat' dir='ltr'>parochiales</span> 
     </span>
     <span class='ocr_line' id='line_1_43' title="bbox 432 2412 1171 2456; baseline 0 -12"><span class='ocrx_word' id='word_1_194' title='bbox 432 2412 641 2455; x_wconf 73' lang='lat' dir='ltr'>dependentes</span> <span class='ocrx_word' id='word_1_195' title='bbox 665 2414 703 2445; x_wconf 89' lang='lat' dir='ltr'>ab</span> <span class='ocrx_word' id='word_1_196' title='bbox 729 2414 792 2453; x_wconf 80' lang='lat' dir='ltr'>illo,</span> <span class='ocrx_word' id='word_1_197' title='bbox 811 2414 840 2445; x_wconf 92' lang='lat' dir='ltr'>in</span> <span class='ocrx_word' id='word_1_198' title='bbox 861 2413 975 2456; x_wconf 88' lang='lat' dir='ltr'>quibus</span> <span class='ocrx_word' id='word_1_199' title='bbox 993 2413 1093 2446; x_wconf 87' lang='lat' dir='ltr'>dictus</span> <span class='ocrx_word' id='word_1_200' title='bbox 1110 2413 1171 2456; x_wconf 87' lang='lat' dir='ltr'>epi-</span> 
     </span>
     <span class='ocr_line' id='line_1_44' title="bbox 433 2466 1171 2509; baseline 0 -12"><span class='ocrx_word' id='word_1_201' title='bbox 433 2477 545 2509; x_wconf 81' lang='lat' dir='ltr'>scopus</span> <span class='ocrx_word' id='word_1_202' title='bbox 560 2467 723 2499; x_wconf 79' lang='lat' dir='ltr'>Patavinus</span> <span class='ocrx_word' id='word_1_203' title='bbox 737 2467 807 2499; x_wconf 84' lang='lat' dir='ltr'>dicit</span> <span class='ocrx_word' id='word_1_204' title='bbox 832 2467 1058 2499; x_wconf 80' lang='lat' dir='ltr'>monasterium</span> <span class='ocrx_word' id='word_1_205' title='bbox 1077 2466 1171 2498; x_wconf 78' lang='lat' dir='ltr'>fuisse</span> 
     </span>
     <span class='ocr_line' id='line_1_45' title="bbox 433 2520 1170 2564; baseline 0.001 -13"><span class='ocrx_word' id='word_1_206' title='bbox 433 2520 557 2551; x_wconf 87' lang='lat' dir='ltr'>solitum</span> <span class='ocrx_word' id='word_1_207' title='bbox 584 2520 734 2563; x_wconf 83' lang='lat' dir='ltr'>deputare</span> <span class='ocrx_word' id='word_1_208' title='bbox 766 2521 968 2564; x_wconf 59' lang='lat' dir='ltr'>presbyteros</span> <span class='ocrx_word' id='word_1_209' title='bbox 993 2520 1170 2559; x_wconf 81' lang='lat' dir='ltr'>seculares,</span> 
     </span>
     <span class='ocr_line' id='line_1_46' title="bbox 433 2573 1171 2617; baseline 0.001 -14"><span class='ocrx_word' id='word_1_210' title='bbox 433 2573 484 2614; x_wconf 80' lang='lat' dir='ltr'>qui</span> <span class='ocrx_word' id='word_1_211' title='bbox 513 2573 641 2616; x_wconf 74' lang='lat' dir='ltr'>praevio</span> <span class='ocrx_word' id='word_1_212' title='bbox 673 2574 770 2616; x_wconf 80' lang='lat' dir='ltr'>ipsius</span> <span class='ocrx_word' id='word_1_213' title='bbox 805 2574 943 2617; x_wconf 83' lang='lat' dir='ltr'>episcopi</span> <span class='ocrx_word' id='word_1_214' title='bbox 975 2573 1116 2606; x_wconf 81' lang='lat' dir='ltr'>examine</span> <span class='ocrx_word' id='word_1_215' title='bbox 1141 2578 1171 2605; x_wconf 88' lang='lat' dir='ltr'>et</span> 
     </span>
     <span class='ocr_line' id='line_1_47' title="bbox 436 2626 1169 2668; baseline 0.004 -13"><span class='ocrx_word' id='word_1_216' title='bbox 436 2626 658 2668; x_wconf 76' lang='lat' dir='ltr'>app1·0bat10ne</span> <span class='ocrx_word' id='word_1_217' title='bbox 689 2639 796 2660; x_wconf 85' lang='lat' dir='ltr'>curam</span> <span class='ocrx_word' id='word_1_218' title='bbox 821 2628 995 2660; x_wconf 86' lang='lat' dir='ltr'>animarum</span> <span class='ocrx_word' id='word_1_219' title='bbox 1022 2638 1169 2661; x_wconf 75' lang='lat' dir='ltr'>exercue-</span> 
     </span>
    </p>
   </div>
   <div class='ocr_carea' id='block_1_11' title="bbox 1187 294 1202 2669">
    <p class='ocr_par' dir='ltr' id='par_1_13' title="bbox 1187 294 1202 2669">
     <span class='ocr_line' id='line_1_48' title="bbox 1187 294 1202 2669; baseline 0 0"><span class='ocrx_word' id='word_1_220' title='bbox 1187 294 1202 2669; x_wconf 95' lang='lat' dir='ltr'> </span> 
     </span>
    </p>
   </div>
   <div class='ocr_carea' id='block_1_12' title="bbox 1024 243 1380 268">
    <p class='ocr_par' dir='ltr' id='par_1_14' title="bbox 1024 243 1380 268">
     <span class='ocr_line' id='line_1_49' title="bbox 1024 243 1380 268; baseline 0.006 -2"><span class='ocrx_word' id='word_1_221' title='bbox 1024 243 1202 267; x_wconf 68' lang='lat' dir='ltr'><strong>BULLARIUM</strong></span> <span class='ocrx_word' id='word_1_222' title='bbox 1226 243 1380 268; x_wconf 62' lang='lat' dir='ltr'><strong>ROMANUM</strong></span> 
     </span>
    </p>
   </div>
   <div class='ocr_carea' id='block_1_13' title="bbox 1205 291 1955 2616">
    <p class='ocr_par' dir='ltr' id='par_1_15' title="bbox 1214 291 1955 908">
     <span class='ocr_line' id='line_1_50' title="bbox 1218 291 1954 338; baseline 0.007 -16"><span class='ocrx_word' id='word_1_223' title='bbox 1218 296 1306 330; x_wconf 81' lang='lat' dir='ltr'>runt;</span> <span class='ocrx_word' id='word_1_224' title='bbox 1331 291 1385 323; x_wconf 88' lang='lat' dir='ltr'>sed</span> <span class='ocrx_word' id='word_1_225' title='bbox 1409 291 1447 323; x_wconf 90' lang='lat' dir='ltr'>ab</span> <span class='ocrx_word' id='word_1_226' title='bbox 1475 292 1593 334; x_wconf 82' lang='lat' dir='ltr'>aliquot</span> <span class='ocrx_word' id='word_1_227' title='bbox 1621 293 1709 326; x_wconf 84' lang='lat' dir='ltr'>annis</span> <span class='ocrx_word' id='word_1_228' title='bbox 1733 293 1873 338; x_wconf 84' lang='lat' dir='ltr'>coepisse</span> <span class='ocrx_word' id='word_1_229' title='bbox 1900 294 1954 326; x_wconf 86' lang='lat' dir='ltr'>de-</span> 
     </span>
     <span class='ocr_line' id='line_1_51' title="bbox 1217 343 1954 388; baseline 0.007 -13"><span class='ocrx_word' id='word_1_230' title='bbox 1217 343 1318 386; x_wconf 86' lang='lat' dir='ltr'>putari</span> <span class='ocrx_word' id='word_1_231' title='bbox 1343 354 1440 376; x_wconf 89' lang='lat' dir='ltr'>unum</span> <span class='ocrx_word' id='word_1_232' title='bbox 1467 345 1677 384; x_wconf 89' lang='lat' dir='ltr'>monachum,</span> <span class='ocrx_word' id='word_1_233' title='bbox 1705 347 1758 388; x_wconf 86' lang='lat' dir='ltr'>qui</span> <span class='ocrx_word' id='word_1_234' title='bbox 1778 347 1844 379; x_wconf 88' lang='lat' dir='ltr'>sine</span> <span class='ocrx_word' id='word_1_235' title='bbox 1868 347 1954 380; x_wconf 90' lang='lat' dir='ltr'>socio</span> 
     </span>
     <span class='ocr_line' id='line_1_52' title="bbox 1219 397 1954 439; baseline 0.005 -11"><span class='ocrx_word' id='word_1_236' title='bbox 1219 397 1355 439; x_wconf 77' lang='lat' dir='ltr'>regulari</span> <span class='ocrx_word' id='word_1_237' title='bbox 1380 402 1410 431; x_wconf 86' lang='lat' dir='ltr'>et</span> <span class='ocrx_word' id='word_1_238' title='bbox 1434 409 1506 431; x_wconf 87' lang='lat' dir='ltr'>cum</span> <span class='ocrx_word' id='word_1_239' title='bbox 1538 398 1605 432; x_wconf 88' lang='lat' dir='ltr'>solo</span> <span class='ocrx_word' id='word_1_240' title='bbox 1636 398 1753 432; x_wconf 83' lang='lat' dir='ltr'>famulo</span> <span class='ocrx_word' id='word_1_241' title='bbox 1776 399 1893 433; x_wconf 82' lang='lat' dir='ltr'>habitat</span> <span class='ocrx_word' id='word_1_242' title='bbox 1923 400 1954 432; x_wconf 91' lang='lat' dir='ltr'>in</span> 
     </span>
     <span class='ocr_line' id='line_1_53' title="bbox 1217 449 1954 493; baseline 0.004 -12"><span class='ocrx_word' id='word_1_243' title='bbox 1217 449 1297 482; x_wconf 76' lang='lat' dir='ltr'>dieta</span> <span class='ocrx_word' id='word_1_244' title='bbox 1329 451 1525 493; x_wconf 82' lang='lat' dir='ltr'>parochiali,</span> <span class='ocrx_word' id='word_1_245' title='bbox 1550 457 1580 484; x_wconf 89' lang='lat' dir='ltr'>et</span> <span class='ocrx_word' id='word_1_246' title='bbox 1615 461 1723 484; x_wconf 86' lang='lat' dir='ltr'>curam</span> <span class='ocrx_word' id='word_1_247' title='bbox 1759 451 1954 485; x_wconf 81' lang='lat' dir='ltr'>administrat</span> 
     </span>
     <span class='ocr_line' id='line_1_54' title="bbox 1217 503 1954 548; baseline 0.003 -13"><span class='ocrx_word' id='word_1_248' title='bbox 1217 503 1309 535; x_wconf 84' lang='lat' dir='ltr'>etiam</span> <span class='ocrx_word' id='word_1_249' title='bbox 1335 503 1401 536; x_wconf 91' lang='lat' dir='ltr'>sine</span> <span class='ocrx_word' id='word_1_250' title='bbox 1435 504 1574 547; x_wconf 81' lang='lat' dir='ltr'>episcopi</span> <span class='ocrx_word' id='word_1_251' title='bbox 1607 504 1840 548; x_wconf 80' lang='lat' dir='ltr'>approbatione.</span> <span class='ocrx_word' id='word_1_252' title='bbox 1867 504 1954 537; x_wconf 86' lang='lat' dir='ltr'>Unde</span> 
     </span>
     <span class='ocr_line' id='line_1_55' title="bbox 1216 557 1952 601; baseline 0.003 -13"><span class='ocrx_word' id='word_1_253' title='bbox 1216 566 1298 588; x_wconf 88' lang='lat' dir='ltr'>nune</span> <span class='ocrx_word' id='word_1_254' title='bbox 1323 557 1503 599; x_wconf 84' lang='lat' dir='ltr'>quaeritur,</span> <span class='ocrx_word' id='word_1_255' title='bbox 1528 568 1566 590; x_wconf 88' lang='lat' dir='ltr'>an</span> <span class='ocrx_word' id='word_1_256' title='bbox 1592 558 1622 590; x_wconf 91' lang='lat' dir='ltr'>in</span> <span class='ocrx_word' id='word_1_257' title='bbox 1645 558 1736 590; x_wconf 87' lang='lat' dir='ltr'>dictis</span> <span class='ocrx_word' id='word_1_258' title='bbox 1760 557 1952 601; x_wconf 84' lang='lat' dir='ltr'>parochiali-</span> 
     </span>
     <span class='ocr_line' id='line_1_56' title="bbox 1216 609 1954 654; baseline 0.003 -13"><span class='ocrx_word' id='word_1_259' title='bbox 1216 609 1275 642; x_wconf 83' lang='lat' dir='ltr'>bus</span> <span class='ocrx_word' id='word_1_260' title='bbox 1299 610 1337 642; x_wconf 89' lang='lat' dir='ltr'>ab</span> <span class='ocrx_word' id='word_1_261' title='bbox 1367 610 1441 653; x_wconf 83' lang='lat' dir='ltr'>ipsis</span> <span class='ocrx_word' id='word_1_262' title='bbox 1472 611 1671 644; x_wconf 84' lang='lat' dir='ltr'>monasteriis</span> <span class='ocrx_word' id='word_1_263' title='bbox 1701 621 1828 654; x_wconf 88' lang='lat' dir='ltr'>quoquo</span> <span class='ocrx_word' id='word_1_264' title='bbox 1861 610 1954 644; x_wconf 90' lang='lat' dir='ltr'>modo</span> 
     </span>
     <span class='ocr_line' id='line_1_57' title="bbox 1216 661 1955 705; baseline 0.003 -12"><span class='ocrx_word' id='word_1_265' title='bbox 1216 661 1478 705; x_wconf 79' lang='lat' dir='ltr'>dependentibus,</span> <span class='ocrx_word' id='word_1_266' title='bbox 1502 674 1566 696; x_wconf 88' lang='lat' dir='ltr'>non</span> <span class='ocrx_word' id='word_1_267' title='bbox 1589 668 1692 697; x_wconf 87' lang='lat' dir='ltr'>autem</span> <span class='ocrx_word' id='word_1_268' title='bbox 1717 664 1821 703; x_wconf 87' lang='lat' dir='ltr'>unitis,</span> <span class='ocrx_word' id='word_1_269' title='bbox 1845 663 1955 696; x_wconf 87' lang='lat' dir='ltr'>debeat</span> 
     </span>
     <span class='ocr_line' id='line_1_58' title="bbox 1216 716 1953 760; baseline 0.003 -13"><span class='ocrx_word' id='word_1_270' title='bbox 1216 725 1323 747; x_wconf 85' lang='lat' dir='ltr'>curam</span> <span class='ocrx_word' id='word_1_271' title='bbox 1335 716 1511 749; x_wconf 87' lang='lat' dir='ltr'>animarum</span> <span class='ocrx_word' id='word_1_272' title='bbox 1527 717 1664 750; x_wconf 82' lang='lat' dir='ltr'>exerceri</span> <span class='ocrx_word' id='word_1_273' title='bbox 1677 727 1733 760; x_wconf 88' lang='lat' dir='ltr'>per</span> <span class='ocrx_word' id='word_1_274' title='bbox 1751 717 1953 756; x_wconf 84' lang='lat' dir='ltr'>monachum,</span> 
     </span>
     <span class='ocr_line' id='line_1_59' title="bbox 1216 769 1954 814; baseline 0.004 -14"><span class='ocrx_word' id='word_1_275' title='bbox 1216 769 1261 801; x_wconf 75' lang='lat' dir='ltr'>rel</span> <span class='ocrx_word' id='word_1_276' title='bbox 1287 769 1505 813; x_wconf 72' lang='lat' dir='ltr'>presbyterum</span> <span class='ocrx_word' id='word_1_277' title='bbox 1528 770 1700 803; x_wconf 85' lang='lat' dir='ltr'>secularem</span> <span class='ocrx_word' id='word_1_278' title='bbox 1726 770 1763 803; x_wconf 91' lang='lat' dir='ltr'>ab</span> <span class='ocrx_word' id='word_1_279' title='bbox 1788 770 1864 814; x_wconf 85' lang='lat' dir='ltr'>ipsis</span> <span class='ocrx_word' id='word_1_280' title='bbox 1891 781 1954 803; x_wconf 90' lang='lat' dir='ltr'>mo-</span> 
     </span>
     <span class='ocr_line' id='line_1_60' title="bbox 1215 822 1953 867; baseline 0.004 -14"><span class='ocrx_word' id='word_1_281' title='bbox 1215 822 1323 854; x_wconf 88' lang='lat' dir='ltr'>nachis</span> <span class='ocrx_word' id='word_1_282' title='bbox 1347 823 1553 864; x_wconf 86' lang='lat' dir='ltr'>nominatum,</span> <span class='ocrx_word' id='word_1_283' title='bbox 1571 827 1599 857; x_wconf 89' lang='lat' dir='ltr'>et</span> <span class='ocrx_word' id='word_1_284' title='bbox 1616 823 1654 857; x_wconf 88' lang='lat' dir='ltr'>ab</span> <span class='ocrx_word' id='word_1_285' title='bbox 1672 823 1818 867; x_wconf 88' lang='lat' dir='ltr'>episcopo</span> <span class='ocrx_word' id='word_1_286' title='bbox 1844 834 1953 867; x_wconf 89' lang='lat' dir='ltr'>appro-</span> 
     </span>
     <span class='ocr_line' id='line_1_61' title="bbox 1214 875 1330 908; baseline 0 -1"><span class='ocrx_word' id='word_1_287' title='bbox 1214 875 1330 908; x_wconf 87' lang='lat' dir='ltr'>batum.</span> 
     </span>
    </p>

    <p class='ocr_par' dir='ltr' id='par_1_16' title="bbox 1210 930 1952 1820">
     <span class='ocr_line' id='line_1_62' title="bbox 1258 930 1952 974; baseline 0.001 -12"><span class='ocrx_word' id='word_1_288' title='bbox 1258 930 1351 962; x_wconf 86' lang='lat' dir='ltr'>Sacra</span> <span class='ocrx_word' id='word_1_289' title='bbox 1377 930 1579 974; x_wconf 78' lang='lat' dir='ltr'>congregatio</span> <span class='ocrx_word' id='word_1_290' title='bbox 1594 930 1800 963; x_wconf 84' lang='lat' dir='ltr'>cardinalium</span> <span class='ocrx_word' id='word_1_291' title='bbox 1824 930 1952 963; x_wconf 84' lang='lat' dir='ltr'>Concilii</span> 
     </span>
     <span class='ocr_line' id='line_1_63' title="bbox 1214 982 1952 1028; baseline 0.003 -14"><span class='ocrx_word' id='word_1_292' title='bbox 1214 982 1384 1016; x_wconf 85' lang='lat' dir='ltr'>Tridentini</span> <span class='ocrx_word' id='word_1_293' title='bbox 1412 984 1637 1027; x_wconf 83' lang='lat' dir='ltr'>interpretum,</span> <span class='ocrx_word' id='word_1_294' title='bbox 1662 983 1804 1028; x_wconf 86' lang='lat' dir='ltr'>partibus</span> <span class='ocrx_word' id='word_1_295' title='bbox 1828 983 1952 1024; x_wconf 88' lang='lat' dir='ltr'>auditis,</span> 
     </span>
     <span class='ocr_line' id='line_1_64' title="bbox 1214 1036 1952 1080; baseline 0.001 -12"><span class='ocrx_word' id='word_1_296' title='bbox 1214 1036 1334 1069; x_wconf 87' lang='lat' dir='ltr'>censuit</span> <span class='ocrx_word' id='word_1_297' title='bbox 1358 1036 1388 1068; x_wconf 90' lang='lat' dir='ltr'>in</span> <span class='ocrx_word' id='word_1_298' title='bbox 1408 1037 1651 1080; x_wconf 86' lang='lat' dir='ltr'>parochialibus,</span> <span class='ocrx_word' id='word_1_299' title='bbox 1668 1047 1748 1080; x_wconf 85' lang='lat' dir='ltr'>quae</span> <span class='ocrx_word' id='word_1_300' title='bbox 1765 1042 1835 1069; x_wconf 88' lang='lat' dir='ltr'>sunt</span> <span class='ocrx_word' id='word_1_301' title='bbox 1855 1047 1952 1070; x_wconf 86' lang='lat' dir='ltr'>mern-</span> 
     </span>
     <span class='ocr_line' id='line_1_65' title="bbox 1213 1089 1952 1133; baseline 0.003 -13"><span class='ocrx_word' id='word_1_302' title='bbox 1213 1089 1269 1121; x_wconf 88' lang='lat' dir='ltr'>bra</span> <span class='ocrx_word' id='word_1_303' title='bbox 1294 1090 1557 1123; x_wconf 80' lang='lat' dir='ltr'>monasteriorum</span> <span class='ocrx_word' id='word_1_304' title='bbox 1593 1090 1850 1133; x_wconf 77' lang='lat' dir='ltr'>Congregationis</span> <span class='ocrx_word' id='word_1_305' title='bbox 1881 1090 1952 1123; x_wconf 87' lang='lat' dir='ltr'>Cas-</span> 
     </span>
     <span class='ocr_line' id='line_1_66' title="bbox 1214 1142 1950 1186; baseline 0.003 -13"><span class='ocrx_word' id='word_1_306' title='bbox 1214 1142 1361 1182; x_wconf 83' lang='lat' dir='ltr'>sinensis‚</span> <span class='ocrx_word' id='word_1_307' title='bbox 1386 1148 1437 1175; x_wconf 86' lang='lat' dir='ltr'>aut</span> <span class='ocrx_word' id='word_1_308' title='bbox 1463 1143 1537 1175; x_wconf 75' lang='lat' dir='ltr'>alias</span> <span class='ocrx_word' id='word_1_309' title='bbox 1565 1143 1603 1175; x_wconf 88' lang='lat' dir='ltr'>ab</span> <span class='ocrx_word' id='word_1_310' title='bbox 1628 1143 1705 1186; x_wconf 87' lang='lat' dir='ltr'>ipsis</span> <span class='ocrx_word' id='word_1_311' title='bbox 1729 1143 1950 1186; x_wconf 80' lang='lat' dir='ltr'>dependentes,</span> 
     </span>
     <span class='ocr_line' id='line_1_67' title="bbox 1213 1196 1951 1240; baseline -0.001 -12"><span class='ocrx_word' id='word_1_312' title='bbox 1213 1206 1319 1228; x_wconf 88' lang='lat' dir='ltr'>curam</span> <span class='ocrx_word' id='word_1_313' title='bbox 1334 1196 1510 1229; x_wconf 82' lang='lat' dir='ltr'>animarum</span> <span class='ocrx_word' id='word_1_314' title='bbox 1526 1196 1664 1229; x_wconf 80' lang='lat' dir='ltr'>exerceri</span> <span class='ocrx_word' id='word_1_315' title='bbox 1679 1207 1769 1240; x_wconf 85' lang='lat' dir='ltr'>posse</span> <span class='ocrx_word' id='word_1_316' title='bbox 1787 1196 1878 1230; x_wconf 88' lang='lat' dir='ltr'>etiam</span> <span class='ocrx_word' id='word_1_317' title='bbox 1895 1206 1951 1239; x_wconf 90' lang='lat' dir='ltr'>per</span> 
     </span>
     <span class='ocr_line' id='line_1_68' title="bbox 1214 1249 1948 1293; baseline 0 -12"><span class='ocrx_word' id='word_1_318' title='bbox 1214 1250 1384 1282; x_wconf 87' lang='lat' dir='ltr'>monachos</span> <span class='ocrx_word' id='word_1_319' title='bbox 1409 1249 1447 1282; x_wconf 87' lang='lat' dir='ltr'>ad</span> <span class='ocrx_word' id='word_1_320' title='bbox 1472 1260 1601 1282; x_wconf 86' lang='lat' dir='ltr'>suorum</span> <span class='ocrx_word' id='word_1_321' title='bbox 1620 1250 1820 1293; x_wconf 87' lang='lat' dir='ltr'>superiorum</span> <span class='ocrx_word' id='word_1_322' title='bbox 1836 1253 1948 1283; x_wconf 87' lang='lat' dir='ltr'>nutum</span> 
     </span>
     <span class='ocr_line' id='line_1_69' title="bbox 1213 1302 1951 1345; baseline -0.001 -11"><span class='ocrx_word' id='word_1_323' title='bbox 1213 1302 1406 1342; x_wconf 76' lang='lat' dir='ltr'>amovibilcs,</span> <span class='ocrx_word' id='word_1_324' title='bbox 1423 1302 1465 1334; x_wconf 91' lang='lat' dir='ltr'>ita</span> <span class='ocrx_word' id='word_1_325' title='bbox 1483 1308 1598 1341; x_wconf 89' lang='lat' dir='ltr'>tamen,</span> <span class='ocrx_word' id='word_1_326' title='bbox 1612 1307 1646 1334; x_wconf 86' lang='lat' dir='ltr'>ut</span> <span class='ocrx_word' id='word_1_327' title='bbox 1666 1302 1759 1335; x_wconf 84' lang='lat' dir='ltr'>iidem</span> <span class='ocrx_word' id='word_1_328' title='bbox 1776 1302 1864 1345; x_wconf 86' lang='lat' dir='ltr'>prius</span> <span class='ocrx_word' id='word_1_329' title='bbox 1882 1311 1951 1333; x_wconf 79' lang='lat' dir='ltr'>exa-</span> 
     </span>
     <span class='ocr_line' id='line_1_70' title="bbox 1213 1355 1950 1398; baseline -0.001 -10"><span class='ocrx_word' id='word_1_330' title='bbox 1213 1356 1371 1389; x_wconf 82' lang='lat' dir='ltr'>minentur</span> <span class='ocrx_word' id='word_1_331' title='bbox 1403 1361 1432 1387; x_wconf 89' lang='lat' dir='ltr'>et</span> <span class='ocrx_word' id='word_1_332' title='bbox 1464 1355 1678 1398; x_wconf 85' lang='lat' dir='ltr'>approbentur</span> <span class='ocrx_word' id='word_1_333' title='bbox 1707 1355 1746 1387; x_wconf 89' lang='lat' dir='ltr'>ab</span> <span class='ocrx_word' id='word_1_334' title='bbox 1778 1355 1950 1398; x_wconf 83' lang='lat' dir='ltr'>episcopo,</span> 
     </span>
     <span class='ocr_line' id='line_1_71' title="bbox 1212 1407 1951 1452; baseline -0.001 -12"><span class='ocrx_word' id='word_1_335' title='bbox 1212 1408 1341 1452; x_wconf 83' lang='lat' dir='ltr'>eiusque</span> <span class='ocrx_word' id='word_1_336' title='bbox 1373 1408 1579 1441; x_wconf 85' lang='lat' dir='ltr'>iurisdictioni</span> <span class='ocrx_word' id='word_1_337' title='bbox 1610 1408 1814 1440; x_wconf 87' lang='lat' dir='ltr'>subiiciantur</span> <span class='ocrx_word' id='word_1_338' title='bbox 1843 1407 1874 1439; x_wconf 89' lang='lat' dir='ltr'>in</span> <span class='ocrx_word' id='word_1_339' title='bbox 1903 1407 1951 1439; x_wconf 86' lang='lat' dir='ltr'>his</span> 
     </span>
     <span class='ocr_line' id='line_1_72' title="bbox 1212 1461 1949 1505; baseline -0.001 -12"><span class='ocrx_word' id='word_1_340' title='bbox 1212 1472 1291 1505; x_wconf 83' lang='lat' dir='ltr'>quae</span> <span class='ocrx_word' id='word_1_341' title='bbox 1316 1461 1353 1494; x_wconf 91' lang='lat' dir='ltr'>ad</span> <span class='ocrx_word' id='word_1_342' title='bbox 1379 1461 1477 1505; x_wconf 84' lang='lat' dir='ltr'>ipsam</span> <span class='ocrx_word' id='word_1_343' title='bbox 1504 1471 1611 1494; x_wconf 88' lang='lat' dir='ltr'>curam</span> <span class='ocrx_word' id='word_1_344' title='bbox 1633 1466 1662 1493; x_wconf 85' lang='lat' dir='ltr'>et</span> <span class='ocrx_word' id='word_1_345' title='bbox 1680 1465 1949 1493; x_wconf 81' lang='lat' dir='ltr'>sacramentorum</span> 
     </span>
     <span class='ocr_line' id='line_1_73' title="bbox 1211 1514 1949 1557; baseline -0.003 -10"><span class='ocrx_word' id='word_1_346' title='bbox 1211 1515 1516 1547; x_wconf 83' lang='lat' dir='ltr'>administrationem</span> <span class='ocrx_word' id='word_1_347' title='bbox 1542 1514 1719 1557; x_wconf 83' lang='lat' dir='ltr'>pertinent,</span> <span class='ocrx_word' id='word_1_348' title='bbox 1746 1520 1775 1546; x_wconf 88' lang='lat' dir='ltr'>et</span> <span class='ocrx_word' id='word_1_349' title='bbox 1799 1524 1869 1546; x_wconf 85' lang='lat' dir='ltr'>cum</span> <span class='ocrx_word' id='word_1_350' title='bbox 1895 1523 1949 1553; x_wconf 79' lang='lat' dir='ltr'>eo,</span> 
     </span>
     <span class='ocr_line' id='line_1_74' title="bbox 1211 1566 1951 1611; baseline -0.003 -12"><span class='ocrx_word' id='word_1_351' title='bbox 1211 1567 1262 1611; x_wconf 83' lang='lat' dir='ltr'>qui</span> <span class='ocrx_word' id='word_1_352' title='bbox 1288 1567 1325 1599; x_wconf 89' lang='lat' dir='ltr'>ad</span> <span class='ocrx_word' id='word_1_353' title='bbox 1350 1578 1417 1599; x_wconf 87' lang='lat' dir='ltr'>eam</span> <span class='ocrx_word' id='word_1_354' title='bbox 1444 1567 1649 1600; x_wconf 79' lang='lat' dir='ltr'>exercendam</span> <span class='ocrx_word' id='word_1_355' title='bbox 1674 1566 1768 1600; x_wconf 86' lang='lat' dir='ltr'>suerit</span> <span class='ocrx_word' id='word_1_356' title='bbox 1792 1576 1851 1609; x_wconf 92' lang='lat' dir='ltr'>pro</span> <span class='ocrx_word' id='word_1_357' title='bbox 1875 1571 1951 1598; x_wconf 90' lang='lat' dir='ltr'>tem-</span> 
     </span>
     <span class='ocr_line' id='line_1_75' title="bbox 1211 1619 1948 1663; baseline 0 -13"><span class='ocrx_word' id='word_1_358' title='bbox 1211 1631 1287 1663; x_wconf 90' lang='lat' dir='ltr'>pore</span> <span class='ocrx_word' id='word_1_359' title='bbox 1312 1619 1488 1663; x_wconf 83' lang='lat' dir='ltr'>deputatus,</span> <span class='ocrx_word' id='word_1_360' title='bbox 1506 1619 1625 1652; x_wconf 83' lang='lat' dir='ltr'>habitet</span> <span class='ocrx_word' id='word_1_361' title='bbox 1648 1619 1726 1651; x_wconf 90' lang='lat' dir='ltr'>alius</span> <span class='ocrx_word' id='word_1_362' title='bbox 1751 1619 1859 1652; x_wconf 87' lang='lat' dir='ltr'>saltem</span> <span class='ocrx_word' id='word_1_363' title='bbox 1886 1628 1948 1650; x_wconf 90' lang='lat' dir='ltr'>mo-</span> 
     </span>
     <span class='ocr_line' id='line_1_76' title="bbox 1210 1671 1949 1715; baseline -0.001 -12"><span class='ocrx_word' id='word_1_364' title='bbox 1210 1673 1327 1705; x_wconf 87' lang='lat' dir='ltr'>nachus</span> <span class='ocrx_word' id='word_1_365' title='bbox 1342 1673 1480 1705; x_wconf 87' lang='lat' dir='ltr'>eiusdem</span> <span class='ocrx_word' id='word_1_366' title='bbox 1496 1672 1620 1705; x_wconf 84' lang='lat' dir='ltr'>Ordinis</span> <span class='ocrx_word' id='word_1_367' title='bbox 1634 1672 1794 1715; x_wconf 83' lang='lat' dir='ltr'>professus</span> <span class='ocrx_word' id='word_1_368' title='bbox 1807 1671 1844 1703; x_wconf 89' lang='lat' dir='ltr'>ad</span> <span class='ocrx_word' id='word_1_369' title='bbox 1862 1681 1949 1714; x_wconf 89' lang='lat' dir='ltr'>prae-</span> 
     </span>
     <span class='ocr_line' id='line_1_77' title="bbox 1210 1724 1946 1768; baseline -0.003 -10"><span class='ocrx_word' id='word_1_370' title='bbox 1210 1726 1362 1768; x_wconf 87' lang='lat' dir='ltr'>scriptum</span> <span class='ocrx_word' id='word_1_371' title='bbox 1393 1725 1516 1757; x_wconf 81' lang='lat' dir='ltr'>concilii</span> <span class='ocrx_word' id='word_1_372' title='bbox 1542 1725 1757 1757; x_wconf 88' lang='lat' dir='ltr'>Lateranensis</span> <span class='ocrx_word' id='word_1_373' title='bbox 1789 1724 1846 1756; x_wconf 86' lang='lat' dir='ltr'>sub</span> <span class='ocrx_word' id='word_1_374' title='bbox 1877 1724 1946 1756; x_wconf 82' lang='lat' dir='ltr'>Ale-</span> 
     </span>
     <span class='ocr_line' id='line_1_78' title="bbox 1210 1779 1504 1820; baseline -0.003 -9"><span class='ocrx_word' id='word_1_375' title='bbox 1210 1779 1328 1811; x_wconf 80' lang='lat' dir='ltr'>xandro</span> <span class='ocrx_word' id='word_1_376' title='bbox 1355 1779 1403 1820; x_wconf 77' lang='grc' dir='ltr'>ΙΙΙ7</span> <span class='ocrx_word' id='word_1_377' title='bbox 1425 1790 1449 1811; x_wconf 77' lang='grc' dir='ltr'>ε.</span> <span class='ocrx_word' id='word_1_378' title='bbox 1478 1789 1504 1811; x_wconf 70' lang='lat' dir='ltr'>x.</span> 
     </span>
    </p>

    <p class='ocr_par' dir='ltr' id='par_1_17' title="bbox 1205 1830 1947 2616">
     <span class='ocr_line' id='line_1_79' title="bbox 1252 1830 1947 1875; baseline -0.001 -12"><span class='ocrx_word' id='word_1_379' title='bbox 1252 1832 1267 1875; x_wconf 64' lang='grc' dir='ltr'>ξ</span> <span class='ocrx_word' id='word_1_380' title='bbox 1292 1831 1320 1863; x_wconf 61' lang='lat' dir='ltr'>Q.</span> <span class='ocrx_word' id='word_1_381' title='bbox 1347 1832 1421 1864; x_wconf 84' lang='lat' dir='ltr'>Cum</span> <span class='ocrx_word' id='word_1_382' title='bbox 1447 1836 1572 1871; x_wconf 85' lang='lat' dir='ltr'>autem,</span> <span class='ocrx_word' id='word_1_383' title='bbox 1599 1831 1677 1863; x_wconf 87' lang='lat' dir='ltr'>sieut</span> <span class='ocrx_word' id='word_1_384' title='bbox 1701 1831 1833 1863; x_wconf 87' lang='lat' dir='ltr'>dilectus</span> <span class='ocrx_word' id='word_1_385' title='bbox 1864 1830 1947 1863; x_wconf 82' lang='lat' dir='ltr'>silius</span> 
     </span>
     <span class='ocr_line' id='line_1_80' title="bbox 1210 1883 1946 1927; baseline 0.001 -13"><span class='ocrx_word' id='word_1_386' title='bbox 1210 1889 1397 1927; x_wconf 84' lang='lat' dir='ltr'>procurator</span> <span class='ocrx_word' id='word_1_387' title='bbox 1423 1884 1578 1926; x_wconf 74' lang='lat' dir='ltr'>generalis</span> <span class='ocrx_word' id='word_1_388' title='bbox 1602 1884 1703 1916; x_wconf 86' lang='lat' dir='ltr'>dictae</span> <span class='ocrx_word' id='word_1_389' title='bbox 1728 1883 1946 1926; x_wconf 80' lang='lat' dir='ltr'>congregatio-</span> 
     </span>
     <span class='ocr_line' id='line_1_81' title="bbox 1208 1935 1946 1980; baseline -0.001 -11"><span class='ocrx_word' id='word_1_390' title='bbox 1208 1937 1255 1969; x_wconf 86' lang='lat' dir='ltr'>nis</span> <span class='ocrx_word' id='word_1_391' title='bbox 1280 1937 1369 1970; x_wconf 90' lang='lat' dir='ltr'>nobis</span> <span class='ocrx_word' id='word_1_392' title='bbox 1393 1947 1495 1980; x_wconf 86' lang='lat' dir='ltr'>nuper</span> <span class='ocrx_word' id='word_1_393' title='bbox 1519 1937 1633 1980; x_wconf 80' lang='lat' dir='ltr'>exponi</span> <span class='ocrx_word' id='word_1_394' title='bbox 1658 1937 1738 1977; x_wconf 82' lang='lat' dir='ltr'>feeit,</span> <span class='ocrx_word' id='word_1_395' title='bbox 1758 1935 1876 1979; x_wconf 84' lang='lat' dir='ltr'>ipsum¹</span> <span class='ocrx_word' id='word_1_396' title='bbox 1893 1935 1946 1968; x_wconf 90' lang='lat' dir='ltr'>de-</span> 
     </span>
     <span class='ocr_line' id='line_1_82' title="bbox 1208 1989 1947 2033; baseline -0.003 -10"><span class='ocrx_word' id='word_1_397' title='bbox 1208 1996 1328 2023; x_wconf 85' lang='lat' dir='ltr'>cretum</span> <span class='ocrx_word' id='word_1_398' title='bbox 1348 1990 1538 2029; x_wconf 86' lang='lat' dir='ltr'>huiusmodi,</span> <span class='ocrx_word' id='word_1_399' title='bbox 1552 2001 1609 2033; x_wconf 90' lang='lat' dir='ltr'>pro</span> <span class='ocrx_word' id='word_1_400' title='bbox 1627 1989 1710 2022; x_wconf 87' lang='lat' dir='ltr'>illius</span> <span class='ocrx_word' id='word_1_401' title='bbox 1727 1989 1860 2022; x_wconf 85' lang='lat' dir='ltr'>firmiori</span> <span class='ocrx_word' id='word_1_402' title='bbox 1879 1990 1947 2022; x_wconf 87' lang='lat' dir='ltr'>sub-</span> 
     </span>
     <span class='ocr_line' id='line_1_83' title="bbox 1208 2042 1946 2086; baseline -0.001 -11"><span class='ocrx_word' id='word_1_403' title='bbox 1208 2043 1356 2083; x_wconf 72' lang='lat' dir='ltr'>sistentia,</span> <span class='ocrx_word' id='word_1_404' title='bbox 1377 2043 1565 2086; x_wconf 82' lang='lat' dir='ltr'>apostolicae</span> <span class='ocrx_word' id='word_1_405' title='bbox 1585 2048 1709 2075; x_wconf 83' lang='lat' dir='ltr'>nostrae</span> <span class='ocrx_word' id='word_1_406' title='bbox 1732 2042 1946 2074; x_wconf 79' lang='lat' dir='ltr'>confirmatio-</span> 
     </span>
     <span class='ocr_line' id='line_1_84' title="bbox 1208 2094 1947 2139; baseline -0.003 -11"><span class='ocrx_word' id='word_1_407' title='bbox 1208 2096 1254 2128; x_wconf 89' lang='lat' dir='ltr'>nis</span> <span class='ocrx_word' id='word_1_408' title='bbox 1272 2095 1446 2139; x_wconf 85' lang='lat' dir='ltr'>patrocinio</span> <span class='ocrx_word' id='word_1_409' title='bbox 1467 2095 1655 2127; x_wconf 87' lang='lat' dir='ltr'>communiri</span> <span class='ocrx_word' id='word_1_410' title='bbox 1677 2105 1878 2138; x_wconf 87' lang='lat' dir='ltr'>summopere</span> <span class='ocrx_word' id='word_1_411' title='bbox 1897 2094 1947 2126; x_wconf 81' lang='lat' dir='ltr'>de-</span> 
     </span>
     <span class='ocr_line' id='line_1_85' title="bbox 1208 2148 1946 2191; baseline -0.001 -10"><span class='ocrx_word' id='word_1_412' title='bbox 1208 2149 1339 2181; x_wconf 82' lang='lat' dir='ltr'>sideret:</span> <span class='ocrx_word' id='word_1_413' title='bbox 1366 2159 1432 2189; x_wconf 85' lang='lat' dir='ltr'>nos,</span> <span class='ocrx_word' id='word_1_414' title='bbox 1458 2148 1602 2181; x_wconf 78' lang='lat' dir='ltr'>eumdem</span> <span class='ocrx_word' id='word_1_415' title='bbox 1628 2154 1867 2191; x_wconf 79' lang='lat' dir='ltr'>procuratorem</span> <span class='ocrx_word' id='word_1_416' title='bbox 1892 2158 1946 2190; x_wconf 83' lang='lat' dir='ltr'>ge-</span> 
     </span>
     <span class='ocr_line' id='line_1_86' title="bbox 1207 2201 1945 2245; baseline -0.001 -11"><span class='ocrx_word' id='word_1_417' title='bbox 1207 2203 1344 2235; x_wconf 85' lang='lat' dir='ltr'>neralem</span> <span class='ocrx_word' id='word_1_418' title='bbox 1379 2202 1565 2245; x_wconf 88' lang='lat' dir='ltr'>specialibus</span> <span class='ocrx_word' id='word_1_419' title='bbox 1601 2202 1759 2234; x_wconf 63' lang='lat' dir='ltr'>fauoribus</span> <span class='ocrx_word' id='word_1_420' title='bbox 1783 2205 1813 2234; x_wconf 88' lang='lat' dir='ltr'>et</span> <span class='ocrx_word' id='word_1_421' title='bbox 1837 2201 1945 2244; x_wconf 79' lang='lat' dir='ltr'>gratiis</span> 
     </span>
     <span class='ocr_line' id='line_1_87' title="bbox 1207 2255 1945 2298; baseline 0 -11"><span class='ocrx_word' id='word_1_422' title='bbox 1207 2255 1353 2298; x_wconf 84' lang='lat' dir='ltr'>prosequi</span> <span class='ocrx_word' id='word_1_423' title='bbox 1381 2256 1528 2296; x_wconf 67' lang='lat' dir='ltr'>volentes,</span> <span class='ocrx_word' id='word_1_424' title='bbox 1548 2260 1576 2287; x_wconf 90' lang='lat' dir='ltr'>et</span> <span class='ocrx_word' id='word_1_425' title='bbox 1593 2265 1610 2287; x_wconf 89' lang='lat' dir='ltr'>a</span> <span class='ocrx_word' id='word_1_426' title='bbox 1636 2255 1799 2298; x_wconf 71' lang='lat' dir='ltr'>quibusvis</span> <span class='ocrx_word' id='word_1_427' title='bbox 1824 2264 1945 2287; x_wconf 79' lang='lat' dir='ltr'>excom·</span> 
     </span>
     <span class='ocr_line' id='line_1_88' title="bbox 1207 2307 1943 2351; baseline 0 -11"><span class='ocrx_word' id='word_1_428' title='bbox 1207 2309 1448 2348; x_wconf 78' lang='lat' dir='ltr'>munirationis,</span> <span class='ocrx_word' id='word_1_429' title='bbox 1477 2308 1691 2351; x_wconf 78' lang='lat' dir='ltr'>suspensionis</span> <span class='ocrx_word' id='word_1_430' title='bbox 1715 2313 1745 2340; x_wconf 86' lang='lat' dir='ltr'>et</span> <span class='ocrx_word' id='word_1_431' title='bbox 1769 2307 1943 2347; x_wconf 79' lang='lat' dir='ltr'>interdicti,</span> 
     </span>
     <span class='ocr_line' id='line_1_89' title="bbox 1206 2360 1944 2404; baseline -0.001 -11"><span class='ocrx_word' id='word_1_432' title='bbox 1206 2362 1336 2404; x_wconf 82' lang='lat' dir='ltr'>aliisque</span> <span class='ocrx_word' id='word_1_433' title='bbox 1361 2361 1582 2394; x_wconf 80' lang='lat' dir='ltr'>ecclesiasticis</span> <span class='ocrx_word' id='word_1_434' title='bbox 1607 2361 1777 2401; x_wconf 85' lang='lat' dir='ltr'>sententiis,</span> <span class='ocrx_word' id='word_1_435' title='bbox 1803 2360 1944 2394; x_wconf 86' lang='lat' dir='ltr'>censuris</span> 
     </span>
     <span class='ocr_line' id='line_1_90' title="bbox 1206 2414 1943 2458; baseline -0.001 -12"><span class='ocrx_word' id='word_1_436' title='bbox 1206 2419 1232 2446; x_wconf 82' lang='lat' dir='ltr'>et</span> <span class='ocrx_word' id='word_1_437' title='bbox 1258 2414 1377 2457; x_wconf 84' lang='lat' dir='ltr'>poenis,</span> <span class='ocrx_word' id='word_1_438' title='bbox 1403 2425 1419 2446; x_wconf 90' lang='lat' dir='ltr'>a</span> <span class='ocrx_word' id='word_1_439' title='bbox 1444 2414 1511 2446; x_wconf 90' lang='lat' dir='ltr'>iure</span> <span class='ocrx_word' id='word_1_440' title='bbox 1537 2414 1582 2446; x_wconf 64' lang='lat' dir='ltr'>vel</span> <span class='ocrx_word' id='word_1_441' title='bbox 1608 2414 1646 2446; x_wconf 91' lang='lat' dir='ltr'>ab</span> <span class='ocrx_word' id='word_1_442' title='bbox 1671 2414 1806 2455; x_wconf 86' lang='lat' dir='ltr'>homine,</span> <span class='ocrx_word' id='word_1_443' title='bbox 1836 2414 1943 2458; x_wconf 82' lang='lat' dir='ltr'>quavis</span> 
     </span>
     <span class='ocr_line' id='line_1_91' title="bbox 1206 2467 1943 2510; baseline 0.001 -11"><span class='ocrx_word' id='word_1_444' title='bbox 1206 2468 1369 2500; x_wconf 84' lang='lat' dir='ltr'>occasione</span> <span class='ocrx_word' id='word_1_445' title='bbox 1398 2467 1444 2500; x_wconf 83' lang='lat' dir='ltr'>vel</span> <span class='ocrx_word' id='word_1_446' title='bbox 1466 2469 1558 2500; x_wconf 73' lang='lat' dir='ltr'>causa</span> <span class='ocrx_word' id='word_1_447' title='bbox 1582 2467 1660 2508; x_wconf 83' lang='lat' dir='ltr'>latis,</span> <span class='ocrx_word' id='word_1_448' title='bbox 1682 2467 1706 2499; x_wconf 92' lang='lat' dir='ltr'>si</span> <span class='ocrx_word' id='word_1_449' title='bbox 1732 2467 1846 2510; x_wconf 86' lang='lat' dir='ltr'>quibus</span> <span class='ocrx_word' id='word_1_450' title='bbox 1869 2477 1943 2509; x_wconf 88' lang='lat' dir='ltr'>quo-</span> 
     </span>
     <span class='ocr_line' id='line_1_92' title="bbox 1206 2519 1942 2562; baseline 0 -10"><span class='ocrx_word' id='word_1_451' title='bbox 1206 2521 1376 2553; x_wconf 88' lang='lat' dir='ltr'>modolibet</span> <span class='ocrx_word' id='word_1_452' title='bbox 1401 2520 1566 2553; x_wconf 86' lang='lat' dir='ltr'>innodatus</span> <span class='ocrx_word' id='word_1_453' title='bbox 1591 2521 1709 2562; x_wconf 78' lang='lat' dir='ltr'>existit,</span> <span class='ocrx_word' id='word_1_454' title='bbox 1735 2520 1773 2552; x_wconf 90' lang='lat' dir='ltr'>ad</span> <span class='ocrx_word' id='word_1_455' title='bbox 1798 2519 1942 2553; x_wconf 78' lang='lat' dir='ltr'>effectum</span> 
     </span>
     <span class='ocr_line' id='line_1_93' title="bbox 1205 2573 1943 2616; baseline 0 -11"><span class='ocrx_word' id='word_1_456' title='bbox 1205 2574 1414 2616; x_wconf 85' lang='lat' dir='ltr'>praesentium</span> <span class='ocrx_word' id='word_1_457' title='bbox 1433 2573 1591 2606; x_wconf 76' lang='lat' dir='ltr'>dumtaxat</span> <span class='ocrx_word' id='word_1_458' title='bbox 1611 2573 1875 2616; x_wconf 80' lang='lat' dir='ltr'>consequendum,</span> <span class='ocrx_word' id='word_1_459' title='bbox 1893 2573 1943 2605; x_wconf 84' lang='lat' dir='ltr'>lia-</span> 
     </span>
    </p>
   </div>
   <div class='ocr_carea' id='block_1_14' title="bbox 1243 2635 1777 2670">
    <p class='ocr_par' dir='ltr' id='par_1_18' title="bbox 1243 2635 1777 2670">
     <span class='ocr_line' id='line_1_94' title="bbox 1243 2635 1777 2670; baseline 0.002 -10"><span class='ocrx_word' id='word_1_460' title='bbox 1243 2638 1250 2661; x_wconf 84' lang='lat' dir='ltr'>t</span> <span class='ocrx_word' id='word_1_461' title='bbox 1275 2635 1416 2662; x_wconf 58' lang='lat' dir='ltr'>videretur</span> <span class='ocrx_word' id='word_1_462' title='bbox 1437 2635 1581 2670; x_wconf 80' lang='lat' dir='ltr'>legendum</span> <span class='ocrx_word' id='word_1_463' title='bbox 1602 2636 1659 2670; x_wconf 82' lang='lat' dir='ltr'>ipse</span> <span class='ocrx_word' id='word_1_464' title='bbox 1678 2637 1714 2668; x_wconf 79' lang='lat' dir='ltr'>(a.</span> <span class='ocrx_word' id='word_1_465' title='bbox 1731 2636 1777 2670; x_wconf 83' lang='grc' dir='ltr'>τ.).</span> 
     </span>
    </p>
   </div>
   <div class='ocr_carea' id='block_1_15' title="bbox 1970 245 2153 274">
    <p class='ocr_par' dir='ltr' id='par_1_19' title="bbox 1970 245 2153 274">
     <span class='ocr_line' id='line_1_95' title="bbox 1970 245 2153 274; baseline 0.011 -3"><span class='ocrx_word' id='word_1_466' title='bbox 1970 245 2019 273; x_wconf 70' lang='lat' dir='ltr'>An.</span> <span class='ocrx_word' id='word_1_467' title='bbox 2037 245 2066 273; x_wconf 88' lang='lat' dir='ltr'>C.</span> <span class='ocrx_word' id='word_1_468' title='bbox 2084 245 2153 274; x_wconf 75' lang='lat'><strong>1638</strong></span> 
     </span>
    </p>
   </div>
   <div class='ocr_carea' id='block_1_16' title="bbox 1966 940 2151 993">
    <p class='ocr_par' dir='ltr' id='par_1_20' title="bbox 1966 940 2151 993">
     <span class='ocr_line' id='line_1_96' title="bbox 2021 940 2150 966; baseline 0.008 -5"><span class='ocrx_word' id='word_1_469' title='bbox 2021 940 2150 966; x_wconf 68' lang='lat' dir='ltr'>Declarauo,</span> 
     </span>
     <span class='ocr_line' id='line_1_97' title="bbox 1966 968 2151 993; baseline 0.011 -6"><span class='ocrx_word' id='word_1_470' title='bbox 1966 968 2151 993; x_wconf 66' lang='lat' dir='ltr'>proutinrubrtca.</span> 
     </span>
    </p>
   </div>
   <div class='ocr_carea' id='block_1_17' title="bbox 1962 1839 2144 1886">
    <p class='ocr_par' dir='ltr' id='par_1_21' title="bbox 1962 1839 2144 1886">
     <span class='ocr_line' id='line_1_98' title="bbox 2011 1839 2144 1860; baseline 0.008 -1"><span class='ocrx_word' id='word_1_471' title='bbox 2011 1839 2144 1860; x_wconf 44' lang='lat' dir='ltr'>confirmatio</span> 
     </span>
     <span class='ocr_line' id='line_1_99' title="bbox 1962 1866 2049 1886; baseline 0 0"><span class='ocrx_word' id='word_1_472' title='bbox 1962 1866 2049 1886; x_wconf 60' lang='lat' dir='ltr'>decreti.</span> 
     </span>
    </p>
   </div>
   <div class='ocr_carea' id='block_1_18' title="bbox 2205 1001 2248 3229">
    <p class='ocr_par' dir='ltr' id='par_1_22' title="bbox 2205 1001 2248 3229">
     <span class='ocr_line' id='line_1_100' title="bbox 2205 1001 2248 3229; baseline 0 0"><span class='ocrx_word' id='word_1_473' title='bbox 2205 1001 2248 3229; x_wconf 95' lang='lat' dir='ltr'> </span> 
     </span>
    </p>
   </div>
  </div>
 </body>
</html>
