2221 3224
197 222 246 250 An.
261 221 288 250 C.
312 221 379 249 1628

224 814 325 834 Permittit
343 813 379 833 [r-

196 841 270 861 banus.

200 2518 309 2538 Contraria
321 2519 381 2540 [altit.

424 212 467 248 34

393 279 548 302 summam
581 270 644 303 sive
680 269 862 303 huiusmodi
895 269 1132 302 subventionem

395 323 520 365 exigant
545 328 598 356 aut
623 323 783 366 recipiant,
801 322 947 355 maiestas
970 327 1021 355 tua
1039 327 1069 356 et
1088 323 1132 356 tui

395 376 477 408 illius
496 376 584 419 regni
603 375 738 408 ministri
755 375 914 416 dubitetis,
929 380 1029 408 ratam
1046 387 1133 420 prae-

394 430 507 462 dictam
520 429 710 473 recipiendo,
722 439 870 461 censuras
883 434 1038 473 etpoenas
1047 440 1133 473 prae-

394 482 490 515 dictas
519 483 679 515 incurrere
705 488 735 515 et
758 483 863 515 forsan
894 482 1079 524 incurrisse,
1104 489 1134 516 et

393 540 559 579 propterea
575 545 632 578 pro
650 539 721 567 tuae
744 540 774 567 et
799 535 955 569 dictorum
977 536 1133 569 ministro-

395 599 464 620 rum
494 588 700 621 conscientiae
724 587 829 631 quiete
857 587 950 622 nobis
973 589 1133 622 humiliter

394 641 563 684 supplicari
588 640 711 681 feceris,
731 645 885 684 quatenus
904 641 936 674 in
952 642 1133 685 praemissis

394 699 534 726 nostram
563 697 593 727 et
616 693 710 727 huius
734 694 864 727 Sanctae
889 694 976 728 Sedis
1000 696 1133 728 auctori-

396 753 488 779 tatem
514 747 715 790 interponere
739 747 961 790 dignaremur:

439 801 453 842 ξ
477 800 506 832 3.
532 801 604 840 Nos,
621 800 745 833 attentis
770 801 963 844 praemissis,
981 802 1134 846 supplica-

396 853 531 887 tionibus
555 853 737 886 huiusmodi
760 853 917 896 inclinati,
944 860 1132 898 spontaneae

395 907 560 947 oblationi,
585 907 787 950 promissioni
812 912 842 940 et
866 908 1051 951 obligationi
1077 920 1133 952 per

395 960 658 1003 archiepiscopos,
683 960 861 1005 episcopos,
886 966 916 994 et
939 961 1014 994 alias
1039 962 1134 995 eccle-

396 1013 534 1046 siasticas
549 1023 699 1056 personas
712 1013 750 1046 ad
764 1014 909 1047 effectum
924 1014 1132 1058 praemissum

394 1067 492 1108 sactis,
510 1077 587 1110 quas
600 1066 637 1099 ad
651 1066 836 1100 decennium
851 1067 1031 1112 proximum
1043 1068 1133 1100 dum-

395 1125 487 1159 taxat,
498 1125 527 1152 et
536 1130 598 1152 non
612 1120 703 1160 ultra,
713 1120 827 1153 durare
841 1121 995 1161 volumus,
1005 1126 1034 1153 et
1048 1121 1135 1154 dum-

394 1173 488 1206 modo
506 1178 572 1205 rata
593 1173 773 1207 huiusmodi
791 1174 822 1206 in
843 1174 920 1207 alios
941 1184 1036 1218 quam
1054 1175 1134 1207 infra

395 1237 559 1269 expressos
575 1238 649 1259 usus
667 1227 752 1260 nullo
770 1227 864 1260 modo
877 1227 1062 1271 applicetur,
1076 1239 1133 1271 pro

395 1280 453 1312 hac
477 1280 543 1311 vice
569 1283 687 1313 tantum
715 1285 853 1313 nostram
872 1285 902 1313 et
927 1280 1027 1313 dictae
1047 1281 1134 1314 Sedis

395 1333 614 1366 auctoritatem
628 1334 858 1378 interponimus
872 1345 929 1378 per
942 1340 1133 1378 praesentes,

395 1392 422 1419 et
448 1387 651 1420 nihilominus
675 1387 937 1431 archiepiscopis,
963 1388 1133 1433 episcopis,

395 1447 424 1473 et.
438 1441 505 1473 aliis
519 1441 739 1473 ecclesiasticis
752 1442 894 1484 personis
909 1442 1086 1485 praedictiS,
1101 1449 1131 1475 ut

395 1499 493 1526 ratam
519 1493 700 1526 huiusmodi
725 1504 781 1537 per
806 1505 869 1535 eos,
891 1500 924 1527 ut
948 1496 1133 1539 praefertur,

395 1553 506 1591 sponte
531 1548 667 1580 oblatam
684 1553 714 1580 et
730 1548 918 1592 promissam
943 1549 1132 1592 persolvere,

395 1612 430 1634 ac
456 1607 506 1633 tua
532 1601 686 1641 maiestas,
711 1612 746 1634 ac
772 1601 815 1634 tui
840 1601 976 1634 ministri
994 1613 1061 1635 eam
1080 1614 1133 1647 pe-

395 1660 460 1687 tere
478 1658 507 1688 et
531 1655 682 1697 recipere,
708 1654 833 1697 exigere
850 1659 880 1688 et
897 1655 1000 1688 levare
1016 1656 1133 1700 absque

395 1708 603 1742 conscientiae
629 1710 788 1752 scrulmlo,
807 1720 862 1742 scu
882 1720 1087 1743 censurarum
1105 1715 1134 1745 et

395 1772 568 1806 poenarum
593 1762 825 1805 praedictarum
842 1763 971 1795 incursu
988 1763 1088 1797 libere
1105 1770 1134 1797 et

396 1815 478 1848 licite
502 1816 636 1859 possint,
661 1816 832 1859 apostolica
857 1817 1051 1857 auctoritate,
1077 1827 1130 1850 ea-

395 1869 539 1901 rumdem
560 1874 666 1901 tenore
690 1870 914 1913 praesentium,
932 1870 1134 1903 concedimus
1151 1886 1152 1890 =

396 1926 425 1954 et
450 1921 665 1962 indulgemus,
698 1922 845 1965 ipsosque
869 1923 1152 1967 archiepiscopos,l

396 1975 561 2018 episcopos
580 1981 606 2007 ct
625 1975 700 2008 alias
724 1986 876 2019 personas
897 1977 1133 2019 ecclesiasticaS,
1151 1987 1153 1991 ’

397 2033 426 2060 ct
450 2038 557 2060 earum
583 2028 731 2071 singulas,
756 2034 909 2072 quatenus
935 2030 992 2073 ipsi
1018 2030 1133 2063 dictam

396 2086 494 2114 ratam
520 2081 581 2113 iam
602 2081 805 2124 promiserint
825 2087 877 2115 aut
901 2083 1060 2125 solverint,
1077 2093 1134 2116 nec
1152 2083 1153 2092 ¹

396 2145 458 2168 non
494 2134 636 2167 eamdem
670 2134 864 2168 maiestatem
891 2141 975 2168 tuam
1012 2142 1041 2169 et
1066 2142 1134 2170 tuos

399 2190 556 2223 ministros
584 2189 778 2233 praedictos,
809 2190 832 2222 si
864 2191 1006 2223 eamdem
1034 2197 1133 2224 ratam

397 2244 457 2276 iam
482 2243 691 2287 perceperint,
716 2243 755 2276 ab
780 2243 927 2276 omnihus
952 2250 980 2276 et
1005 2244 1135 2287 singulis

397 2297 537 2331 censuris
555 2302 584 2329 ct
607 2297 716 2340 poenis
732 2307 788 2340 per
806 2307 859 2329 eos
876 2302 1044 2340 propterea
1061 2308 1135 2341 quo-

398 2351 570 2384 modolibet
597 2350 748 2391 incursis,
774 2350 957 2384 auctoritate
978 2354 1007 2384 et
1027 2354 1134 2384 tenore

398 2404 566 2448 praedictis
598 2403 788 2436 absolvimus
816 2409 845 2436 ct
878 2403 1036 2436 absolutos
1068 2404 1133 2437 sore

398 2467 561 2489 censemus
585 2462 614 2489 et
634 2456 838 2489 declaramus.

443 2510 457 2553 ἓ
481 2510 509 2542 4.
524 2510 592 2543 Non
606 2509 801 2543 obstantibus
813 2509 1004 2554 praemissis,
1022 2520 1057 2543 ac
1071 2510 1136 2554 qui-

398 2563 503 2595 busvis
532 2563 807 2597 constitutionibus
832 2569 862 2596 et
886 2563 1135 2596 ordinationibus

398 2616 584 2660 apostolicis,
602 2626 722 2650 necnon
748 2617 963 2659 ecclesiarum,
984 2620 1136 2650 monaste-

975 223 1157 257 Burramuu
1177 223 1330 248 Romnum

1166 270 1286 303 riorum
1305 276 1335 303 et
1350 270 1576 304 beneficiorum
1600 271 1792 312 huiusmodi,
1810 271 1903 304 etiam

1166 323 1360 364 iuramento,
1385 324 1623 358 confirmatione
1647 324 1830 369 apostolica,
1856 325 1904 357 vel

1166 376 1275 420 quavis
1299 375 1447 410 firmitate
1466 377 1527 410 alia
1552 377 1719 418 roboratis,
1736 377 1857 410 statutis
1875 383 1905 410 et

1167 428 1456 470 consuetudinibus,
1470 430 1643 473 privilegiis
1656 441 1792 474 quoque,
1807 430 1905 463 indul-

1168 482 1214 523 tis,
1241 482 1500 526 exemptionibus,
1526 483 1784 525 immunitatibus,
1811 483 1904 517 etiam

1167 535 1197 567 in
1215 545 1350 579 corpore
1370 535 1447 567 iuris
1464 535 1587 577 clausis,
1605 547 1641 569 ac
1653 536 1766 569 litteris
1783 541 1905 580 aposto-

1168 588 1234 621 licis
1259 589 1422 632 quibusvis
1446 589 1634 631 generaliter
1653 590 1701 622 vel
1727 589 1905 633 specialiter

1167 642 1339 682 concessis;
1361 641 1475 685 quibus
1492 642 1639 675 omnibus
1655 646 1685 676 et
1700 642 1842 685 singulis,
1857 653 1905 676 eo-

1167 706 1237 728 rum
1268 701 1394 728 tenores
1426 695 1644 738 praesentibus
1667 706 1726 739 pro
1757 696 1848 739 plene
1875 702 1906 728 et

1167 749 1357 782 sufficienter
1386 749 1540 793 expressis
1569 759 1604 782 ac
1632 749 1671 782 ad
1696 750 1826 782 verbum
1852 749 1902 782 in-

1167 803 1240 836 serti
1265 803 1435 844 habentes,
1460 803 1521 836 illis
1555 803 1630 836 alias
1654 803 1685 836 in
1710 814 1765 837 suo
1789 804 1906 837 robore

1166 856 1392 900 permansuris,
1416 857 1475 890 hac
1499 856 1566 889 vice
1590 856 1765 897 dumtaxat,
1790 857 1907 900 specia-

1166 909 1238 943 liter
1262 916 1292 942 et
1316 920 1462 954 expresse
1493 909 1704 953 derogamus;
1731 910 1906 953 ceterisque

1167 964 1333 996 contrariis
1357 963 1616 1007 quibuscumque.

1212 1018 1227 1060 ἓ
1246 1016 1274 1050 5.
1293 1017 1443 1050 Volumus
1460 1020 1574 1057 autem,
1588 1020 1631 1057 ut,
1648 1016 1737 1050 sinito
1754 1016 1906 1051 decennio

1168 1069 1366 1112 huiusmodi,
1392 1080 1546 1114 personae
1577 1069 1806 1103 ecclesiasticae
1831 1070 1906 1104 dicti

1167 1123 1257 1165 regni
1292 1133 1310 1155 a
1344 1123 1498 1156 solutione
1531 1123 1596 1156 sive
1632 1123 1843 1167 praestatione
1878 1128 1908 1158 et

1168 1176 1329 1209 exactione
1347 1176 1496 1209 similium
1517 1177 1760 1210 subventionum
1778 1177 1907 1210 omnino

1168 1229 1350 1272 abstineant,
1374 1230 1521 1274 quodque
1545 1230 1787 1274 poenitentiam,
1812 1241 1907 1274 quam

1167 1294 1224 1327 pro
1253 1283 1432 1327 praemissis
1463 1283 1599 1316 cuiusvis
1629 1283 1837 1316 confessarius
1868 1283 1908 1316 ab

1168 1337 1333 1371 Ordinario
1357 1337 1552 1381 approbatus
1577 1337 1637 1370 illis
1657 1342 1687 1370 et
1712 1347 1823 1370 eorum
1844 1337 1909 1370 cui-

1168 1389 1242 1423 libet
1258 1389 1382 1423 duxerit
1402 1390 1633 1433 imponendam,
1651 1389 1822 1433 adimplere
1840 1400 1908 1422 om-

1168 1443 1241 1475 nino
1256 1447 1429 1483 tencantur,
1440 1442 1587 1486 quodque
1601 1442 1789 1484 distributio,
1803 1452 1909 1486 repar-

1169 1496 1342 1538 timentum,
1356 1507 1392 1529 ac
1408 1501 1478 1528 taxa
1496 1501 1525 1528 et
1543 1495 1710 1540 exequutio
1727 1496 1908 1529 huiusmodi

1168 1560 1185 1581 a
1209 1549 1352 1593 personis
1376 1549 1611 1589 ecclesiasticis,
1637 1549 1669 1581 in
1693 1548 1827 1582 comitiis
1851 1548 1910 1582 hu-

1168 1603 1302 1636 iusmodi
1335 1603 1374 1635 ab
1406 1603 1525 1635 eisdem
1559 1602 1779 1635 ecclesiasticis
1804 1602 1909 1635 forsan

1168 1656 1335 1700 deputatis,
1353 1661 1414 1696 aut,
1432 1655 1464 1688 in
1483 1666 1594 1689 eorum
1614 1655 1780 1698 defectum,
1798 1656 1837 1688 ab
1855 1655 1910 1689 Or-

1168 1709 1296 1742 dinariis
1328 1710 1488 1752 locorum,
1515 1719 1570 1741 seu
1601 1719 1618 1741 a
1642 1708 1785 1752 personis
1809 1710 1909 1742 eccle-

1168 1762 1299 1795 siasticis
1324 1773 1379 1806 per
1404 1763 1488 1806 ipsos
1512 1761 1695 1795 Ordinarios
1720 1761 1909 1805 deputandis

1168 1816 1327 1849 dumtaxat
1344 1815 1407 1858 fiat,
1425 1826 1460 1848 ac
1478 1816 1631 1848 ministris
1654 1815 1751 1858 regiis
1775 1815 1814 1848 ad
1840 1815 1910 1849 effe-

1168 1875 1252 1902 ctum
1288 1869 1496 1913 praemissum
1528 1874 1652 1901 tantum
1689 1868 1909 1911 consignetur,

1168 1923 1243 1955 alias
1267 1928 1449 1966 praesentes
1466 1922 1569 1955 nullae
1595 1922 1656 1955 sint
1681 1932 1718 1954 eo
1743 1922 1810 1965 ipso
1819 1933 1826 1962 ;

1213 1976 1227 2019 ξ
1252 1975 1279 2008 6.
1306 1976 1433 2009 Necnon
1450 1975 1534 2018 quod
1555 1975 1738 2007 earumdem
1762 1985 1910 2018 praesen-

1170 2029 1244 2061 tium
1264 2028 1479 2072 transumptiS,
1497 2028 1591 2060 etiam
1617 2027 1789 2071 impressis,
1814 2038 1910 2061 manu

1169 2082 1300 2116 alicuius
1324 2081 1438 2114 notarii
1463 2081 1579 2125 publici
1605 2079 1802 2124 subscriptis,
1827 2080 1910 2124 sigil-

1169 2137 1261 2179 loque
1285 2145 1438 2179 personae
1463 2135 1495 2166 in
1521 2134 1672 2177 dignitate
1697 2134 1909 2167 ecclesiastica

1169 2189 1353 2223 constitutae
1374 2188 1519 2228 munitis,
1545 2187 1653 2220 cadem
1678 2198 1808 2231 prorsus
1832 2187 1910 2220 fides

1169 2243 1199 2275 in
1235 2242 1349 2275 iudicio
1382 2245 1411 2274 et
1442 2246 1529 2274 extra
1559 2241 1673 2284 ubique
1708 2241 1909 2282 adhibeatur,

1168 2307 1247 2340 quac
1272 2296 1349 2339 ipsis
1373 2294 1580 2338 originalibus
1608 2295 1720 2328 litteris
1744 2295 1908 2328 adhibere-

1169 2355 1229 2389 tur,
1255 2349 1281 2381 si
1306 2349 1408 2381 forent
1427 2347 1583 2380 exhibitae
1600 2348 1647 2381 vel
1669 2353 1820 2387 ostensae.

1212 2402 1322 2434 Datum
1337 2402 1464 2441 Romae,
1485 2401 1568 2445 apud
1587 2401 1615 2433 S.
1633 2401 1770 2442 Petrum,
1784 2401 1841 2434 sub
1859 2411 1909 2434 an-

1168 2455 1908 2495 nuloPiscat01·is,diexvtdecembrismncxxvnl,

1168 2508 1368 2553 pontificatus
1385 2508 1484 2541 nostri
1498 2518 1579 2541 anno
1593 2518 1634 2541 v1.

1204 2571 1261 2598 Dat.
1278 2571 1321 2598 die
1339 2571 1371 2598 r16
1386 2570 1540 2598 decembris
1557 2570 1634 2605 t628,
1651 2570 1746 2606 pontif.
1763 2578 1832 2597 anno
1847 2577 1884 2596 vx.

1923 224 1972 251 An.
1986 224 2014 250 C.
2037 223 2104 252 1628

1994 1027 2106 1048 Nonnullae

1922 1053 2049 1079 praescribit
2058 1059 2106 1074 cou-

1923 1080 2020 1101 ditiones.

1964 1985 2109 2012 ’transumptis

1925 2011 1936 2032 fi
1940 2012 1964 2033 de
1968 2017 1986 2032 m
2000 2011 2067 2033 addit.

1931 2608 1945 2621 0
