2248 3229
199 216 248 245 An.
266 216 296 245 C.
315 215 383 245 1636
429 207 494 242 ’554

224 1338 324 1359 Gamerae
339 1341 388 1364 apo·

204 1365 293 1386 stolicae
305 1366 351 1385 iura
362 1365 388 1384 ab

205 1392 334 1417 obligatione
355 1397 389 1412 re-

204 1422 282 1441 senat.

276 1926 389 1952 Signatum

206 1953 289 1974 suffieit.

234 2191 338 2217 Exemplis
349 2193 390 2212 sta-

207 2224 224 2239 ri
240 2218 305 2239 iubet.

399 265 500 299 ctione
513 264 690 298 debitorum
704 263 858 295 dictarum
873 261 1135 294 comnmnitatum

399 329 454 352 seu
470 317 705 351 universitatum
720 314 958 358 quomodolibet
972 314 1070 354 sactis,
1084 313 1138 346 ini-

398 370 447 412 tis,
470 368 669 413 exequutioui
694 367 876 400 demandari
894 367 1024 411 coeptis,
1045 367 1137 400 etiam

400 423 589 466 obligatione
617 421 763 455 camerali
790 431 845 453 seu
871 419 1069 463 guarantigia
1086 425 1137 452 aut

399 477 459 508 alia
485 475 578 507 etiam
602 474 751 507 strictiori
778 474 879 506 forma
901 473 1039 513 vallatis,
1058 482 1138 506 nec-

399 538 462 562 non
487 528 673 568 iuramento,
694 532 724 559 et
743 527 853 570 quavis
870 527 930 559 ali-:1
952 526 1072 559 cautela
1092 537 1139 560 ro-

398 581 518 614 boratis
541 586 634 624 atque
649 579 791 619 firmatis,
809 579 983 622 privilegiis
1003 589 1138 622 quoque,

399 633 527 666 indultis
544 659 552 673 ,
585 632 839 665 concessionibus
865 636 895 664 et
919 631 1138 672 facultatibus,

400 686 494 719 etiam
513 686 634 730 pluries
663 691 717 718 aut
742 686 835 718 etiam
859 685 1044 718 auctoritate
1068 695 1141 728 apo-

400 739 509 772 stolica
533 739 701 779 concessis,
725 739 823 779 sactis,
848 738 1012 779 innovatis,
1030 738 1141 771 confir—

400 792 492 826 matis
510 797 539 825 et
554 791 745 835 approbatis,
765 801 886 824 necnon
907 791 1003 835 stylis,
1021 791 1139 831 usibus,

401 845 530 889 regulis,
555 844 846 885 consuetudinibus,
872 844 1047 888 ceterisque
1071 855 1141 877 con—

401 899 506 932 trariis
530 898 792 941 quibuscumque.
809 898 892 936 Quae
912 897 1017 930 onmia
1034 903 1064 931 et
1080 898 1141 931 sin-

402 953 490 996 gula,
519 951 641 984 etiamsi
665 951 703 984 de
728 951 790 983 illis
814 951 967 995 specialis,
993 961 1141 995 expressa

402 1010 432 1039 et
456 1005 615 1038 individua
639 1005 756 1038 mentio
781 1005 924 1038 habenda
949 1011 1043 1046 esset,
1072 1005 1141 1038 illo-

402 1071 473 1093 rum
498 1065 622 1093 tenores
646 1059 697 1092 hic
730 1070 789 1103 pro
814 1060 971 1103 expressis
995 1065 1024 1093 et
1050 1060 1139 1092 suffi-

403 1113 522 1147 cienter
552 1123 588 1146 ac
617 1112 654 1145 de
678 1112 775 1145 verbo
799 1113 838 1146 ad
862 1113 992 1145 verbum
1018 1112 1142 1145 insertis

402 1166 566 1206 habentes,
582 1165 640 1198 hac
664 1165 731 1198 vice
753 1165 923 1205 dumtaxat,
941 1165 1002 1198 illis
1019 1165 1094 1199 alias
1112 1166 1144 1199 in

403 1229 461 1253 suo
485 1219 600 1253 robore
627 1219 854 1262 permansuris,
881 1219 907 1251 si
931 1219 1064 1261 obstent,
1088 1220 1144 1253 tol-

402 1273 497 1306 limus
521 1279 551 1306 et,
574 1272 774 1315 abrogamus.

449 1328 464 1370 ἓ
489 1327 516 1361 9.
542 1326 693 1360 Volumus
717 1329 832 1367 autem,
853 1331 883 1359 et
906 1327 1014 1359 nostra
1038 1332 1145 1361 aucto-

403 1380 495 1414 ritate
527 1380 726 1413 decernimus
759 1384 789 1412 et
819 1379 1036 1420 declaramus,
1060 1381 1145 1424 quod

403 1433 577 1478 praemissa
600 1433 705 1466 omnia
731 1437 758 1465 et
785 1433 908 1475 singula
931 1433 1145 1476 intelligantur

404 1491 434 1521 ct
458 1487 518 1519 sint
542 1487 621 1520 facta
638 1491 668 1519 et
693 1496 841 1519 concessa
866 1486 932 1518 sinc
957 1487 1097 1519 omnium
1115 1493 1145 1520 et

403 1550 677 1584 quorumcumque
710 1539 827 1571 iurium
852 1549 995 1572 camerae
1018 1545 1144 1572 nostrae

403 1593 593 1637 apostolicae
626 1592 732 1636 aliquo
764 1592 980 1636 praeiudicio,
1005 1598 1035 1625 et
1066 1593 1144 1626 citra

403 1646 538 1690 aliquam
565 1645 704 1678 eiusdem
734 1655 895 1685 camerae,
923 1646 1143 1690 bonorumque

404 1711 533 1733 suorum
549 1700 785 1742 obligationem,
803 1699 844 1732 ita
857 1704 891 1731 ut
907 1699 1027 1732 iuribus
1045 1709 1144 1732 came-

404 1763 457 1785 rae
481 1763 680 1796 nequaquam
704 1751 953 1796 praeiudicetur,
979 1762 1081 1795 neque
1105 1752 1143 1785 de

405 1816 462 1839 suo
484 1806 515 1838 in
536 1806 641 1849 aliquo
658 1805 789 1849 proprio
806 1805 875 1849 ipsa
894 1815 1019 1838 camera
1043 1811 1144 1839 tenea-

406 1864 456 1891 tur
480 1859 528 1892 vel
552 1859 709 1901 obligetur
723 1869 730 1897 ;

451 1913 465 1956 ξ
487 1912 536 1945 10.
555 1912 706 1956 Quodque
731 1911 904 1956 praesentis
923 1911 1023 1945 nostri
1041 1917 1144 1944 motus

405 1965 530 2010 proprii
556 1965 684 1998 cedulae
705 1965 769 1997 sola
801 1965 961 2007 signatura
993 1965 1144 2006 sufficiat,

407 2019 523 2062 absque
544 2029 580 2052 eo
594 2018 678 2062 quod
692 2018 869 2051 declaretur
882 2018 929 2050 rel
947 2019 1144 2061 registretur,

406 2073 515 2115 regula
533 2082 740 2116 quacumque,
762 2077 791 2105 et
811 2071 879 2104 aliis
901 2072 1065 2106 contrariis
1082 2082 1145 2106 non

406 2126 600 2159 obstantibus
613 2137 620 2166 ;

451 2181 466 2224 g
490 2180 540 2213 11.
566 2179 717 2223 Quodque
741 2179 881 2213 eiusdem
907 2180 1034 2213 cedulae
1059 2185 1145 2213 tran-

406 2234 558 2277 sumptis,
579 2233 671 2267 etiam
704 2233 888 2276 impressis,
913 2238 941 2266 et
966 2243 1023 2277 per
1046 2243 1145 2266 unum

407 2298 443 2321 ex
461 2287 561 2320 dictae
587 2296 729 2320 camerae
749 2286 880 2320 notariis
905 2286 1097 2330 subscriptis,
1117 2291 1145 2321 et

407 2341 546 2374 eiusdem
564 2340 752 2374 thesaurarii
772 2340 875 2383 sigillo
889 2339 1029 2383 signatis,
1047 2346 1146 2373 stetur

407 2399 437 2427 et
461 2393 617 2433 credatur,
634 2393 749 2437 illaque
768 2393 893 2436 plenam
910 2393 1004 2426 sidem
1022 2393 1144 2434 saciant,

407 2454 469 2480 tam
494 2448 525 2480 in
549 2447 664 2480 iudicio
690 2457 783 2490 quam
816 2452 923 2487 extra,
956 2457 990 2480 ac
1021 2447 1047 2480 si
1077 2447 1145 2491 ipsa

409 2501 518 2534 cedula
542 2501 622 2534 soret
646 2500 782 2534 exhibita
807 2500 854 2532 vel
879 2506 1012 2534 ostensa.

497 2554 600 2587 Placet
624 2558 710 2587 motu
735 2553 864 2597 proprio
885 2554 921 2586 M.

978 212 1157 238 BULLARIUM
1181 212 1335 237 ROMANUM
1923 213 1973 241 An.
1989 214 2018 242 C.
2035 214 2103 244 1636

1497 259 1583 293 DLII.

1173 331 1396 366 Committitur
1420 330 1567 364 auditori
1593 341 1757 374 camerae,
1784 339 1840 375 ut,
1868 334 1911 367 ad

1215 385 1410 417 instantiam
1434 383 1648 416 commissarii
1671 395 1815 418 camerae
1838 397 1911 430 apo—

1215 437 1356 477 stolicae,
1384 441 1497 470 contra
1511 437 1670 469 Ioannem
1685 436 1853 471 Andream
1869 441 1910 473 ab

1215 491 1326 524 Auria
1346 494 1374 522 et
1399 490 1482 523 alios
1506 490 1671 522 invasores
1695 494 1723 522 et
1747 497 1911 534 occupato-

1215 554 1264 576 res·
1280 543 1387 586 Buryi
1408 542 1511 575 Vallis
1527 543 1616 583 Tetri,
1636 542 1679 575 act
1691 547 1838 576 sanctam
1854 545 1912 578 Ro-

1216 607 1352 629 manam
1382 596 1559 629 Ecclesiam
1586 597 1804 639 pertinentis,
1830 608 1909 641 pro-

1218 648 1339 682 cedat&

1377 729 1514 757 Urbanus
1534 730 1614 764 Papa
1633 730 1713 764 VIII,

1318 775 1354 802 ad
1374 774 1506 802 futuram
1524 775 1569 802 rei
1587 775 1767 803 memoriam.

1219 846 1233 890 g
1262 846 1286 878 1.
1312 845 1411 887 Cum,
1438 846 1519 879 sicut
1542 846 1740 890 accepimus,
1767 847 1914 891 princeps
1969 861 2114 882 ioannem„-

1174 900 1306 933 Ioannes
1329 899 1470 932 Andreas
1494 899 1533 932 ab
1556 899 1662 940 Auria,
1690 900 1829 933 nescitur
1851 911 1914 944 quo
1930 888 2029 941 233⁶?ss
2049 889 2114 935 Ἢιῖ

1175 953 1289 996 spiritu
1303 953 1427 993 ductus,
1440 958 1569 994 terram,
1583 963 1638 986 seu
1652 953 1805 997 oppidum
1819 954 1915 997 Burgi
1930 943 2027 967 ⁰⁰⁶⁰¹³³¹'

1176 1006 1269 1039 Vallis
1285 1006 1356 1038 Tari
1374 1005 1543 1040 Placentini
1563 1006 1723 1039 districtus
1737 1006 1775 1039 ad
1786 1007 1815 1040 S.
1833 1007 1866 1040 R.
1882 1007 1914 1039 E.

1176 1059 1296 1092 ratione
1320 1059 1430 1093 directi
1461 1058 1592 1092 dominii
1616 1063 1780 1102 spectans,
1811 1059 1914 1092 illius-

1176 1122 1237 1156 que
1264 1112 1460 1146 territorium
1486 1117 1516 1144 et
1541 1111 1704 1152 membra,
1736 1122 1917 1156 annexaque

1177 1170 1207 1198 et
1231 1175 1371 1198 connexa
1398 1175 1434 1199 ac
1459 1165 1666 1209 dependentia
1689 1176 1845 1210 occupare
1864 1176 1918 1199 au-

1177 1229 1229 1251 sus
1259 1218 1374 1259 suerit,
1399 1217 1462 1251 sive
1496 1223 1648 1262 occupata
1671 1218 1840 1252 detinuerit
1869 1219 1917 1252 vel

1178 1272 1330 1304 detineat:

1223 1327 1237 1369 g
1261 1325 1290 1358 Ξ).
1316 1325 1488 1370 Propterea
1503 1336 1571 1367 nos,
1589 1326 1737 1367 volentes,
1757 1332 1792 1359 ut
1809 1332 1918 1360 contra
1967 1339 2064 1361 t'rbanus
2078 1345 2117 1360 an-

1932 1366 1994 1387 ditori
2019 1372 2116 1387 camerae

1178 1378 1374 1422 praedictum
1399 1380 1547 1412 Ioannem
1567 1379 1724 1412 Andream
1747 1380 1787 1412 ab
1811 1380 1917 1422 Auria,
1933 1394 2062 1422 commum„
2095 1395 2117 1413 ut

1179 1442 1349 1476 omnesque
1374 1433 1451 1466 alios
1475 1433 1646 1476 invasores,
1667 1439 1872 1477 occupatores
1889 1439 1918 1467 et
1933 1422 2041 1473 ῗιῗιῗὲὲῗὴι.
2057 1419 2116 1440 ¹¹¹⁰OE

1179 1487 1366 1529 detentores,
1392 1487 1470 1520 iuris
1494 1487 1643 1520 remediis
1667 1488 1862 1531 opportunis,
1889 1494 1918 1522 et

1178 1540 1366 1584 praesertim
1391 1540 1610 1574 declarationis
1634 1541 1779 1574 incursus
1797 1551 1919 1575 excom-

1179 1593 1399 1626 municationis
1423 1593 1563 1633 maioris,
1584 1593 1782 1637 aliarumque
1806 1604 1917 1627 censu-

1179 1656 1286 1678 rarum
1318 1651 1348 1679 et
1377 1656 1551 1690 poenarum
1576 1656 1592 1678 a
1615 1646 1713 1679 sacris
1746 1646 1918 1679 canonibus

1179 1705 1208 1733 et
1233 1700 1373 1733 conciliis
1401 1699 1653 1740 universalibus,
1682 1699 1915 1734 constitutioni-

1178 1753 1298 1796 busquc
1322 1752 1511 1796 apostolicis,
1529 1753 1623 1785 etiam
1639 1752 1671 1785 in
1688 1752 1775 1785 Bulla
1800 1753 1919 1786 Coenac-

1178 1806 1313 1846 Domini‚
1330 1806 1478 1838 adversus
1498 1805 1570 1838 talia
1593 1810 1812 1849 perpetrantes
1836 1806 1919 1839 inssi-

1179 1864 1301 1892 ctarum
1319 1862 1348 1892 et
1364 1859 1647 1902 proiiiulgatarum,
1663 1869 1721 1902 per
1744 1859 1919 1892 auditorem

1179 1922 1322 1944 camerae
1336 1938 1343 1952 ‚
1368 1911 1422 1955 qui
1445 1922 1718 1955 quarumcumque
1742 1912 1918 1946 litterarum

1179 1964 1425 2008 apostolicarum
1459 1970 1505 1997 est
1538 1964 1693 2008 generalis
1725 1971 1919 2009 exequutor,

1179 2017 1385 2062 procedatur,
1411 2027 1450 2050 ne
1474 2027 1625 2061 umquam
1654 2017 1692 2050 de
1723 2017 1789 2051 eius
1820 2018 1916 2051 iuris-

1180 2072 1316 2105 dictione
1349 2076 1379 2104 et
1409 2071 1556 2104 facultate
1581 2072 1613 2104 in
1636 2071 1817 2115 praemissis
1841 2083 1919 2116 quo-

1180 2125 1354 2159 modolibet
1377 2125 1554 2158 necessaria
1575 2128 1603 2159 et
1627 2127 1808 2169 opportuna
1833 2125 1920 2159 dubi-

1182 2179 1238 2212 tari
1263 2178 1444 2221 contingat,
1472 2183 1561 2211 motu
1584 2178 1737 2222 proprio,
1770 2180 1919 2223 certaque

1181 2233 1310 2266 scientia
1338 2243 1373 2266 ac
1398 2234 1521 2265 matura
1545 2232 1770 2266 deliberatione
1791 2233 1919 2273 nostris,

1180 2286 1281 2329 deque
1305 2285 1493 2329 apostolicae
1517 2285 1678 2329 potestatis
1708 2285 1918 2329 plenitudine,

1180 2339 1264 2372 salvo
1290 2344 1394 2372 tamen
1426 2344 1456 2372 et
1486 2343 1646 2372 reservato
1680 2338 1770 2372 nobis
1795 2344 1825 2371 et
1849 2339 1919 2372 Sedi

1179 2393 1376 2436 Apostolicae
1401 2392 1469 2425 iure
1502 2392 1614 2443 agendi
1638 2392 1677 2425 ad
1703 2403 1920 2436 quaecumque

1180 2447 1239 2479 alia
1262 2456 1345 2479 nunc
1362 2450 1392 2479 et
1412 2445 1617 2489 imposterum
1637 2445 1874 2489 quomodolibet
1890 2450 1917 2478 et

1180 2499 1442 2544 quandocumque
1473 2498 1682 2543 competentia
1713 2504 1742 2532 et
1768 2498 1919 2542 competi-

1182 2558 1260 2593 tura,
1278 2564 1313 2586 ac
1337 2552 1476 2596 praevia,
1497 2558 1650 2596 quatenns
1674 2552 1713 2584 sit
1737 2562 1826 2596 opus,
1848 2561 1920 2585 avo-

1220 2617 1227 2640 1
1248 2614 1284 2641 Ex
1300 2615 1409 2650 Rogost.
1425 2615 1451 2642 in
1466 2615 1569 2642 Secret.
1586 2614 1722 2642 Brevium.
