2248 3229
914 237 1009 263 nsnnx
1035 235 1139 260 nuncu
1687 222 1754 258 759

344 290 405 327 sub
435 290 564 326 nomine
588 290 774 326 scholarum
800 291 930 325 Piorum
959 292 1082 324 nonnisi
1115 288 1155 322 ib
1186 288 1264 332 ipsis
1288 287 1479 361 erigendae,
1502 287 1565 322 155
1590 297 1628 327 a;
1655 286 1796 331 ipserum

346 344 489 379 habitum
516 345 641 379 deferre
666 345 736 379 aliis
762 347 912 386 xetitum
938 344 1017 376 ι”ίιιιΙ

256 398 465 442 congregatio
489 397 670 435 Oliietana
696 399 736 432 55
763 399 789 431 b.
815 398 940 439 Quibus
964 395 1080 431 diebus
1103 394 1234 429 abb-iles
1261 396 1304 429 uti
1329 396 1451 438 possint
1466 393 1688 437 bafflaeetnno,
1705 393 1745 427 56
1762 404 1784 426 a

348 451 419 485 eide
443 451 557 485 Montis
581 450 700 486 Olivcti
725 452 943 495 congregatio.

260 504 472 548 Congregatio
497 504 635 540 Oratorii
666 504 891 548 Neapolitana,
918 505 978 538 117
1004 514 1034 537 a.
1065 502 1184 536 Domus
1220 503 1250 535 in
1286 506 1348 536 toto
1375 511 1471 545 regno
1495 500 1644 545 Neapolis
1674 501 1800 536 nonnisi

347 560 378 593 in
404 558 635 601 insignioribus
659 558 843 592 civitatibus
869 557 1042 601 erigendae
1069 555 1148 589 ibid.
1172 555 1206 588 ln
1233 558 1334 600 iisque
1358 555 1468 589 saltem
1494 555 1605 588 decem
1626 554 1732 589 alendi
1756 563 1802 589 sa·

347 611 492 645 cerdotes
510 611 605 647 ibim:
622 612 799 655 Congrcgat
814 614 864 645 oni
883 609 1109 655 Neapolitanae
1127 611 1357 642 communicata
1384 609 1562 652 privilegia,
1584 618 1666 653 quae
1690 617 1708 643 a
1724 608 1802 642 Pon-

348 664 485 698 tificibus
509 667 749 708 congregationi
775 665 934 698 Romanae
959 672 1111 697 concessa
1136 666 1218 703 sunt,
1246 662 1321 695 ibid.
1345 666 1375 696 et
1398 673 1460 706 seq.

258 717 470 761 Congregatio
496 718 623 752 Rittium
650 719 833 752 methodum
859 717 1048 763 praeseribit
1072 715 1275 760 regularibus
1292 719 1324 750 et
1343 714 1657 749 eont'ratcrnitatibus
1676 723 1802 760 proees-

348 772 457 805 siones
483 771 631 813 faciendi,
659 773 719 806 ⁴54
747 773 772 805 b.

259 823 503 858 Constitutiones
530 824 674 859 [rbanae
702 836 758 868 pro
782 824 903 860 Ordine
928 824 1085 858 Minorem
1110 823 1140 857 S.
1166 823 1326 857 Francisci
1350 822 1625 865 Conventualium,
1651 822 1691 856 14
1716 833 1745 856 α.

259 876 540 917 Com-entuatium,
567 877 638 910 eide
662 878 816 911 Minorum
842 878 872 910 S.
899 877 1058 910 Francisci
1084 875 1181 910 Ordo.

260 929 392 965 Cosmus
425 931 566 965 medices
602 941 737 975 magnus
762 931 932 965 llctruriae
957 930 1022 964 dux
1048 930 1228 964 subsidium
1258 930 1319 966 sibi
1351 930 1390 965 ab
1422 930 1650 965 ecelesiasticis
1679 930 1803 967 Pisanis

350 987 504 1028 praestari
529 984 660 1025 obtinet,
686 984 749 1017 (393
772 984 798 1016 b.
1814 978 1817 980 ’

260 1036 391 1072 Cosmus
411 1038 582 1082 Reynonus
607 1039 764 1071 ecclesiae
788 1038 818 1071 S.
844 1037 1003 1071 Ambrosii
1029 1037 1276 1072 Mediolanensis
1304 1038 1404 1072 abbas
1436 1042 1467 1072 et
1491 1039 1523 1072 in
1547 1037 1636 1073 ltalia
1666 1048 1801 1081 congre-

348 1093 486 1135 gationis
517 1091 738 1126 Cisterciensis
762 1100 903 1134 praeses,
932 1091 992 1124 179
1023 1102 1062 1127 a:
1087 1090 1126 1124 ad
1157 1092 1359 1124 concordiam
1385 1090 1515 1125 devenit
1538 1101 1610 1125 eum
1640 1091 1802 1126 Fridcrico

347 1145 501 1179 cardinali
526 1145 714 1179 Borromaeo
739 1145 982 1188 archiepiscopo
1007 1143 1247 1188 Mediolanensi,
1265 1149 1297 1178 ct
1320 1144 1629 1179 administratoribus
1645 1144 1804 1180 ecclesiae

352 1197 539 1242 collegiatae
565 1198 595 1231 S.
621 1197 793 1238 Ambrosii,
822 1197 888 1230 ibid
913 1201 943 1231 et
966 1208 1028 1242 seq.

261 1251 484 1285 Cremonensis
509 1251 691 1294 cardinalis,
717 1251 788 1284 vide
812 1250 998 1285 Desiderius
1022 1250 1052 1283 S.
1078 1250 1192 1284 Caroli.

260 1304 439 1348 Crepacorii
464 1309 630 1339 comitatus
656 1309 685 1338 et
712 1307 923 1348 pertinentiae
948 1305 1003 1338 diu
1028 1304 1067 1337 ab
1100 1303 1274 1338 Emanucle
1306 1303 1479 1338 Pliiliberto
1511 1303 1691 1339 sabaudiae
1721 1305 1803 1339 duee

350 1368 507 1402 possessa,
533 1359 594 1393 466
622 1359 653 1397 b;
680 1358 796 1391 deinde
822 1358 952 1392 dimissa
979 1363 1010 1392 et
1035 1357 1176 1392 relaxata
1202 1358 1297 1391 Besso
1323 1358 1468 1392 Ferrcrio
1493 1357 1605 1398 Flisc0‚
1629 1358 1708 1392 ibid.

262 1410 428 1446 Cruciatae
453 1411 586 1446 facultas
610 1411 751 1456 eligendi
776 1412 1006 1446 confessarium
1030 1421 1092 1445 non
1116 1411 1299 1445 extenditur
1322 1411 1361 1445 ad
1388 1411 1550 1455 regulares
1575 1413 1741 1457 utriusque
1756 1420 1803 1445 se-

353 1474 427 1505 xus,
458 1465 516 1498 1413
541 1476 560 1497 a
586 1469 616 1498 ct
641 1466 669 1497 b.

264 1517 427 1551 Cruciatae
453 1517 618 1552 facultates
642 1518 747 1563 quoad
772 1518 932 1552 licentiam
959 1518 1110 1552 vescendi
1135 1520 1204 1553 ovis
1230 1522 1259 1552 et
1284 1518 1451 1552 lacticiniis
1477 1518 1661 1553 extenditur
1687 1519 1726 1553 ad
1753 1526 1804 1563 pa-

353 1571 518 1609 triarchas,
546 1571 815 1615 archiepiscopos,
842 1574 1010 1616 cpiscopos
1034 1576 1065 1606 et
1088 1572 1222 1606 elericos
1247 1572 1418 1614 seculares,
1446 1572 1508 1605 112
1533 1572 1558 1606 b.

262 1624 429 1658 Cruciatae
454 1625 559 1658 ostieia
585 1625 681 1658 vendi
707 1635 768 1658 non
795 1630 936 1668 possunt,
958 1626 1017 1659 501
1047 1626 1064 1657 [ι
1089 1630 1119 1659 ct
1143 1637 1204 1670 seq.

262 1677 441 1721 Cyprianus
467 1677 679 1711 Pallavicinus
705 1679 966 1723 archiepiscopus
991 1679 1180 1721 tlenuensis,
1197 1680 1260 1713 605
1280 1680 1313 1719 ὸς
1339 1679 1503 1724 Synodum
1528 1681 1623 1723 cogit,
1650 1680 1803 1724 legesque

352 1731 411 1765 l‘ert
435 1742 492 1775 pro
518 1730 609 1765 bonis
634 1731 862 1765 ecclesiasticis
886 1734 979 1766 sartis
1006 1735 1160 1778 tectisque
1185 1733 1362 1769 sert-andis.
1392 1730 1466 1766 ibici.

263 1785 357 1828 Cypri
383 1786 473 1827 regui
498 1795 607 1818 omnes
632 1785 787 1819 ecclcsiae
814 1785 928 1819 latinae
955 1787 1120 1820 traduntur
1145 1787 1410 1821 administrationi
1435 1788 1578 1831 episcopi
1603 1786 1802 1830 t‘aphiensis,

354 1838 416 1871 103
441 1848 460 1870 α
486 1841 517 1871 ct
541 1837 567 1870 b.

263 1890 400 1934 cyrillus
432 1889 561 1924 Lucaris
593 1891 895 1935 pseudopatriarcha
929 1893 1308 1937 Constantinopolitanus‚
1335 1894 1353 1926 2
1378 1894 1410 1933 b;
1436 1893 1604 1927 Multorum
1635 1893 1803 1927 criminum

353 1953 436 1984 rcus,
455 1943 542 1981 ibid:
560 1945 775 1979 cardinalibus
796 1945 913 1981 itittino
934 1951 965 1981 et
984 1946 1191 1982 Cremonensi
1215 1947 1427 1982 demandatur
1449 1951 1482 1982 ut
1506 1951 1615 1982 contra
1639 1957 1712 1981 eum
1738 1956 1805 1990 pro-

354 1998 479 2039 cedant,
507 1998 583 2031 ibid.

1026 2159 1052 2193 Ι)

268 2267 394 2302 Decima
420 2270 644 2300 sexcentorum
669 2266 801 2300 millium
826 2267 1010 2301 ducatorum
1033 2266 1178 2311 Philippo
1196 2267 1235 2301 lV
1260 2267 1329 2311 regi
1351 2266 1504 2301 catholico
1521 2266 1561 2301 ab
1579 2267 1804 2302 ecclesiasticis

355 2331 526 2366 regnorum
553 2320 706 2355 Castellae
732 2325 761 2354 et
788 2321 922 2365 legionis
946 2320 1118 2362 solvenda,
1147 2319 1207 2353 273
1232 2331 1252 2353 (ι
1277 2324 1308 2354 et
1330 2331 1392 2365 seq.
1418 2324 1448 2354 et
1474 2321 1535 2354 293
1557 2321 1590 2359 ὸς
1617 2330 1673 2364 per
1698 2322 1802 2365 ipsum

352 2375 471 2410 «terum
498 2375 671 2418 exigenda,
699 2375 760 2408 297
786 2374 812 2407 b.

268 2431 454 2465 Desiderius
479 2429 650 2471 Arigonius
675 2428 964 2461 Camaldulensiuin
992 2432 1175 2471 procurator
1198 2427 1367 2471 generalis⁷
1395 2428 1458 2461 298
1483 2427 1509 2460 ΙΙ.

269 2483 455 2517 Desiderius
481 2482 511 2515 S.
537 2481 638 2514 Caroli
659 2481 881 2514 Cremsmensis
899 2479 1087 2518 cardinalis,
1107 2481 1124 2513 2
1143 2481 1176 2519 b;
1195 2480 1240 2514 illi
1257 2483 1461 2516 committitur
1479 2485 1509 2515 ut
1528 2480 1679 2525 procedat
1695 2485 1803 2516 contra

358 2536 507 2580 Cirillum
533 2534 869 2580 pseudopatriarcliam
895 2534 1289 2578 Constantinopolitanum,
1318 2534 1393 2568 ibid.

271 2590 408 2625 Didacus
432 2589 472 2623 (lc
492 2590 521 2622 S.
538 2587 735 2632 llainiundo,
757 2592 941 2631 procurater
961 2589 1120 2629 generalis
1142 2589 1271 2622 fratrum
1289 2589 1528 2622 reformatorum
1546 2587 1678 2624 Ordinis
1694 2588 1726 2623 B.
1744 2588 1804 2623 Ma-

358 2644 424 2677 riae
448 2641 688 2686 Redemptionis
713 2642 921 2685 captixorum,
947 2640 965 2672 (i
985 2640 1011 2672 Ι).
