2248 3229
71 231 122 262 An.
138 233 167 262 C.
189 228 256 262 ¹637

71 299 144 317 eontra
194 295 253 317 illum

69 324 148 346 moun

105 772 143 793 Cui
157 777 253 793 necessa-

69 799 113 819 ria·
127 799 155 819 ιιί
170 798 190 819 id
206 804 254 819 con·

69 825 126 846 ⁸01¹st
136 825 254 846 facultates.

96 1674 206 1695 etan-uta·
219 1679 254 1693 m·-

70 1707 174 1731 eeuaruu
190 1706 254 1727 appo-

70 1732 107 1749 nu.

878 232 1019 258 L'nnANUS
1045 233 1100 258 *111
1124 231 1172 258 PP-

267 285 362 326 prout
386 281 463 314 iuris
488 280 591 324 sueiit,
608 281 770 326 procedas,
786 291 821 315 ac
846 292 1027 325 quascunw

268 345 329 378 que
353 336 497 379 querelas
522 342 551 369 et
576 337 743 380 petitiones
770 342 881 369 contla
906 336 1007 380 ipsum

269 388 448 432 Philippum
458 389 520 423 Clu
524 389 721 433 istopliorum
733 389 888 433 archiepis
892 399 1008 432 eopum

269 446 297 473 et
324 441 492 475 electorem
518 442 741 475 Trexerensem
767 452 802 474 ac
825 442 1007 485 episcopum

269 493 446 537 Spirensem
455 500 484 527 ct
492 495 794 528 commendatarium
803 494 1008 538 porrigendas
1024 534 1026 543 Α

269 552 297 579 et
314 547 433 580 dandas
450 558 545 592 super
560 548 812 592 quibuscumque
828 547 963 590 negotiis
980 553 1009 579 et

269 601 380 642 causis,
398 611 461 634 non
486 607 590 634 tamen
615 601 644 634 iu
671 602 811 634 Romana
830 601 916 634 curiit
936 611 1009 644 pen-

269 653 424 696 dentibus,
439 665 622 698 cognoscas,
640 656 764 699 fineque
781 654 897 695 debito,
915 659 1008 698 prout
1026 695 1027 699 Ἰ

270 706 347 740 iuris
364 707 468 748 suerit,
489 708 647 740 termines.

313 760 328 804 ἓ
353 760 381 793 5.
407 761 469 794 'Nos
494 762 576 794 enim
601 761 639 794 ad
665 761 825 805 praedicta
850 760 954 794 omnia
981 766 1010 792 et

269 813 392 856 singula
417 814 671 857 cognoscendum
696 820 725 847 et
750 819 841 858 prout
874 813 912 846 dc
943 813 1027 853 iure¹

270 866 502 900 terminandum
536 868 714 901 facultatem
743 872 953 911 opportunam
980 872 1010 899 et

268 920 406 964 amplam
437 921 493 954 tibi
526 921 739 961 concedimus,
764 931 834 953 cum
857 924 1009 964 potestate

269 974 500 1018 citandi—quos,
524 974 659 1018 quibus,
683 973 808 1018 quando
829 978 859 1006 et
887 973 1009 1016 quoties

269 1037 349 1070 opus
373 1027 475 1069 suerit,
501 1027 623 1071 illisque
648 1026 821 1068 inhibendi,
839 1026 931 1059 etiam
950 1025 1008 1058 sub

269 1080 440 1120 sententiis,
465 1080 605 1113 censuris
629 1085 658 1113 et
684 1079 804 1123 poenis,
829 1079 922 1112 ctiam
949 1089 1006 1122 pe-

268 1133 428 1173 cuniariis,
443 1138 496 1166 tuo
519 1133 651 1166 arbitrio
676 1132 872 1176 infligendis,
896 1132 1006 1165 mode-

269 1185 374 1218 randis
397 1191 428 1219 et
451 1186 662 1230 applicandis,
686 1191 801 1218 statum
826 1190 856 1218 et
881 1185 1008 1225 merita,

268 1239 367 1271 litium
393 1245 423 1272 et
447 1240 734 1272 controversiarum
761 1244 886 1279 statum,
911 1238 1010 1271 nomi-

266 1302 368 1336 naque
385 1297 415 1325 et
435 1293 625 1335 cognomina
645 1292 846 1335 litigantium,
872 1292 1009 1324 iudicum
1026 1296 1027 1305 ¹

267 1350 297 1377 et
329 1345 547 1386 tribunalium,
573 1346 666 1379 etiam
692 1346 818 1390 speciali
852 1346 1010 1379 mentione

267 1397 448 1440 «lignorum,
478 1399 684 1442 omniumque
710 1398 956 1442 praemissorum
975 1409 1010 1431 ac

268 1610 395 1644 nissime
412 1611 611 1655 derogamus.

313 1664 328 1707 ἓ
352 1663 381 1697 6.
403 1664 586 1698 Praesentcs
603 1675 729 1708 quoque
750 1665 868 1698 litteras
886 1665 924 1698 de
942 1665 1011 1697 sub-
1028 1667 1029 1679 ¹

270 1717 439 1762 reptionis‚
471 1719 517 1751 vel
550 1718 766 1762 obreptionis,
792 1729 827 1751 ac
861 1718 1011 1751 nullitatis

271 1771 356 1811 vitio,
380 1771 623 1815 intentionisque
647 1776 782 1813 nostrae,
800 1781 836 1805 ac
857 1782 1010 1815 quocum-

271 1834 332 1868 que
356 1823 418 1857 alio
441 1824 564 1857 defectu
580 1851 587 1864 ,
612 1825 704 1857 etiam
729 1835 764 1857 ex
800 1835 838 1858 eo
869 1824 954 1868 quod
979 1825 1029 1857 in⁴

270 1877 450 1920 praemissis
471 1877 621 1910 interesse
638 1877 800 1917 habentes,
818 1888 873 1910 seu
892 1878 1010 1911 habere

270 1929 528 1972 praetendentes,
551 1940 614 1963 non
639 1930 753 1963 suerint
781 1930 819 1962 ad
845 1930 875 1962 id
900 1930 1010 1970 vocati,

269 1992 327 2016 nec
345 1982 453 2023 auditi,
465 1988 518 2016 aut
534 1994 570 2016 ex
589 1993 787 2027 quacumque
806 1983 865 2015 alia
889 1983 1010 2016 ratione
1028 2003 1029 2010 κ

271 2035 317 2069 vel
343 2038 447 2078 causa,
460 2037 637 2081 impugnari
655 2043 685 2070 et
708 2037 809 2070 notari
828 2047 891 2070 non
908 2047 1010 2081 posse;

270 2089 377 2133 sicque
401 2095 430 2123 et
455 2100 516 2123 non
541 2091 630 2124 aliter
654 2101 710 2134 per
735 2101 950 2136 quoscumque
969 2091 1011 2123 iu-

270 2143 355 2176 dices
379 2143 556 2177 ordinarios
579 2149 609 2177 et
630 2144 798 2187 delegatos,
813 2144 904 2176 etiam
930 2145 1010 2177 sacri

271 2196 375 2239 palatii
391 2197 554 2240 apostolici
572 2197 740 2239 auditores,
759 2202 788 2230 et
805 2197 833 2230 S.
850 2197 883 2230 R.
898 2197 930 2229 E.
947 2208 1011 2230 car-

270 2249 500 2289 dinales‚etiam
515 2249 553 2282 de
569 2250 666 2283 latere
680 2251 799 2293 legatos
817 2260 851 2283 ac
868 2250 1010 2289 nuncios,

270 2307 300 2334 et
315 2302 393 2335 alios
417 2302 526 2346 quavis
549 2303 734 2336 auctoritate
752 2304 926 2347 fungentes,
941 2303 1011 2336 sub-

242 2368 247 2373 ·
271 2355 331 2388 tata
355 2355 400 2387 eis
425 2360 454 2387 et
478 2365 589 2388 eorum
621 2356 749 2389 cuilibet
784 2356 892 2399 quavis
920 2356 1010 2389 aliter

270 2408 426 2441 iudicandi
447 2414 476 2441 et
494 2408 718 2452 interpretandi
744 2410 889 2442 facultate
913 2415 943 2442 et
960 2420 1010 2442 au-

270 2462 422 2501 ctoritate,
445 2462 574 2495 iudicari
600 2468 629 2495 et
653 2463 777 2496 definiri
796 2463 924 2503 debere,
942 2463 1011 2496 irri-

271 2519 399 2559 tumque
417 2520 446 2550 et
467 2517 568 2556 inane,
582 2516 606 2548 si
625 2527 715 2549 secus
732 2527 828 2560 super
845 2517 893 2549 bis
905 2527 922 2549 a
935 2527 1010 2560 quo-

269 2579 374 2612 quam,
384 2569 492 2613 quavis
505 2569 699 2610 auctoritate,
714 2569 849 2602 scienter
863 2570 908 2602 vel
924 2570 1009 2614 igno-

271 2628 385 2664 ranter,
403 2622 569 2665 eontigerit
586 2622 741 2664 attentari,
759 2622 967 2656 decernimus.

1690 219 1754 255 629
1798 229 1848 257 An.
1864 228 1892 256 c.
1915 227 1982 257 ¹637

1086 282 1101 325 ἓ
1126 281 1154 314 5.
1186 281 1254 314 Non
1285 278 1483 313 obstantibus
1513 277 1717 323 praemissis,
1748 288 1784 311 ac
1826 290 1983 317 nonarumqu-

1024 335 1234 396 quibuslibet
1257 332 1533 368 constitutionibus
1557 337 1587 365 et
1611 331 1784 365 ordinatio

1024 379 1134 420 nibus
1149 387 1339 432 apostolicis,
1355 386 1447 419 etiam
1463 386 1492 418 in
1506 385 1647 419 conciliis
1663 384 1785 417 univer-

1042 441 1158 473 salibus
1183 445 1212 473 et
1236 440 1312 472 alias
1330 439 1430 480 editis,
1447 450 1482 472 ae
1502 437 1706 472 cancellariae
1731 447 1784 470 no-

1042 498 1125 526 strae
1150 493 1278 536 regulis,
1299 496 1327 526 ct
1356 492 1542 536 praesertim
1581 491 1634 524 itta
1658 490 1697 523 de
1722 500 1784 523 non

1043 546 1180 579 tollendo
1205 546 1273 579 iure
1297 546 1449 589 quaesito,
1467 550 1496 579 et
1517 545 1614 578 felicis
1638 543 1785 577 reeorda-

1044 600 1136 633 tionis
1161 600 1309 633 Bonisacii
1336 600 1436 643 Papae
1452 599 1515 632 vlit
1533 597 1785 642 praedecessoris

1044 653 1142 686 nostri
1167 653 1205 685 de
1232 655 1315 692 una,
1341 658 1371 685 et
1401 651 1526 685 concilii
1559 650 1716 694 generalis
1747 650 1785 682 de

1043 706 1164 738 duabus
1177 706 1284 745 dietis,
1302 715 1424 739 necnon
1438 705 1672 750 praedictarum
1688 703 1786 736 eccle-

1044 760 1161 792 siarum
1180 765 1210 792 et
1229 759 1437 803 capitulorum
1459 764 1489 792 ct
1512 761 1721 792 conventuum
1749 767 1785 790 ac

1044 823 1250 856 personarum
1277 812 1515 856 quomodolibet
1534 811 1784 854 qualificatarum

1043 865 1216 908 privilegiis
1241 870 1271 898 et
1293 865 1432 906 indultis,
1460 875 1496 898 ac
1528 864 1664 906 statutis,
1691 863 1785 896 etiam

1045 918 1220 951 iuramento
1242 918 1384 959 firmatis,
1401 929 1437 950 ac
1454 917 1694 951 confirmatione
1712 926 1787 960 apo-

1043 972 1153 1005 stolica
1177 971 1273 1004 semel
1298 977 1327 1004 et
1353 971 1473 1014 pluries
1498 970 1677 1010 roboratis,
1703 979 1783 1002 con-

1043 1024 1260 1057 suetudinibus
1278 1024 1371 1056 etiam
1401 1023 1716 1064 immemorabilibus,
1735 1032 1786 1055 ce-

1044 1078 1180 1122 lerisque
1193 1077 1358 1111 contrariis
1372 1077 1633 1120 quibuscumque.
1647 1075 1786 1115 Quorum

1026 1149 1027 1156 κ
1043 1132 1184 1164 omnium
1200 1136 1230 1164 et
1247 1131 1444 1173 singulorum
1471 1135 1595 1163 tenores
1615 1139 1674 1173 pro
1694 1129 1786 1172 plene

1026 1220 1027 1229 ,
1043 1184 1197 1228 expressis
1214 1184 1374 1225 babentes,
1393 1184 1453 1217 illis
1471 1183 1509 1216 ad
1529 1183 1622 1215 istum
1640 1181 1785 1215 effectum

1026 1238 1224 1281 'plenissime
1249 1237 1450 1280 derogamus.

1089 1291 1199 1324 Datum
1208 1291 1335 1332 Romae,
1346 1290 1428 1334 apud
1437 1290 1465 1323 S.
1477 1290 1614 1331 Petrum,
1625 1289 1683 1322 sub
1693 1299 1787 1321 annu-

1046 1345 1074 1378 lo
1083 1345 1260 1384 Piscatoris,
1270 1344 1319 1377 die
1330 1355 1395 1378 xvu
1407 1344 1584 1377 decembris
1599 1352 1786 1385 nncxxxvn,

1026 1394 1028 1403 ⁴
1045 1398 1247 1441 pontificatus
1271 1397 1370 1430 nostri
1388 1407 1470 1430 anno
1484 1407 1535 1429 xv.

267 1451 401 1485 aliorum
419 1462 694 1496 quorumcumque
709 1452 747 1485 de
763 1452 947 1486 necessitate
963 1462 1011 1484 ex·
1027 1460 1029 1469 ¹

268 1505 510 1548 primendorum
528 1511 652 1540 tenores
670 1517 729 1550 pro
747 1506 839 1550 plene
855 1506 1011 1549 expressis
1027 1499 1029 1538 Ῐ

269 1558 428 1592 habentes.
446 1559 565 1598 Quibus
580 1559 727 1592 omnibus
748 1564 776 1592 ct
802 1559 933 1602 singulis
950 1559 1011 1602 ple·
1027 1561 1029 1599 J

1081 1460 1138 1487 Dat.
1160 1459 1203 1487 die
1221 1460 1252 1486 17
1268 1459 1420 1487 decembris
1438 1460 1516 1494 ¹637,
1538 1459 1634 1494 pontis.
1654 1466 1725 1486 anno
1743 1465 1786 1486 κν,

1367 1596 1464 1630 DXCI.

1046 1676 1201 1709 Familias
1219 1676 1321 1709 cidem
1339 1676 1461 1709 nuncio
1474 1674 1693 1709 concordandi
1713 1685 1786 1707 omn

1085 1729 1237 1772 partibus
1250 1730 1381 1763 nomine
1399 1728 1562 1773 praedicti
1579 1728 1725 1761 electoris
1737 1739 1788 1761 su-

1085 1792 1144 1825 per
1168 1783 1392 1815 controversiis
1417 1786 1531 1815 contra
1554 1782 1664 1825 ipsum
1688 1781 1784 1813 motis

1089 1840 1117 1868 el
1141 1835 1308 1868 movendis
1321 1835 1340 1867 ¹.

1168 1915 1337 1943 Venerabili
1357 1915 1445 1942 fratri
1466 1915 1657 1948 Malatestae,

1249 1960 1389 1994 episcopo
1409 1960 1595 1994 Pisaurensi,

1237 2013 1372 2041 Urbanus
1402 2014 1482 2048 Papa
1515 2013 1594 2041 vm.

1261 2075 1448 2103 Venerabilis
1464 2075 1569 2108 frater,

1094 2125 1224 2152 salutem
1239 2127 1270 2152 et
1285 2124 1478 2158 apostoticam
1493 2123 1742 2152 benedictionem.

1089 2195 1104 2238 g
1129 2195 1157 2227 t.
1183 2195 1258 2229 Cum
1283 2195 1378 2228 hodie
1397 2205 1454 2239 per
1471 2195 1547 2228 alias
1563 2200 1686 2228 nostras
1703 2195 1732 2228 in
1751 2195 1787 2227 si-

1045 2248 1110 2280 mili
1137 2248 1237 2281 sormti
1263 2248 1368 2281 Brevis
1394 2249 1513 2281 litteras
1537 2248 1592 2281 tibi
1617 2248 1785 2282 commise-

1045 2301 1152 2342 rimus,
1170 2307 1204 2334 ut
1224 2301 1436 2335 venerabilem
1463 2301 1592 2334 fratrem
1606 2301 1784 2344 Philippum

1043 2354 1303 2398 Clu-istopliorum
1328 2354 1604 2398 archiepiscopum
1623 2359 1652 2386 et
1669 2354 1786 2386 electo-

1045 2417 1110 2441 rem
1123 2408 1348 2441 Treverensem
1359 2418 1395 2441 ac
1405 2407 1589 2451 episcopum
1604 2407 1785 2451 Spirensem

1044 2473 1061 2494 a
1085 2461 1263 2495 detentione
1287 2466 1317 2494 ct
1337 2461 1489 2503 custodial,
1513 2459 1596 2504 qua²
1619 2470 1676 2504 per
1700 2465 1729 2493 te
1748 2460 1786 2493 de

1045 2515 1191 2548 mandato
1223 2519 1332 2548 nostro
1363 2514 1490 2547 nomine
1520 2514 1590 2558 piae
1615 2514 1786 2546 memoriae

1082 2589 1090 2613 t
1111 2586 1146 2612 Ex
1165 2586 1270 2621 Regest.
1288 2585 1314 2612 in
1329 2585 1429 2613 Secret.
1448 2585 1522 2613 Brev.

1079 2632 1095 2658 ⁹2
1112 2631 1182 2658 Edit.
1200 2631 1279 2659 Main.
1297 2631 1361 2666 legit
1377 2640 1451 2666 quae
1465 2631 1504 2665 (n.
1521 2633 1569 2666 12).

1799 316 1895 343 derogat.

1815 2203 1917 2223 nneensot

1801 2230 1901 2250 cedent-is

1802 2262 1843 2276 ras.

1939 2209 1988 2233 ‘rae-

1938 2233 1987 2250 itte-
