2248 3229
227 206 315 236 Amc.
338 207 405 237 1631

243 1176 404 1203 EpiscopusUr-

221 1205 318 1229 gallensis
351 1205 404 1225 haec

221 1231 307 1251 deci-cta
351 1233 405 1256 petit

220 1257 345 1278 confirmari.

248 1442 341 1462 Pontifex
355 1447 402 1463 rou·

220 1468 295 1489 firmat.

272 1510 309 1540 G

248 2451 365 2474 clausulae.

454 200 518 236 230

426 269 507 300 cere,
526 263 556 291 et
576 268 685 291 cavere
704 259 742 291 de
757 253 883 298 iudicio,
900 259 953 291 ae'
972 259 1037 292 sisti
1056 271 1162 293 coram

425 312 731 345 excommunicatore
760 311 830 354 quis
857 312 1028 352 tenebitur,
1052 313 1160 356 prius-

425 375 518 409 quam
537 365 574 397 ad
592 365 744 397 cautelam
763 364 951 398 absolvatur.
969 366 994 398 A
1011 367 1162 400 sententia

424 418 515 450 etiam
540 417 710 458 definitiva,
735 424 844 451 contra
869 430 978 452 verum
1005 426 1164 453 contuma-

424 481 489 504 cem
504 471 637 515 prolata,
651 471 818 515 appellatio
832 483 895 506 non
912 474 1092 517 recipiatur,
1106 485 1163 507 nec

422 524 566 557 inhibitio
587 530 640 557 aut
664 526 723 558 alia
741 527 868 569 quaevis
885 528 1033 570 provisio,
1057 538 1164 571 quam-

423 576 476 610 diu
503 578 663 621 appellans
690 579 721 611 iu
750 579 931 614 huiusmodi
956 583 1029 614 vera
1058 586 1163 615 contu-

421 631 523 664 macia
547 632 747 675 perstiterit2,
773 634 972 667 concedatur.

465 683 560 717 Sacra
573 685 776 729 congregatio
790 687 1007 729 cardinalium,
1022 689 1162 731 negociis

422 737 644 783 episcoporum
679 745 709 772 et
739 740 934 782 regularium
959 742 1161 785 praeposita,

421 791 542 824 censuit
566 792 678 835 petitas
703 792 822 826 litteras
847 794 878 826 in
902 794 1005 827 forma
1029 794 1159 838 Brevis,

421 843 446 876 si
469 844 690 879 Sanctissimus
714 846 865 879 Dominus
889 852 996 880 noster
1024 853 1160 889 annuat,

420 907 488 931 esse
522 899 739 943 expediendas.
776 901 914 942 Romae,
947 901 995 935 die
1024 912 1056 936 lx
1088 903 1159 935 maii

420 961 573 987 MDcxxxt.

508 1024 625 1059 FRANC.
650 1026 812 1060 AN‘romus
830 1027 918 1060 Card.
940 1027 1158 1072 Hoxupuruus,

703 1089 734 1121 P.
758 1089 780 1122 F
783 1100 934 1133 AGNANUS,
959 1092 1158 1125 secretarius.

464 1167 479 1210 ἕ
503 1167 532 1200 2.
557 1168 633 1201 Cum
666 1174 788 1212 autem,
814 1171 894 1203 sicut
925 1171 1034 1204 eadem
1064 1182 1159 1215 expo-

420 1219 489 1253 sitio
517 1220 746 1264 subiungebat,
775 1222 876 1256 dictus
904 1223 1071 1268 episcopus
1099 1225 1156 1257 de-

420 1277 504 1305 creta
528 1274 745 1317 praeinserta‚
769 1281 803 1308 ut
827 1277 965 1309 exactius
990 1277 1159 1310 observen-

420 1332 490 1369 tur,
525 1328 714 1371 apostolicae
748 1335 874 1363 nostrae
911 1331 1159 1364 confirmationis

419 1380 535 1413 robore
552 1382 742 1415 communiri
761 1394 963 1427 summopere
988 1384 1158 1417 desideret:

463 1434 477 1476 ἓ
502 1432 531 1465 3.
557 1434 640 1476 Nos,
666 1434 755 1468 illum
784 1436 970 1480 specialibus
1001 1437 1160 1470 favoribus

419 1491 449 1519 et
468 1487 576 1529 gratiis
589 1489 739 1531 prosequi
752 1489 902 1530 volentes,
923 1494 953 1522 et
965 1500 982 1522 a
996 1490 1159 1534 quibusvis

419 1541 762 1582 excommunicationis,
787 1543 1003 1586 suspensionis
1020 1547 1050 1576 et
1066 1543 1160 1577 inter-

419 1593 503 1634 dicti,
517 1594 648 1638 aliisque
668 1596 887 1629 ecclesiasticis
905 1597 1074 1640 sententiis,
1090 1607 1160 1630 cen-

419 1647 500 1680 suris
524 1652 554 1680 et
578 1649 706 1692 poenis,
731 1660 748 1682 a
781 1650 849 1683 iure
873 1651 921 1683 vel
952 1651 990 1683 ab
1015 1651 1158 1691 homine,

418 1701 527 1744 quavis
551 1692 719 1736 occasione=
732 1704 779 1735 vel
794 1705 887 1736 causa
904 1704 985 1746 latis,
1004 1705 1029 1737 si
1046 1704 1159 1747 quibus

418 1754 655 1797 quomodolibet
665 1756 830 1789 innodatus
841 1757 953 1798 existit,
963 1757 1001 1789 ad
1013 1757 1156 1791 effectum

418 1808 631 1851 praesentium
649 1809 809 1842 dumtaxat
829 1811 1095 1854 consequendum,
1109 1811 1159 1843 ha-

418 1871 489 1893 rum
514 1861 594 1894 serie
619 1862 814 1896 absolventes
839 1869 869 1896 et
892 1863 1071 1897 absolutum
1092 1865 1157 1897 sore

419 1919 590 1955 censentes,
615 1915 897 1958 sultiplicationilms
922 1917 1006 1950 illius
1030 1918 1157 1950 nominc

418 1967 508 2000 nobis
525 1977 619 2011 super
632 1968 693 2001 hoc
709 1969 871 2002 humiliter
896 1971 1050 2013 porrectis
1073 1970 1157 2003 incli-

418 2020 491 2060 nati,
516 2020 554 2053 de
580 2021 763 2054 eorumdem
788 2022 994 2055 cardinalium
1016 2024 1156 2065 consilio,

418 2072 543 2107 decreta
561 2074 756 2117 praeinserta
773 2076 945 2118 apostolica
961 2077 1157 2118 auctoritate,

419 2132 527 2160 tenore
551 2129 774 2171 praesentium,
792 2130 1005 2173 approbamus
1029 2136 1059 2163 et
1083 2141 1156 2164 con-

417 2180 592 2224 firmamus7
617 2182 741 2225 illisque
761 2182 948 2216 inviolabilis
966 2184 1156 2228 apostolicae

418 2234 574 2269 firmitatis
598 2236 698 2269 robur
723 2236 903 2280 adiicimus,
929 2249 964 2272 ac
994 2249 1103 2272 omnes
1127 2244 1157 2272 et

418 2288 557 2331 singulos
583 2293 645 2322 tain
670 2290 747 2322 iuris
771 2301 864 2334 quam
894 2292 965 2324 sacti
997 2292 1156 2333 desectus,

418 2342 443 2374 si
468 2343 520 2385 qui
545 2342 679 2386 desuper
712 2345 950 2387 quomodolibet
980 2346 1156 2379 intervene-

418 2394 496 2435 rint,
522 2397 713 2439 supplemus.
1098 2403 1102 2407 ’

463 2449 477 2492 ἓ
501 2449 530 2482 4.
556 2450 764 2483 Decernentes
792 2451 844 2484 illa
868 2462 990 2486 necnon
1013 2463 1157 2497 praesen-

457 2529 465 2555 1
485 2529 627 2557 Coniunct.
643 2540 676 2557 ac
690 2539 737 2558 nos
753 2531 875 2559 addimus
889 2534 927 2567 (a.
941 2534 989 2566 T.).

418 2616 429 2652 <
454 2572 470 2599 Ξ
484 2574 565 2609 Male,
581 2578 611 2602 ut
626 2578 700 2610 puto,
717 2576 781 2604 edit.
797 2577 879 2604 Main.
897 2577 962 2612 legit
974 2578 1157 2612 praestiterit

431 2623 457 2646 a.
471 2619 519 2652 T.).

1006 212 1185 237 BULLARIUM
1208 212 1363 237 ROMANUM

1196 257 1242 293 'tes
1266 260 1384 293 litteras
1410 259 1526 303 valida,
1551 261 1643 294 firma
1659 266 1690 295 et
1710 261 1847 296 efficacia
1871 261 1935 296 exi-

1198 317 1279 345 stere
1304 318 1333 345 et
1356 313 1442 354 fore,
1467 323 1503 346 ac
1528 313 1566 346 ab
1591 314 1758 357 omnibus,
1790 314 1828 348 ad
1857 325 1935 359 quos

1198 370 1315 410 spectat
1338 372 1369 400 et
1392 377 1451 410 pro
1474 372 1617 411 tempore
1641 368 1814 411 spectabit,
1840 368 1936 402 invio-

1198 420 1335 454 labiliter
1345 421 1515 463 observari,
1531 422 1637 465 sicque
1650 431 1708 465 per
1720 432 1935 466 quoscumque

1198 473 1316 507 iudices
1341 474 1518 508 ordinarios
1531 480 1561 508 et
1573 475 1742 517 delegatos
1759 475 1852 508 etiam
1867 486 1935 509 cau-

1198 537 1302 560 sarum
1317 527 1423 571 palatii
1437 527 1601 572 apostolici
1618 527 1788 570 auditores,
1802 528 1934 562 iudicari

1197 586 1226 613 et
1252 580 1376 614 definiri
1400 581 1525 623 debere,
1543 591 1579 615 ac
1598 581 1724 614 irritum
1742 586 1772 614 et
1791 581 1891 624 inane,
1909 581 1933 615 si

1197 645 1286 667 secus
1310 644 1405 678 super
1417 634 1466 667 his
1483 645 1500 667 a
1517 645 1686 679 quoquam,
1706 635 1815 680 quavis
1831 640 1935 669 aucto-

1196 688 1296 729 ritate,
1322 688 1456 722 scienter
1479 688 1528 721 vel
1549 688 1742 732 ignoranter,
1767 688 1934 732 contigerit

1195 741 1350 775 attentari.

1239 794 1295 838 55,
1321 795 1389 828 Non
1404 794 1599 828 obstantibus
1616 795 1891 829 constitutionibus
1904 800 1934 829 et

1195 847 1446 881 ordinationibus
1465 848 1656 893 apostolicis,
1674 848 1850 893 ceterisque
1864 859 1934 883 con-

1195 902 1299 935 trariis
1325 903 1588 947 quibuscumque.
1638 894 1641 905 ¹

1238 956 1349 989 Datum
1370 957 1498 998 Romae,
1521 956 1605 1001 apud
1628 957 1657 991 S.
1679 956 1809 991 Mariam
1831 957 1930 991 Maio-

1194 1020 1271 1051 rem,
1298 1011 1355 1044 sub
1380 1011 1495 1045 annulo
1519 1011 1695 1052 piscatoris,
1716 1010 1766 1044 die
1785 1021 1839 1044 X1v
1856 1010 1933 1045 iunii

1194 1073 1343 1105 Mocxxxi,
1360 1065 1559 1108 pontificatus
1578 1065 1678 1098 nostri
1698 1075 1779 1099 anno
1801 1074 1865 1099 vm.

1230 1127 1286 1155 Dat.
1302 1127 1345 1155 die
1361 1128 1394 1155 14
1409 1128 1476 1155 iunii
1493 1128 1571 1163 1631,
1587 1128 1681 1164 pontif.
1698 1136 1768 1156 anno
1783 1124 1842 1155 vin.

1521 1244 1602 1278 CDV.

1196 1313 1372 1356 Confirmat
1397 1315 1559 1348 decretum
1586 1316 1854 1359 Conqreqationis
1870 1316 1933 1350 Pa-

1239 1367 1398 1401 latinatus
1422 1369 1458 1401 in
1483 1369 1581 1401 causei
1603 1373 1740 1401 vertente
1763 1369 1849 1402 inter
1878 1379 1931 1402 ar-

1238 1421 1452 1465 chiepiscopos
1476 1422 1506 1455 S.
1532 1423 1570 1455 R.
1594 1421 1623 1455 I.
1651 1422 1798 1456 electores
1829 1433 1865 1456 ac
1888 1432 1933 1456 eo-

1238 1485 1313 1507 rum
1337 1475 1558 1518 suffraganeos
1588 1479 1617 1508 et
1649 1475 1775 1508 abbates
1801 1475 1934 1519 Corcyre-

1237 1528 1381 1571 0atiouis
1405 1527 1647 1571 Bursfetdensis
1674 1528 1809 1562 Ordinis
1828 1529 1934 1562 sancti

1238 1581 1406 1614 Benedicti
1417 1591 1514 1625 super
1524 1581 1696 1615 validitate
1708 1583 1839 1616 unionis
1852 1582 1934 1615 alia-

1237 1644 1313 1667 rum
1341 1636 1628 1678 couyreyationum
1653 1646 1690 1668 ac
1715 1636 1929 1669 monasterio-

1237 1698 1312 1721 rum
1337 1688 1479 1721 eiusdem
1504 1688 1638 1722 Ordinis
1662 1689 1702 1722 ab
1726 1688 1846 1722 eisdem
1870 1689 1929 1722 ab-

1238 1740 1363 1774 batibus
1387 1742 1490 1785 factae
1514 1741 1733 1776 emauatum¹.

1397 1812 1533 1840 Urbanus
1554 1813 1633 1846 Papa
1652 1813 1733 1847 VIII,

1323 1857 1359 1884 ad
1373 1861 1549 1891 perpetuam
1563 1857 1609 1885 rei
1624 1857 1805 1885 memoriam.

1238 1918 1252 1961 ξ
1278 1918 1306 1951 t.
1332 1919 1451 1963 Exponi
1475 1919 1567 1953 nobis
1590 1929 1692 1964 nuper
1715 1919 1857 1953 fecerunt
1879 1929 1931 1953 ve-

1193 1971 1348 2005 nerabiles
1368 1973 1480 2006 fratres
1496 1973 1751 2016 Maguntinensis,
1768 1973 1931 2007 Colonien-

1193 2024 1234 2057 sis
1259 2029 1288 2057 et
1312 2026 1511 2059 Treverensis
1542 2026 1781 2070 archiepiscopi,
1806 2025 1834 2059 S.
1856 2026 1890 2059 R.
1908 2027 1930 2059 I.

1192 2078 1349 2122 principes
1363 2075 1523 2121 electores,
1535 2079 1628 2123 quod,
1640 2079 1670 2111 in
1684 2081 1777 2112 causa
1791 2083 1931 2112 vertente

1193 2132 1272 2165 inter
1295 2143 1349 2165 eos
1374 2143 1547 2176 eorumque
1570 2132 1784 2176 suffraganeos
1809 2143 1846 2166 ex
1869 2134 1930 2166 una

1192 2190 1221 2217 et
1245 2185 1375 2218 dilectos
1405 2185 1487 2218 filios
1518 2185 1647 2219 abbates
1672 2186 1931 2229 Congregationis

1191 2238 1416 2271 Bursseldensis
1440 2238 1564 2272 Ordinis
1590 2240 1688 2272 sancti
1713 2239 1872 2273 Benedicti
1893 2249 1931 2272 ex

1191 2291 1289 2325 altera
1311 2291 1453 2335 partibus
1489 2303 1584 2336 super
1616 2292 1772 2326 validitate
1805 2292 1930 2326 unionis

1191 2345 1324 2378 aliarum
1349 2347 1630 2389 congregationum
1664 2352 1693 2379 et
1723 2346 1930 2380 monasterio-

1190 2409 1262 2431 rum
1294 2399 1434 2432 eiusdem
1459 2399 1583 2432 Ordinis
1616 2410 1717 2444 nuper
1744 2399 1783 2432 ab
1813 2399 1929 2432 eisdem

1191 2451 1355 2484 abbatibus
1380 2452 1478 2485 factae
1502 2452 1534 2484 in
1558 2453 1805 2496 congregatione
1828 2462 1926 2495 gene-

1190 2505 1247 2537 rali
1265 2505 1451 2539 Ratisbonae
1468 2516 1532 2539 non
1555 2506 1598 2539 ita
1622 2506 1745 2550 pridem
1762 2505 1929 2546 celebrata,

1191 2558 1386 2592 venerabiles
1409 2559 1522 2593 fratres
1545 2559 1645 2593 nostri
1670 2563 1795 2592 sanctae
1818 2558 1929 2592 Roma-

1227 2623 1239 2649 1
1257 2622 1294 2649 Ex
1310 2622 1418 2658 Regest.
1433 2623 1461 2651 in
1475 2622 1577 2651 Secret.
1597 2623 1680 2651 Brev.

1954 214 2005 243 An.
2017 214 2045 243 C.
2064 214 2130 245 1631

1962 809 2076 840 Derogatio
2084 815 2134 832 con—

1948 838 2067 857 trariorum.

2011 1927 2132 1958 Congu-ega-

1947 1953 1976 1974 tio
1998 1953 2131 1975 Palatinatus

1946 1980 2045 2001 unionem
2077 1981 2130 2001 alia-

1946 2013 1991 2027 rum
2008 2006 2129 2034 Congu-ega-

1946 2034 2026 2054 tinnurn
2046 2036 2067 2054 et
2085 2039 2132 2054 mo-

1945 2061 2085 2081 nasteriorum
2102 2060 2130 2081 ab

1945 2086 2059 2107 abbatibus
2100 2087 2130 2108 sa-

1946 2116 2001 2134 etam
2049 2113 2130 2134 tri-itam

1946 2145 1992 2161 esse
2007 2139 2131 2161 declaravit.

2236 534 2248 698 smmi-⁴1
2239 493 2248 515 -η
2235 455 2242 467 <’
2239 431 2246 439 v
2234 384 2245 414 ·'·
2238 344 2242 366 ⁴·

2245 924 2248 925 ,
2236 767 2248 911 ΑΆἾΎΔΠΥΗ·
2244 751 2248 754 .
2236 707 2248 737 -ΨΙ
