2221 3224
226 186 274 211 An.
296 185 323 212 C.
344 185 410 213 1630
459 176 518 209 176

245 1681 306 1702 Modo
317 1687 351 1701 ras
360 1685 409 1705 prs)-

225 1710 286 1732 inflat
305 1708 332 1728 ad
355 1707 409 1727 alios

225 1738 267 1755 ties
280 1741 368 1756 meuses.

421 244 540 276 rorum,
557 233 683 275 ducum,
701 233 878 276 principum
895 235 925 266 et
942 232 1077 265 aliorum
1096 241 1160 263 ma-

422 292 549 329 gnatum
567 287 597 319 in
615 286 701 319 ltalia
716 290 746 317 et
759 284 868 317 insulis
885 284 929 316 illi
946 283 1159 317 adiacentibus

422 339 619 372 existentium
651 336 933 381 supplicationibus
953 337 1045 370 nobis
1064 347 1159 380 super

423 393 481 425 lioc
492 391 651 424 humiliter
662 390 816 434 porrectis
829 389 976 431 inclinati,
985 389 1160 433 praeinser-

422 451 466 478 tas
484 445 601 477 litteras
626 449 749 477 nostras
766 443 976 477 concessionis
993 443 1158 486 indulgen-

423 499 547 538 tiarum,
561 508 596 530 ac
610 497 763 530 facultatis
774 497 909 539 eligendi
923 496 1158 538 confessarium,

421 561 492 583 vum
518 550 664 583 omnibus
689 554 718 584 et
742 550 872 593 singulis
890 550 921 582 in
945 550 990 583 eis
1007 549 1160 583 contentis

422 604 559 646 indultis,
584 604 731 636 clausulis
756 608 785 636 et
805 603 948 644 decretis,
973 603 1012 636 ad
1036 603 1160 636 univer-

421 666 471 690 sos
488 657 651 700 utriusque
666 667 757 689 sexus
771 656 990 690 christifideles
1003 656 1160 689 seculares

422 715 452 742 et
476 710 638 752 regulares
670 715 742 743 tunc
774 709 931 753 temporis
957 709 988 742 in
1020 709 1107 742 Italia
1131 713 1161 742 et

422 764 531 797 insulis
555 763 722 807 praedictis
747 763 932 803 existentes,
957 773 1078 796 necnon
1103 773 1156 795 ec-

422 817 532 850 clesias
556 827 613 860 per
637 816 819 850 Ordinarios
849 816 994 849 locorum
1025 826 1079 849 seu
1104 825 1160 859 per

422 870 498 904 alios
523 870 561 903 de
585 880 695 904 eorum
720 869 867 903 mandato
892 869 1109 912 designandas,
1131 874 1160 902 et

423 924 630 958 confessarios
654 923 692 956 ab
716 923 826 956 iisdem
852 922 1025 957 Ordinariis
1045 932 1160 966 appro-

421 978 511 1011 batos
535 987 590 1010 seu
614 977 851 1021 approbandos,
876 976 976 1020 spatio
999 975 1095 1009 trium
1120 976 1159 1009 si-

423 1031 538 1065 militer
564 1031 720 1064 mensium
745 1041 763 1063 a
787 1030 836 1062 die
853 1029 1093 1074 pubblicationis
1113 1029 1160 1062 lit-

423 1088 560 1118 terarum
596 1084 730 1126 desuper
765 1082 981 1126 expeditarum
1015 1082 1161 1115 inchoan-

423 1137 536 1171 dorum
573 1137 704 1170 durante
719 1163 726 1177 ,
763 1135 936 1179 apostolica
976 1135 1161 1175 auctoritate

424 1190 635 1229 extendimus,
654 1188 885 1233 praedictisque
906 1187 1161 1221 christifidelibus

422 1254 545 1277 necnon
569 1243 708 1276 ecclesiis
729 1248 758 1275 et
775 1242 973 1276 confessariis
990 1242 1162 1275 concessio-

421 1308 486 1339 nes,
511 1297 672 1330 facultates
688 1302 718 1329 et
737 1296 855 1329 indulta
880 1306 951 1328 cum
965 1294 1112 1328 clausulis
1133 1300 1163 1328 et

421 1350 556 1384 decretis
569 1349 750 1382 huiusmodi
763 1348 1075 1389 conmmnicavimus,
1090 1359 1163 1392 pro-

423 1410 456 1438 ut
479 1404 510 1436 in
535 1402 739 1436 ultimodictis
763 1402 875 1436 litteris
892 1402 923 1434 in
941 1402 1035 1435 simili
1060 1402 1162 1435 forma

422 1457 531 1490 Brevis
556 1456 613 1489 sub
638 1456 688 1488 die
712 1465 779 1488 xvu
799 1455 866 1488 iulii
882 1455 1026 1499 proxime
1043 1459 1163 1498 praete-

424 1510 476 1543 riti
502 1510 663 1554 expeditis,
687 1520 822 1552 (piarum
848 1514 972 1543 tenores
996 1508 1164 1552 praesenti-

423 1565 482 1597 bus
509 1574 567 1608 pro
592 1562 748 1607 expressis
771 1562 880 1596 haberi
906 1562 1068 1602 volumus,
1098 1561 1163 1605 ple-

425 1617 496 1650 nius
521 1614 731 1650 continetur¹.

469 1671 484 1715 ἓ
507 1670 536 1704 3.
561 1670 638 1704 Cum
658 1673 772 1711 autem,
790 1680 847 1713 per
872 1668 1093 1703 abundantiam
1118 1668 1164 1702 di-

424 1724 514 1757 vinae
527 1722 774 1766 misericordiae,
795 1722 877 1755 alma
894 1722 976 1755 Urbs
994 1726 1112 1763 nostra,
1130 1732 1164 1756 ae

426 1778 543 1810 multae
563 1776 641 1809 aliae
670 1776 809 1809 civitates
834 1779 863 1809 ct
887 1774 1079 1819 provinciae,
1102 1784 1165 1808 non

426 1831 528 1863 solum
560 1829 588 1862 S.
622 1829 656 1862 R.
687 1828 737 1869 E„
763 1838 872 1861 rerum
905 1827 999 1860 etiam
1031 1827 1184 1879 aliarum!

425 1883 579 1916 ditionum
605 1887 635 1915 ct
660 1881 873 1915 dominiorum
895 1880 1117 1924 temporalium
1134 1881 1165 1913 in

427 1937 514 1970 ltalia
539 1940 568 1970 et
592 1935 702 1968 insulis
726 1934 894 1978 praedictis
919 1933 1130 1974 existentium,
1149 1944 1166 1966 a

427 1990 575 2035 periculis
599 1994 629 2022 et
653 1989 882 2022 calamitatibus
907 1987 1112 2021 huiusmodi
1105 1998 1165 2020 im-

426 2044 696 2078 inunesliactenus
709 2053 820 2076 conser
824 2054 839 2074 x
843 2047 920 2082 atae,
938 2047 967 2074 et
981 2041 1059 2074 aliae
1074 2013 1186 2096 etiam}

428 2098 577 2131 liberatae
589 2097 658 2129 fuer
662 2097 714 2130 mt
729 2106 796 2136 nos,
807 2096 932 2128 utchris
938 2095 1068 2129 tifideles
1080 2101 1186 2138 prae

427 2151 501 2184 dicti
521 2149 701 2183 caelestium
720 2148 957 2182 miserationum
974 2148 1168 2192 copiosiores
1184 2167 1186 2176 ‹

426 2205 547 2237 fructus
561 2202 711 2246 consequi
728 2202 849 2235 valeant
863 2201 990 2235 uberius
1002 2201 1168 2245 providere

427 2258 585 2297 volentes,
611 2261 674 2289 tam
699 2255 906 2299 praeinsertas
937 2254 1167 2297 concessionis,

427 2321 520 2355 quam
546 2310 622 2343 alias
646 2309 777 2343 subinde
794 2308 953 2353 expeditas
978 2308 1095 2342 litteras
1120 2318 1170 2340 ex-

430 2364 579 2399 tensionis
602 2363 769 2408 pracfatac,
795 2374 866 2397 cum
883 2362 1029 2396 omnibus
1054 2366 1084 2396 et
1107 2361 1169 2395 sin-

428 2418 510 2462 gulis
535 2418 566 2451 in
590 2418 634 2451 cis
660 2416 812 2450 contentis
844 2415 1109 2455 concessionibus,
1130 2415 1170 2448 sa-

431 2472 609 2512 cultatihus,
635 2470 773 2511 indultis,
799 2469 1011 2514 indulgentiis,
1024 2468 1171 2503 clausulis

470 2589 477 2614 l
496 2587 566 2619 Quas
583 2587 666 2615 habes
680 2595 763 2623 supra
778 2595 840 2623 pag.
858 2586 908 2615 150
920 2586 959 2622 (R.
977 2587 1026 2621 T.).

995 183 1173 208 BULLARIUM
1198 183 1351 208 ROMANUM

1941 182 1988 209 An.
2009 182 2039 210 C.
2057 182 2125 211 1630

1193 235 1224 264 et
1247 230 1396 271 decretis,
1420 230 1458 263 ad
1483 230 1784 275 infrascriptostres
1808 241 1931 264 menses

1193 284 1372 328 proximos,
1398 283 1542 317 videlicet
1566 284 1720 325 octobris,
1740 283 1931 325 novembris,

1193 336 1387 376 decembris,
1412 336 1526 380 quibus
1552 335 1754 377 durantibus,
1779 337 1803 369 si
1828 336 1933 370 onmia

1193 395 1223 422 ct
1247 389 1370 432 singula
1387 389 1418 422 in
1434 389 1638 433 praeinsertis
1657 389 1769 422 litteris
1786 400 1933 433 expressa

1193 443 1267 476 dicti
1292 443 1511 476 christifideles
1535 443 1786 487 adimpleverint,
1802 443 1847 476 illi
1865 453 1933 476 om-

1193 507 1248 530 nes
1262 502 1292 530 et
1305 496 1443 539 singulas
1460 496 1669 539 indulgentias
1687 502 1715 529 et
1732 501 1932 540 peccatorum

1194 549 1394 583 remissiones
1404 560 1474 583 cum
1489 549 1635 583 omnibus
1644 548 1854 590 facultatibus,
1866 560 1934 592 gra-

1194 603 1244 636 tiis
1257 607 1287 636 et
1299 602 1427 636 indultis
1451 602 1620 646 praedictis
1638 601 1787 645 consequi
1802 602 1933 641 valeant,

1194 655 1380 690 auctoritate
1394 655 1564 699 praedicta,
1584 659 1692 689 tenore
1708 654 1932 699 praesentium,

1195 708 1393 743 extendimus
1417 713 1448 741 et
1471 718 1691 752 prorogamus.

1239 763 1254 806 ξ
1271 762 1300 795 4.
1318 763 1387 796 Non
1400 761 1596 795 obstantibus
1609 760 1755 795 omnibus
1769 761 1840 802 illis,
1853 771 1934 805 quae

1195 817 1227 849 in
1251 816 1342 850 dictis
1372 815 1483 848 litteris
1507 815 1663 848 voluimus
1691 825 1755 848 non
1785 814 1933 855 obstare,

1194 869 1370 913 ceterisque
1401 868 1568 902 contrariis
1602 868 1863 912 quibuscumque.
1896 867 1931 901 Ut

1193 927 1298 956 autem
1312 926 1493 966 praesentes
1509 921 1631 955 litterae
1649 920 1770 955 facilius
1787 920 1934 954 omnibus

1194 976 1406 1016 innotescant,
1431 980 1489 1008 etc.

1238 1029 1253 1072 ξ
1269 1029 1297 1063 5.
1317 1029 1468 1062 Volumus
1484 1033 1598 1068 autem,
1619 1026 1705 1071 quod
1721 1027 1932 1071 praesentium

1194 1081 1409 1125 transumptis,
1437 1081 1531 1114 etiam
1558 1080 1730 1124 impressis,
1758 1090 1853 1113 manu
1878 1080 1933 1113 ali-

1195 1134 1282 1168 cuius
1294 1134 1407 1168 notarii
1420 1134 1539 1178 publici
1553 1133 1749 1178 subscriptis,
1763 1137 1792 1167 et
1803 1133 1934 1174 alicuius

1194 1197 1347 1233 personae
1364 1187 1395 1220 in
1412 1187 1563 1230 dignitate
1582 1186 1792 1220 ecclesiastica
1818 1186 1934 1220 consti-

1195 1245 1279 1273 tutae
1303 1240 1441 1282 munitis,
1459 1239 1567 1280 eadem
1579 1249 1711 1283 prorsus
1726 1239 1843 1282 ubique
1857 1239 1935 1272 fides

1196 1293 1228 1326 in
1253 1293 1371 1327 iudicio
1391 1298 1422 1326 et
1445 1298 1533 1326 extra
1549 1293 1748 1333 adhibeatur,
1765 1303 1844 1337 quae
1861 1293 1937 1337 ipsis

1197 1347 1414 1391 praesentibus
1439 1346 1652 1387 adhiberetur,
1677 1346 1701 1379 si
1727 1346 1829 1380 forent
1848 1346 1934 1380 exlii-

1196 1401 1279 1434 bitae
1303 1401 1350 1434 vel
1375 1405 1527 1434 ostensae.

1241 1454 1353 1487 Datum
1378 1454 1506 1494 Romae,
1531 1452 1615 1497 apud
1639 1452 1668 1487 S.
1693 1452 1822 1486 Mariam
1847 1453 1938 1487 Maio-

1197 1518 1277 1548 rem,
1302 1507 1360 1541 sub
1385 1507 1500 1540 annulo
1525 1506 1702 1548 Piscatoris,
1728 1506 1778 1540 die
1802 1517 1864 1540 xxv
1890 1517 1938 1540 se-

1198 1561 1351 1606 ptembris
1392 1570 1523 1595 iuncxxx
1541 1588 1547 1602 ,
1588 1559 1791 1604 pontificatus
1837 1560 1937 1593 nostri

1198 1625 1280 1649 anno
1305 1624 1372 1648 vm.

1234 1677 1291 1705 Dat.
1308 1677 1351 1705 die
1365 1676 1400 1705 25
1414 1675 1578 1712 septembris
1595 1674 1674 1709 1630,
1690 1675 1785 1711 pontif.
1798 1683 1867 1703 anno
1880 1681 1937 1702 vni.

1949 774 2058 796 Contraria
2069 775 2130 795 tollit.

1990 1038 2134 1064 Transumpti·

1950 1065 2009 1086 credi
2023 1065 2116 1086 mandat.

1259 1860 1270 1874 ,
1479 1819 1660 1853 ccccxxx.

1203 1900 1294 1941 Quod
1311 1900 1466 1943 maqistcr
1481 1898 1644 1943 (feneratis
1660 1899 1801 1941 fratrum
1816 1898 1940 1933 Calcea-

1247 1957 1353 1987 torum
1378 1952 1513 1986 Ordinis
1538 1953 1576 1985 B.
1599 1951 1728 1985 Mariae
1744 1951 1782 1984 cte
1798 1951 1940 1984 Mercede

1245 2005 1487 2048 Reclemptionis
1505 2004 1711 2047 Captivorum
1727 2004 1817 2046 infra
1835 2004 1937 2047 quin·
1967 2022 1970 2025 -

1246 2059 1349 2092 decim
1358 2059 1425 2092 ctz'es
1434 2058 1624 2100 confirmare
1635 2057 1745 2090 debeat
1756 2057 1942 2091 electionem

1245 2112 1365 2145 vicarii
1387 2110 1546 2155 generalis
1567 2121 1627 2154 pro
1646 2114 1785 2155 tempore
1796 2111 1941 2153 fratrum

1247 2164 1522 2198 Discatceatorum
1536 2163 1777 2197 recollectorum
1797 2163 1941 2197 eiusdem

1248 2217 1394 2252 Ordinis

1415 2297 1550 2325 urbanus
1567 2297 1645 2332 Papa
1660 2297 1738 2329 vm,

1344 2345 1380 2370 ad
1407 2343 1539 2371 futuram
1558 2343 1604 2370 rei
1623 2341 1801 2369 memoriam

1246 2413 1411 2449 Commissi
1436 2413 1526 2448 nobis
1555 2424 1615 2458 per
1644 2411 1864 2446 abundantiam
1889 2412 1939 2444 di„
1983 2420 2124 2443 Prooemium.

1203 2469 1293 2502 vinae
1324 2461 1443 2512 gratiae
1477 2468 1644 2512 pastmalis
1675 2466 1769 2500 oflicii
1801 2466 1942 2499 debitum

1204 2523 1348 2567 postulat,
1374 2526 1408 2555 ut
1431 2522 1463 2554 in
1487 2521 1546 2563 his,
1572 2531 1629 2565 per
1652 2530 1733 2565 quae
1757 2518 1943 2554 christifide-

1204 2576 1282 2611 lium
1306 2575 1364 2610 sub
1388 2575 1474 2609 suavi
1498 2574 1660 2619 religionis
1685 2574 1760 2618 iugo
1783 2572 1943 2608 Altissimo
