2248 3229
953 199 1047 224 tsntx
1075 197 1273 224 ntnntcsattu

425 250 521 285 lidius
547 250 772 295 ingruentibus
805 252 1008 289 avertendis,
1034 254 1086 286 67.

338 303 524 338 cccxxtv.
543 304 747 339 Confirmatio
764 305 885 339 decreti
907 306 1087 349 Congrega-

430 359 524 392 tiouiS
549 359 686 399 rituum,
721 369 783 403 quo
808 358 1010 399 declaratur,
1036 359 1088 392 do-

428 413 514 446 mino
539 412 705 446 cuiusdam
726 417 829 446 terrae
855 413 1013 446 dioecesis
1030 413 1088 445 (Ιο-

430 465 639 508 phaludensis
658 476 718 499 non
738 466 834 499 licere
852 468 938 500 iuxta
957 465 1087 498 eliorum

432 519 464 552 in
498 518 634 552 eeclesia
666 520 777 552 maiori
811 520 854 552 uti
887 519 998 552 throno
1031 528 1087 551 seu

435 572 512 605 sede
538 574 569 609 in
595 572 664 606 loco
689 574 889 606 eminentiori
915 583 986 606 cuin
1011 582 1089 616 gra-

433 625 528 659 dibus
554 632 585 659 et
610 625 800 659 baldachino
820 626 859 660 ad
877 628 977 660 instar
1001 626 1088 659 sedis

434 679 635 722 episcopatis,
661 680 713 712 49.

343 731 509 766 CCCXXV.
536 732 681 766 Facultas
713 735 864 777 episeopo
895 733 1047 767 Naulensi
1073 742 1088 765 a

434 787 578 819 censuris
603 785 793 820 absolvendi
813 787 912 820 duces
932 791 961 820 et
979 787 1091 830 gnber-

435 838 621 873 bernatores
646 838 875 882 Reipubblieae
901 840 1091 881 Genucnsis,

416 893 520 936 'quod
539 893 599 936 ipsi
621 901 677 936 pro
701 894 876 926 munitione
903 895 996 926 unius
1013 903 1089 936 pro-

435 945 610 989 pugnaculi
637 947 684 979 usi
709 950 782 980 sunt
805 945 909 988 glebis
934 945 972 979 ad
1006 956 1093 979 men-

435 1007 487 1032 sas
514 998 707 1032 Saonensem
733 1002 762 1032 et
788 998 978 1032 Naulensem
1003 1008 1093 1042 spec-

436 1051 585 1089 tantibus.
612 1051 731 1095 absque
769 1052 861 1086 Sedis
893 1052 1093 1095 Apostolicae

436 1104 573 1145 licentia,
599 1106 651 1139 50.

348 1157 532 1193 cccxxvt.
547 1158 749 1192 Confirmatio
764 1159 1013 1202 privilegiorum,
1023 1159 1094 1192 reli-

435 1213 539 1254 gionis
566 1212 875 1256 iherosolimitanae
901 1215 986 1246 circa
1010 1214 1094 1246 alie-

436 1267 580 1299 nationes
605 1270 635 1299 et
661 1268 931 1310 praescriptiones
963 1277 1092 1300 suorum

437 1318 602 1360 bonorum,
629 1320 680 1352 51.

349 1370 548 1406 CCCXXYH.
574 1371 726 1415 Religiosi
743 1372 911 1406 Societatis
937 1371 1007 1405 lesu
1034 1381 1094 1405 non

438 1429 571 1469 possunt
595 1429 638 1460 uti
657 1425 804 1460 facultate
822 1426 998 1460 litterarum
1024 1434 1095 1459 san-

439 1483 507 1513 ctae
538 1479 721 1522 Cruciatae‚
751 1489 811 1513 nec
844 1481 965 1523 eligere
998 1479 1094 1512 alium

439 1532 688 1575 consessaritim,
720 1543 816 1578 quam
847 1535 1045 1577 assignatum
1078 1542 1094 1566 a

439 1588 504 1620 Suis
525 1586 755 1631 superioribus,
783 1589 834 1621 5⁴.

352 1639 571 1675 CCCXXVlll.
597 1640 802 1686 Contirinatio
820 1641 943 1674 decreti
965 1650 1096 1684 cougre-

440 1695 578 1737 gationis
613 1696 729 1728 rituum
765 1704 862 1737 super
899 1704 956 1727 usu
990 1693 1097 1727 balda-

423 1746 528 1795 *cbini
545 1751 577 1780 et
593 1749 810 1781 assistentium
829 1751 860 1781 et
884 1747 1017 1781 aliorum
1044 1748 1098 1780 mi-

442 1801 611 1833 nistrorum
639 1812 695 1844 pro
719 1800 889 1835 abbatibus
915 1799 1098 1844 congrega-

443 1855 537 1887 tionis
570 1854 759 1889 Olivetanae
788 1854 920 1890 Ordinis
945 1857 975 1889 5.
1002 1856 1099 1889 Bene-

442 1906 530 1947 dicti,
552 1908 624 1940 55.

356 1958 544 1994 CCCXXlX.
570 1960 746 2005 Episcopus
772 1961 1013 2003 >taceraiensis,
1047 1961 1098 1995 ab·

443 2017 534 2047 sento
559 2016 703 2058 prim-ipe
721 2014 903 2050 litasserani.
929 2014 1099 2057 deputatur

443 2066 638 2109 gubernator
657 2067 696 2100 ad
714 2067 806 2101 Sedis
824 2068 1025 2111 Apostolicae
1048 2066 1099 2100 be-

446 2120 661 2164 neplacitum,
693 2131 765 2154 cum
801 2121 949 2155 facultate
989 2130 1099 2165 quam-

447 2184 584 2217 cumque
609 2175 640 2208 in
667 2174 780 2207 eodeni
806 2176 985 2218 principatu
1007 2175 1100 2207 iuris-

445 2227 617 2262 dictionem
643 2227 827 2266 exercendi,
853 2228 905 2260 55.

356 2281 527 2316 CCCXXX.
552 2281 711 2315 Cardinali
737 2281 776 2313 de
802 2279 966 2313 Ricbelieu
1000 2278 1100 2313 absol-

446 2335 542 2368 vendi
567 2334 744 2367 haereticos
769 2335 859 2377 regni
884 2333 1034 2367 Franciae
1060 2333 1100 2366 sa-

443 2388 544 2422 cultas
569 2388 763 2429 conceditur,
791 2388 842 2420 58.

355 2441 538 2476 cccxxxi.
553 2441 736 2482 I‘robibitio,
749 2450 787 2474 ne
803 2439 1021 2479 ecclesiastici,
1038 2443 1098 2472 tam

445 2495 618 2536 seculares,
644 2504 737 2540 quam
763 2494 937 2538 regulares,
959 2493 1102 2537 Neapoli-

448 2551 528 2590 tani,
555 2558 613 2582 nec
645 2550 676 2581 in
709 2548 843 2581 aedibus
875 2549 958 2586 suis,
985 2557 1042 2580 nee
1069 2548 1100 2580 in

447 2602 603 2643 ecclesiis,
616 2602 664 2635 vel
680 2612 787 2637 earum
803 2601 934 2639 ambitu,
946 2601 1100 2635 lectiones

1771 186 1834 219 787

1226 251 1343 294 legum,
1370 248 1561 286 medicinae,
1587 246 1636 280 vel
1661 246 1793 280 aliarum
1825 256 1881 279 ar-

1228 307 1305 339 tium
1333 303 1513 337 liberalium
1546 301 1770 335 ecclesiasticis
1801 310 1876 344 pro-

1227 358 1398 392 hibitarum
1424 357 1539 400 legant.
1566 356 1617 389 59.

1139 419 1339 454 cccxxxii.
1365 418 1457 460 Quod
1488 420 1610 462 priores
1634 416 1801 459 generales
1826 416 1883 451 Or-

1229 474 1314 507 dinis
1339 472 1549 505 Eremitarum
1575 472 1676 504 sancti
1701 470 1882 514 Augustini,

1229 530 1353 559 utentes
1378 524 1484 569 aliqua
1503 524 1648 558 facultate
1674 534 1731 557 seu
1757 532 1885 557 conces-

1228 580 1317 611 sione
1343 588 1360 612 a
1385 579 1466 612 Sede
1485 577 1666 622 Apostolica
1687 587 1742 621 per
1764 577 1884 610 litteras

1230 632 1368 669 obtenta,
1391 634 1421 665 in
1440 634 1615 676 patentium
1634 632 1808 665 litterarum
1834 640 1885 663 ex-

1230 686 1446 730 peditionibus
1469 695 1577 719 earum
1594 690 1719 719 tenores
1733 685 1771 718 de
1787 683 1884 717 verbo

1231 740 1269 773 ad
1285 740 1418 773 verbum
1434 741 1585 773 inserant:
1601 748 1703 783 neque
1717 739 1778 772 ullo
1794 741 1884 781 pacto

1231 793 1423 838 quibusdam
1456 793 1607 826 clausulis
1639 792 1803 825 oraculum
1839 800 1886 824 sa-

1231 846 1393 890 pientibus
1419 848 1449 879 in
1468 846 1649 880 bulusmodi
1675 845 1885 888 expeditioni-

1232 900 1292 934 bus
1318 900 1447 944 posthac
1475 902 1517 934 uti
1539 899 1692 941 audeant,
1718 900 1770 931 60.

1144 962 1362 997 CCCXXXlll.
1389 961 1563 996 l'robibitio
1584 964 1792 1005 imposterum
1817 969 1888 993 con-

1233 1016 1369 1050 cedendi
1395 1017 1616 1059 exemptiones
1641 1014 1818 1047 officiorum
1844 1014 1888 1056 (et

1234 1071 1422 1112 praesertim
1447 1079 1501 1102 eas
1527 1068 1643 1113 quibus
1669 1068 1790 1108 fratres,
1820 1076 1888 1110 pro-

1234 1123 1396 1163 x‘inciales
1412 1123 1606 1163 definitores,
1625 1125 1677 1155 aut
1697 1123 1886 1160 visitatores,

1235 1177 1283 1209 vel
1302 1176 1538 1220 praedicatores
1556 1177 1692 1208 maiores
1713 1175 1888 1217 nuncupati

1233 1229 1364 1265 Ordinis
1380 1230 1588 1263 Eremitarum
1603 1229 1704 1262 sancti
1715 1220 1887 1270 'Augustini

1234 1283 1394 1326 gaudent)
1420 1282 1568 1317 tratribus
1592 1282 1735 1315 eiusdem
1756 1279 1888 1315 Ordinis

1234 1338 1289 1380 qui
1312 1345 1348 1369 ea
1366 1345 1506 1380 unquam
1523 1338 1748 1376 exercuerunt,
1767 1333 1888 1377 absquo

1234 1389 1325 1423 Sedis
1351 1389 1552 1433 Apostolicae
1579 1387 1727 1433 espressa
1752 1384 1889 1428 licentia,

1235 1444 1287 1476 61.

1147 1505 1366 1540 cccxxxiv.
1397 1504 1611 1539 Facultatibus
1643 1505 1803 1538 cruciatae
1831 1502 1889 1535 eli-

1236 1560 1333 1603 gendi
1350 1559 1584 1592 confessarium
1600 1554 1811 1592 et‘obtinendi
1837 1556 1891 1589 ab·

1237 1613 1427 1647 solutionem
1452 1621 1469 1646 a
1494 1611 1621 1645 casibus
1647 1612 1818 1644 reservatis
1846 1610 1890 1642 uti

1233 1677 1295 1700 non
1322 1669 1451 1710 possunt
1472 1665 1619 1698 monaehi
1639 1662 1771 1698 Ordinis
1791 1663 1891 1696 sancti

1237 1719 1402 1754 Benedicti
1433 1719 1692 1762 congregationis
1722 1715 1888 1759 Portugal-

1239 1772 1311 1812 liae,
1332 1773 1384 1805 (523.

1150 1834 1345 1869 CCCXXXV.
1378 1834 1547 1878 Exemptio
1580 1841 1730 1867 concessa
1762 1831 1893 1865 Clericis

1240 1888 1450 1929 Regularibus
1484 1888 1663 1931 l'anperum
1696 1885 1804 1919 Matris
1835 1885 1895 1918 Dei

1239 1941 1425 1975 Scholarum
1450 1941 1577 1974 Piarum
1602 1949 1618 1973 a
1637 1937 1894 1983 processionibus

1239 1998 1270 2028 et
1294 1996 1364 2027 aliis
1390 1993 1512 2027 actibus
1537 1992 1682 2036 publicis,
1707 1993 1760 2025 63.

1151 2055 1368 2089 cccxxxvi.
1394 2054 1538 2088 Absotvit
1565 2063 1672 2097 regem
1703 2052 1894 2086 catholicum

1240 2110 1373 2152 eiusque
1389 2109 1548 2141 ministros
1562 2116 1579 2140 a
1592 2107 1747 2146 censuris,
1765 2107 1796 2139 in
1815 2114 1893 2150 quas

1240 2163 1439 2195 incurrerant
1457 2160 1496 2193 ob
1517 2164 1667 2194 exactum
1692 2163 1763 2192 aute
1784 2158 1895 2192 obten-

1242 2219 1306 2248 tum
1344 2214 1580 2258 beneplacitum
1610 2212 1818 2256 apostolicum
1855 2211 1894 2245 ab

1241 2268 1385 2301 ecclesiis
1411 2271 1439 2301 et
1470 2268 1698 2300 ecclesiasticis
1723 2276 1893 2309 regnorum

1242 2321 1395 2356 Castellae
1423 2326 1451 2355 et
1478 2321 1624 2363 Legionis
1649 2320 1827 2354 subsidium
1847 2329 1897 2352 oc-

1242 2376 1376 2410 todecim
1402 2375 1590 2416 rnillIonuni,
1616 2375 1668 2408 (35.

1153 2437 1378 2472 cccxxxvii
1390 2437 1590 2471 Contirmatio
1605 2436 1812 2481 quarumdam
1826 2444 1896 2468 cou-

1241 2493 1440 2525 stitutionum
1464 2493 1494 2524 in
1512 2490 1650 2534 capitulo
1670 2489 1813 2532 generali
1839 2488 1897 2522 sra-

1243 2549 1324 2579 trum
1356 2544 1627 2578 Discalceatoruni
1657 2543 1897 2576 recollectoruni

1244 2602 1498 2643 nuncupatorum
1509 2597 1641 2633 Ordinis
1655 2596 1766 2632 beatae
1777 2596 1895 2631 Mariae
