2248 3229
111 193 162 222 An.
175 192 205 220 C.
227 192 296 222 1634

176 520 294 541 luhtlaenm

111 547 209 568 concedit
228 547 294 568 adim·

110 574 217 600 ptentibus
261 574 294 595 hit·

111 600 225 627 descripta.

916 193 1059 219 URBANUS
1084 193 1132 219 PP.
1157 193 1215 219 vm

311 240 481 283 magistrae
505 250 604 282 more,
623 241 655 273 in
676 240 896 284 praesentibus
920 241 1053 275 necessi-

310 293 435 333 tatibus,
448 293 588 327 eiusdem
608 293 765 327 Ecclesiae
782 294 957 334 thesauros,
975 305 1053 338 quo-

310 357 382 381 rum
414 346 647 391 dispensatores
677 358 694 380 a
727 347 861 381 Domino
893 348 1052 381 constituti

311 411 430 442 sumus,
447 402 592 445 proferre
610 407 639 434 et
655 402 832 445 largissime
850 412 983 445 erogare
999 402 1052 435 de-

311 455 481 489 crevimus.

355 508 370 552 §
395 508 423 541 ¹1.
450 509 566 551 ltaque,
592 518 627 541 ex
648 512 737 551 parte
755 508 978 552 omnipotentis
998 507 1052 541 Dei

311 561 411 594 Patris
437 564 467 594 et
490 560 559 593 Filii
585 565 615 593 et
640 560 773 604 Spiritus
797 561 918 602 Sancti,
943 571 1053 594 omnes

311 620 341 648 et
364 614 505 657 singulos
524 614 689 658 utriusque
710 625 801 648 sexus
822 615 1052 655 christifideles,

311 673 374 701 tam
399 667 431 700 in
455 668 538 700 alma
565 668 648 700 Urbe
668 674 785 708 nostra,
811 679 904 712 quam
929 668 1004 701 alibi
1022 679 1054 701 u-

310 721 480 765 bicumque
505 721 648 755 locorum
666 721 860 762 constitutos,
881 721 1052 765 apostolica

309 774 496 808 auctoritate
520 780 650 818 paterne
671 775 823 818 enixeque
848 774 1052 818 requirimus,

309 837 476 861 monemus
501 832 531 860 et
555 828 587 860 in
618 828 750 861 Domino
784 827 991 860 adhortamur
1014 827 1052 860 ad

309 880 510 924 infrascripta
534 880 646 914 devote
670 880 887 925 peragendum
912 885 942 913 et
958 880 1053 913 adim-

309 934 471 980 plendum,
485 940 517 968 et
531 935 569 968 ad
587 935 684 968 Deum
700 935 895 968 Salvator-em
909 940 1051 968 nostrum

311 987 487 1029 orandum,
512 992 546 1021 ut
576 998 634 1032 per
665 987 785 1021 viscera
817 987 1053 1021 misericordiae

311 1051 387 1075 suae
410 1041 505 1075 sidem
530 1041 715 1075 catholicam
741 1046 919 1085 protegere,
938 1041 976 1074 ab
995 1041 1052 1074 ho-

311 1096 404 1128 stium
420 1095 583 1129 conatibus
597 1099 627 1128 et
644 1094 765 1128 insidiis
782 1094 962 1134 defendere,
984 1094 1054 1128 hae-

309 1149 406 1183 resim
420 1149 588 1193 extirpare,
601 1149 798 1192 principibus
810 1148 988 1182 christianis
1002 1159 1054 1193 pa-

309 1212 378 1236 cem
410 1207 440 1235 et
471 1212 578 1235 veram
611 1202 813 1236 concordiam
846 1201 965 1236 donare
978 1230 985 1244 ,
1018 1212 1054 1235 ac

310 1255 479 1300 praecipue
496 1256 718 1300 praesentibus
741 1256 898 1289 Ecclesiae
918 1256 1054 1289 necessi-

310 1309 427 1343 tatibus
451 1309 620 1342 subvenire
644 1309 801 1352 dignetur.
826 1310 890 1343 Nos
914 1310 998 1343 enim
1016 1309 1054 1343 de

312 1362 537 1406 omnipotentis
566 1362 621 1395 Dei
642 1362 862 1396 misericordia
886 1373 922 1396 ac
946 1363 1054 1396 beato-

311 1425 382 1449 rum
396 1414 479 1448 Petri
493 1420 523 1448 et
537 1415 623 1448 Pauli
635 1416 850 1459 apostolorum
865 1416 932 1449 eius
951 1421 1055 1449 aucto-

311 1468 401 1503 ritate
415 1468 534 1511 confisi,
550 1479 587 1502 ex
601 1469 654 1501 illa
671 1468 788 1512 ligandi
804 1474 897 1513 atque
913 1469 1053 1503 solvendi

265 1560 268 1563 ,
312 1527 484 1567 potestate,
510 1532 604 1565 quam
629 1522 722 1556 nobis
741 1522 907 1565 Dominus,
933 1522 1054 1556 meritis

311 1574 442 1608 minime
467 1574 723 1618 suffragantibus,
738 1575 880 1616 contulit,
900 1575 1054 1608 universis

311 1632 341 1663 et
365 1628 499 1671 singulis
524 1622 782 1661 christifidelibus
808 1628 838 1661 in
863 1628 946 1661 alma
971 1628 1055 1662 Urbe

309 1682 472 1727 praedicta
489 1682 688 1725 degentibus,
705 1682 759 1727 qui
780 1682 911 1716 solemni
929 1693 1055 1726 proces-

311 1737 401 1779 sioni,
428 1746 522 1781 quam
547 1746 564 1769 a
586 1736 717 1770 basilica
741 1737 895 1781 Principis
922 1743 1052 1781 aposto-

311 1791 415 1824 lorum
440 1789 472 1822 in
493 1789 641 1824 Vaticano
665 1790 704 1824 ad
727 1791 892 1824 ecclesiam
913 1791 1055 1825 archiho-

312 1844 432 1888 spitalis
445 1844 545 1877 nostri
562 1843 667 1877 Sancti
684 1844 818 1888 Spiritus
831 1845 862 1878 in
876 1844 967 1884 Saxia
980 1855 1056 1879 nun-

313 1901 459 1942 cupatam
484 1897 521 1931 de
546 1897 631 1931 Urbe
655 1898 732 1931 feria
759 1901 872 1942 quarta
896 1899 1055 1943 sequentis

313 1951 540 1993 hebdomadae,
566 1962 645 1996 quae
674 1952 734 1985 erit
756 1962 830 1986 xxix
859 1951 1054 1996 praesentis¹

314 2005 431 2039 mensis
448 2005 563 2047 martii,
582 2006 645 2038 una
663 2015 734 2038 cum
752 2005 984 2039 venerabilibus
998 2006 1055 2038 fra-

314 2059 415 2093 tribus
438 2058 554 2092 nostris
578 2059 607 2093 S.
623 2058 658 2092 R.
676 2059 708 2092 E.
735 2058 956 2100 cardinalibus,
976 2059 1056 2092 chri-

316 2113 553 2157 stianorumque
578 2124 692 2156 regum
713 2119 744 2146 et
767 2114 946 2157 principum
973 2114 1055 2158 apud

315 2177 372 2201 nos
386 2172 416 2201 et
431 2167 644 2211 Apostolicam
659 2167 770 2201 Sedem
784 2168 973 2209 oratoribus,
992 2178 1056 2201 orn-

316 2220 471 2265 nibusque
487 2221 633 2265 praelatis
657 2226 687 2254 et
708 2221 906 2266 proceribus,
925 2232 961 2255 ac
985 2221 1054 2254 uni-

317 2285 408 2309 verso
425 2275 509 2309 clero
527 2280 557 2308 et
573 2275 691 2319 populo
716 2286 864 2319 agemus,
889 2280 941 2308 aut
966 2276 1055 2309 alteri

317 2340 353 2363 ex
373 2329 639 2374 processionibus,
660 2339 740 2373 quae
764 2330 842 2362 seria
867 2332 954 2362 sexta
971 2330 1054 2363 eius-

317 2382 387 2416 dem
404 2382 630 2423 hebdomadae,
645 2393 721 2416 xxxl
735 2383 809 2416 dicti
827 2384 954 2425 mensis,
971 2394 989 2416 a
1005 2384 1056 2417 ba-

318 2437 406 2470 silica
423 2435 451 2470 S.
466 2436 581 2470 Mariae
601 2437 726 2470 Maioris
738 2437 777 2470 ad
795 2438 958 2471 ecclesiam
972 2438 1057 2472 Late-

316 2500 494 2532 ranensem,
519 2495 549 2524 et
573 2490 702 2525 sabbato
723 2491 863 2524 eiusdem
886 2492 1056 2526 hebdoma-

317 2544 386 2586 dae,
395 2545 500 2589 prima
514 2544 634 2588 aprilis,
647 2544 686 2577 ab
697 2545 829 2578 ecclesia
842 2545 873 2578 B.
884 2545 998 2579 Mariae
1009 2556 1056 2579 su-

354 2609 365 2634 1
383 2606 454 2635 Edit.
469 2606 550 2634 Main.
566 2606 631 2642 legit
643 2608 844 2642 praesentibus
858 2608 895 2643 (n.
912 2608 958 2644 T.).

401 2661 480 2690 Ball.
500 2661 584 2691 Rom.
604 2676 638 2683 —
663 2661 720 2692 Vol.
741 2661 817 2690 XIV.
962 2662 995 2690 49

1088 251 1145 286 pra
1153 241 1322 275 Minervam
1337 241 1376 275 ad
1389 242 1554 276 ecclesiam
1568 241 1708 277 eiusdem
1723 241 1755 276 B.
1766 242 1827 277 Ma-

1088 295 1153 328 riae
1177 295 1216 329 de
1236 296 1348 329 Anima
1369 296 1463 329 etiam
1484 301 1707 341 nuncupatam,
1727 307 1828 341 respe-

1087 349 1176 391 ctive,
1191 349 1228 382 de
1245 360 1337 383 mane
1354 361 1412 394 per
1428 351 1609 384 universum
1628 351 1747 384 clerum
1764 356 1827 384 tam

1088 403 1262 436 secularem
1287 414 1381 447 quam
1406 404 1604 447 regularem,
1630 409 1702 448 post
1726 404 1824 437 meri-

1087 454 1169 488 diem
1204 466 1279 489 vero
1312 467 1369 500 per
1403 457 1766 491 archiconsraternitates
1799 463 1828 490 et

1087 508 1359 543 confraternitates
1374 510 1562 543 secularium
1580 511 1729 545 canonice
1746 511 1828 544 insti-

1087 567 1169 596 tutas
1193 563 1294 597 almae
1319 564 1414 597 Urbis
1439 565 1617 608 praedictae
1634 565 1719 605 fient,
1737 565 1828 599 inter-

1087 615 1224 656 fuerint;
1246 618 1292 650 vel
1311 617 1364 660 qui
1382 617 1413 650 in
1432 618 1552 659 eadem,
1573 628 1628 651 seu
1648 619 1828 652 immediate

1087 670 1229 713 sequenti
1254 670 1471 713 hebdomada,
1497 671 1574 705 duas
1597 683 1634 705 ex
1659 672 1755 705 dictis·
1773 672 1827 705 ba-

1088 723 1183 756 silicis
1207 724 1272 757 sive
1297 725 1437 757 ecclesiis
1461 725 1571 758 saltem
1597 726 1693 758 semel
1725 725 1829 758 visita-

1088 776 1206 817 verint,
1236 777 1341 821 ibique
1366 777 1498 818 devote,
1529 783 1563 811 ut
1587 789 1705 823 supra,
1729 778 1827 812 Deum

1087 830 1262 872 oraverint,
1289 841 1412 865 necnon
1444 832 1522 865 feria
1547 834 1657 875 quarta
1688 836 1718 864 et
1741 834 1829 865 sexta

1087 892 1122 915 ac
1147 882 1278 917 sabbato
1303 884 1443 917 eiusdem
1464 885 1511 918 vel
1536 884 1694 929 sequentis
1714 884 1829 918 hebdo-

1087 935 1198 969 madae
1230 937 1457 979 ieiunaverint,
1492 942 1586 981 atque
1616 943 1745 982 peccata
1773 948 1829 971 sua

1087 989 1221 1023 confessi
1238 991 1379 1034 sequenti
1395 991 1504 1024 saltem
1521 991 1571 1024 die
1588 991 1746 1025 dominico
1763 1001 1829 1024 san-

1087 1043 1263 1077 ctissimum
1288 1044 1504 1078 Eucharistiae
1528 1050 1760 1078 sacramentum
1778 1055 1828 1078 re-

1087 1102 1232 1130 verenter
1258 1097 1469 1142 sumpserint,
1495 1103 1524 1131 et
1555 1098 1769 1143 eleemosynas
1791 1097 1829 1131 ad

1087 1151 1222 1193 libitum,
1236 1156 1331 1195 prout
1354 1151 1490 1185 charitas
1511 1152 1644 1195 singulis
1664 1161 1829 1195 suggesse·

1088 1204 1138 1245 rit,
1156 1205 1304 1245 fecerint,
1331 1205 1443 1238 ceteris
1460 1215 1534 1239 vero
1555 1205 1702 1239 omnibus
1721 1210 1751 1238 et
1770 1205 1831 1239 sin-

1088 1258 1170 1301 gulis
1193 1258 1340 1292 fidelibus
1365 1263 1453 1292 extra
1477 1258 1594 1293 Urbem
1625 1259 1830 1293 existentibus

1088 1311 1120 1344 in
1145 1311 1306 1355 quibusvis
1331 1312 1526 1354 civitatibus,
1551 1313 1644 1346 terris
1672 1318 1702 1346 et
1732 1313 1829 1354 locis,

1088 1364 1142 1408 qui
1166 1365 1360 1409 processioni
1390 1365 1429 1398 ab
1460 1365 1634 1399 Ordinariis
1664 1366 1828 1408 locorum,

1090 1418 1136 1451 vel
1161 1428 1273 1452 eorum
1298 1418 1445 1459 vicariis,
1470 1429 1525 1452 seu
1550 1419 1757 1461 osticIalibus,
1782 1421 1830 1454 vel

1088 1472 1127 1506 de
1143 1483 1253 1507 eorum
1274 1473 1431 1514 mandato,
1450 1478 1488 1516 et,
1504 1473 1580 1518 ipsis
1600 1473 1829 1515 deficientibus,

1088 1537 1144 1570 per
1169 1536 1232 1567 eos,
1257 1527 1311 1570 qui
1335 1526 1377 1560 ibi
1403 1537 1513 1560 curam
1537 1527 1715 1561 animarum
1740 1538 1830 1562 exer-

1089 1586 1169 1621 cent,
1193 1581 1297 1625 prima
1321 1581 1370 1614 vel
1395 1581 1531 1615 secunda
1558 1581 1757 1616 hebdomada
1779 1593 1830 1627 po-

1089 1640 1211 1678 stquam
1237 1634 1276 1667 ad
1307 1644 1419 1668 eorum
1454 1635 1597 1669 notitiam
1622 1635 1681 1669 hae
1705 1641 1831 1670 nostrae

1088 1688 1210 1722 litterae
1230 1688 1414 1722 devenerint
1442 1689 1626 1723 indicendae
1646 1695 1676 1723 et
1692 1690 1831 1733 agendae

1088 1742 1304 1782 interfuerint,
1330 1742 1378 1775 vel
1404 1743 1568 1776 ecclesiam
1604 1753 1659 1777 seu
1683 1743 1831 1777 ecclesias

1088 1806 1145 1840 per
1169 1796 1296 1830 eosdem
1321 1796 1529 1840 designandas
1550 1796 1659 1831 saltem
1677 1798 1772 1830 semel
1790 1797 1831 1830 vi-

1089 1849 1260 1890 sitaverint,
1285 1849 1404 1894 ibique,
1430 1855 1464 1883 ut
1488 1860 1592 1894 supra,
1609 1850 1708 1884 Deum
1725 1861 1831 1884 orave-

1088 1904 1169 1944 rint,
1194 1914 1230 1937 ac
1254 1903 1335 1936 feria
1360 1905 1490 1947 quarta,
1514 1905 1621 1944 sexta,
1647 1909 1678 1937 et
1702 1904 1831 1938 sabbato

1089 1956 1238 1990 alterius¹
1265 1967 1301 1990 ex
1326 1956 1448 1990 duabus
1477 1956 1684 1990 hebdomadis
1708 1957 1746 1990 ab
1771 1957 1831 1991 eis-

1089 2010 1160 2043 dem
1186 2009 1373 2054 deputandis
1398 2010 1626 2051 ieiunaverint,
1651 2011 1832 2055 pariterque

1089 2068 1216 2108 peccata
1239 2074 1295 2097 sua
1318 2063 1451 2097 confessi
1476 2074 1512 2097 ac
1536 2063 1733 2097 sanctissima
1749 2075 1833 2099 com-

1090 2117 1239 2150 munione
1266 2117 1374 2151 refecti
1400 2116 1537 2157 suerint,
1563 2122 1592 2150 et
1617 2118 1832 2163 eleemosynas

1090 2170 1235 2203 similiter
1259 2181 1318 2214 pro
1335 2170 1467 2204 arbitrio
1485 2181 1542 2204 suo
1561 2171 1702 2212 fecerint,
1719 2172 1832 2216 plenis-

1090 2224 1200 2258 simam
1215 2224 1356 2258 omnium
1370 2229 1571 2268 peccatorum
1586 2236 1717 2259 suorum
1734 2225 1832 2259 indul-

1089 2279 1227 2321 gentiam
1252 2283 1283 2312 et
1306 2278 1548 2320 remissionem,
1574 2279 1655 2312 sicut
1687 2279 1719 2312 in
1750 2289 1832 2313 anno

1090 2332 1217 2365 iubilaei
1241 2332 1439 2365 visitantibus
1463 2337 1564 2366 certas
1585 2333 1733 2366 ecclesias
1751 2332 1832 2365 intra

1090 2391 1120 2419 et
1140 2390 1227 2419 extra
1250 2385 1368 2419 Urbem
1387 2385 1517 2419 concedi
1534 2386 1705 2428 consuevit,
1724 2389 1831 2419 tenore

1089 2439 1303 2484 praesentium
1324 2439 1526 2473 concedimus
1551 2444 1581 2472 et
1604 2440 1786 2483 elargimur.

1134 2494 1148 2537 g
1173 2493 1202 2526 Q,
1228 2493 1416 2536 Navigantes
1433 2504 1508 2526 vero
1532 2497 1586 2526 aut
1610 2493 1669 2526 iter
1694 2498 1831 2536 agentes,

1126 2612 1138 2638 1
1155 2609 1266 2638 Videtur
1279 2609 1424 2646 legendum
1440 2609 1612 2639 alterutrius
1627 2609 1664 2645 (n.
1682 2610 1729 2646 τ.).

1734 185 1799 220 385
1845 196 1894 223 An.
1909 196 1937 223 c.
1958 194 2028 224 1634

1878 2501 2034 2528 [tinet-antibus.

1847 2529 1988 2555 regularibus,
2006 2531 2036 2551 in-

1090 2552 1123 2581 ut
1143 2557 1215 2580 cum
1239 2547 1379 2591 primum
1409 2547 1447 2580 ad
1480 2557 1536 2580 sua
1561 2556 1593 2580 se
1617 2557 1649 2580 se
1674 2546 1833 2581 domicilia
1848 2556 1919 2581 firmis.
1937 2557 2034 2583 captivis.
