2248 3229
243 216 293 243 An.
315 217 343 244 c.
368 217 432 245 1634
478 208 543 242 450

308 1073 338 1093 De
358 1073 430 1093 ele-:tis

247 1099 272 1119 ad
329 1099 429 1119 soii-,lave

247 1132 269 1145 se
280 1125 430 1146 transferendis

248 1158 285 1177 pro
332 1152 430 1177 eligendo

247 1184 322 1203 magno
368 1179 430 1204 magi-

247 1207 297 1225 stro.

270 1338 299 1358 De
311 1338 430 1364 praesiden-

248 1367 267 1384 te
284 1365 398 1385 ulei-tion&

286 1924 314 1944 De
330 1924 432 1945 electione

250 1953 339 1971 triumrii
346 1954 398 1971 atus,

287 2351 320 2381 Dc*
332 2352 433 2372 eirsz'iaue

252 2380 328 2403 quanti.

442 266 597 308 gremium
623 270 747 296 sanctae
771 265 928 297 Romanae
952 262 1109 295 Ecclesiae
1131 272 1180 294 re-

442 318 551 358 dierit,
577 326 780 359 unaquaeque
812 315 943 348 aliarum
975 319 1094 358 septem
1122 314 1181 347 lin—

442 380 575 413 guarum
593 369 766 401 successive
783 368 877 400 alium
896 368 1025 400 fratrem
1049 367 1180 400 militem

442 434 458 455 e
474 422 606 466 propria
625 421 733 463 lingua
750 431 806 464 per
825 420 1017 460 schedulam,
1031 424 1064 453 ut
1077 430 1181 463 supra,

441 475 548 518 eligat:
563 479 593 507 et
610 479 728 518 septem
746 474 789 507 sic
808 474 912 507 clectis
931 473 1039 516 viginti
1057 478 1086 506 et
1103 483 1182 506 unus

441 527 626 572 supradicti,
651 528 778 571 praevia
803 527 877 560 dicti
902 526 1068 560 iuramenti
1092 537 1182 570 prae-

441 582 584 621 statione,
603 591 660 624 per
681 586 801 614 secreta
818 580 1001 624 pillularum
1022 579 1181 623 suffragia,
1198 585 1199 593 ¹

442 644 499 677 pro
527 633 641 666 maiori
677 633 860 676 eligentium
897 643 1029 666 numero
1069 644 1178 676 respe—

442 691 493 720 ctu
518 686 667 727 minoris,
694 690 756 720 tres
781 686 976 719 diversarum
1002 685 1182 726 nationum,

443 740 579 774 Gallicae
604 738 756 780 videlicet,
782 738 916 780 Italicae,
942 738 1125 782 Hispanicae
1154 744 1183 771 et

444 792 657 834 Germanicae,
675 793 791 836 eligant
808 803 879 826 cum
898 793 1098 826 ballotatione
1123 804 1175 826 cu-

443 846 569 881 iuslibet
604 846 745 890 ipsorum
781 851 930 890 septem:
966 846 1019 889 qui
1057 852 1118 879 tres
1152 851 1184 878 ut.

443 899 654 944 praemittitur
690 899 780 932 electi
813 899 951 942 linguam
981 899 1201 942 Anglicauam:

444 957 691 998 repraesentent,
708 953 854 996 illiusque
873 952 936 985 vice
955 956 983 986 et
1002 953 1128 986 nomine
1153 952 1183 985 in

445 1007 502 1040 ista
521 1006 671 1040 electione
687 1006 848 1039 dumtaxat
868 1006 1054 1050 suffragium
1074 1006 1183 1039 serant.

488 1060 592 1101 Facta,
616 1065 650 1093 ut
673 1059 896 1104 praemittitur,
917 1059 1100 1093 eorumdem
1126 1060 1202 1120 ele-³

446 1114 558 1154 ctione,
583 1113 628 1146 illi
652 1113 689 1146 ad
715 1114 819 1146 locum
845 1112 1001 1146 conclavis
1026 1122 1058 1145 se
1083 1113 1185 1145 conse-

445 1172 525 1207 rant,
551 1167 582 1199 in
607 1177 669 1210 quo
694 1166 806 1199 electio
831 1165 936 1208 magni
965 1165 1106 1208 magistri
1131 1176 1185 1198 ne-

446 1219 582 1252 cessario
605 1218 745 1252 facienda
769 1218 829 1251 erit
853 1223 882 1250 et
907 1218 944 1250 ad
969 1217 1186 1261 infrascriptos

445 1277 532 1305 actus
556 1272 729 1313 deveniant,
755 1271 912 1304 videlicet:

490 1326 510 1358 1.
528 1325 659 1369 Eligant,
678 1325 803 1369 praevia
821 1324 895 1357 dicti
913 1324 1079 1358 iuramenti
1100 1335 1187 1368 prae-

446 1378 831 1422 statione,praesidentem
850 1377 1009 1411 electionis
1024 1388 1080 1422 per
1093 1378 1185 1422 pillu-

445 1433 490 1465 las
504 1438 650 1473 secret-as,
662 1432 745 1465 iuxta
759 1431 918 1475 antiquam
935 1431 1008 1464 dicti
1022 1431 1187 1475 hospitalis

446 1486 704 1520 consuetudinem
728 1486 879 1519 hactenus
907 1486 950 1518 ibi
972 1485 1184 1519 observatam:

445 1539 498 1583 qui
523 1539 566 1572 sic
591 1539 707 1572 electus
732 1539 801 1572 loco
827 1539 900 1572 dicti
925 1539 1163 1573 locumtenentis
1178 1567 1185 1580 ‚

446 1603 517 1626 cum
548 1592 814 1637 prohibitionibus
846 1592 1034 1636 supradictis
1070 1593 1186 1636 gratias

445 1651 475 1679 et
495 1646 555 1679 alia
579 1645 758 1690 supradicta
782 1645 924 1687 faciendi,
950 1645 1137 1690 praesideat,
1158 1650 1187 1680 et

446 1710 491 1741 ea,
516 1709 597 1743 quae
620 1698 833 1743 praesidentes
859 1698 1019 1732 electionis
1045 1699 1082 1731 de
1107 1699 1185 1739 iure,

446 1753 632 1796 privilegio,
658 1763 737 1793 usu,
764 1753 810 1784 vel
836 1752 1059 1785 consuetudine
1084 1752 1187 1786 facere

448 1812 477 1839 et
502 1816 612 1849 gerere
637 1810 768 1850 possunt
800 1815 856 1839 seu
886 1805 1019 1847 debent,
1046 1810 1134 1848 gerat
1157 1811 1187 1838 et

448 1860 547 1893 saciat.

493 1912 527 1946 II.
551 1912 678 1945 Praevia
700 1911 844 1945 similiter
860 1911 999 1944 eiusdem
1021 1911 1205 1945 iuramenti>

448 1965 681 2010 praestatione,
716 1965 888 2009 procedant
926 1965 964 1997 ad
1003 1964 1186 1998 electionem

448 2020 674 2060 triumviratus,
698 2030 812 2064 nempe
837 2019 929 2052 unius
953 2019 1071 2060 militis,
1096 2019 1205 2067 unius]

449 2074 643 2118 cappellani,
668 2078 698 2106 et
722 2073 813 2106 unius
838 2083 1000 2106 armorum
1025 2073 1187 2107 servientis

448 2128 590 2168 fratrum,
615 2127 668 2171 qui
693 2127 754 2160 sint
778 2126 975 2160 diversarum
995 2127 1186 2170 linguarum,

449 2181 533 2214 iuxta
558 2181 691 2214 sormam
722 2180 863 2214 scrutinii
888 2180 1069 2224 pillularum
1094 2191 1186 2225 supe-

1004 215 1183 239 BULLARIL'M
1207 215 1363 240 ROMANUM

449 2235 515 2269 rius
545 2235 712 2279 descripti,
738 2244 835 2279 usque
865 2234 902 2268 ad
931 2235 1100 2279 perfectam
1125 2235 1185 2268 ele-

450 2289 586 2323 ctionem
609 2288 799 2322 huiusmodi.

494 2343 543 2376 III.
568 2341 729 2377 Celebrate
755 2341 904 2375 electione
929 2340 1106 2386 praedicta,
1129 2340 1186 2385 ipsi

451 2402 512 2430 tres
537 2396 580 2430 sic
605 2396 695 2429 electi
719 2395 757 2429 ad
781 2395 883 2440 quarti
909 2395 1092 2429 electionem
1107 2423 1114 2437 ,
1139 2394 1186 2427 di-

449 2460 556 2483 versae
585 2455 690 2482 tamen
721 2450 845 2492 linguae
876 2460 893 2482 a
925 2450 1001 2490 sua,
1025 2448 1187 2483 unanimes

449 2502 635 2536 deveniant:
670 2507 718 2542 et,
748 2502 773 2535 si
805 2502 886 2534 infra
917 2502 1009 2536 unius
1041 2502 1137 2535 horae
1171 2511 1187 2533 a

448 2556 554 2600 primo
576 2561 736 2590 momento
754 2555 916 2589 clausurae
935 2555 1089 2589 conclavis
1106 2564 1188 2588 com-

450 2609 603 2652 putandae
625 2609 758 2653 spatium
780 2608 951 2644 concordes
976 2619 1038 2643 non
1062 2608 1185 2650 suerint,

1958 215 2009 243 An.
2030 215 2058 242 G.
2078 215 2147 243 1634

1216 266 1296 294 tunc.
1321 267 1350 294 et
1379 273 1415 295 eo
1447 273 1520 296 casu
1551 263 1676 296 illorum
1708 263 1822 306 singuli
1855 263 1950 296 alium

1216 315 1346 349 fratrem
1379 314 1510 347 militem
1535 325 1643 347 eorum
1669 316 1795 350 cuilibet
1826 316 1952 350 benevi-

1215 379 1294 409 sum,
1319 369 1371 412 qui
1396 379 1460 401 non
1484 368 1522 402 sit
1546 379 1583 401 ex
1608 378 1717 402 eorum
1735 370 1874 413 linguis,
1899 380 1951 404 no-

1216 421 1355 461 minent,
1391 421 1667 465 nominationeque
1701 421 1880 456 huiusmodi
1914 423 1952 455 ad

1216 474 1460 518 vigintiquatuor
1486 475 1637 507 electores
1661 474 1768 515 relata,
1795 475 1853 518 ipsi
1873 486 1906 509 se
1922 476 1953 509 in

1217 527 1391 560 sacristiam
1411 527 1469 570 (eis
1495 528 1564 561 loco
1581 527 1737 561 conclavis
1754 527 1785 560 in
1801 528 1862 561 hoc
1881 538 1953 562 casu

1216 580 1376 613 dumtaxat
1403 580 1609 624 assignatam)
1635 580 1835 624 recipientes,
1866 591 1954 624 prae-

1198 634 1265 666 wia
1290 633 1406 677 pariter
1430 633 1504 667 dicti
1532 634 1699 668 iuramenti
1727 634 1952 678 praestatione,

1216 687 1254 720 ad
1287 692 1441 720 secretum
1473 687 1659 720 scrutinium
1687 687 1866 731 pillularum
1896 698 1954 731 pro

1217 739 1369 773 electione
1389 739 1481 773 unius
1499 750 1534 773 ex
1552 739 1642 773 dictis
1666 739 1765 773 tribus
1787 740 1955 773 nominatis

1217 793 1393 833 deveniant3
1412 793 1452 826 ita
1465 798 1500 826 ut
1513 793 1643 837 quilibet
1655 793 1878 834 horumtrium
1896 793 1956 826 bal-

1217 848 1354 888 lottetur,
1380 852 1409 880 et
1433 847 1485 880 ille
1509 858 1566 890 pro
1591 852 1703 890 quarto
1724 846 1840 879 electus
1864 846 1903 879 sit
1927 851 1956 879 et

1218 911 1284 934 esse
1302 906 1475 943 censeatur,
1494 901 1547 944 qui
1564 900 1715 933 maiorem
1734 899 1956 943 suffragiorum

1218 964 1385 987 numerum
1417 959 1562 997 respectu
1592 952 1723 986 minoris
1753 953 1876 986 numeri
1907 963 1956 985 re-

1218 1007 1364 1051 portabit,
1383 1007 1475 1040 etiam
1495 1007 1520 1040 si
1538 1007 1577 1040 sit
1594 1007 1631 1040 de
1648 1017 1781 1050 corpore
1800 1006 1955 1040 dictorum

1221 1059 1476 1103 vigintiquatuor.

1264 1113 1309 1145 IV.
1337 1113 1396 1146 lste
1416 1118 1545 1163 quartus
1563 1113 1607 1146 sic
1623 1113 1739 1146 electus
1757 1112 1794 1145 ad
1812 1113 1957 1146 conclave
2003 1124 2038 1154 pq
2052 1122 2155 1153 electione

1219 1166 1365 1207 accedat,
1390 1170 1420 1200 et
1435 1161 1521 1199 ”cum
1553 1166 1620 1199 aliis
1651 1166 1751 1199 tribus
1776 1166 1813 1199 ad
1838 1166 1956 1209 quinti,
1973 1153 2156 1205 ῗὲζῗῖὶὲῑῗῗςῗξῗίῖ

1219 1220 1345 1263 quintus
1371 1230 1444 1253 vero
1469 1220 1612 1254 similiter
1639 1220 1755 1253 electus
1787 1230 1859 1253 cum
1890 1219 1958 1253 aliis
1972 1203 2126 1224 ²⁶⁵⁶¹d²⁰¹m

1220 1278 1354 1316 quatuor
1371 1273 1408 1306 ad
1426 1274 1503 1307 sexti
1528 1274 1712 1307 electionem
1737 1273 1887 1317 procedat
1902 1284 1958 1317 per

1221 1327 1372 1360 maiorem
1390 1326 1625 1370 suffragiorum,
1639 1337 1694 1360 seu
1710 1326 1893 1370 pillularum
1906 1336 1960 1359 nu-

1220 1390 1343 1412 merum
1354 1391 1361 1419 3
1383 1380 1489 1423 sicque
1511 1379 1685 1413 successive
1704 1390 1802 1423 usque
1819 1379 1857 1412 ad
1873 1379 1961 1412 sexti-

1221 1432 1333 1465 decimi
1366 1433 1568 1473 electionem„
1593 1432 1735 1467 videlicet
1763 1432 1898 1466 duorum
1924 1443 1960 1465 ex

1221 1488 1408 1530 unaquaque
1432 1487 1540 1529 lingua
1565 1487 1648 1520 iuxta
1672 1496 1783 1520 eorum
1807 1486 1960 1530 praeemi—

1219 1540 1341 1573 nentias
1366 1545 1396 1573 et
1419 1539 1654 1584 praerogativas
1678 1540 1828 1573 hactenus
1852 1540 1959 1573 obser-

1221 1599 1305 1626 vatas
1320 1620 1327 1633 ‚
1352 1593 1467 1637 quibus
1499 1593 1728 1637 praeiudicium
1757 1593 1872 1626 inferre
1895 1602 1957 1627 non

1220 1652 1376 1688 censetur,
1401 1647 1592 1680 deveniatur.

1265 1699 1457 1733 Occurrente
1480 1705 1584 1733 autem
1608 1699 1640 1732 in
1664 1699 1810 1733 omnibus
1833 1700 1958 1733 electio-
1990 1709 2158 1739 ,Depraerei-„u-

1974 1736 2006 1757 ἀιῑ
2029 1737 2049 1757 in
2067 1736 2157 1762 paritatis

1220 1753 1312 1786 nibus
1344 1754 1512 1797 praedictis
1545 1753 1769 1796 suffragiorum
1805 1753 2127 1797 pa1=itate,su11rasiorun=

1203 1833 1205 1845 ,
1221 1806 1288 1840 aliis
1306 1808 1500 1850 praeferatur
1515 1808 1693 1850 electusque
1712 1807 1749 1839 sit
1767 1810 1796 1841 et
1812 1816 1880 1840 esse
1893 1816 1961 1840 cen-

1221 1865 1325 1893 seatur
1350 1860 1450 1903 magis
1476 1860 1629 1902 antianus‚
1651 1865 1690 1900 et,
1715 1860 1747 1893 in
1771 1860 1960 1893 antianitatis

1221 1915 1406 1958 aequalitate
1436 1916 1462 1948 is
1492 1915 1545 1958 qui
1569 1914 1798 1948 diuturniorem
1828 1914 1861 1947 in
1885 1924 1959 1948 con-

1222 1973 1314 2001 ventu
1340 1967 1541 2001 residentiam
1567 1967 1683 2008 fecerit,
1702 1978 1757 2000 seu
1781 1967 1813 2000 in
1833 1967 1960 2001 servitio

1221 2020 1294 2054 dicti
1334 2021 1499 2066 hospitalis
1530 2021 1631 2064 magis
1662 2026 1833 2065 occupatus
1868 2021 1961 2054 fuerit

1222 2075 1365 2119 (propter
1382 2075 1466 2119 quod
1484 2074 1646 2108 servitium
1669 2085 1727 2118 pro
1752 2074 1909 2108 residente
1928 2074 1960 2108 in

1221 2131 1375 2161 conventu
1406 2127 1557 2160 habeatur
1590 2127 1628 2160 ad
1662 2127 1857 2171 praedictum
1888 2127 1959 2162 effe-

1221 2182 1332 2224 ctum),
1357 2186 1396 2222 et,
1422 2181 1453 2213 in
1480 2180 1666 2214 residentiae
1689 2181 1831 2225 paritate,
1855 2181 1881 2215 is
1905 2182 1957 2225 qui

1221 2235 1327 2278 plures
1352 2244 1541 2267 caravannas
1565 2234 1682 2268 fecerit.

1265 2287 1426 2331 Completa
1447 2287 1583 2321 tamdem
1604 2287 1760 2321 sexdecim
1785 2288 1958 2332 praedicto·
2005 2296 2156 2338 {⁰.⁸¹²0¹,i}³⁰.0

1221 2352 1291 2375 rum
1318 2342 1488 2384 electione,
1514 2342 1573 2386 ipsi
1597 2342 1755 2375 sexdecim
1780 2342 1824 2375 sic
1848 2342 1956 2382 electi,
1973 2325 2154 2350 m‘mmgbm'

1221 2395 1315 2436 odio,
1339 2405 1445 2429 amore
1472 2401 1502 2428 et
1525 2395 1593 2428 aliis
1621 2395 1870 2439 quibuscumque
1894 2395 1955 2428 hu-

1221 2448 1320 2481 manis
1356 2448 1518 2482 affectibus
1553 2448 1760 2493 posthabitis,
1796 2449 1958 2492 solumque

1222 2502 1329 2542 Deum,
1355 2502 1500 2546 illiusque
1524 2502 1686 2545 religionis
1713 2502 1807 2535 decus
1830 2512 1866 2535 ac
1889 2512 1959 2545 pro-

1222 2556 1417 2599 pagationem
1435 2565 1509 2599 prae
1525 2555 1623 2588 oculis
1643 2555 1802 2595 habentes,
1819 2555 1959 2598 praevia-

1222 2619 1281 2652 que
1306 2609 1398 2642 etiam
1431 2609 1597 2641 iuramenti
1622 2607 1791 2652 supradicti
1815 2612 1956 2651 praesta-
