2248 3229
201 252 251 280 An.
268 252 296 280 C.
319 251 387 281 1636
433 243 496 277 530

401 311 451 334 cas
476 300 523 333 vel
544 300 620 331 alios
644 297 784 330 infideles
810 297 873 329 sire.
897 296 1068 335 hereticos,
1090 306 1138 328 eo-

400 363 509 385 rumve
539 351 715 394 principes,
749 349 863 389 duces,
888 349 934 381 vel
961 348 1138 392 capitaneos

402 405 552 438 certiores
577 403 728 442 fecerint,

433 467 496 489 ‘r11.
523 454 795 494 interficientibus,
820 453 1046 494 mutilantibus,
1073 453 1139 486 rul-

401 508 592 548 nerantibus,
617 507 893 548 incarcerantibus,
920 507 967 539 rel
984 506 1140 540 hostiliter

402 561 647 605 insequentibus,
672 571 706 593 ac
731 560 937 594 retinentibus
962 560 1085 600 invitos,
1105 570 1140 591 ae

401 616 476 648 alias
500 614 730 647 offendentibus
749 614 778 647 S.
797 615 830 646 R.
849 614 882 646 E.
900 612 1074 646 cardinales
1090 623 1142 656 pa-

401 668 565 708 triarchas,
579 667 845 711 archiepiscopos,
860 667 1027 710 episeopos
1044 671 1074 698 et
1093 665 1142 698 Se-

402 721 449 753 dis
473 721 669 764 Apostolicae
693 721 812 763 legatos
837 720 885 752 vel
910 719 1042 752 nuncios
1057 746 1065 759 ,
1089 723 1142 751 aut

403 774 529 807 eosdem
554 774 767 807 reiicientibus
799 784 816 805 a
846 773 910 805 suis
934 771 1142 811 dioecesibus,

402 827 504 869 terris,
518 826 676 867 dominiis,
689 832 741 859 aut
755 826 932 867 territoriis⁷
949 836 1046 869 eaque
1060 835 1144 857 man-

403 880 549 913 dantibus
573 890 629 912 seu
652 884 720 912 rata
742 879 950 918 habentibus,
974 879 1022 912 vel
1051 888 1143 922 prae-

403 933 555 966 stantibus
580 933 741 975 auxilium,
767 932 932 965 consilium
950 936 980 964 et
995 932 1143 971 savorem,

447 997 514 1019 vni.
542 986 800 1030 Conspirantibus
831 986 863 1018 in
895 995 1065 1029 personam
1096 985 1143 1017 rel

405 1041 524 1073 Statum
544 1039 665 1073 Summi
689 1039 859 1081 Pontificis,
874 1049 929 1071 seu
954 1038 985 1070 in
1005 1043 1143 1071 sanctam

405 1092 615 1136 Apostolicam
640 1092 773 1131 Sedem;

448 1156 490 1178 1x.
513 1146 563 1186 lis,
580 1145 633 1189 qui
651 1149 777 1178 nostrae
798 1143 1029 1178 constitutioni¹
1047 1143 1146 1186 inqui-

405 1199 503 1232 rendo
536 1199 574 1232 de
604 1204 685 1231 statu
716 1198 911 1242 reipublicae
936 1197 1145 1238 christianae,

405 1254 453 1286 rel
484 1253 571 1286 Sedis
604 1252 822 1296 Apostolieae,
854 1253 901 1284 vel
934 1252 971 1284 de
1002 1251 1063 1285 vita
1095 1255 1145 1285 aut

405 1312 507 1339 morte
531 1305 651 1338 Summi
676 1305 847 1345 pontilicis,
873 1306 1001 1348 eiusque
1019 1314 1147 1337 consan—

406 1360 595 1402 guineorum
620 1369 720 1402 usquc
745 1359 783 1391 ad
809 1358 936 1391 tertium
954 1357 1087 1400 gradum
1106 1358 1147 1390 in-

407 1413 534 1453 clusive,
559 1411 830 1451 contravenerinu

450 1477 478 1499 x.
504 1466 733 1506 Cardinalibus,
759 1465 900 1508 aliisque,
926 1465 996 1508 qui,
1014 1464 1093 1498 Sede
1113 1465 1148 1497 A·

407 1519 558 1563 postolica
584 1524 723 1557 vacante,
753 1519 784 1551 in
810 1528 957 1551 censuras
982 1523 1012 1550 et
1031 1527 1148 1561 poenas

408 1578 568 1606 contentas
589 1573 620 1605 in
637 1572 910 1606 constitutionibus
928 1571 1027 1604 felicis
1046 1582 1148 1604 recor-

409 1625 542 1658 dationis
566 1625 711 1667 Gregorii
728 1625 778 1657 XV
800 1630 829 1657 et
847 1626 956 1657 nostra
977 1634 1073 1668 super
1092 1625 1149 1657 Ro-

409 1679 494 1711 mani
518 1678 677 1713 Pontiiicis
700 1678 852 1711 electione
870 1677 1020 1710 emanatis
1037 1677 1149 1710 incide-

411 1732 488 1773 rint,

454 1796 494 1819 xi.
520 1785 751 1828 Cardinalibus,
777 1785 904 1824 aliisve,
929 1785 982 1828 qui
997 1812 1004 1826 ,
1029 1784 1150 1817 vivente

412 1841 551 1872 itomano
575 1839 740 1879 Pontifice,
766 1838 804 1870 de
827 1838 975 1881 quopiam
1006 1837 1150 1878 eligendo

413 1893 459 1924 rel
484 1891 678 1925 excludendo
702 1890 976 1931 tractaverint,aut
1003 1890 1151 1933 sutfragia

413 1944 556 1984 inierint3

457 2008 510 2030 xii.
536 1998 585 2039 lis,
610 1997 663 2041 qui
687 1997 889 2041 presbyteros
919 1995 1043 2040 publice
1069 1996 1151 2029 occi-

417 2050 535 2090 ὀργίοις

458 2114 521 2137 xm.
555 2103 712 2147 Apostatis
737 2103 775 2135 ab
800 2102 969 2136 Ordinibus
995 2112 1049 2135 seu
1080 2102 1150 2135 reli-

415 2158 561 2201 gionibus
586 2156 780 2200 approbatis,
805 2156 955 2200 quamdiu
980 2161 1068 2188 extra
1096 2156 1152 2188 Or-

415 2212 519 2244 dinem
540 2210 780 2254 permanserint,
798 2210 858 2243 nisi
876 2215 945 2254 post
963 2210 1098 2243 reditum
1116 2210 1153 2242 ad

416 2266 612 2308 religionem,
634 2265 681 2296 rel
706 2263 814 2296 saltem
833 2269 901 2307 post
921 2268 1154 2307 reassumptum

416 2319 558 2351 habitum
582 2317 772 2359 regularem,
793 2327 865 2349 cum
884 2317 976 2350 firmo
993 2317 1155 2360 proposito

417 2377 446 2404 et
464 2371 552 2404 brevi
569 2370 703 2404 termino
721 2370 777 2402 ad²
794 2370 1058 2414 praesentandum
1076 2370 1156 2402 intra

418 2427 552 2458 claustra
585 2425 648 2458 suis
680 2424 897 2468 superioribus
922 2428 974 2458 aut
998 2424 1156 2467 religioni,

419 2479 489 2512 aut³
505 2479 564 2511 nisi
582 2478 805 2511 ultramontani
823 2478 892 2518 sint,
907 2478 954 2510 rel
973 2477 1047 2511 alias
1065 2478 1156 2520 longe

456 2561 465 2585 1
484 2558 596 2585 Videtur
610 2558 704 2585 deesse
720 2558 753 2585 cle
769 2565 826 2584 ozon
845 2564 881 2592 tn.
896 2558 943 2592 T.)-

455 2603 472 2630 2
486 2603 599 2630 Videtur
615 2603 709 2630 deesse
723 2611 751 2630 se
767 2606 806 2635 (n.
824 2603 871 2637 T.].

456 2646 473 2674 3
487 2646 585 2675 Partim
602 2650 653 2676 aut
668 2651 775 2682 praeter
789 2655 846 2675 rem
862 2654 920 2674 esse
937 2647 1043 2674 ridetur
1058 2648 1094 2681 (η’.
1107 2646 1156 2681 r).

975 247 1153 272 nrtmmt‘n
1178 247 1333 271 ROMANL‘M

1171 295 1295 335 distent,
1312 300 1340 328 et
1357 300 1488 339 propter
1512 296 1650 338 inopiam
1666 296 1809 330 habitum
1828 305 1910 329 reas-

1172 358 1296 381 sumere
1330 351 1502 391 nequeant,
1535 347 1650 391 quibus
1680 349 1833 391 assignari
1856 359 1917 392 pos

1173 401 1245 433 terit
1269 411 1445 444 congruum
1465 406 1590 445 tempus
1605 401 1644 433 ad
1668 401 1700 433 id
1724 401 1911 442 faciendum,

1173 464 1235 497 quo
1260 454 1377 497 elapso,
1402 454 1510 494 sciant,
1536 464 1569 487 se
1592 454 1713 487 ratione
1737 464 1845 487 morae
1864 466 1913 488 re-

1173 507 1317 550 lapsuros
1348 507 1379 540 in
1413 507 1556 540 eamdem
1580 507 1913 540 excommunicationis

1174 559 1358 593 sententiam
1385 565 1414 592 et
1439 570 1598 601 censuras,
1623 560 1738 603 quibus
1755 565 1843 592 erant
1862 571 1914 592 an-

1176 618 1222 645 tea
1247 613 1396 654 innodati,
1420 614 1458 646 de
1482 624 1545 657 quo
1570 613 1664 646 etiam
1684 613 1914 657 poenitentiarii

1175 667 1308 700 debeant
1331 667 1418 710 ipsos
1441 667 1636 710 poenitentes
1661 677 1808 707 monere;

1219 729 1280 752 ΧΠ.
1304 719 1515 762 Regularibus
1539 719 1619 752 intra
1644 720 1779 752 claustra
1802 719 1915 752 mulie-

1176 782 1226 805 res
1249 772 1522 805 introducentibus
1546 772 1585 804 ad
1608 783 1683 804 usus
1714 772 1914 811 inhonestos3

1220 834 1272 857 xv.
1298 824 1507 867 Regularibus
1538 825 1587 857 vel
1619 825 1838 865 secularibus,
1863 825 1916 868 qui

1177 888 1307 910 munera
1336 888 1354 910 a
1385 878 1585 920 regularibus
1615 877 1816 921 acceperint,
1847 882 1918 910 ante

1178 932 1290 965 factam
1311 941 1369 975 per
1382 941 1435 964 eos
1452 931 1695 972 restitutionem,
1709 931 1735 963 si
1752 930 1835 964 dicta
1851 941 1919 964 mu-

1178 995 1255 1018 nera
1267 985 1407 1018 'valorem
1417 984 1526 1017 decem
1540 988 1701 1017 scutorum
1718 983 1916 1026 excesserint,

1179 1038 1316 1082 exceptis
1347 1044 1453 1070 tamen
1484 1037 1580 1070 rebus
1615 1036 1856 1069 medicinalibus
1890 1040 1921 1070 et

1179 1091 1363 1133 devotionis,
1388 1101 1423 1124 ac
1448 1090 1526 1131 aliis,
1552 1090 1636 1122 iuxta
1661 1082 1917 1123 constitutionem

1179 1144 1345 1177 Clementis
1370 1144 1451 1185 Ylll,
1477 1143 1531 1176 sed
1555 1143 1616 1176 hoc
1640 1143 1765 1176 nonnisi
1789 1142 1870 1176 sacta
1888 1152 1921 1175 e-

1180 1199 1358 1242 leemosyna
1382 1198 1513 1230 arbitrio
1538 1196 1734 1236 confessarii3

1223 1262 1286 1285 xvi.
1311 1251 1368 1294 lis,
1393 1262 1529 1295 quorum
1553 1251 1765 1284 absolutiones
1788 1249 1832 1282 ita
1855 1250 1918 1282 im-

1181 1305 1315 1338 mediate
1332 1308 1510 1338 reservatae
1527 1309 1599 1337 sunt
1618 1303 1748 1336 Summo
1768 1303 1920 1345 Pontifici,

1181 1364 1213 1391 ut
1238 1368 1295 1391 nec
1329 1358 1430 1391 maior
1454 1357 1715 1402 poenitentiarius
1745 1355 1845 1400 possit
1869 1355 1923 1388 ab·

1182 1412 1303 1445 solvere
1327 1412 1413 1444 iuxta
1430 1416 1535 1444 tamen
1552 1416 1695 1444 tenorem
1711 1410 1889 1444 litterarum
1906 1419 1923 1442 a

1181 1465 1271 1498 nobis
1297 1465 1524 1508 expeditarum,
1545 1469 1613 1509 etc,

1226 1529 1302 1551 xvn.
1340 1518 1491 1551 Omnibus
1521 1518 1559 1550 ab
1588 1517 1715 1550 homine
1739 1516 1924 1550 nominatim

1183 1571 1472 1611 excommunicatis,
1496 1570 1670 1604 interdictis
1688 1571 1737 1603 vel
1755 1570 1924 1613 suspensis,

1183 1631 1235 1658 aut
1251 1636 1310 1669 pro
1329 1625 1441 1658 talibus
1457 1625 1621 1658 declaratis
1638 1624 1701 1657 sive
1718 1624 1922 1656 denunciatis,

1228 1679 1242 1721 ξ
1267 1679 1296 1711 5.
1322 1677 1471 1711 Similiter
1488 1677 1587 1721 possit
1604 1677 1704 1710 maior
1721 1677 1925 1721 poenitentia-

1184 1731 1249 1764 rius
1272 1731 1334 1763 illis
1360 1730 1543 1772 concedere,
1560 1735 1605 1771 ut,
1625 1740 1682 1774 per
1706 1740 1739 1762 se
1760 1730 1845 1774 ipsos
1862 1735 1926 1762 tan-

1185 1790 1250 1817 tum
1264 1789 1295 1817 ut
1310 1784 1497 1828 praefertur,
1506 1783 1611 1817 omnia
1624 1788 1695 1816 vota
1706 1783 1926 1826 dispensando,

1185 1837 1279 1870 ctiam
1304 1841 1500 1870 commutare
1525 1837 1646 1880 possint
1669 1836 1701 1868 in
1725 1836 1785 1868 alia
1803 1836 1928 1880 pietatis

1186 1901 1297 1934 opera,
1323 1891 1482 1932 castitatis,
1508 1890 1682 1933 religionis,
1707 1889 1839 1923 subsidii
1857 1890 1929 1922 Ter-

1186 1954 1239 1977 rae
1264 1945 1395 1977 Sanctae
1420 1949 1449 1976 et
1473 1943 1502 1976 S.
1528 1943 1632 1977 Iacobi
1664 1943 1696 1976 in
1720 1943 1928 1987 Compostclla

1187 1997 1347 2029 dumtaxat
1373 1997 1519 2040 exceptis.

1232 2051 1247 2093 g
1272 2050 1301 2083 t‘j.
1326 2050 1555 2090 Deeernentes,
1580 2055 1762 2093 praesentes
1785 2050 1927 2093 litteras,

1189 2103 1357 2146 omniaque
1381 2103 1413 2135 in
1438 2103 1498 2135 illis
1523 2108 1686 2143 contenta,
1711 2103 1805 2136 etiam
1830 2114 1867 2136 ex
1892 2114 1929 2138 eo

1189 2156 1273 2200 quod
1289 2155 1445 2198 generalis
1459 2155 1658 2199 praepositus
1672 2156 1833 2189 Societatis
1851 2157 1929 2198 Iesu,

1189 2214 1294 2242 rector
1317 2214 1347 2241 et
1370 2208 1602 2252 poenitentiarii
1633 2209 1785 2252 praefati,
1816 2210 1930 2254 aliique

1190 2262 1382 2306 quicumque
1416 2262 1447 2294 in
1476 2261 1658 2304 praemissis
1693 2263 1931 2306 quomodolibet

1191 2317 1342 2349 interesse
1367 2316 1536 2356 habentes,
1562 2327 1617 2349 seu
1647 2316 1763 2349 habere
1787 2323 1930 2360 praeten-

1191 2371 1308 2411 dentes,
1334 2370 1523 2414 praedictis¹
1548 2380 1611 2403 non
1636 2371 1861 2413 consenserint,
1879 2376 1932 2404 aut

1192 2424 1291 2458 vocati
1308 2425 1356 2457 rel
1377 2424 1473 2457 auditi
1489 2434 1553 2457 non
1572 2425 1698 2467 fuerint,
1711 2425 1843 2469 ‘aliaque
1859 2435 1932 2468 qua-

1191 2478 1236 2511 ris
1261 2479 1298 2511 dc
1323 2480 1416 2511 caus-„t
1441 2479 1642 2522 quantumvis
1665 2479 1804 2522 legitima
1828 2482 1858 2511 et
1882 2478 1930 2511 iu-

1192 2531 1311 2573 ridica,
1336 2532 1373 2565 de
1399 2532 1630 2576 subreptionis,
1656 2533 1702 2564 vel
1734 2531 1930 2575 obreptionis

1230 2649 1238 2672 l
1259 2646 1324 2674 Male
1341 2646 1406 2674 edit.
1421 2646 1499 2674 Main.
1517 2645 1739 2681 legitpraezlictz·
1755 2646 1790 2681 [a.
1803 2646 1850 2679 T.).

1924 245 1972 274 An.
1990 245 2018 273 C.
2039 244 2107 273 1636

1979 1685 2045 1711 Aliae*
2058 1689 2123 1710 facui-

1941 1720 1994 1738 tates
2009 1723 2124 1737 commum-

1941 1744 2029 1765 candae.

1970 2061 2088 2082 Clausulae.
