<?xml version="1.0" encoding="UTF-8"?>
<!DOCTYPE html PUBLIC "-//W3C//DTD XHTML 1.0 Transitional//EN"
    "http://www.w3.org/TR/xhtml1/DTD/xhtml1-transitional.dtd">
<html xmlns="http://www.w3.org/1999/xhtml" xml:lang="en" lang="en">
 <head>
  <title>
</title>
<meta http-equiv="Content-Type" content="text/html;charset=utf-8" />
  <meta name='ocr-system' content='tesseract 3.04.00' />
  <meta name='ocr-capabilities' content='ocr_page ocr_carea ocr_par ocr_line ocrx_word'/>
</head>
<body>
  <div class='ocr_page' id='page_1' title='image "./bullarumdiplomat14cath_0631.png"; bbox 0 0 2248 3229; ppageno 0'>
   <div class='ocr_carea' id='block_1_1' title="bbox 128 222 312 252">
    <p class='ocr_par' dir='ltr' id='par_1_1' title="bbox 128 222 312 252">
     <span class='ocr_line' id='line_1_1' title="bbox 128 222 312 252; baseline 0.005 -1"><span class='ocrx_word' id='word_1_1' title='bbox 128 222 179 252; x_wconf 78' lang='lat' dir='ltr'>An.</span> <span class='ocrx_word' id='word_1_2' title='bbox 198 222 227 251; x_wconf 92' lang='lat' dir='ltr'>C.</span> <span class='ocrx_word' id='word_1_3' title='bbox 243 222 312 252; x_wconf 84' lang='grc'><strong>1636</strong></span> 
     </span>
    </p>
   </div>
   <div class='ocr_carea' id='block_1_2' title="bbox 934 221 1226 248">
    <p class='ocr_par' dir='ltr' id='par_1_2' title="bbox 934 221 1226 248">
     <span class='ocr_line' id='line_1_2' title="bbox 934 221 1226 248; baseline 0 -2"><span class='ocrx_word' id='word_1_4' title='bbox 934 222 1075 248; x_wconf 73' lang='grc' dir='ltr'><strong>[ἯΒΑΝΠΞ</strong></span> <span class='ocrx_word' id='word_1_5' title='bbox 1099 221 1155 247; x_wconf 84' lang='lat' dir='ltr'>VIII</span> <span class='ocrx_word' id='word_1_6' title='bbox 1178 221 1226 247; x_wconf 74' lang='lat'>1¹1¹.</span> 
     </span>
    </p>
   </div>
   <div class='ocr_carea' id='block_1_3' title="bbox 316 267 1065 2454">
    <p class='ocr_par' dir='ltr' id='par_1_3' title="bbox 325 267 1065 422">
     <span class='ocr_line' id='line_1_3' title="bbox 326 267 1064 315; baseline 0.001 -12"><span class='ocrx_word' id='word_1_7' title='bbox 326 267 518 310; x_wconf 85' lang='lat' dir='ltr'>cultatibus,</span> <span class='ocrx_word' id='word_1_8' title='bbox 551 275 646 314; x_wconf 89' lang='lat' dir='ltr'>prout</span> <span class='ocrx_word' id='word_1_9' title='bbox 677 269 801 315; x_wconf 75' lang='lat' dir='ltr'>plenius</span> <span class='ocrx_word' id='word_1_10' title='bbox 832 271 1010 305; x_wconf 85' lang='lat' dir='ltr'>continetur</span> <span class='ocrx_word' id='word_1_11' title='bbox 1034 272 1064 304; x_wconf 91' lang='lat' dir='ltr'>in</span> 
     </span>
     <span class='ocr_line' id='line_1_4' title="bbox 325 323 1065 369; baseline 0.001 -13"><span class='ocrx_word' id='word_1_12' title='bbox 325 323 503 368; x_wconf 90' lang='lat' dir='ltr'>patentibus</span> <span class='ocrx_word' id='word_1_13' title='bbox 527 323 595 357; x_wconf 89' lang='lat' dir='ltr'>cius</span> <span class='ocrx_word' id='word_1_14' title='bbox 621 324 732 357; x_wconf 90' lang='lat' dir='ltr'>litteris</span> <span class='ocrx_word' id='word_1_15' title='bbox 752 325 888 369; x_wconf 82' lang='lat' dir='ltr'>desuper</span> <span class='ocrx_word' id='word_1_16' title='bbox 912 325 1065 369; x_wconf 85' lang='lat' dir='ltr'>expeditis</span> 
     </span>
     <span class='ocr_line' id='line_1_5' title="bbox 327 377 1063 422; baseline 0.001 -12"><span class='ocrx_word' id='word_1_17' title='bbox 327 377 444 410; x_wconf 90' lang='lat' dir='ltr'>tenoris</span> <span class='ocrx_word' id='word_1_18' title='bbox 478 377 596 421; x_wconf 88' lang='lat' dir='ltr'>pariter</span> <span class='ocrx_word' id='word_1_19' title='bbox 629 377 870 422; x_wconf 88' lang='lat' dir='ltr'>subsequentis,</span> <span class='ocrx_word' id='word_1_20' title='bbox 903 378 1063 411; x_wconf 86' lang='lat' dir='ltr'>videlicet:</span> 
     </span>
    </p>

    <p class='ocr_par' dir='ltr' id='par_1_4' title="bbox 322 423 1065 847">
     <span class='ocr_line' id='line_1_6' title="bbox 370 423 1065 475; baseline 0 -12"><span class='ocrx_word' id='word_1_21' title='bbox 370 430 419 463; x_wconf 80' lang='lat' dir='ltr'>Fr.</span> <span class='ocrx_word' id='word_1_22' title='bbox 445 431 577 464; x_wconf 87' lang='lat' dir='ltr'>Ioannes</span> <span class='ocrx_word' id='word_1_23' title='bbox 602 431 737 475; x_wconf 88' lang='lat' dir='ltr'>Baptista</span> <span class='ocrx_word' id='word_1_24' title='bbox 754 442 770 464; x_wconf 89' lang='lat' dir='ltr'>a</span> <span class='ocrx_word' id='word_1_25' title='bbox 795 423 1065 475; x_wconf 44' lang='lat' dir='ltr'>Campaneajstri-</span> 
     </span>
     <span class='ocr_line' id='line_1_7' title="bbox 325 483 1062 524; baseline 0.003 -9"><span class='ocrx_word' id='word_1_26' title='bbox 325 483 433 516; x_wconf 87' lang='lat' dir='ltr'>ctioris</span> <span class='ocrx_word' id='word_1_27' title='bbox 447 483 676 524; x_wconf 70' lang='lat' dir='ltr'>observantiae,</span> <span class='ocrx_word' id='word_1_28' title='bbox 688 484 781 517; x_wconf 87' lang='lat' dir='ltr'>totius</span> <span class='ocrx_word' id='word_1_29' title='bbox 795 484 919 517; x_wconf 76' lang='lat' dir='ltr'>Ordinis</span> <span class='ocrx_word' id='word_1_30' title='bbox 931 485 1062 517; x_wconf 81' lang='lat' dir='ltr'>fratrum</span> 
     </span>
     <span class='ocr_line' id='line_1_8' title="bbox 325 536 1063 579; baseline 0.003 -11"><span class='ocrx_word' id='word_1_31' title='bbox 325 536 480 570; x_wconf 80' lang='lat' dir='ltr'>Minorum</span> <span class='ocrx_word' id='word_1_32' title='bbox 516 537 672 579; x_wconf 77' lang='lat' dir='ltr'>generalis</span> <span class='ocrx_word' id='word_1_33' title='bbox 706 537 848 570; x_wconf 73' lang='lat' dir='ltr'>minister</span> <span class='ocrx_word' id='word_1_34' title='bbox 879 543 909 571; x_wconf 90' lang='lat' dir='ltr'>et</span> <span class='ocrx_word' id='word_1_35' title='bbox 933 548 1063 578; x_wconf 88' lang='lat' dir='ltr'>servus,</span> 
     </span>
     <span class='ocr_line' id='line_1_9' title="bbox 323 589 1064 633; baseline 0.003 -12"><span class='ocrx_word' id='word_1_36' title='bbox 323 589 438 622; x_wconf 88' lang='lat' dir='ltr'>dilecto</span> <span class='ocrx_word' id='word_1_37' title='bbox 463 589 555 622; x_wconf 89' lang='lat' dir='ltr'>nobis</span> <span class='ocrx_word' id='word_1_38' title='bbox 580 589 610 622; x_wconf 92' lang='lat' dir='ltr'>in</span> <span class='ocrx_word' id='word_1_39' title='bbox 642 589 766 623; x_wconf 81' lang='lat' dir='ltr'>Christo</span> <span class='ocrx_word' id='word_1_40' title='bbox 782 591 862 633; x_wconf 89' lang='lat' dir='ltr'>patri</span> <span class='ocrx_word' id='word_1_41' title='bbox 886 591 974 623; x_wconf 80' lang='lat' dir='ltr'>fratri</span> <span class='ocrx_word' id='word_1_42' title='bbox 991 591 1064 624; x_wconf 87' lang='lat' dir='ltr'>Che-</span> 
     </span>
     <span class='ocr_line' id='line_1_10' title="bbox 323 643 1064 686; baseline 0.003 -11"><span class='ocrx_word' id='word_1_43' title='bbox 323 643 439 676; x_wconf 88' lang='lat' dir='ltr'>rubino</span> <span class='ocrx_word' id='word_1_44' title='bbox 459 653 476 675; x_wconf 93' lang='lat' dir='ltr'>a</span> <span class='ocrx_word' id='word_1_45' title='bbox 494 643 703 686; x_wconf 76' lang='lat' dir='ltr'>Marcigniaco</span> <span class='ocrx_word' id='word_1_46' title='bbox 727 643 868 677; x_wconf 89' lang='lat' dir='ltr'>eiusdem</span> <span class='ocrx_word' id='word_1_47' title='bbox 892 643 1016 678; x_wconf 83' lang='lat' dir='ltr'>Ordinis</span> <span class='ocrx_word' id='word_1_48' title='bbox 1033 650 1064 677; x_wconf 89' lang='lat' dir='ltr'>et</span> 
     </span>
     <span class='ocr_line' id='line_1_11' title="bbox 323 695 1062 741; baseline 0.003 -13"><span class='ocrx_word' id='word_1_49' title='bbox 323 695 479 736; x_wconf 89' lang='lat' dir='ltr'>instituti,</span> <span class='ocrx_word' id='word_1_50' title='bbox 510 701 637 729; x_wconf 87' lang='lat' dir='ltr'>nostrae</span> <span class='ocrx_word' id='word_1_51' title='bbox 663 707 737 730; x_wconf 89' lang='lat' dir='ltr'>vero</span> <span class='ocrx_word' id='word_1_52' title='bbox 762 697 941 741; x_wconf 88' lang='lat' dir='ltr'>provinciae</span> <span class='ocrx_word' id='word_1_53' title='bbox 965 697 1062 731; x_wconf 88' lang='lat' dir='ltr'>sancti</span> 
     </span>
     <span class='ocr_line' id='line_1_12' title="bbox 323 749 1063 793; baseline 0.004 -12"><span class='ocrx_word' id='word_1_54' title='bbox 323 749 479 782; x_wconf 83' lang='lat' dir='ltr'>Francisci</span> <span class='ocrx_word' id='word_1_55' title='bbox 504 749 597 793; x_wconf 77' lang='lat' dir='ltr'>patri,</span> <span class='ocrx_word' id='word_1_56' title='bbox 615 750 746 784; x_wconf 88' lang='lat' dir='ltr'>salutem</span> <span class='ocrx_word' id='word_1_57' title='bbox 770 751 802 783; x_wconf 93' lang='lat' dir='ltr'>in</span> <span class='ocrx_word' id='word_1_58' title='bbox 828 751 960 784; x_wconf 91' lang='lat' dir='ltr'>Domino</span> <span class='ocrx_word' id='word_1_59' title='bbox 984 761 1063 784; x_wconf 89' lang='lat' dir='ltr'>sem-</span> 
     </span>
     <span class='ocr_line' id='line_1_13' title="bbox 322 801 489 847; baseline 0.012 -14"><span class='ocrx_word' id='word_1_60' title='bbox 322 801 489 847; x_wconf 88' lang='lat' dir='ltr'>piternam.</span> 
     </span>
    </p>

    <p class='ocr_par' dir='ltr' id='par_1_5' title="bbox 316 856 1063 2454">
     <span class='ocr_line' id='line_1_14' title="bbox 366 856 1063 901; baseline 0.001 -12"><span class='ocrx_word' id='word_1_61' title='bbox 366 856 469 890; x_wconf 84' lang='lat' dir='ltr'>Monet</span> <span class='ocrx_word' id='word_1_62' title='bbox 491 866 549 890; x_wconf 90' lang='lat' dir='ltr'>nos</span> <span class='ocrx_word' id='word_1_63' title='bbox 563 857 664 890; x_wconf 89' lang='lat' dir='ltr'>nostri</span> <span class='ocrx_word' id='word_1_64' title='bbox 683 857 823 890; x_wconf 90' lang='lat' dir='ltr'>muneris</span> <span class='ocrx_word' id='word_1_65' title='bbox 839 858 929 900; x_wconf 88' lang='lat' dir='ltr'>ratio,</span> <span class='ocrx_word' id='word_1_66' title='bbox 944 863 978 890; x_wconf 89' lang='lat' dir='ltr'>ut</span> <span class='ocrx_word' id='word_1_67' title='bbox 994 868 1063 901; x_wconf 74' lang='lat' dir='ltr'>gra-</span> 
     </span>
     <span class='ocr_line' id='line_1_15' title="bbox 322 909 1062 954; baseline 0.004 -13"><span class='ocrx_word' id='word_1_68' title='bbox 322 909 462 944; x_wconf 86' lang='lat' dir='ltr'>vioribus</span> <span class='ocrx_word' id='word_1_69' title='bbox 496 910 649 943; x_wconf 76' lang='lat' dir='ltr'>obeundis</span> <span class='ocrx_word' id='word_1_70' title='bbox 684 910 819 954; x_wconf 86' lang='lat' dir='ltr'>negotiis</span> <span class='ocrx_word' id='word_1_71' title='bbox 848 921 902 944; x_wconf 89' lang='lat' dir='ltr'>eos</span> <span class='ocrx_word' id='word_1_72' title='bbox 938 911 1062 944; x_wconf 79' lang='lat' dir='ltr'>Ordinis</span> 
     </span>
     <span class='ocr_line' id='line_1_16' title="bbox 320 963 1061 1007; baseline 0.001 -11"><span class='ocrx_word' id='word_1_73' title='bbox 320 963 419 996; x_wconf 90' lang='lat' dir='ltr'>nostri</span> <span class='ocrx_word' id='word_1_74' title='bbox 443 963 631 1007; x_wconf 82' lang='lat' dir='ltr'><strong>deputemus</strong></span> <span class='ocrx_word' id='word_1_75' title='bbox 648 968 679 996; x_wconf 89' lang='lat' dir='ltr'>ct</span> <span class='ocrx_word' id='word_1_76' title='bbox 698 963 890 997; x_wconf 79' lang='lat' dir='ltr'>destinemus</span> <span class='ocrx_word' id='word_1_77' title='bbox 907 964 1061 1005; x_wconf 85' lang='lat' dir='ltr'>alumnos,</span> 
     </span>
     <span class='ocr_line' id='line_1_17' title="bbox 321 1017 1061 1062; baseline 0.001 -12"><span class='ocrx_word' id='word_1_78' title='bbox 321 1028 401 1061; x_wconf 86' lang='lat' dir='ltr'>quos</span> <span class='ocrx_word' id='word_1_79' title='bbox 418 1017 479 1050; x_wconf 76' lang='lat' dir='ltr'>vita</span> <span class='ocrx_word' id='word_1_80' title='bbox 505 1017 831 1058; x_wconf 77' lang='lat' dir='ltr'>commendabiliores,</span> <span class='ocrx_word' id='word_1_81' title='bbox 849 1018 956 1062; x_wconf 89' lang='lat' dir='ltr'>pietati</span> <span class='ocrx_word' id='word_1_82' title='bbox 974 1018 1061 1051; x_wconf 92' lang='lat' dir='ltr'>addi-</span> 
     </span>
     <span class='ocr_line' id='line_1_18' title="bbox 320 1071 1062 1117; baseline 0.003 -13"><span class='ocrx_word' id='word_1_83' title='bbox 320 1071 446 1114; x_wconf 89' lang='lat' dir='ltr'>ctiores,</span> <span class='ocrx_word' id='word_1_84' title='bbox 472 1077 501 1105; x_wconf 90' lang='lat' dir='ltr'>et</span> <span class='ocrx_word' id='word_1_85' title='bbox 526 1071 662 1105; x_wconf 74' lang='lat' dir='ltr'>intentae</span> <span class='ocrx_word' id='word_1_86' title='bbox 686 1072 904 1106; x_wconf 78' lang='lat' dir='ltr'>reformationi</span> <span class='ocrx_word' id='word_1_87' title='bbox 929 1083 1062 1117; x_wconf 90' lang='lat' dir='ltr'>propen-</span> 
     </span>
     <span class='ocr_line' id='line_1_19' title="bbox 319 1125 1060 1169; baseline 0.003 -11"><span class='ocrx_word' id='word_1_88' title='bbox 319 1125 419 1159; x_wconf 88' lang='lat' dir='ltr'>siores</span> <span class='ocrx_word' id='word_1_89' title='bbox 442 1135 510 1158; x_wconf 88' lang='lat' dir='ltr'>esse</span> <span class='ocrx_word' id='word_1_90' title='bbox 539 1125 730 1159; x_wconf 80' lang='lat' dir='ltr'>noverimus.</span> <span class='ocrx_word' id='word_1_91' title='bbox 755 1126 831 1159; x_wconf 91' lang='lat' dir='ltr'>Cum</span> <span class='ocrx_word' id='word_1_92' title='bbox 856 1126 953 1169; x_wconf 81' lang='lat' dir='ltr'>igitur</span> <span class='ocrx_word' id='word_1_93' title='bbox 981 1132 1060 1160; x_wconf 90' lang='lat' dir='ltr'>tem-</span> 
     </span>
     <span class='ocr_line' id='line_1_20' title="bbox 319 1178 1060 1224; baseline 0.003 -12"><span class='ocrx_word' id='word_1_94' title='bbox 319 1190 379 1223; x_wconf 90' lang='lat' dir='ltr'>pus</span> <span class='ocrx_word' id='word_1_95' title='bbox 409 1178 592 1219; x_wconf 76' lang='lat' dir='ltr'>advenerit,</span> <span class='ocrx_word' id='word_1_96' title='bbox 624 1190 687 1223; x_wconf 91' lang='lat' dir='ltr'>quo</span> <span class='ocrx_word' id='word_1_97' title='bbox 722 1179 903 1224; x_wconf 85' lang='lat' dir='ltr'>provinciae</span> <span class='ocrx_word' id='word_1_98' title='bbox 935 1186 1060 1214; x_wconf 91' lang='lat' dir='ltr'>nostrae</span> 
     </span>
     <span class='ocr_line' id='line_1_21' title="bbox 319 1232 1061 1277; baseline 0.001 -11"><span class='ocrx_word' id='word_1_99' title='bbox 319 1232 474 1267; x_wconf 90' lang='lat' dir='ltr'>Turoniae</span> <span class='ocrx_word' id='word_1_100' title='bbox 505 1233 678 1277; x_wconf 88' lang='lat' dir='ltr'>capitulum</span> <span class='ocrx_word' id='word_1_101' title='bbox 703 1233 926 1267; x_wconf 84' lang='lat' dir='ltr'>celebrandum</span> <span class='ocrx_word' id='word_1_102' title='bbox 952 1245 1061 1268; x_wconf 90' lang='lat' dir='ltr'>occur-</span> 
     </span>
     <span class='ocr_line' id='line_1_22' title="bbox 319 1286 1060 1332; baseline 0.003 -13"><span class='ocrx_word' id='word_1_103' title='bbox 319 1286 370 1326; x_wconf 88' lang='lat' dir='ltr'>rit,</span> <span class='ocrx_word' id='word_1_104' title='bbox 386 1296 426 1319; x_wconf 92' lang='lat' dir='ltr'>ne</span> <span class='ocrx_word' id='word_1_105' title='bbox 446 1286 477 1319; x_wconf 92' lang='lat' dir='ltr'>id</span> <span class='ocrx_word' id='word_1_106' title='bbox 497 1286 615 1330; x_wconf 82' lang='lat' dir='ltr'>absque</span> <span class='ocrx_word' id='word_1_107' title='bbox 632 1286 760 1330; x_wconf 77' lang='lat' dir='ltr'>praevia</span> <span class='ocrx_word' id='word_1_108' title='bbox 776 1287 952 1320; x_wconf 87' lang='lat' dir='ltr'>visitatione</span> <span class='ocrx_word' id='word_1_109' title='bbox 973 1298 1060 1332; x_wconf 86' lang='lat' dir='ltr'>prae-</span> 
     </span>
     <span class='ocr_line' id='line_1_23' title="bbox 319 1340 1060 1386; baseline 0.003 -14"><span class='ocrx_word' id='word_1_110' title='bbox 319 1345 428 1381; x_wconf 84' lang='lat' dir='ltr'>stetur,</span> <span class='ocrx_word' id='word_1_111' title='bbox 455 1340 539 1373; x_wconf 79' lang='lat' dir='ltr'>iuxta</span> <span class='ocrx_word' id='word_1_112' title='bbox 564 1340 752 1373; x_wconf 81' lang='lat' dir='ltr'>laudabilem</span> <span class='ocrx_word' id='word_1_113' title='bbox 778 1346 807 1373; x_wconf 92' lang='lat' dir='ltr'>et</span> <span class='ocrx_word' id='word_1_114' title='bbox 831 1341 989 1385; x_wconf 86' lang='lat' dir='ltr'>antiquam</span> <span class='ocrx_word' id='word_1_115' title='bbox 1010 1352 1060 1386; x_wconf 89' lang='lat' dir='ltr'>pa-</span> 
     </span>
     <span class='ocr_line' id='line_1_24' title="bbox 320 1393 1059 1435; baseline 0.001 -8"><span class='ocrx_word' id='word_1_116' title='bbox 320 1397 403 1427; x_wconf 87' lang='lat' dir='ltr'>trum</span> <span class='ocrx_word' id='word_1_117' title='bbox 427 1398 609 1426; x_wconf 87' lang='lat' dir='ltr'>nostrorum</span> <span class='ocrx_word' id='word_1_118' title='bbox 637 1393 906 1435; x_wconf 81' lang='lat' dir='ltr'>consuetudinem,</span> <span class='ocrx_word' id='word_1_119' title='bbox 939 1406 1059 1428; x_wconf 87' lang='lat' dir='ltr'>memo-</span> 
     </span>
     <span class='ocr_line' id='line_1_25' title="bbox 320 1446 1060 1491; baseline 0.003 -12"><span class='ocrx_word' id='word_1_120' title='bbox 320 1452 405 1479; x_wconf 86' lang='lat' dir='ltr'>ratae</span> <span class='ocrx_word' id='word_1_121' title='bbox 425 1446 607 1491; x_wconf 88' lang='lat' dir='ltr'>provinciae</span> <span class='ocrx_word' id='word_1_122' title='bbox 624 1452 751 1481; x_wconf 90' lang='lat' dir='ltr'>nostrae</span> <span class='ocrx_word' id='word_1_123' title='bbox 769 1447 936 1480; x_wconf 82' lang='lat' dir='ltr'>visitationi</span> <span class='ocrx_word' id='word_1_124' title='bbox 954 1449 1060 1481; x_wconf 88' lang='lat' dir='ltr'>incun-</span> 
     </span>
     <span class='ocr_line' id='line_1_26' title="bbox 318 1499 1059 1545; baseline 0.003 -13"><span class='ocrx_word' id='word_1_125' title='bbox 318 1500 375 1533; x_wconf 87' lang='lat' dir='ltr'>dae</span> <span class='ocrx_word' id='word_1_126' title='bbox 393 1506 423 1533; x_wconf 88' lang='lat' dir='ltr'>et</span> <span class='ocrx_word' id='word_1_127' title='bbox 447 1499 654 1533; x_wconf 84' lang='lat' dir='ltr'>absolvendae</span> <span class='ocrx_word' id='word_1_128' title='bbox 679 1500 859 1541; x_wconf 89' lang='lat' dir='ltr'>discretum,</span> <span class='ocrx_word' id='word_1_129' title='bbox 877 1501 1013 1545; x_wconf 89' lang='lat' dir='ltr'>probum</span> <span class='ocrx_word' id='word_1_130' title='bbox 1030 1507 1059 1534; x_wconf 91' lang='lat' dir='ltr'>et</span> 
     </span>
     <span class='ocr_line' id='line_1_27' title="bbox 319 1553 1057 1598; baseline 0.004 -13"><span class='ocrx_word' id='word_1_131' title='bbox 319 1553 506 1598; x_wconf 84' lang='lat' dir='ltr'>prudentem</span> <span class='ocrx_word' id='word_1_132' title='bbox 530 1553 745 1598; x_wconf 88' lang='lat' dir='ltr'>deputandum</span> <span class='ocrx_word' id='word_1_133' title='bbox 775 1554 921 1587; x_wconf 84' lang='lat' dir='ltr'>duximus</span> <span class='ocrx_word' id='word_1_134' title='bbox 945 1555 1057 1588; x_wconf 89' lang='lat' dir='ltr'>virum.</span> 
     </span>
     <span class='ocr_line' id='line_1_28' title="bbox 319 1607 1059 1652; baseline 0.003 -12"><span class='ocrx_word' id='word_1_135' title='bbox 319 1607 405 1641; x_wconf 82' lang='lat' dir='ltr'>L&#39;nde</span> <span class='ocrx_word' id='word_1_136' title='bbox 422 1607 460 1640; x_wconf 92' lang='lat' dir='ltr'>de</span> <span class='ocrx_word' id='word_1_137' title='bbox 477 1612 549 1640; x_wconf 89' lang='lat' dir='ltr'>tuae</span> <span class='ocrx_word' id='word_1_138' title='bbox 567 1607 646 1640; x_wconf 86' lang='lat' dir='ltr'>vitae</span> <span class='ocrx_word' id='word_1_139' title='bbox 661 1607 828 1651; x_wconf 85' lang='lat' dir='ltr'>probitate,</span> <span class='ocrx_word' id='word_1_140' title='bbox 846 1619 970 1642; x_wconf 92' lang='lat' dir='ltr'>morum</span> <span class='ocrx_word' id='word_1_141' title='bbox 992 1620 1059 1652; x_wconf 79' lang='lat' dir='ltr'>gra-</span> 
     </span>
     <span class='ocr_line' id='line_1_29' title="bbox 318 1661 1059 1706; baseline 0.001 -12"><span class='ocrx_word' id='word_1_142' title='bbox 318 1661 420 1701; x_wconf 90' lang='lat' dir='ltr'>vitate,</span> <span class='ocrx_word' id='word_1_143' title='bbox 440 1661 602 1695; x_wconf 88' lang='lat' dir='ltr'>doctrinae</span> <span class='ocrx_word' id='word_1_144' title='bbox 618 1661 797 1703; x_wconf 85' lang='lat' dir='ltr'>idoneitate,</span> <span class='ocrx_word' id='word_1_145' title='bbox 817 1662 995 1706; x_wconf 73' lang='lat' dir='ltr'>prudentia,</span> <span class='ocrx_word' id='word_1_146' title='bbox 1014 1674 1059 1696; x_wconf 89' lang='lat' dir='ltr'>re-</span> 
     </span>
     <span class='ocr_line' id='line_1_30' title="bbox 318 1715 1059 1761; baseline 0.003 -12"><span class='ocrx_word' id='word_1_147' title='bbox 318 1715 436 1759; x_wconf 81' lang='lat' dir='ltr'>gularis</span> <span class='ocrx_word' id='word_1_148' title='bbox 453 1716 671 1749; x_wconf 80' lang='lat' dir='ltr'>observantiae</span> <span class='ocrx_word' id='word_1_149' title='bbox 688 1716 765 1757; x_wconf 89' lang='lat' dir='ltr'>zelo,</span> <span class='ocrx_word' id='word_1_150' title='bbox 778 1726 950 1760; x_wconf 85' lang='lat' dir='ltr'>rerumque</span> <span class='ocrx_word' id='word_1_151' title='bbox 966 1728 1059 1761; x_wconf 80' lang='lat' dir='ltr'>agen-</span> 
     </span>
     <span class='ocr_line' id='line_1_31' title="bbox 318 1769 1058 1814; baseline 0.004 -12"><span class='ocrx_word' id='word_1_152' title='bbox 318 1769 429 1802; x_wconf 86' lang='lat' dir='ltr'>darum</span> <span class='ocrx_word' id='word_1_153' title='bbox 459 1769 642 1803; x_wconf 81' lang='lat' dir='ltr'>dexteritate</span> <span class='ocrx_word' id='word_1_154' title='bbox 672 1770 844 1814; x_wconf 90' lang='lat' dir='ltr'>plurimum</span> <span class='ocrx_word' id='word_1_155' title='bbox 869 1771 900 1803; x_wconf 91' lang='lat' dir='ltr'>in</span> <span class='ocrx_word' id='word_1_156' title='bbox 925 1771 1058 1805; x_wconf 90' lang='lat' dir='ltr'>Domino</span> 
     </span>
     <span class='ocr_line' id='line_1_32' title="bbox 319 1823 1058 1869; baseline 0.004 -14"><span class='ocrx_word' id='word_1_157' title='bbox 319 1823 438 1864; x_wconf 84' lang='lat' dir='ltr'>confisi,</span> <span class='ocrx_word' id='word_1_158' title='bbox 463 1823 676 1867; x_wconf 89' lang='lat' dir='ltr'>praesentium</span> <span class='ocrx_word' id='word_1_159' title='bbox 693 1825 838 1868; x_wconf 85' lang='lat' dir='ltr'>exemplo</span> <span class='ocrx_word' id='word_1_160' title='bbox 854 1830 947 1869; x_wconf 85' lang='lat' dir='ltr'>atque</span> <span class='ocrx_word' id='word_1_161' title='bbox 971 1825 1058 1869; x_wconf 75' lang='lat' dir='ltr'>vigo-</span> 
     </span>
     <span class='ocr_line' id='line_1_33' title="bbox 318 1876 1059 1921; baseline 0.005 -12"><span class='ocrx_word' id='word_1_162' title='bbox 318 1887 362 1917; x_wconf 89' lang='lat' dir='ltr'>re,</span> <span class='ocrx_word' id='word_1_163' title='bbox 378 1882 407 1910; x_wconf 90' lang='lat' dir='ltr'>te</span> <span class='ocrx_word' id='word_1_164' title='bbox 427 1876 528 1910; x_wconf 89' lang='lat' dir='ltr'>dictae</span> <span class='ocrx_word' id='word_1_165' title='bbox 545 1878 725 1921; x_wconf 89' lang='lat' dir='ltr'>provinciae</span> <span class='ocrx_word' id='word_1_166' title='bbox 742 1878 897 1912; x_wconf 86' lang='lat' dir='ltr'>Turoniae</span> <span class='ocrx_word' id='word_1_167' title='bbox 915 1880 1059 1913; x_wconf 90' lang='lat' dir='ltr'>commis-</span> 
     </span>
     <span class='ocr_line' id='line_1_34' title="bbox 318 1930 1057 1973; baseline 0.005 -11"><span class='ocrx_word' id='word_1_168' title='bbox 318 1930 435 1963; x_wconf 85' lang='lat' dir='ltr'>sarium</span> <span class='ocrx_word' id='word_1_169' title='bbox 460 1930 652 1963; x_wconf 85' lang='lat' dir='ltr'>visitatorem</span> <span class='ocrx_word' id='word_1_170' title='bbox 676 1930 897 1973; x_wconf 86' lang='lat' dir='ltr'>nominamus,</span> <span class='ocrx_word' id='word_1_171' title='bbox 924 1932 1057 1966; x_wconf 92' lang='lat' dir='ltr'>institui-</span> 
     </span>
     <span class='ocr_line' id='line_1_35' title="bbox 319 1984 1058 2028; baseline 0.004 -12"><span class='ocrx_word' id='word_1_172' title='bbox 319 1994 389 2017; x_wconf 89' lang='lat' dir='ltr'>mus</span> <span class='ocrx_word' id='word_1_173' title='bbox 409 1989 439 2016; x_wconf 90' lang='lat' dir='ltr'>et</span> <span class='ocrx_word' id='word_1_174' title='bbox 463 1984 660 2027; x_wconf 88' lang='lat' dir='ltr'>deputamus,</span> <span class='ocrx_word' id='word_1_175' title='bbox 677 1984 850 2028; x_wconf 86' lang='lat' dir='ltr'>plenariam</span> <span class='ocrx_word' id='word_1_176' title='bbox 871 1985 927 2018; x_wconf 91' lang='lat' dir='ltr'>tibi</span> <span class='ocrx_word' id='word_1_177' title='bbox 950 1996 1058 2020; x_wconf 91' lang='lat' dir='ltr'>conce-</span> 
     </span>
     <span class='ocr_line' id='line_1_36' title="bbox 317 2037 1056 2081; baseline 0.003 -11"><span class='ocrx_word' id='word_1_178' title='bbox 317 2037 426 2070; x_wconf 86' lang='lat' dir='ltr'>dentes</span> <span class='ocrx_word' id='word_1_179' title='bbox 439 2037 471 2070; x_wconf 92' lang='lat' dir='ltr'>in</span> <span class='ocrx_word' id='word_1_180' title='bbox 488 2037 546 2071; x_wconf 77' lang='lat' dir='ltr'>hac</span> <span class='ocrx_word' id='word_1_181' title='bbox 565 2042 655 2081; x_wconf 90' lang='lat' dir='ltr'>parte</span> <span class='ocrx_word' id='word_1_182' title='bbox 670 2038 888 2071; x_wconf 86' lang='lat' dir='ltr'>auctoritatem</span> <span class='ocrx_word' id='word_1_183' title='bbox 906 2045 1056 2080; x_wconf 89' lang='lat' dir='ltr'>nostram,</span> 
     </span>
     <span class='ocr_line' id='line_1_37' title="bbox 317 2091 1057 2136; baseline 0.004 -13"><span class='ocrx_word' id='word_1_184' title='bbox 317 2102 388 2135; x_wconf 84' lang='lat' dir='ltr'>qua,</span> <span class='ocrx_word' id='word_1_185' title='bbox 403 2091 440 2124; x_wconf 91' lang='lat' dir='ltr'>ad</span> <span class='ocrx_word' id='word_1_186' title='bbox 465 2091 709 2136; x_wconf 86' lang='lat' dir='ltr'>apostolicarum</span> <span class='ocrx_word' id='word_1_187' title='bbox 736 2097 763 2124; x_wconf 91' lang='lat' dir='ltr'>et</span> <span class='ocrx_word' id='word_1_188' title='bbox 790 2092 984 2134; x_wconf 83' lang='lat' dir='ltr'>generalium</span> <span class='ocrx_word' id='word_1_189' title='bbox 1005 2104 1057 2127; x_wconf 94' lang='lat' dir='ltr'>no-</span> 
     </span>
     <span class='ocr_line' id='line_1_38' title="bbox 318 2144 1053 2191; baseline 0.003 -13"><span class='ocrx_word' id='word_1_190' title='bbox 318 2145 372 2178; x_wconf 85' lang='lat' dir='ltr'>stri</span> <span class='ocrx_word' id='word_1_191' title='bbox 397 2144 521 2178; x_wconf 88' lang='lat' dir='ltr'>Ordinis</span> <span class='ocrx_word' id='word_1_192' title='bbox 543 2144 803 2178; x_wconf 88' lang='lat' dir='ltr'>constitutionum</span> <span class='ocrx_word' id='word_1_193' title='bbox 835 2156 955 2179; x_wconf 83' lang='lat' dir='ltr'>necnon</span> <span class='ocrx_word' id='word_1_194' title='bbox 986 2148 1053 2191; x_wconf 85' lang='lat' dir='ltr'>pri-</span> 
     </span>
     <span class='ocr_line' id='line_1_39' title="bbox 319 2199 1055 2244; baseline 0.004 -13"><span class='ocrx_word' id='word_1_195' title='bbox 319 2203 460 2234; x_wconf 83' lang='lat' dir='ltr'>vatarum</span> <span class='ocrx_word' id='word_1_196' title='bbox 489 2204 670 2232; x_wconf 88' lang='lat' dir='ltr'>nostrarum</span> <span class='ocrx_word' id='word_1_197' title='bbox 695 2199 938 2232; x_wconf 81' lang='lat' dir='ltr'>instructionum</span> <span class='ocrx_word' id='word_1_198' title='bbox 965 2211 1055 2244; x_wconf 85' lang='lat' dir='ltr'>prae.-</span> 
     </span>
     <span class='ocr_line' id='line_1_40' title="bbox 318 2251 1056 2294; baseline 0.001 -10"><span class='ocrx_word' id='word_1_199' title='bbox 318 2251 480 2294; x_wconf 77' lang='lat' dir='ltr'>scriptum,</span> <span class='ocrx_word' id='word_1_200' title='bbox 499 2255 671 2284; x_wconf 86' lang='lat' dir='ltr'>conventus</span> <span class='ocrx_word' id='word_1_201' title='bbox 684 2256 714 2284; x_wconf 91' lang='lat' dir='ltr'>et</span> <span class='ocrx_word' id='word_1_202' title='bbox 727 2251 926 2293; x_wconf 73' lang='lat' dir='ltr'>monasteria,</span> <span class='ocrx_word' id='word_1_203' title='bbox 944 2253 1056 2285; x_wconf 77' lang='lat' dir='ltr'>fratres</span> 
     </span>
     <span class='ocr_line' id='line_1_41' title="bbox 318 2303 1055 2348; baseline 0.004 -13"><span class='ocrx_word' id='word_1_204' title='bbox 318 2310 347 2337; x_wconf 75' lang='lat' dir='ltr'>et</span> <span class='ocrx_word' id='word_1_205' title='bbox 364 2304 526 2344; x_wconf 87' lang='lat' dir='ltr'>moniales,</span> <span class='ocrx_word' id='word_1_206' title='bbox 551 2309 613 2336; x_wconf 92' lang='lat' dir='ltr'>tam</span> <span class='ocrx_word' id='word_1_207' title='bbox 631 2304 662 2337; x_wconf 90' lang='lat' dir='ltr'>in</span> <span class='ocrx_word' id='word_1_208' title='bbox 678 2303 780 2348; x_wconf 89' lang='lat' dir='ltr'>capite</span> <span class='ocrx_word' id='word_1_209' title='bbox 797 2314 889 2348; x_wconf 85' lang='lat' dir='ltr'>quam</span> <span class='ocrx_word' id='word_1_210' title='bbox 911 2305 941 2338; x_wconf 94' lang='lat' dir='ltr'>in</span> <span class='ocrx_word' id='word_1_211' title='bbox 960 2316 1055 2338; x_wconf 88' lang='lat' dir='ltr'>mem-</span> 
     </span>
     <span class='ocr_line' id='line_1_42' title="bbox 317 2357 1055 2401; baseline 0.003 -11"><span class='ocrx_word' id='word_1_212' title='bbox 317 2358 392 2397; x_wconf 79' lang='lat' dir='ltr'>bris,</span> <span class='ocrx_word' id='word_1_213' title='bbox 408 2357 542 2397; x_wconf 86' lang='lat' dir='ltr'>visitare,</span> <span class='ocrx_word' id='word_1_214' title='bbox 558 2367 724 2401; x_wconf 88' lang='lat' dir='ltr'>processus</span> <span class='ocrx_word' id='word_1_215' title='bbox 738 2358 905 2399; x_wconf 79' lang='lat' dir='ltr'>conticere,</span> <span class='ocrx_word' id='word_1_216' title='bbox 919 2360 1055 2392; x_wconf 84' lang='lat' dir='ltr'>carceri-</span> 
     </span>
     <span class='ocr_line' id='line_1_43' title="bbox 316 2411 1055 2454; baseline 0.003 -10"><span class='ocrx_word' id='word_1_217' title='bbox 316 2412 375 2444; x_wconf 84' lang='lat' dir='ltr'>bus</span> <span class='ocrx_word' id='word_1_218' title='bbox 391 2411 581 2454; x_wconf 85' lang='lat' dir='ltr'>mancipare,</span> <span class='ocrx_word' id='word_1_219' title='bbox 595 2411 794 2451; x_wconf 88' lang='lat' dir='ltr'>sententiare,</span> <span class='ocrx_word' id='word_1_220' title='bbox 807 2422 946 2453; x_wconf 79' lang='lat' dir='ltr'>monere,</span> <span class='ocrx_word' id='word_1_221' title='bbox 959 2413 1055 2446; x_wconf 82' lang='lat' dir='ltr'>corri-</span> 
     </span>
    </p>
   </div>
   <div class='ocr_carea' id='block_1_4' title="bbox 316 2463 1072 2509">
    <p class='ocr_par' dir='ltr' id='par_1_6' title="bbox 316 2463 1072 2509">
     <span class='ocr_line' id='line_1_44' title="bbox 316 2463 1072 2509; baseline 0.001 -11"><span class='ocrx_word' id='word_1_222' title='bbox 316 2475 402 2508; x_wconf 75' lang='lat' dir='ltr'>gere,</span> <span class='ocrx_word' id='word_1_223' title='bbox 420 2465 542 2509; x_wconf 88' lang='lat' dir='ltr'>punire,</span> <span class='ocrx_word' id='word_1_224' title='bbox 560 2463 734 2505; x_wconf 90' lang='lat' dir='ltr'>absolvere,</span> <span class='ocrx_word' id='word_1_225' title='bbox 751 2464 937 2509; x_wconf 84' lang='lat' dir='ltr'>depravatos</span> <span class='ocrx_word' id='word_1_226' title='bbox 951 2477 1055 2500; x_wconf 84' lang='lat' dir='ltr'>mores</span> <span class='ocrx_word' id='word_1_227' title='bbox 1070 2483 1072 2509; x_wconf 56' lang='lat' dir='ltr'><strong><em>g</em></strong></span> 
     </span>
    </p>
   </div>
   <div class='ocr_carea' id='block_1_5' title="bbox 316 2517 1056 2716">
    <p class='ocr_par' dir='ltr' id='par_1_7' title="bbox 316 2517 1056 2559">
     <span class='ocr_line' id='line_1_45' title="bbox 316 2517 1056 2559; baseline 0.001 -7"><span class='ocrx_word' id='word_1_228' title='bbox 316 2518 463 2558; x_wconf 89' lang='lat' dir='ltr'>evellere,</span> <span class='ocrx_word' id='word_1_229' title='bbox 485 2518 616 2552; x_wconf 89' lang='lat' dir='ltr'>virtutes</span> <span class='ocrx_word' id='word_1_230' title='bbox 636 2517 794 2559; x_wconf 89' lang='lat' dir='ltr'>inducere,</span> <span class='ocrx_word' id='word_1_231' title='bbox 814 2523 844 2551; x_wconf 90' lang='lat' dir='ltr'>et</span> <span class='ocrx_word' id='word_1_232' title='bbox 865 2524 968 2552; x_wconf 90' lang='lat' dir='ltr'>cetera</span> <span class='ocrx_word' id='word_1_233' title='bbox 992 2530 1056 2553; x_wconf 85' lang='lat' dir='ltr'>om—</span> 
     </span>
    </p>

    <p class='ocr_par' dir='ltr' id='par_1_8' title="bbox 316 2571 1053 2617">
     <span class='ocr_line' id='line_1_46' title="bbox 316 2571 1053 2617; baseline 0.001 -12"><span class='ocrx_word' id='word_1_234' title='bbox 316 2572 366 2606; x_wconf 90' lang='lat' dir='ltr'>nia</span> <span class='ocrx_word' id='word_1_235' title='bbox 390 2578 550 2616; x_wconf 88' lang='lat' dir='ltr'>praestare</span> <span class='ocrx_word' id='word_1_236' title='bbox 576 2571 676 2615; x_wconf 88' lang='lat' dir='ltr'>possis</span> <span class='ocrx_word' id='word_1_237' title='bbox 701 2576 731 2604; x_wconf 92' lang='lat' dir='ltr'>et</span> <span class='ocrx_word' id='word_1_238' title='bbox 755 2573 866 2608; x_wconf 73' lang='lat' dir='ltr'>valeas,</span> <span class='ocrx_word' id='word_1_239' title='bbox 891 2583 970 2616; x_wconf 82' lang='lat' dir='ltr'>quae</span> <span class='ocrx_word' id='word_1_240' title='bbox 995 2585 1053 2617; x_wconf 91' lang='lat' dir='ltr'>pu-</span> 
     </span>
    </p>

    <p class='ocr_par' dir='ltr' id='par_1_9' title="bbox 316 2625 1056 2716">
     <span class='ocr_line' id='line_1_47' title="bbox 316 2625 1056 2669; baseline 0.004 -11"><span class='ocrx_word' id='word_1_241' title='bbox 316 2626 408 2659; x_wconf 91' lang='lat' dir='ltr'>rioris</span> <span class='ocrx_word' id='word_1_242' title='bbox 434 2625 566 2658; x_wconf 91' lang='lat' dir='ltr'>instituti</span> <span class='ocrx_word' id='word_1_243' title='bbox 591 2625 749 2669; x_wconf 85' lang='lat' dir='ltr'>seraphici</span> <span class='ocrx_word' id='word_1_244' title='bbox 776 2627 894 2659; x_wconf 91' lang='lat' dir='ltr'>cultum</span> <span class='ocrx_word' id='word_1_245' title='bbox 923 2627 1056 2661; x_wconf 86' lang='lat' dir='ltr'>strictio-</span> 
     </span>
     <span class='ocr_line' id='line_1_48' title="bbox 426 2688 1018 2716; baseline -0.002 0"><span class='ocrx_word' id='word_1_246' title='bbox 426 2688 503 2716; x_wconf 82' lang='lat' dir='ltr'>Butt.</span> <span class='ocrx_word' id='word_1_247' title='bbox 519 2689 602 2716; x_wconf 77' lang='lat' dir='ltr'>Ilom.</span> <span class='ocrx_word' id='word_1_248' title='bbox 617 2704 647 2708; x_wconf 89' lang='lat'><strong>—</strong></span> <span class='ocrx_word' id='word_1_249' title='bbox 669 2688 727 2715; x_wconf 80' lang='lat' dir='ltr'>Vol.</span> <span class='ocrx_word' id='word_1_250' title='bbox 745 2688 821 2715; x_wconf 79' lang='lat' dir='ltr'>XIV.</span> <span class='ocrx_word' id='word_1_251' title='bbox 984 2690 1018 2716; x_wconf 76' lang='lat'>68</span> 
     </span>
    </p>
   </div>
   <div class='ocr_carea' id='block_1_6' title="bbox 1070 2010 1077 2653">
    <p class='ocr_par' dir='ltr' id='par_1_10' title="bbox 1070 2010 1077 2653">
     <span class='ocr_line' id='line_1_49' title="bbox 1070 2010 1077 2653; baseline 0 0"><span class='ocrx_word' id='word_1_252' title='bbox 1070 2010 1077 2653; x_wconf 95' lang='lat' dir='ltr'> </span> 
     </span>
    </p>
   </div>
   <div class='ocr_carea' id='block_1_7' title="bbox 1091 270 1841 1911">
    <p class='ocr_par' dir='ltr' id='par_1_11' title="bbox 1093 270 1841 1749">
     <span class='ocr_line' id='line_1_50' title="bbox 1101 270 1841 316; baseline 0 -12"><span class='ocrx_word' id='word_1_253' title='bbox 1101 272 1209 316; x_wconf 86' lang='lat' dir='ltr'>risque</span> <span class='ocrx_word' id='word_1_254' title='bbox 1234 270 1450 304; x_wconf 82' lang='lat' dir='ltr'>observantiae</span> <span class='ocrx_word' id='word_1_255' title='bbox 1482 274 1607 304; x_wconf 85' lang='lat' dir='ltr'>nostrae</span> <span class='ocrx_word' id='word_1_256' title='bbox 1632 271 1841 305; x_wconf 84' lang='lat' dir='ltr'>conservatio-</span> 
     </span>
     <span class='ocr_line' id='line_1_51' title="bbox 1100 324 1839 368; baseline 0 -11"><span class='ocrx_word' id='word_1_257' title='bbox 1100 335 1170 357; x_wconf 83' lang='lat' dir='ltr'>nem</span> <span class='ocrx_word' id='word_1_258' title='bbox 1196 330 1459 364; x_wconf 79' lang='lat' dir='ltr'>eoncei·n11nt;ae</span> <span class='ocrx_word' id='word_1_259' title='bbox 1484 324 1618 368; x_wconf 89' lang='lat' dir='ltr'>denique</span> <span class='ocrx_word' id='word_1_260' title='bbox 1642 334 1703 367; x_wconf 84' lang='lat' dir='ltr'>qua</span> <span class='ocrx_word' id='word_1_261' title='bbox 1728 325 1839 368; x_wconf 89' lang='lat' dir='ltr'>possis,</span> 
     </span>
     <span class='ocr_line' id='line_1_52' title="bbox 1099 377 1840 420; baseline 0.003 -12"><span class='ocrx_word' id='word_1_262' title='bbox 1099 377 1260 420; x_wconf 74' lang='lat' dir='ltr'>praedicta</span> <span class='ocrx_word' id='word_1_263' title='bbox 1287 377 1461 410; x_wconf 84' lang='lat' dir='ltr'>visitatione</span> <span class='ocrx_word' id='word_1_264' title='bbox 1485 377 1646 417; x_wconf 74' lang='lat' dir='ltr'>absoluta,</span> <span class='ocrx_word' id='word_1_265' title='bbox 1674 382 1704 410; x_wconf 88' lang='lat' dir='ltr'>ct</span> <span class='ocrx_word' id='word_1_266' title='bbox 1728 377 1840 410; x_wconf 88' lang='lat' dir='ltr'>ceteris</span> 
     </span>
     <span class='ocr_line' id='line_1_53' title="bbox 1099 430 1838 475; baseline 0.001 -13"><span class='ocrx_word' id='word_1_267' title='bbox 1099 430 1256 470; x_wconf 86' lang='lat' dir='ltr'>omnibus,</span> <span class='ocrx_word' id='word_1_268' title='bbox 1273 435 1306 462; x_wconf 90' lang='lat' dir='ltr'>ut</span> <span class='ocrx_word' id='word_1_269' title='bbox 1325 430 1423 463; x_wconf 88' lang='lat' dir='ltr'>moris</span> <span class='ocrx_word' id='word_1_270' title='bbox 1441 436 1496 472; x_wconf 82' lang='lat' dir='ltr'>est,</span> <span class='ocrx_word' id='word_1_271' title='bbox 1514 431 1653 474; x_wconf 80' lang='lat' dir='ltr'>expletis,</span> <span class='ocrx_word' id='word_1_272' title='bbox 1668 431 1838 475; x_wconf 84' lang='lat' dir='ltr'>capitulum</span> 
     </span>
     <span class='ocr_line' id='line_1_54' title="bbox 1099 483 1839 527; baseline 0.003 -12"><span class='ocrx_word' id='word_1_273' title='bbox 1099 483 1269 523; x_wconf 84' lang='lat' dir='ltr'>celebrare,</span> <span class='ocrx_word' id='word_1_274' title='bbox 1289 483 1467 516; x_wconf 85' lang='lat' dir='ltr'>ministrum</span> <span class='ocrx_word' id='word_1_275' title='bbox 1492 484 1734 527; x_wconf 85' lang='lat' dir='ltr'>provincialem⁷</span> <span class='ocrx_word' id='word_1_276' title='bbox 1762 484 1839 517; x_wconf 82' lang='lat' dir='ltr'>dess-</span> 
     </span>
     <span class='ocr_line' id='line_1_55' title="bbox 1099 536 1838 581; baseline 0.003 -13"><span class='ocrx_word' id='word_1_277' title='bbox 1099 536 1218 569; x_wconf 82' lang='lat' dir='ltr'>nitores</span> <span class='ocrx_word' id='word_1_278' title='bbox 1238 541 1267 570; x_wconf 76' lang='lat' dir='ltr'>et</span> <span class='ocrx_word' id='word_1_279' title='bbox 1288 537 1487 580; x_wconf 79' lang='lat' dir='ltr'>guardianos,</span> <span class='ocrx_word' id='word_1_280' title='bbox 1513 543 1697 581; x_wconf 85' lang='lat' dir='ltr'>ceterosque</span> <span class='ocrx_word' id='word_1_281' title='bbox 1721 538 1838 570; x_wconf 81' lang='lat' dir='ltr'>officia-</span> 
     </span>
     <span class='ocr_line' id='line_1_56' title="bbox 1099 590 1838 632; baseline 0.001 -10"><span class='ocrx_word' id='word_1_282' title='bbox 1099 591 1143 622; x_wconf 85' lang='lat' dir='ltr'>les</span> <span class='ocrx_word' id='word_1_283' title='bbox 1168 590 1317 623; x_wconf 84' lang='lat' dir='ltr'>canonice</span> <span class='ocrx_word' id='word_1_284' title='bbox 1348 591 1463 623; x_wconf 86' lang='lat' dir='ltr'>electos</span> <span class='ocrx_word' id='word_1_285' title='bbox 1488 592 1686 624; x_wconf 86' lang='lat' dir='ltr'>contirmare.</span> <span class='ocrx_word' id='word_1_286' title='bbox 1714 592 1838 632; x_wconf 70' lang='lat' dir='ltr'>Verum,</span> 
     </span>
     <span class='ocr_line' id='line_1_57' title="bbox 1098 643 1839 687; baseline 0.004 -12"><span class='ocrx_word' id='word_1_287' title='bbox 1098 648 1131 675; x_wconf 90' lang='lat' dir='ltr'>ut</span> <span class='ocrx_word' id='word_1_288' title='bbox 1155 643 1286 683; x_wconf 80' lang='lat' dir='ltr'>facilius,</span> <span class='ocrx_word' id='word_1_289' title='bbox 1303 644 1522 687; x_wconf 84' lang='lat' dir='ltr'>opportunius,</span> <span class='ocrx_word' id='word_1_290' title='bbox 1547 645 1684 678; x_wconf 78' lang='lat' dir='ltr'>exactius</span> <span class='ocrx_word' id='word_1_291' title='bbox 1701 650 1731 677; x_wconf 94' lang='lat' dir='ltr'>et</span> <span class='ocrx_word' id='word_1_292' title='bbox 1755 655 1839 678; x_wconf 85' lang='lat' dir='ltr'>eom-</span> 
     </span>
     <span class='ocr_line' id='line_1_58' title="bbox 1098 696 1838 732; baseline 0.003 -3"><span class='ocrx_word' id='word_1_293' title='bbox 1098 696 1220 730; x_wconf 90' lang='lat' dir='ltr'>modius</span> <span class='ocrx_word' id='word_1_294' title='bbox 1255 697 1429 730; x_wconf 87' lang='lat' dir='ltr'>iniunetum</span> <span class='ocrx_word' id='word_1_295' title='bbox 1455 697 1509 730; x_wconf 90' lang='lat' dir='ltr'>tibi</span> <span class='ocrx_word' id='word_1_296' title='bbox 1538 708 1652 730; x_wconf 87' lang='lat' dir='ltr'>munus</span> <span class='ocrx_word' id='word_1_297' title='bbox 1675 698 1838 732; x_wconf 87' lang='lat' dir='ltr'>absolvere</span> 
     </span>
     <span class='ocr_line' id='line_1_59' title="bbox 1096 751 1838 794; baseline 0.003 -12"><span class='ocrx_word' id='word_1_298' title='bbox 1096 760 1222 794; x_wconf 87' lang='lat' dir='ltr'>quaeas,</span> <span class='ocrx_word' id='word_1_299' title='bbox 1247 751 1461 794; x_wconf 88' lang='lat' dir='ltr'>praecipimus</span> <span class='ocrx_word' id='word_1_300' title='bbox 1486 751 1632 784; x_wconf 87' lang='lat' dir='ltr'>omnibus</span> <span class='ocrx_word' id='word_1_301' title='bbox 1657 757 1686 784; x_wconf 88' lang='lat' dir='ltr'>et</span> <span class='ocrx_word' id='word_1_302' title='bbox 1707 752 1838 794; x_wconf 79' lang='lat' dir='ltr'>singulis</span> 
     </span>
     <span class='ocr_line' id='line_1_60' title="bbox 1096 803 1838 848; baseline 0.003 -12"><span class='ocrx_word' id='word_1_303' title='bbox 1096 803 1237 836; x_wconf 89' lang='lat' dir='ltr'>eiusdem</span> <span class='ocrx_word' id='word_1_304' title='bbox 1264 804 1445 848; x_wconf 88' lang='lat' dir='ltr'>provinciae</span> <span class='ocrx_word' id='word_1_305' title='bbox 1470 805 1619 838; x_wconf 83' lang='lat' dir='ltr'>fratribus</span> <span class='ocrx_word' id='word_1_306' title='bbox 1637 811 1674 838; x_wconf 76' lang='lat' dir='ltr'>,et</span> <span class='ocrx_word' id='word_1_307' title='bbox 1698 806 1838 839; x_wconf 91' lang='lat' dir='ltr'>moniali-</span> 
     </span>
     <span class='ocr_line' id='line_1_61' title="bbox 1096 857 1837 900; baseline 0.004 -11"><span class='ocrx_word' id='word_1_308' title='bbox 1096 857 1173 899; x_wconf 77' lang='lat' dir='ltr'>bus,</span> <span class='ocrx_word' id='word_1_309' title='bbox 1196 857 1411 900; x_wconf 83' lang='lat' dir='ltr'>superioribus</span> <span class='ocrx_word' id='word_1_310' title='bbox 1436 863 1465 890; x_wconf 82' lang='lat' dir='ltr'>et</span> <span class='ocrx_word' id='word_1_311' title='bbox 1491 858 1644 899; x_wconf 85' lang='lat' dir='ltr'>subditis,</span> <span class='ocrx_word' id='word_1_312' title='bbox 1667 859 1698 891; x_wconf 94' lang='lat' dir='ltr'>in</span> <span class='ocrx_word' id='word_1_313' title='bbox 1724 859 1837 892; x_wconf 88' lang='lat' dir='ltr'>virtute</span> 
     </span>
     <span class='ocr_line' id='line_1_62' title="bbox 1096 910 1836 956; baseline 0.004 -14"><span class='ocrx_word' id='word_1_314' title='bbox 1096 916 1220 944; x_wconf 88' lang='lat' dir='ltr'>sanctae</span> <span class='ocrx_word' id='word_1_315' title='bbox 1245 910 1451 951; x_wconf 87' lang='lat' dir='ltr'>obedientiae,</span> <span class='ocrx_word' id='word_1_316' title='bbox 1476 917 1506 944; x_wconf 88' lang='lat' dir='ltr'>et</span> <span class='ocrx_word' id='word_1_317' title='bbox 1530 912 1587 944; x_wconf 89' lang='lat' dir='ltr'>sub</span> <span class='ocrx_word' id='word_1_318' title='bbox 1608 913 1709 956; x_wconf 72' lang='lat' dir='ltr'>poena</span> <span class='ocrx_word' id='word_1_319' title='bbox 1734 913 1836 956; x_wconf 87' lang='lat' dir='ltr'>priva-</span> 
     </span>
     <span class='ocr_line' id='line_1_63' title="bbox 1097 963 1838 1008; baseline 0.005 -12"><span class='ocrx_word' id='word_1_320' title='bbox 1097 963 1189 997; x_wconf 90' lang='lat' dir='ltr'>tionis</span> <span class='ocrx_word' id='word_1_321' title='bbox 1213 964 1419 1008; x_wconf 85' lang='lat' dir='ltr'>propriorum</span> <span class='ocrx_word' id='word_1_322' title='bbox 1439 965 1625 1007; x_wconf 86' lang='lat' dir='ltr'>officiorum⁷</span> <span class='ocrx_word' id='word_1_323' title='bbox 1646 976 1769 999; x_wconf 86' lang='lat' dir='ltr'>necnon</span> <span class='ocrx_word' id='word_1_324' title='bbox 1789 978 1838 1000; x_wconf 85' lang='lat' dir='ltr'>ex-</span> 
     </span>
     <span class='ocr_line' id='line_1_64' title="bbox 1095 1017 1837 1064; baseline 0.004 -14"><span class='ocrx_word' id='word_1_325' title='bbox 1095 1017 1390 1050; x_wconf 88' lang='lat' dir='ltr'>communicationis</span> <span class='ocrx_word' id='word_1_326' title='bbox 1415 1019 1494 1051; x_wconf 90' lang='lat' dir='ltr'>latae</span> <span class='ocrx_word' id='word_1_327' title='bbox 1520 1019 1701 1059; x_wconf 80' lang='lat' dir='ltr'>sententiae,</span> <span class='ocrx_word' id='word_1_328' title='bbox 1728 1025 1837 1064; x_wconf 89' lang='lat' dir='ltr'>quate-</span> 
     </span>
     <span class='ocr_line' id='line_1_65' title="bbox 1095 1071 1838 1106; baseline 0.004 -3"><span class='ocrx_word' id='word_1_329' title='bbox 1095 1081 1153 1104; x_wconf 85' lang='lat' dir='ltr'>nus</span> <span class='ocrx_word' id='word_1_330' title='bbox 1178 1077 1206 1104; x_wconf 93' lang='lat' dir='ltr'>te</span> <span class='ocrx_word' id='word_1_331' title='bbox 1233 1071 1317 1104; x_wconf 88' lang='lat' dir='ltr'>velut</span> <span class='ocrx_word' id='word_1_332' title='bbox 1345 1072 1597 1105; x_wconf 90' lang='lat' dir='ltr'>commissarium</span> <span class='ocrx_word' id='word_1_333' title='bbox 1629 1078 1772 1106; x_wconf 90' lang='lat' dir='ltr'>nostrum</span> <span class='ocrx_word' id='word_1_334' title='bbox 1803 1079 1838 1106; x_wconf 91' lang='lat' dir='ltr'>ut</span> 
     </span>
     <span class='ocr_line' id='line_1_66' title="bbox 1095 1125 1837 1170; baseline 0.005 -13"><span class='ocrx_word' id='word_1_335' title='bbox 1095 1135 1191 1169; x_wconf 90' lang='lat' dir='ltr'>supra</span> <span class='ocrx_word' id='word_1_336' title='bbox 1216 1125 1393 1158; x_wconf 90' lang='lat' dir='ltr'>institutum</span> <span class='ocrx_word' id='word_1_337' title='bbox 1418 1126 1584 1170; x_wconf 85' lang='lat' dir='ltr'>recipere,</span> <span class='ocrx_word' id='word_1_338' title='bbox 1608 1136 1837 1170; x_wconf 82' lang='lat' dir='ltr'>recognoscere</span> 
     </span>
     <span class='ocr_line' id='line_1_67' title="bbox 1095 1179 1837 1220; baseline 0.005 -10"><span class='ocrx_word' id='word_1_339' title='bbox 1095 1183 1125 1212; x_wconf 82' lang='lat' dir='ltr'>et</span> <span class='ocrx_word' id='word_1_340' title='bbox 1149 1179 1287 1211; x_wconf 89' lang='lat' dir='ltr'>revereri</span> <span class='ocrx_word' id='word_1_341' title='bbox 1313 1179 1408 1212; x_wconf 88' lang='lat' dir='ltr'>velint</span> <span class='ocrx_word' id='word_1_342' title='bbox 1431 1185 1461 1212; x_wconf 89' lang='lat' dir='ltr'>et</span> <span class='ocrx_word' id='word_1_343' title='bbox 1485 1179 1628 1220; x_wconf 88' lang='lat' dir='ltr'>debeant,</span> <span class='ocrx_word' id='word_1_344' title='bbox 1647 1180 1702 1213; x_wconf 91' lang='lat' dir='ltr'>tibi</span> <span class='ocrx_word' id='word_1_345' title='bbox 1725 1181 1755 1213; x_wconf 94' lang='lat' dir='ltr'>in</span> <span class='ocrx_word' id='word_1_346' title='bbox 1772 1192 1837 1215; x_wconf 92' lang='lat' dir='ltr'>om-</span> 
     </span>
     <span class='ocr_line' id='line_1_68' title="bbox 1095 1232 1836 1279; baseline 0.005 -14"><span class='ocrx_word' id='word_1_347' title='bbox 1095 1232 1197 1275; x_wconf 91' lang='lat' dir='ltr'>nibus,</span> <span class='ocrx_word' id='word_1_348' title='bbox 1215 1243 1295 1276; x_wconf 89' lang='lat' dir='ltr'>quac</span> <span class='ocrx_word' id='word_1_349' title='bbox 1314 1243 1372 1266; x_wconf 91' lang='lat' dir='ltr'>nec</span> <span class='ocrx_word' id='word_1_350' title='bbox 1391 1233 1514 1267; x_wconf 90' lang='lat' dir='ltr'>animae</span> <span class='ocrx_word' id='word_1_351' title='bbox 1528 1245 1612 1274; x_wconf 90' lang='lat' dir='ltr'>suae,</span> <span class='ocrx_word' id='word_1_352' title='bbox 1632 1245 1690 1268; x_wconf 90' lang='lat' dir='ltr'>nec</span> <span class='ocrx_word' id='word_1_353' title='bbox 1707 1236 1836 1279; x_wconf 82' lang='lat' dir='ltr'>regulae</span> 
     </span>
     <span class='ocr_line' id='line_1_69' title="bbox 1094 1287 1836 1332; baseline 0.007 -14"><span class='ocrx_word' id='word_1_354' title='bbox 1094 1291 1219 1320; x_wconf 91' lang='lat' dir='ltr'>nostrae</span> <span class='ocrx_word' id='word_1_355' title='bbox 1244 1287 1420 1320; x_wconf 89' lang='lat' dir='ltr'>contrariae</span> <span class='ocrx_word' id='word_1_356' title='bbox 1445 1287 1516 1328; x_wconf 89' lang='lat' dir='ltr'>sint,</span> <span class='ocrx_word' id='word_1_357' title='bbox 1537 1294 1683 1332; x_wconf 89' lang='lat' dir='ltr'>prompte</span> <span class='ocrx_word' id='word_1_358' title='bbox 1707 1295 1738 1322; x_wconf 89' lang='lat' dir='ltr'>ct</span> <span class='ocrx_word' id='word_1_359' title='bbox 1762 1289 1836 1323; x_wconf 86' lang='lat' dir='ltr'>hila—</span> 
     </span>
     <span class='ocr_line' id='line_1_70' title="bbox 1095 1339 1834 1384; baseline 0.005 -12"><span class='ocrx_word' id='word_1_360' title='bbox 1095 1339 1171 1373; x_wconf 88' lang='lat' dir='ltr'>riter</span> <span class='ocrx_word' id='word_1_361' title='bbox 1189 1340 1458 1384; x_wconf 76' lang='lat' dir='ltr'>obtempe1=anui3</span> <span class='ocrx_word' id='word_1_362' title='bbox 1476 1346 1640 1375; x_wconf 88' lang='lat' dir='ltr'>monentes</span> <span class='ocrx_word' id='word_1_363' title='bbox 1662 1347 1691 1375; x_wconf 91' lang='lat' dir='ltr'>tc</span> <span class='ocrx_word' id='word_1_364' title='bbox 1707 1342 1834 1376; x_wconf 91' lang='lat' dir='ltr'>demum</span> 
     </span>
     <span class='ocr_line' id='line_1_71' title="bbox 1094 1394 1834 1436; baseline 0.004 -10"><span class='ocrx_word' id='word_1_365' title='bbox 1094 1398 1124 1426; x_wconf 87' lang='lat' dir='ltr'>et</span> <span class='ocrx_word' id='word_1_366' title='bbox 1140 1394 1172 1426; x_wconf 91' lang='lat' dir='ltr'>in</span> <span class='ocrx_word' id='word_1_367' title='bbox 1186 1395 1318 1428; x_wconf 89' lang='lat' dir='ltr'>Domino</span> <span class='ocrx_word' id='word_1_368' title='bbox 1343 1396 1554 1436; x_wconf 84' lang='lat' dir='ltr'>exhortantes,</span> <span class='ocrx_word' id='word_1_369' title='bbox 1572 1401 1606 1429; x_wconf 87' lang='lat' dir='ltr'>ut</span> <span class='ocrx_word' id='word_1_370' title='bbox 1626 1396 1656 1428; x_wconf 94' lang='lat' dir='ltr'>in</span> <span class='ocrx_word' id='word_1_371' title='bbox 1680 1396 1834 1431; x_wconf 89' lang='lat' dir='ltr'>eiusmodi</span> 
     </span>
     <span class='ocr_line' id='line_1_72' title="bbox 1094 1447 1834 1493; baseline 0.004 -13"><span class='ocrx_word' id='word_1_372' title='bbox 1094 1447 1234 1481; x_wconf 89' lang='lat' dir='ltr'>muneris</span> <span class='ocrx_word' id='word_1_373' title='bbox 1259 1448 1469 1492; x_wconf 79' lang='lat' dir='ltr'>exequutione</span> <span class='ocrx_word' id='word_1_374' title='bbox 1487 1448 1566 1481; x_wconf 93' lang='lat' dir='ltr'>nihil</span> <span class='ocrx_word' id='word_1_375' title='bbox 1590 1449 1674 1481; x_wconf 92' lang='lat' dir='ltr'>aliud</span> <span class='ocrx_word' id='word_1_376' title='bbox 1699 1450 1834 1493; x_wconf 87' lang='lat' dir='ltr'>penitus,</span> 
     </span>
     <span class='ocr_line' id='line_1_73' title="bbox 1093 1502 1835 1545; baseline 0.004 -11"><span class='ocrx_word' id='word_1_377' title='bbox 1093 1502 1152 1534; x_wconf 87' lang='lat' dir='ltr'>nisi</span> <span class='ocrx_word' id='word_1_378' title='bbox 1170 1502 1223 1535; x_wconf 91' lang='lat' dir='ltr'>Dei</span> <span class='ocrx_word' id='word_1_379' title='bbox 1237 1502 1382 1545; x_wconf 77' lang='lat' dir='ltr'>gloriam,</span> <span class='ocrx_word' id='word_1_380' title='bbox 1400 1503 1573 1543; x_wconf 86' lang='lat' dir='ltr'>veritatem,</span> <span class='ocrx_word' id='word_1_381' title='bbox 1594 1503 1755 1545; x_wconf 87' lang='lat' dir='ltr'>iustitiam,</span> <span class='ocrx_word' id='word_1_382' title='bbox 1772 1504 1835 1537; x_wconf 87' lang='lat' dir='ltr'>sra-</span> 
     </span>
     <span class='ocr_line' id='line_1_74' title="bbox 1093 1560 1833 1601; baseline 0.003 -13"><span class='ocrx_word' id='word_1_383' title='bbox 1093 1560 1176 1588; x_wconf 90' lang='lat' dir='ltr'>trum</span> <span class='ocrx_word' id='word_1_384' title='bbox 1200 1560 1382 1589; x_wconf 90' lang='lat' dir='ltr'>nostrorum</span> <span class='ocrx_word' id='word_1_385' title='bbox 1407 1567 1526 1600; x_wconf 86' lang='lat' dir='ltr'>pacem,</span> <span class='ocrx_word' id='word_1_386' title='bbox 1552 1561 1741 1601; x_wconf 86' lang='lat' dir='ltr'>nostraeque</span> <span class='ocrx_word' id='word_1_387' title='bbox 1766 1562 1833 1591; x_wconf 88' lang='lat' dir='ltr'>tan-</span> 
     </span>
     <span class='ocr_line' id='line_1_75' title="bbox 1093 1608 1833 1655; baseline 0.004 -14"><span class='ocrx_word' id='word_1_388' title='bbox 1093 1608 1163 1641; x_wconf 90' lang='lat' dir='ltr'>dem</span> <span class='ocrx_word' id='word_1_389' title='bbox 1188 1609 1371 1653; x_wconf 86' lang='lat' dir='ltr'>scraphicae</span> <span class='ocrx_word' id='word_1_390' title='bbox 1401 1609 1563 1653; x_wconf 76' lang='lat' dir='ltr'>religionis</span> <span class='ocrx_word' id='word_1_391' title='bbox 1589 1610 1735 1643; x_wconf 87' lang='lat' dir='ltr'>decorem</span> <span class='ocrx_word' id='word_1_392' title='bbox 1759 1622 1833 1655; x_wconf 82' lang='lat' dir='ltr'>prae</span> 
     </span>
     <span class='ocr_line' id='line_1_76' title="bbox 1093 1662 1833 1708; baseline 0.004 -13"><span class='ocrx_word' id='word_1_393' title='bbox 1093 1662 1193 1696; x_wconf 87' lang='lat' dir='ltr'>oculis</span> <span class='ocrx_word' id='word_1_394' title='bbox 1216 1663 1342 1696; x_wconf 85' lang='lat' dir='ltr'>habeas.</span> <span class='ocrx_word' id='word_1_395' title='bbox 1371 1664 1452 1705; x_wconf 65' lang='lat' dir='ltr'>Vale,</span> <span class='ocrx_word' id='word_1_396' title='bbox 1476 1664 1637 1708; x_wconf 87' lang='lat' dir='ltr'>Deumque</span> <span class='ocrx_word' id='word_1_397' title='bbox 1660 1675 1720 1708; x_wconf 87' lang='lat' dir='ltr'>pro</span> <span class='ocrx_word' id='word_1_398' title='bbox 1743 1665 1833 1699; x_wconf 88' lang='lat' dir='ltr'>nobis</span> 
     </span>
     <span class='ocr_line' id='line_1_77' title="bbox 1093 1727 1197 1749; baseline 0 0"><span class='ocrx_word' id='word_1_399' title='bbox 1093 1727 1197 1749; x_wconf 85' lang='lat' dir='ltr'>exora.</span> 
     </span>
    </p>

    <p class='ocr_par' dir='ltr' id='par_1_12' title="bbox 1091 1770 1833 1911">
     <span class='ocr_line' id='line_1_78' title="bbox 1136 1770 1833 1811; baseline 0.004 -9"><span class='ocrx_word' id='word_1_400' title='bbox 1136 1770 1248 1802; x_wconf 86' lang='lat' dir='ltr'>Datum</span> <span class='ocrx_word' id='word_1_401' title='bbox 1274 1770 1467 1811; x_wconf 86' lang='lat' dir='ltr'>Florentiae,</span> <span class='ocrx_word' id='word_1_402' title='bbox 1493 1771 1522 1803; x_wconf 92' lang='lat' dir='ltr'>in</span> <span class='ocrx_word' id='word_1_403' title='bbox 1546 1777 1655 1804; x_wconf 86' lang='lat' dir='ltr'>nostro</span> <span class='ocrx_word' id='word_1_404' title='bbox 1679 1778 1833 1805; x_wconf 88' lang='lat' dir='ltr'>conventu</span> 
     </span>
     <span class='ocr_line' id='line_1_79' title="bbox 1092 1818 1831 1861; baseline 0.001 -4"><span class='ocrx_word' id='word_1_405' title='bbox 1092 1823 1239 1857; x_wconf 89' lang='lat' dir='ltr'>Omnium</span> <span class='ocrx_word' id='word_1_406' title='bbox 1269 1818 1477 1861; x_wconf 71' lang='lat' dir='ltr'>Sanctorum,</span> <span class='ocrx_word' id='word_1_407' title='bbox 1511 1835 1541 1857; x_wconf 89' lang='lat' dir='ltr'>v1</span> <span class='ocrx_word' id='word_1_408' title='bbox 1574 1825 1722 1858; x_wconf 78' lang='lat' dir='ltr'>kalendas</span> <span class='ocrx_word' id='word_1_409' title='bbox 1755 1825 1831 1858; x_wconf 89' lang='lat' dir='ltr'>iunii</span> 
     </span>
     <span class='ocr_line' id='line_1_80' title="bbox 1091 1887 1365 1911; baseline 0.007 -2"><span class='ocrx_word' id='word_1_410' title='bbox 1091 1887 1174 1910; x_wconf 91' lang='lat' dir='ltr'>anno</span> <span class='ocrx_word' id='word_1_411' title='bbox 1195 1887 1365 1911; x_wconf 66' lang='lat' dir='ltr'>nincxxxvl.</span> 
     </span>
    </p>
   </div>
   <div class='ocr_carea' id='block_1_8' title="bbox 1091 1950 1832 2153">
    <p class='ocr_par' dir='ltr' id='par_1_13' title="bbox 1091 1950 1831 2046">
     <span class='ocr_line' id='line_1_81' title="bbox 1136 1950 1831 1995; baseline 0.003 -13"><span class='ocrx_word' id='word_1_412' title='bbox 1136 1950 1185 1982; x_wconf 87' lang='lat' dir='ltr'>Fr.</span> <span class='ocrx_word' id='word_1_413' title='bbox 1204 1950 1341 1984; x_wconf 58' lang='lat' dir='ltr'>lomnes</span> <span class='ocrx_word' id='word_1_414' title='bbox 1363 1951 1518 1983; x_wconf 52' lang='lat' dir='ltr'>Bitrrlsrx</span> <span class='ocrx_word' id='word_1_415' title='bbox 1539 1961 1556 1983; x_wconf 87' lang='lat' dir='ltr'>a</span> <span class='ocrx_word' id='word_1_416' title='bbox 1572 1951 1759 1995; x_wconf 87' lang='lat' dir='ltr'>Campanea,</span> <span class='ocrx_word' id='word_1_417' title='bbox 1778 1952 1831 1984; x_wconf 92' lang='lat' dir='ltr'>mi-</span> 
     </span>
     <span class='ocr_line' id='line_1_82' title="bbox 1091 2003 1379 2046; baseline 0 -12"><span class='ocrx_word' id='word_1_418' title='bbox 1091 2003 1189 2035; x_wconf 87' lang='lat' dir='ltr'>nister</span> <span class='ocrx_word' id='word_1_419' title='bbox 1207 2003 1379 2046; x_wconf 81' lang='lat' dir='ltr'>generalis:</span> 
     </span>
    </p>

    <p class='ocr_par' dir='ltr' id='par_1_14' title="bbox 1091 2056 1832 2153">
     <span class='ocr_line' id='line_1_83' title="bbox 1136 2056 1832 2099; baseline 0.003 -11"><span class='ocrx_word' id='word_1_420' title='bbox 1136 2056 1175 2089; x_wconf 83' lang='lat' dir='ltr'>Et</span> <span class='ocrx_word' id='word_1_421' title='bbox 1203 2057 1312 2099; x_wconf 75' lang='lat' dir='ltr'>infra:</span> <span class='ocrx_word' id='word_1_422' title='bbox 1345 2057 1388 2089; x_wconf 91' lang='lat' dir='ltr'>De</span> <span class='ocrx_word' id='word_1_423' title='bbox 1413 2057 1559 2089; x_wconf 91' lang='lat' dir='ltr'>mandato</span> <span class='ocrx_word' id='word_1_424' title='bbox 1584 2067 1657 2090; x_wconf 85' lang='lat' dir='ltr'>suae</span> <span class='ocrx_word' id='word_1_425' title='bbox 1690 2067 1832 2090; x_wconf 83' lang='lat' dir='ltr'>reveren—</span> 
     </span>
     <span class='ocr_line' id='line_1_84' title="bbox 1091 2109 1830 2153; baseline 0.003 -12"><span class='ocrx_word' id='word_1_426' title='bbox 1091 2109 1237 2141; x_wconf 89' lang='lat' dir='ltr'>dissimae</span> <span class='ocrx_word' id='word_1_427' title='bbox 1272 2109 1468 2153; x_wconf 84' lang='lat' dir='ltr'>paternitatis</span> <span class='ocrx_word' id='word_1_428' title='bbox 1506 2111 1602 2143; x_wconf 83' lang='lat' dir='ltr'>l&#39;rater</span> <span class='ocrx_word' id='word_1_429' title='bbox 1636 2111 1830 2145; x_wconf 64' lang='lat' dir='ltr'>thxutsctfs</span> 
     </span>
    </p>
   </div>
   <div class='ocr_carea' id='block_1_9' title="bbox 1072 2162 1633 2206">
    <p class='ocr_par' dir='ltr' id='par_1_15' title="bbox 1072 2162 1633 2206">
     <span class='ocr_line' id='line_1_85' title="bbox 1072 2162 1633 2206; baseline 0.002 -11"><span class='ocrx_word' id='word_1_430' title='bbox 1072 2162 1231 2204; x_wconf 37' lang='lat' dir='ltr'>&#39;Cri-:anu</span> <span class='ocrx_word' id='word_1_431' title='bbox 1256 2162 1444 2196; x_wconf 79' lang='lat' dir='ltr'>secretarius</span> <span class='ocrx_word' id='word_1_432' title='bbox 1469 2163 1633 2206; x_wconf 81' lang='lat' dir='ltr'>generalis.</span> 
     </span>
    </p>
   </div>
   <div class='ocr_carea' id='block_1_10' title="bbox 1137 2234 1772 2277">
    <p class='ocr_par' dir='ltr' id='par_1_16' title="bbox 1137 2234 1772 2277">
     <span class='ocr_line' id='line_1_86' title="bbox 1137 2234 1772 2277; baseline -0.003 -10"><span class='ocrx_word' id='word_1_433' title='bbox 1137 2235 1236 2267; x_wconf 84' lang='lat' dir='ltr'>locus</span> <span class='ocrx_word' id='word_1_434' title='bbox 1260 2241 1282 2275; x_wconf 64' lang='lat'>-3-</span> <span class='ocrx_word' id='word_1_435' title='bbox 1308 2234 1402 2277; x_wconf 82' lang='lat' dir='ltr'>sigilli</span> <span class='ocrx_word' id='word_1_436' title='bbox 1428 2235 1521 2269; x_wconf 85' lang='lat' dir='ltr'>totius</span> <span class='ocrx_word' id='word_1_437' title='bbox 1546 2235 1619 2269; x_wconf 90' lang='lat' dir='ltr'>dicti</span> <span class='ocrx_word' id='word_1_438' title='bbox 1638 2236 1772 2269; x_wconf 77' lang='lat' dir='ltr'>Ordinis,</span> 
     </span>
    </p>
   </div>
   <div class='ocr_carea' id='block_1_11' title="bbox 1191 2306 1829 2351">
    <p class='ocr_par' dir='ltr' id='par_1_17' title="bbox 1191 2306 1829 2351">
     <span class='ocr_line' id='line_1_87' title="bbox 1191 2306 1829 2351; baseline 0.005 -13.164"><span class='ocrx_word' id='word_1_439' title='bbox 1191 2306 1300 2339; x_wconf 88' lang='lat' dir='ltr'>.Cum</span> <span class='ocrx_word' id='word_1_440' title='bbox 1325 2311 1440 2347; x_wconf 85' lang='lat' dir='ltr'>autem,</span> <span class='ocrx_word' id='word_1_441' title='bbox 1458 2307 1537 2339; x_wconf 87' lang='lat' dir='ltr'>sicut</span> <span class='ocrx_word' id='word_1_442' title='bbox 1553 2307 1628 2339; x_wconf 69' lang='lat' dir='ltr'>ead:</span> <span class='ocrx_word' id='word_1_443' title='bbox 1618 2318 1660 2340; x_wconf 94' lang='lat' dir='ltr'>m</span> <span class='ocrx_word' id='word_1_444' title='bbox 1676 2320 1692 2339; x_wconf 78' lang='grc' dir='ltr'>ι</span> <span class='ocrx_word' id='word_1_445' title='bbox 1696 2308 1829 2351; x_wconf 86' lang='lat' dir='ltr'>xpositio</span> 
     </span>
    </p>
   </div>
   <div class='ocr_carea' id='block_1_12' title="bbox 1071 2359 1825 2403">
    <p class='ocr_par' dir='ltr' id='par_1_18' title="bbox 1071 2359 1825 2403">
     <span class='ocr_line' id='line_1_88' title="bbox 1071 2359 1825 2403; baseline 0.004 -12"><span class='ocrx_word' id='word_1_446' title='bbox 1071 2317 1310 2401; x_wconf 58' lang='lat' dir='ltr'>{suliiun‹·cba1‚</span> <span class='ocrx_word' id='word_1_447' title='bbox 1338 2361 1510 2403; x_wconf 85' lang='lat' dir='ltr'>praemissa</span> <span class='ocrx_word' id='word_1_448' title='bbox 1536 2361 1650 2394; x_wconf 81' lang='lat' dir='ltr'>dilecto</span> <span class='ocrx_word' id='word_1_449' title='bbox 1675 2362 1739 2393; x_wconf 83' lang='lat' dir='ltr'>silio</span> <span class='ocrx_word' id='word_1_450' title='bbox 1767 2372 1825 2395; x_wconf 92' lang='lat' dir='ltr'>no-</span> 
     </span>
    </p>
   </div>
   <div class='ocr_carea' id='block_1_13' title="bbox 1089 2412 1829 2673">
    <p class='ocr_par' dir='ltr' id='par_1_19' title="bbox 1089 2412 1829 2673">
     <span class='ocr_line' id='line_1_89' title="bbox 1089 2412 1829 2447; baseline 0.004 -3"><span class='ocrx_word' id='word_1_451' title='bbox 1089 2418 1154 2445; x_wconf 82' lang='lat' dir='ltr'>stro</span> <span class='ocrx_word' id='word_1_452' title='bbox 1185 2412 1312 2445; x_wconf 79' lang='lat' dir='ltr'>Francis</span> <span class='ocrx_word' id='word_1_453' title='bbox 1300 2424 1352 2446; x_wconf 84' lang='lat' dir='ltr'>co</span> <span class='ocrx_word' id='word_1_454' title='bbox 1383 2414 1412 2447; x_wconf 99' lang='lat' dir='ltr'>S</span> <span class='ocrx_word' id='word_1_455' title='bbox 1446 2414 1604 2447; x_wconf 78' lang='lat' dir='ltr'>lamentii</span> <span class='ocrx_word' id='word_1_456' title='bbox 1636 2415 1666 2447; x_wconf 92' lang='lat' dir='ltr'>in</span> <span class='ocrx_word' id='word_1_457' title='bbox 1697 2415 1829 2447; x_wconf 81' lang='lat' dir='ltr'>Damaso</span> 
     </span>
     <span class='ocr_line' id='line_1_90' title="bbox 1089 2466 1828 2511; baseline 0.003 -13"><span class='ocrx_word' id='word_1_458' title='bbox 1089 2466 1220 2498; x_wconf 85' lang='lat' dir='ltr'>diacono</span> <span class='ocrx_word' id='word_1_459' title='bbox 1257 2466 1404 2499; x_wconf 89' lang='lat' dir='ltr'>cardinali</span> <span class='ocrx_word' id='word_1_460' title='bbox 1444 2467 1613 2500; x_wconf 78' lang='lat' dir='ltr'>Bai-berino</span> <span class='ocrx_word' id='word_1_461' title='bbox 1648 2474 1828 2511; x_wconf 89' lang='lat' dir='ltr'>nuncupato</span> 
     </span>
     <span class='ocr_line' id='line_1_91' title="bbox 1089 2521 1828 2554; baseline 0.003 -2"><span class='ocrx_word' id='word_1_462' title='bbox 1089 2525 1212 2552; x_wconf 76' lang='lat' dir='ltr'>sanctae</span> <span class='ocrx_word' id='word_1_463' title='bbox 1239 2521 1394 2552; x_wconf 71' lang='lat' dir='ltr'>llomanae</span> <span class='ocrx_word' id='word_1_464' title='bbox 1427 2521 1582 2553; x_wconf 70' lang='lat' dir='ltr'>Ecclesiae</span> <span class='ocrx_word' id='word_1_465' title='bbox 1618 2521 1681 2553; x_wconf 85' lang='lat' dir='ltr'>viee</span> <span class='ocrx_word' id='word_1_466' title='bbox 1707 2523 1828 2554; x_wconf 84' lang='lat' dir='ltr'>cancel-</span> 
     </span>
     <span class='ocr_line' id='line_1_92' title="bbox 1090 2574 1829 2610; baseline 0.004 -4"><span class='ocrx_word' id='word_1_467' title='bbox 1090 2574 1178 2610; x_wconf 78' lang='lat' dir='ltr'>lario,</span> <span class='ocrx_word' id='word_1_468' title='bbox 1203 2579 1311 2607; x_wconf 89' lang='lat' dir='ltr'>nostro</span> <span class='ocrx_word' id='word_1_469' title='bbox 1333 2575 1504 2607; x_wconf 82' lang='lat' dir='ltr'>secundum</span> <span class='ocrx_word' id='word_1_470' title='bbox 1531 2585 1656 2607; x_wconf 86' lang='lat' dir='ltr'>carnem</span> <span class='ocrx_word' id='word_1_471' title='bbox 1675 2586 1712 2608; x_wconf 84' lang='lat' dir='ltr'>ex</span> <span class='ocrx_word' id='word_1_472' title='bbox 1734 2576 1829 2609; x_wconf 81' lang='lat' dir='ltr'>fratre</span> 
     </span>
     <span class='ocr_line' id='line_1_93' title="bbox 1089 2628 1829 2673; baseline 0.004 -13"><span class='ocrx_word' id='word_1_473' title='bbox 1089 2637 1240 2671; x_wconf 78' lang='lat' dir='ltr'>germano</span> <span class='ocrx_word' id='word_1_474' title='bbox 1264 2628 1391 2671; x_wconf 86' lang='lat' dir='ltr'>nepoti,</span> <span class='ocrx_word' id='word_1_475' title='bbox 1427 2628 1564 2673; x_wconf 86' lang='lat' dir='ltr'>dictique</span> <span class='ocrx_word' id='word_1_476' title='bbox 1589 2628 1713 2662; x_wconf 83' lang='lat' dir='ltr'>Ordinis</span> <span class='ocrx_word' id='word_1_477' title='bbox 1746 2630 1829 2673; x_wconf 88' lang='lat' dir='ltr'>apud</span> 
     </span>
    </p>
   </div>
   <div class='ocr_carea' id='block_1_14' title="bbox 1740 211 2038 251">
    <p class='ocr_par' dir='ltr' id='par_1_20' title="bbox 1740 211 2038 251">
     <span class='ocr_line' id='line_1_94' title="bbox 1740 211 2038 251; baseline 0.017 -5"><span class='ocrx_word' id='word_1_478' title='bbox 1740 211 1803 247; x_wconf 77' lang='lat'>537</span> <span class='ocrx_word' id='word_1_479' title='bbox 1849 221 1899 250; x_wconf 80' lang='lat' dir='ltr'>An.</span> <span class='ocrx_word' id='word_1_480' title='bbox 1918 221 1948 250; x_wconf 89' lang='lat' dir='ltr'>C.</span> <span class='ocrx_word' id='word_1_481' title='bbox 1969 221 2038 251; x_wconf 83' lang='lat'><strong>1636</strong></span> 
     </span>
    </p>
   </div>
   <div class='ocr_carea' id='block_1_15' title="bbox 1844 2319 2029 2371">
    <p class='ocr_par' dir='ltr' id='par_1_21' title="bbox 1844 2319 2029 2371">
     <span class='ocr_line' id='line_1_95' title="bbox 1886 2319 2029 2342; baseline 0.014 -6"><span class='ocrx_word' id='word_1_482' title='bbox 1886 2319 1943 2342; x_wconf 68' lang='lat' dir='ltr'>Quem</span> <span class='ocrx_word' id='word_1_483' title='bbox 1959 2323 2029 2338; x_wconf 76' lang='lat' dir='ltr'>omnia</span> 
     </span>
     <span class='ocr_line' id='line_1_96' title="bbox 1844 2345 2029 2371; baseline 0 -5"><span class='ocrx_word' id='word_1_484' title='bbox 1844 2347 1894 2371; x_wconf 82' lang='lat' dir='ltr'>petit</span> <span class='ocrx_word' id='word_1_485' title='bbox 1902 2345 2029 2366; x_wconf 80' lang='lat' dir='ltr'>confirmari.</span> 
     </span>
    </p>
   </div>
  </div>
 </body>
</html>
