2248 3229
2 2715 20 2800 ὤ-
13 2687 17 2690 ⁴

0 2822 20 2936 *nu-⁴

0 3186 20 3229 r
0 3021 21 3175 U-'V-‚ss'
6 2992 19 3008 ψ

151 219 200 248 An.
216 217 244 246 C.
267 218 335 247 ¹638

968 219 1109 244 URBANUS

351 276 388 300 ac
417 275 715 312 quorumcumque,
743 272 805 300 tam
838 267 876 300 ab
907 267 1094 301 officialibus

351 325 380 353 et
398 319 548 354 ministris
565 321 660 364 regiis
685 325 715 354 ct
739 321 807 354 aliis
831 320 1111 376 quibuscumque,i

351 372 576 418 cuiuscumque
601 379 709 414 status,
735 374 870 417 gradus,
895 374 1092 415 conditionis,

350 426 616 470 praeeminentiae
641 432 670 460 et
695 427 865 470 dignitatis,
886 428 980 460 etiam
998 427 1109 460 eccle-¹

351 479 494 512 siasticae
523 485 553 512 et
580 479 716 523 regalis,
741 490 776 513 ac
801 479 876 512 alias
901 479 994 512 etiam
1024 490 1092 524 spe-

351 532 421 566 ciali
445 535 520 566 nota
544 538 574 566 et
604 534 750 577 expressa
784 532 942 567 mentione
967 533 1092 576 dignis,

350 596 443 629 quam
460 596 478 618 a
493 585 744 630 quibuscumque
769 585 956 619 officialibus
981 590 1009 620 et
1035 586 1109 628 mi-¹

350 639 457 672 nistris
484 639 572 672 Sedis
596 639 814 683 Apostolieae,
839 650 875 673 ac
902 639 995 672 etiam
1023 632 1109 672 cot-l

350 692 539 734 tectoribus,
565 703 661 736 super
685 693 868 737 praemissis
892 684 1110 737 quomodoti-5

349 745 402 778 bet
426 745 530 778 forsan
555 745 709 778 factorum
735 751 764 779 et
790 751 968 789 gestorum,
995 756 1051 778 seu
1076 756 1092 778 e

349 804 459 833 contra
489 798 704 840 omissorum,
739 800 784 832 vel
821 799 1092 843 qualitercumque

349 852 579 897 permissorum
611 858 641 885 et
665 852 926 893 commissorum,
951 862 986 885 ac
1021 852 1109 887 inde¹

349 911 557 950 sequutorum
582 916 874 950 quorumcumque,
899 911 1039 945 tenores,
1065 915 1093 938 e-

350 959 423 992 tiam
457 959 592 993 maiores
624 965 654 992 et
686 959 847 999 veriores,
871 959 1038 1002 litiumque
1063 963 1092 990 et

349 1023 531 1052 causarum,
556 1012 580 1045 si
605 1023 685 1056 quae
710 1012 803 1045 etiam
828 1011 866 1044 de
891 1012 972 1045 facto
996 1022 1093 1055 super

349 1065 531 1111 praemissis
556 1070 684 1098 exortae
708 1070 739 1098 ct
763 1064 935 1109 pendentes
960 1064 1030 1105 sint,
1055 1064 1109 1097 il-=

348 1121 515 1164 larumque
547 1124 645 1152 status
675 1124 704 1151 et
741 1118 873 1161 merita,
900 1118 1091 1162 nominaque

348 1179 379 1207 et
408 1172 598 1216 cognomina
636 1171 776 1205 iudicum
813 1182 847 1204 ac
885 1171 1091 1204 tribunalium

348 1225 587 1271 quomodolibet
612 1225 883 1269 qualificatorum‚
909 1225 1002 1257 etiam
1035 1224 1092 1257 lai-

349 1280 474 1321 calium,
493 1284 523 1311 et
547 1278 798 1322 collifiganthun,
817 1289 852 1311 ac
869 1288 1093 1322 quorumcum-

348 1343 409 1379 que
433 1333 567 1366 aliorum
592 1332 643 1365 hic
672 1332 776 1365 forsan
809 1331 1091 1376 exprimendorum

349 1392 378 1420 et
403 1385 662 1427 inserendorum,
684 1396 742 1430 pro
766 1386 857 1430 plene
882 1390 911 1418 et
936 1386 1092 1418 sufficien-

350 1446 397 1474 ter
421 1439 576 1484 expressis
607 1444 638 1472 et
662 1439 788 1472 insertis
813 1439 980 1480 habentes,
1005 1444 1110 1479 [[ιοῑυἰ

349 1493 491 1539 proprio,
509 1497 656 1536 certaque
681 1492 811 1526 scientia
829 1494 1016 1536 maturaque
1043 1492 1093 1525 de-

350 1547 534 1580 liberatione
550 1546 678 1586 nostris,
696 1546 798 1590 deque
823 1545 1015 1589 apostolicae
1040 1556 1110 1590 po·-

349 1600 468 1634 testatis
488 1599 704 1644 plenitudine,
729 1599 944 1643 praesentium
969 1604 1111 1648 nostra-1

349 1665 419 1688 rum
443 1653 621 1686 litterarum
647 1652 738 1695 serie,
763 1663 874 1686 omnes
898 1658 927 1686 ct
952 1651 1111 1696 singulos}

349 1713 447 1750 actus,
462 1706 554 1740 etiam
572 1717 630 1751 per
654 1706 784 1739 modum
808 1706 1041 1747 declarationis,
1057 1716 1093 1739 ac

350 1762 425 1794 alias
449 1759 690 1805 quomodolibet
711 1760 819 1800 factos,
840 1765 902 1792 tam
927 1770 986 1804 per
1003 1770 1093 1804 quos-

351 1824 484 1858 cumque
509 1813 671 1847 ministros
694 1817 725 1847 et
749 1814 899 1847 officiales
923 1814 1029 1857 regios
1057 1825 1093 1847 ac

351 1867 470 1902 iudices
495 1872 524 1900 et
548 1876 764 1910 quoscumque
793 1867 871 1900 alios
902 1867 1012 1910 quavis
1043 1878 1094 1900 au-

351 1921 496 1955 ctoritate
513 1919 721 1964 procedentes
741 1920 908 1963 praefatos,
927 1930 1019 1964 quam
1036 1931 1094 1964 per

351 1983 568 2020 quoscumque
593 1973 742 2006 officiales
767 1977 795 2005 ct
821 1972 982 2006 ministros
1006 1973 1111 2007 Sedisl

352 2027 571 2073 Apostolicac‚
596 2037 630 2059 ac
656 2026 747 2059 etiam
774 2036 830 2069 per
855 2025 1040 2059 collectores
1064 2029 1112 2066 et?

351 2090 569 2127 quascumque
595 2079 670 2112 alias
695 2089 847 2123 personas
872 2084 901 2112 et
926 2079 1094 2112 tribunalia

352 2135 461 2180 quavis
486 2133 672 2167 auctoritate
705 2133 869 2175 fungentes
901 2136 929 2166 et
955 2132 1111 2175 flingen-3

352 2190 404 2231 tia,
421 2198 515 2232 super
539 2187 685 2231 praefatis
706 2186 807 2222 bonis.
826 2186 1001 2229 cappellas¹
1020 2196 1096 2218 nun-

353 2242 489 2287 cupatis,
517 2240 738 2279 ecclesiarum,
763 2239 1027 2273 monasteriorum
1053 2250 1091 2271 u-

353 2296 495 2339 triusque
520 2304 611 2327 sexus
627 2320 635 2334 ‚
660 2293 910 2332 bcnfflcffirum,
940 2302 1091 2336 operum-

353 2359 414 2393 que
439 2353 469 2381 et
495 2347 637 2380 locorum
671 2346 794 2390 piorum
828 2345 1039 2389 praefatorum
1065 2340 1112 2377 et'

353 2407 462 2436 contra
487 2411 597 2434 eorum
630 2410 827 2444 possessores
863 2400 1039 2443 praefatos,
1065 2405 1095 2431 et

354 2456 429 2488 alias
455 2459 565 2488 contra
590 2453 848 2494 iurisdictionem,
866 2453 1043 2486 libertatem
1065 2458 1095 2485 et

355 2508 583 2543 immunitatem
604 2506 856 2547 eeclesiasticam,
875 2511 903 2538 et
933 2506 1000 2539 iura
1029 2517 1095 2539 san—

355 2568 422 2596 ctae
446 2561 534 2595 Sedis
558 2559 765 2604 Apostolicae,
793 2569 864 2592 cum
892 2559 1038 2592 omnibus
1065 2554 1113 2593 et'

1107 991 1109 1004 l

1107 1005 1109 1021 1

392 2626 401 2652 1
421 2623 579 2659 Legendum
595 2622 733 2657 cappellis
750 2626 774 2652 tn
797 2622 845 2655 Τ.).
1110 2619 1113 2656 2

418 2678 497 2705 Butt.
519 2677 602 2705 Rom.
626 2692 655 2695 -v
682 2676 736 2704 Vol.
759 2675 834 2701 xlv.
980 2674 1014 2701 83

1133 218 1189 243 vul
1213 218 1261 243 rr.

1127 267 1379 312 quibuscumque
1397 266 1468 299 inde
1485 264 1625 309 sequutis
1642 267 1671 299 et
1688 263 1865 308 sequendis,

1127 326 1287 365 tamquam
1313 320 1441 354 nulliter
1466 324 1496 352 et
1524 318 1637 352 iniuste
1666 318 1818 351 emanatis
1836 322 1867 350 et

1126 374 1318 414 emanandis,
1332 374 1426 406 fuisse
1447 378 1475 406 et
1493 382 1559 406 esse
1576 372 1670 414 nulla,
1684 371 1865 414 nulliusque

1126 427 1251 460 roboris
1276 431 1306 461 et
1330 426 1492 466 momenti,
1517 431 1547 458 et
1570 435 1785 469 quascumque
1810 423 1865 456 mi-

1125 480 1298 514 nistrorum
1327 486 1357 513 et
1385 479 1565 513 officialium
1593 478 1681 512 Sedis
1708 477 1865 522 Apostoli-

1125 543 1196 575 cae,
1223 533 1316 566 ctiam
1342 533 1546 566 collectorum
1576 531 1780 572 omissiones,
1804 540 1865 564 ne-

1125 586 1307 630 gligentias,
1329 585 1523 626 tolerantias,
1549 588 1601 618 aut
1625 584 1866 629 permissiones,

1126 646 1155 672 et
1172 645 1240 673 aeta
1260 650 1476 684 quaecumque
1497 639 1616 672 nullum
1638 637 1867 682 praeiudicium

1121 693 1276 735 eeclesiis,
1294 693 1416 737 piisque
1431 692 1507 725 loeis
1519 691 1669 733 attulisse,
1684 701 1740 724 seu
1753 688 1868 723 afferre

1126 746 1264 790 potuisse
1289 746 1502 786 declaramus,
1528 745 1660 789 illosque
1685 750 1715 777 et
1739 744 1812 786 itta,
1841 743 1867 777 si

1108 799 1244 843 ,aliquid
1276 799 1442 833 validitatis
1474 809 1625 842 umquam
1659 797 1806 831 habuisse
1837 802 1868 830 et

1126 852 1243 885 habere
1269 859 1321 885 aut
1356 852 1537 885 huiusmodi
1569 851 1798 896 praeiudicium
1823 850 1866 883 af-

1126 906 1208 938 ferre
1233 905 1370 948 potuisse
1386 915 1403 937 a
1420 915 1578 948 quoquam
1596 903 1867 948 praetenderetur,

1125 959 1336 999 annullamus,
1362 959 1599 1002 improbamus,
1628 968 1797 997 cassamuS,
1817 967 1867 990 re-

1126 1020 1275 1044 vocamus
1299 1016 1329 1044 et
1355 1011 1533 1051 irritamus,
1559 1021 1593 1043 ac
1619 1010 1728 1050 irrita,
1760 1009 1867 1050 nulla,

1126 1054 1312 1108 improbata,
1333 1075 1430 1105 cassa,
1448 1063 1631 1108 viribusque
1660 1073 1757 1096 vacua
1774 1063 1868 1097 fuisse

1126 1122 1155 1149 et
1169 1127 1246 1159 esse,
1264 1128 1322 1161 pro
1338 1117 1504 1161 nullisque,
1520 1116 1714 1161 improbatis,
1729 1117 1868 1158 cassatis,

1127 1171 1279 1204 revocatis
1296 1177 1326 1203 et
1348 1171 1445 1204 irritis
1462 1170 1573 1203 haberi
1593 1169 1804 1209 decernimus,
1827 1170 1869 1202 ita

1125 1229 1159 1257 ut
1178 1235 1351 1268 numquam
1371 1224 1492 1268 possint
1513 1223 1661 1267 allegari,
1681 1233 1739 1256 nec
1763 1223 1868 1265 ctiam,

1125 1278 1210 1322 quod
1246 1288 1395 1322 umquam
1426 1277 1497 1310 inde
1529 1277 1648 1321 aliquid
1682 1276 1787 1309 damni
1821 1277 1869 1310 vel

1126 1331 1310 1375 praeiudicii
1327 1330 1467 1364 ecclesiis
1491 1330 1623 1374 aliisque
1643 1330 1791 1374 praefatis
1805 1341 1870 1363 orn-

1126 1385 1218 1417 nibus
1232 1390 1261 1417 et
1275 1384 1406 1427 singulis
1426 1383 1564 1428 poluerit
1577 1383 1665 1423 oriri,
1680 1393 1696 1415 a
1710 1393 1869 1427 quoquam

1127 1439 1157 1471 in
1179 1438 1329 1471 iudicium
1355 1437 1466 1470 deduci
1495 1447 1552 1470 nec
1573 1436 1736 1480 praetendi
1760 1437 1869 1480 possit,

1127 1491 1219 1524 etiam
1245 1495 1409 1535 praetextu
1433 1489 1660 1533 cuiuscumque
1685 1489 1871 1533 interpreta-

1127 1545 1220 1578 tionis
1237 1543 1449 1588 pracsentium
1470 1543 1658 1582 litterarum;
1676 1553 1809 1587 quarum
1827 1543 1870 1575 in-

1129 1597 1384 1641 terpretationem
1402 1601 1432 1630 et
1457 1596 1710 1636 declarationem,
1728 1606 1764 1629 ac
1782 1606 1870 1640 prae-

1127 1651 1285 1684 dictorum
1321 1650 1544 1694 occupantium
1581 1655 1611 1682 et
1647 1649 1869 1694 usurpantium

1128 1714 1414 1748 quorumcumque,
1432 1704 1555 1747 illisque
1581 1703 1743 1743 auxilium,
1765 1703 1870 1736 consi-

1129 1758 1205 1790 lium
1221 1762 1250 1790 et
1264 1758 1403 1790 favorem
1418 1756 1656 1800 praestantium,
1671 1761 1700 1789 et
1713 1756 1766 1799 qui
1781 1761 1870 1789 antea

1128 1811 1360 1856 praestiterunt,
1379 1809 1610 1843 absolutionem
1632 1809 1687 1852 (ita
1701 1814 1734 1842 ut
1751 1809 1781 1841 in
1798 1819 1871 1852 qua-

1128 1875 1263 1908 cumque
1283 1863 1427 1896 facultate
1456 1868 1487 1895 et
1507 1861 1710 1906 dispositione
1730 1862 1870 1905 generali

1129 1918 1222 1951 etiam
1243 1917 1399 1951 cruciatae
1424 1921 1548 1949 sanctae
1574 1915 1703 1948 minime
1729 1925 1871 1959 compre-

1129 1971 1318 2014 hendantur)
1336 1970 1427 2004 nobis
1443 1975 1473 2003 et
1497 1969 1646 2003 Romanis
1667 1969 1870 2002 Pontificibus

1129 2024 1364 2058 successoribus
1388 2023 1504 2057 nostris
1535 2023 1696 2056 dumtaxat
1728 2032 1869 2056 reserva-

1130 2089 1208 2111 mus.

1174 2132 1188 2175 g
1211 2131 1241 2164 3.
1260 2131 1441 2163 praesentes
1458 2140 1583 2174 quoque
1599 2129 1728 2171 litteras,
1749 2129 1870 2163 omnia-

1129 2194 1189 2228 que
1214 2189 1243 2216 et
1268 2183 1391 2225 singula
1410 2178 1506 2215 ineis
1531 2188 1686 2223 contenta,
1703 2183 1742 2216 dc
1762 2183 1871 2215 subre-

1131 2237 1254 2280 ptionis,
1273 2236 1478 2279 obreptionis,
1496 2246 1531 2269 ac
1555 2236 1781 2280 cuiuscumque
1804 2235 1871 2268 nul-

1111 2283 1113 2289 *
1131 2290 1233 2331 litatis,
1248 2295 1299 2322 aut
1314 2289 1513 2322 invaliditatis
1527 2289 1611 2330 vitio,
1628 2289 1871 2332 intentionisque

1131 2350 1266 2386 nostrae,
1283 2355 1319 2377 ac
1335 2337 1536 2388 quocumque
1553 2343 1614 2377 alio
1631 2343 1764 2383 defectu,
1778 2353 1872 2386 quan-

1132 2398 1271 2432 tumlibet
1289 2397 1494 2436 substantiali,
1512 2397 1605 2429 ctiam
1623 2407 1658 2429 cx
1677 2407 1714 2429 eo
1735 2397 1819 2440 quod
1841 2397 1871 2429 in

1131 2450 1312 2495 praemissis
1335 2449 1569 2493 quomodolibet
1589 2449 1739 2482 iuteresse
1757 2449 1873 2483 liaben-

1131 2509 1175 2538 tes
1204 2504 1250 2537 vel
1277 2503 1394 2536 babere
1418 2503 1657 2547 praetendentes
1680 2503 1872 2547 quicumque

1130 2558 1222 2591 etiam
1245 2557 1377 2591 ministri
1398 2563 1424 2589 et
1444 2556 1593 2589 officiales
1610 2555 1689 2599 regii
1709 2556 1870 2600 praedicti,

1131 2618 1160 2646 et
1177 2611 1364 2655 pracsertim
1383 2610 1510 2653 iudices,
1529 2609 1663 2643 ministri
1678 2614 1708 2643 et
1724 2609 1872 2644 officiales

1774 206 1837 241 657
1884 214 1933 244 An.
1953 213 1982 242 C.
2000 212 2066 242 1638

1912 2136 2033 2160 clausulae.
