2248 3229
229 211 279 240 An.
294 211 324 239 G.
344 212 413 241 1635
457 203 522 238 490

275 803 346 825 Refert
360 802 415 823 litle-

233 836 267 852 ras
277 830 357 856 pridem
368 835 380 849 a
393 834 415 850 se

233 858 300 878 editas
340 856 416 881 quibus

232 885 322 904 montem
333 881 416 902 Carme-

233 910 274 930 lum
296 909 347 929 solis
367 909 416 929 Car-

233 935 310 956 melitis
334 935 415 955 adiudi-

233 963 326 983 caverat.

739 258 854 292 DXXII.

427 331 623 364 Prohibetur
635 328 792 371 fratribus
804 327 1034 361 Carmelitanis
1045 325 1167 359 Discat-

471 383 567 416 ceatz's
584 382 620 414 in
632 382 740 414 Monte
755 380 913 420 Carmeia,
930 380 988 412 sub
999 381 1104 423 poena
1120 389 1168 412 ea:-

471 434 771 467 communicationis
797 433 882 465 latae
910 433 1102 472 sententiae,
1129 442 1169 465 ne
1184 458 1185 461 ,

470 487 516 526 id,
533 485 620 529 quod
636 497 657 518 a
673 485 938 528 christifidelibus
960 495 1019 528 pro
1044 494 1168 517 conser-

470 539 578 573 vande
585 540 781 582 possessione
790 538 870 571 dicti
879 538 999 571 Montis
1012 538 1169 570 donatum
1185 535 1186 560 ἶ

470 593 581 635 fuerit,
597 592 634 625 in
653 592 736 624 alios
749 601 827 623 usus
843 590 1056 623 conver-tamt

640 672 774 700 Urbanus
791 672 869 706 Papa
879 672 956 704 VIII,

570 717 606 744 ad
625 716 758 744 futuram
777 716 821 744 rei
841 715 1023 743 memoriam.

474 789 490 832 ἕ
514 788 542 821 ’1.
568 787 650 821 Alias
674 798 691 819 a
715 786 806 820 nobis
831 792 1017 819 emanarunt
1049 786 1171 820 litterae

431 841 548 877 tenoris
567 840 798 884 subsequentis,
816 840 978 873 videlicet:

611 895 760 928 Urbanus
777 894 873 937 Papa
895 894 988 934 VIII,
1019 922 1023 924 i
1129 886 1145 905 '¹
1187 888 1189 913 ‘¹

546 947 588 981 ad
611 949 761 991 futuram
784 948 833 980 rei
856 947 1057 980 memoriam.

475 1001 710 1046 Circumspecta
735 1001 823 1034 Sedis
847 1000 1045 1044 Apostolicae
1069 1000 1172 1044 provi-

431 1055 535 1088 dentia
552 1054 785 1097 religiosorum,
803 1054 857 1097 qui
867 1053 887 1095 ³,
906 1053 994 1087 obliti
1018 1054 1171 1097 populum

432 1119 523 1142 suum
544 1112 574 1141 et
597 1107 726 1140 domum
747 1106 845 1150 patris
869 1106 927 1147 sui,
954 1106 1050 1139 divini
1074 1106 1173 1139 numi-

431 1161 480 1195 nis
504 1160 663 1204 obsequiis
689 1170 723 1193 se
752 1159 992 1202 manciparunt,
1018 1159 1096 1192 votis
1123 1170 1173 1192 ca-

432 1215 566 1249 tholICae
583 1214 655 1247 fidei
675 1213 936 1258 propagationem
954 1218 983 1245 et
1000 1212 1095 1245 divini
1113 1213 1174 1245 cul-

434 1274 483 1302 tus
514 1272 718 1310 augmentum
748 1266 1010 1299 concernentibus
1040 1266 1174 1299 libenter

434 1321 560 1363 annuit,
586 1330 684 1364 eaque
708 1320 868 1353 favoribus
891 1319 1094 1363 prosequitur
1118 1330 1175 1363 op-

434 1374 588 1419 portunis.
615 1373 735 1417 Exponi
767 1372 922 1416 siquidem
952 1373 1044 1406 nobis
1075 1383 1193 1416 nuper,

434 1429 577 1461 fecerunt
601 1426 706 1459 dilecti
723 1426 778 1459 nui
796 1426 996 1470 praepositus
1020 1426 1194 1481 generans

436 1487 466 1515 et
495 1481 609 1514 fratres
641 1480 765 1514 Ordinis
797 1480 829 1513 B.
862 1480 976 1513 Mariae
1007 1480 1045 1513 de
1074 1481 1195 1517 Monte]

435 1535 579 1570 Carmelo
604 1534 785 1568 Discalceati
814 1535 994 1578 nuncupati,
1021 1534 1105 1577 quod
1136 1534 1178 1567 di-

438 1589 479 1622 cti
502 1589 615 1621 fratres
632 1588 663 1620 in
680 1588 821 1631 legitima
846 1588 1043 1632 possessione
1063 1588 1196 1621 montis}

438 1642 571 1677 Carmeli
600 1642 754 1686 praedicti
778 1642 923 1674 existunt.
949 1642 1023 1675 Cum
1053 1647 1177 1683 autem,

439 1695 520 1729 sicut
543 1695 651 1728 eadem
677 1695 829 1738 expositio
854 1695 1071 1737 subiungebat,
1088 1705 1178 1738 prae-

439 1749 560 1793 positus
584 1748 739 1791 generalis
756 1752 786 1780 et
809 1748 922 1780 fratres
936 1748 1091 1796 praedicti
1108 1759 1179 1792 pos·
1195 1737 1197 1756 ”

441 1802 612 1836 sessionem
638 1801 818 1834 huiusmodi
845 1811 918 1834 suae
943 1801 1110 1844 religioni,
1138 1801 1198 1834 itar

442 1861 490 1896 ut,
508 1855 574 1888 sine
591 1855 718 1899 speciali
735 1856 843 1888 nostra
864 1865 920 1888 seu
939 1854 1033 1887 buius
1051 1855 1180 1888 Sanctae
1197 1885 1198 1888 ,

443 1908 530 1942 Sedis
550 1908 684 1949 licentia,
703 1907 779 1940 nulli
800 1907 928 1940 alterius
952 1907 1114 1950 religionis
1131 1919 1180 1941 re-

442 1961 556 2004 ligioso
581 1961 613 1993 in
637 1961 747 1994 eodem
772 1966 878 1994 monte
902 1961 1044 1993 habitare
1064 1962 1112 1994 vel
1136 1962 1181 1994 lo-

444 2025 516 2048 cum
541 2014 658 2048 habere
681 2015 781 2056 liceat,
806 2014 977 2058 apostolica
998 2014 1200 2052 auctoritate

445 2068 625 2102 confirmari
650 2077 851 2111 summopere
876 2067 1068 2109 desiderent,
1092 2068 1183 2100 nobis

444 2125 612 2166 propterea
635 2120 730 2153 iidem
754 2120 954 2165 praepositus
978 2121 1133 2163 generalis
1154 2126 1184 2154 et

446 2174 558 2208 fratres
581 2174 743 2207 humiliter
767 2173 938 2218 supplicari
961 2174 1122 2215 fecerunt,
1150 2179 1184 2207 ut

446 2228 479 2261 in
501 2227 682 2272 praemissis
706 2232 884 2272 opportune
908 2227 1084 2271 providere,
1099 2232 1129 2260 et
1152 2232 1185 2260 ut

447 2280 527 2314 infra
555 2280 719 2323 indulgere
742 2280 780 2313 de
804 2280 996 2323 benignitate
1012 2280 1185 2324 apostolica

447 2334 662 2378 dignaremur.
688 2334 750 2368 Nos
775 2333 880 2376 igitur,
905 2333 1003 2366 dictos
1027 2334 1187 2378 praeposi-

448 2393 514 2421 tum
539 2388 718 2431 generalem
745 2392 775 2420 et
796 2387 908 2420 fratres
932 2387 1120 2432 specialibus
1144 2387 1186 2420 sa-

449 2441 577 2474 voribus
606 2446 637 2474 et
664 2440 773 2484 gratiis
796 2440 943 2484 prosequi
968 2441 1128 2481 volentes,
1157 2445 1188 2473 et

450 2505 467 2527 a
480 2494 642 2539 quibusvis
654 2494 996 2537 excommunicationis,
1013 2493 1188 2538 suspensio-

488 2567 499 2593 1
517 2564 555 2592 Ex
569 2565 679 2600 Regest.
694 2565 721 2592 in
736 2566 839 2593 Secret.
855 2565 992 2592 Brevium.

487 2610 503 2637 2
517 2610 663 2646 Perperam
678 2610 742 2638 edit.
759 2610 839 2638 Main.
855 2610 920 2647 legit
934 2611 1038 2647 quibus
1053 2610 1089 2646 (R.
1107 2609 1155 2646 12).

1008 209 1187 233 BULLARIUM
1210 207 1364 232 ROMANUM

1200 254 1248 287 nis
1278 258 1309 286 et
1342 253 1521 293 interdicti,
1556 252 1687 296 aliisque
1718 250 1937 285 ecclesiasticis

1201 306 1383 348 sententiis,
1409 304 1549 338 censuris
1573 310 1602 337 et
1625 305 1742 348 poenis,
1760 316 1778 338 a
1797 305 1866 338 iure
1889 304 1937 336 vel

1201 361 1240 393 ab
1261 359 1400 399 homine,
1418 357 1527 401 quavis
1543 357 1707 390 occasione
1722 359 1771 391 vel
1788 360 1882 391 causa
1898 358 1938 390 la-

1201 413 1249 453 tis,
1270 413 1295 445 si
1312 412 1426 455 quibus
1450 410 1686 455 quomodolibet
1709 410 1847 444 innodati
1863 410 1939 443 exis-

1202 469 1278 508 tunt,
1305 465 1343 497 ad
1367 465 1513 498 effectum
1540 463 1753 507 praesentium
1781 462 1940 496 dumtaxat

1202 517 1468 561 consequendum,
1493 517 1607 550 harum
1630 516 1710 549 serie
1735 516 1940 556 absolventes,

1203 577 1233 604 et
1256 571 1416 604 absolutos
1452 571 1518 604 fore
1546 574 1729 610 censentes,
1763 568 1941 602 huiusmodi

1204 623 1484 668 supplicationibus
1498 623 1648 665 inclinati,
1663 623 1701 656 de
1714 621 1942 655 venerabilium

1204 678 1336 711 fratrum
1365 681 1547 711 nostrorum
1571 676 1600 709 S.
1620 676 1653 708 R.
1677 676 1709 709 E.
1737 675 1943 709 cardinalium

1204 731 1425 775 propagandae
1442 731 1473 763 in
1497 731 1678 763 universum
1702 729 1855 763 mundum
1871 728 1943 762 fidei

1205 784 1376 817 catholicae
1393 784 1646 827 praepositorum
1663 783 1803 825 consilio,
1821 792 1944 826 posses-

1205 837 1325 869 sionem
1349 836 1541 880 praedictam
1566 836 1685 869 eisdem
1709 835 1890 879 praeposito
1915 840 1945 868 et

1205 889 1377 929 fratribus,
1402 888 1573 933 apostolica
1607 888 1812 928 auctoritate,
1837 893 1945 922 tenore

1188 943 1429 987 praesentium,
1448 942 1490 976 ita
1513 942 1598 987 quod
1622 942 1699 974 nulli
1722 941 1871 985 religioso
1896 953 1947 975 cu-

1207 997 1392 1042 iuscumque
1409 996 1538 1028 alterius
1558 995 1729 1039 religionis,
1747 1000 1799 1029 aut
1819 1005 1947 1038 congre-

1208 1049 1360 1092 gationis,
1386 1060 1441 1082 seu
1478 1049 1610 1082 instituti
1643 1049 1735 1082 liceat
1766 1048 1797 1081 in
1828 1049 1947 1082 dictum

1208 1107 1345 1135 montem
1372 1113 1404 1135 se
1431 1102 1583 1145 recipere,
1601 1101 1705 1145 ibique
1734 1101 1883 1144 habitare,
1900 1102 1947 1135 vel

1207 1157 1311 1189 locum
1332 1156 1464 1196 habere,
1482 1155 1548 1189 sine
1570 1155 1697 1200 speciali
1715 1155 1802 1188 Sedis
1823 1155 1947 1200 praedi-

1208 1215 1274 1243 ctae
1291 1210 1427 1251 licentia,
1444 1209 1614 1254 apostolica
1631 1209 1826 1249 auctoritate,
1840 1214 1948 1242 tenore

1208 1264 1444 1308 praesentium,
1476 1264 1709 1297 confirmamus.
1741 1263 1949 1296 Decernentes

1209 1322 1390 1361 praesentes
1413 1317 1533 1350 litteras
1558 1316 1683 1357 validas,
1704 1316 1811 1349 firmas
1835 1321 1865 1349 et
1888 1316 1950 1349 effi-

1210 1381 1298 1403 caces
1323 1370 1457 1404 existere
1482 1375 1512 1403 et
1536 1370 1612 1411 sore,
1636 1369 1877 1413 praedictaeque
1902 1380 1950 1403 re-

1210 1424 1320 1467 ligioni
1345 1424 1527 1468 plenissime
1553 1423 1737 1465 suffragari3
1763 1423 1869 1466 sicque
1893 1433 1950 1467 per

1211 1487 1427 1521 quoscumque
1453 1477 1572 1510 iudices
1597 1476 1774 1510 ordinarios
1803 1480 1832 1510 et
1865 1476 1949 1509 dele-

1212 1535 1300 1573 gatos
1330 1530 1423 1563 etiam
1457 1541 1624 1564 causarum
1655 1529 1762 1573 palatii
1786 1529 1951 1573 apostolici

1212 1583 1382 1626 auditores,
1407 1584 1539 1617 iudicari
1564 1588 1594 1616 et
1621 1582 1744 1616 definiri
1768 1583 1892 1623 debere,
1915 1593 1951 1616 ac

1213 1637 1338 1671 irritum
1370 1642 1400 1670 et
1424 1638 1534 1679 inane,
1560 1637 1584 1670 si
1614 1647 1703 1669 secus
1731 1647 1826 1680 super
1856 1636 1905 1670 his
1934 1647 1951 1669 a

1213 1701 1383 1735 quoquam,
1400 1691 1508 1734 quavis
1533 1689 1729 1731 auctoritate,
1750 1690 1883 1723 scienter
1903 1690 1951 1723 vel

1213 1745 1406 1788 ignoranter,
1431 1744 1599 1787 contigerit
1622 1743 1776 1776 attentari.
1802 1744 1871 1776 Non
1894 1743 1952 1776 ob—

1214 1798 1366 1830 stantibus
1391 1797 1666 1831 constitutionibus
1691 1802 1722 1830 et
1746 1796 1951 1831 ordinationi-

1213 1852 1272 1884 bus
1289 1851 1478 1896 apostolicis‚
1503 1851 1677 1894 ceterisque
1705 1850 1872 1884 contrariis
1888 1850 1953 1896 qut

1214 1906 1418 1949 buscumque.

1259 1960 1370 1992 Datum
1379 1960 1506 1999 Rornae,
1515 1958 1599 2002 apud
1609 1958 1637 1992 S.
1648 1958 1786 2000 Petrum,
1793 1957 1850 1992 sub
1858 1963 1953 1992 annu-

1215 2013 1245 2046 lo
1259 2012 1436 2053 Piscatoris,
1450 2012 1499 2045 dle
1524 2022 1557 2046 111
1582 2011 1757 2045 decembris
1777 2022 1951 2055 nncxxxm,

1216 2067 1414 2110 pontificatus
1437 2066 1536 2100 nostri
1560 2076 1641 2101 anno
1660 2075 1701 2100 XI.

1262 2121 1277 2163 ξ
1301 2120 1330 2153 Ξ.
1356 2120 1444 2153 Nunc
1468 2124 1571 2151 autem
1590 2118 1819 2152 conservationi
1836 2129 1956 2162 posses-

1218 2173 1313 2206 sionis
1327 2172 1507 2206 huiusmodi
1521 2182 1556 2205 ac
1572 2172 1788 2206 observantiae
1801 2172 1956 2215 regularis

1219 2227 1250 2259 in
1266 2226 1411 2259 eumdem
1430 2230 1568 2258 montem
1583 2225 1780 2259 introductae
1797 2230 1956 2259 manuten-

1220 2280 1310 2321 tioni,
1337 2285 1487 2324 quantum
1513 2289 1585 2312 cum
1609 2278 1741 2312 Domino
1766 2290 1955 2323 possumus,

1221 2333 1394 2373 consulere,
1417 2332 1696 2376 praepositumque
1724 2333 1902 2375 generalem
1927 2338 1957 2366 et

1220 2387 1332 2419 fratres
1357 2385 1534 2429 praedictos
1559 2385 1766 2429 amplioribus
1798 2385 1957 2419 favoribus

1221 2445 1250 2473 et
1280 2439 1389 2482 gratiis
1419 2439 1569 2483 prosequi
1593 2439 1754 2481 volentes,
1785 2443 1814 2471 et
1845 2448 1956 2472 eorum

1221 2493 1396 2536 singulares
1410 2502 1559 2536 personas
1572 2502 1589 2524 a
1601 2492 1763 2535 quibusvis
1778 2501 1958 2524 excommu-

1221 2546 1395 2586 nicationis,
1421 2545 1636 2589 suspensionis
1653 2549 1682 2578 et
1694 2544 1860 2587 interdicti,
1877 2544 1958 2577 aliis-

1222 2610 1283 2645 que
1307 2598 1525 2633 ecclesiasticis
1549 2597 1726 2641 sententiis,
1756 2597 1896 2632 censuris
1927 2602 1959 2632 et

1950 201 2001 230 An.
2016 202 2047 230 C.
2066 202 2134 231 ¹635

1990 2127 2116 2151 Prohibtttu,
2126 2127 2153 2148 de

1970 2161 2012 2182 qua
2024 2154 2044 2175 in
2059 2154 2152 2176 rubrica.

2223 389 2241 468 ³2:⁶⁹⁴*

2228 691 2248 1129 μςῃΜιΜιῆ
2224 457 2248 681 5>mess

2242 1405 2246 1430 es
2241 1370 2244 1375 -
2237 1255 2246 1355 i-.0..-.
