2248 3229
189 243 238 270 An.
260 242 289 270 c.
311 242 379 272 1639
426 233 490 268 714
950 241 1130 266 nontamen
1153 241 1310 266 aomar-21

386 298 415 324 et
441 290 629 324 sufficienter
657 290 812 333 expressis
840 299 876 321 ac
903 289 941 321 tle
968 289 1062 321 verbo
1087 288 1389 331 ad‘contiguarum,
1404 294 1433 322 et
1446 299 1504 333 pro
1517 289 1642 323 illarum
1660 291 1801 324 custodia
1815 301 1896 326 com-

386 345 516 378 vcrbum
532 344 655 376 insertis
672 343 832 382 hahentes,
847 342 908 374 illis
925 342 999 374 alias
1015 342 1047 373 in
1068 352 1125 375 suo
1141 346 1143 351 ⁴
1159 343 1336 382 modarum,
1361 343 1392 375 in
1421 343 1535 386 quibus
1559 344 1721 377 molitores
1744 345 1894 388 habitant,

1898 245 1956 274 An.
1977 245 2005 273 C.
2026 243 2094 274 1530

214 1203 292 1224 mmlx-a
308 1202 371 1224 huius

190 1229 355 1251 consttluttonls.

334 1491 337 1493 ,
387 1457 540 1489 scalarum
559 1461 588 1488 et
605 1455 830 1487 tussicularum
848 1455 1030 1487 earumdem
1049 1465 1126 1498 pen·
1143 1473 1145 1501 l

386 398 503 431 robore
535 396 750 440 permansuris
765 422 772 434 ,
804 395 842 427 ad
877 395 1123 438 praemissorum
1141 383 1142 398 ¹

386 449 543 488 effectum,
561 449 619 481 hac
636 449 703 480 vice
719 448 879 481 dumtaxat
903 447 1080 490 specialiter
1096 453 1125 479 et

386 512 533 546 expresse
546 501 752 543 derogamus,
771 500 945 542 ceterisque
959 499 1125 532 contrariis
1141 539 1142 543 Ἰ

385 555 643 599 quibuscumque.
1140 546 1141 554 ¹

429 607 541 640 Datum
555 607 681 647 Romae,
692 605 774 649 apud
791 606 819 638 S.
838 605 976 643 Petrum,
991 604 1048 637 sub
1073 615 1124 637 an-

387 661 462 694 nulo
477 659 657 699 piscatoris,
675 658 724 691 die
744 668 808 692 xxu
825 658 934 702 aprilis
950 667 1124 699 nncxxxlx,
1140 666 1142 694 J

385 712 585 758 pontificatus
609 712 708 744 nostri
733 721 814 744 anno
839 720 903 744 ΠΙ.

421 772 479 801 Dat.
497 772 539 800 die
553 772 588 799 22
605 771 698 807 aprilis
719 771 803 805 1639,
825 771 921 806 pontif.
944 778 1014 798 anno
1029 777 1082 798 Χνι.

668 913 845 947 DCXXXIX.

408 993 591 1038 Priviteqia
607 993 814 1027 molitoribus
832 992 925 1027 Urbis
944 980 1100 1027 concessa.

588 1073 722 1100 Urbanus
743 1073 822 1106 Papa
841 1073 920 1106 VIII,

509 1118 544 1146 ad
564 1121 740 1152 perpetuam
760 1117 803 1145 rei
824 1116 1003 1145 memoriam.

430 1189 527 1231 Cum,
562 1189 641 1222 sicut
670 1188 869 1231 accepimus,
905 1188 1026 1220 dilectis
1055 1188 1145 1233 siliis}

386 1242 578 1275 universitati
599 1247 628 1274 et
645 1241 827 1274 hominibus
848 1241 923 1274 artis
943 1241 1126 1274 molitorum

386 1295 487 1328 almae
512 1295 614 1334 [Ti-bis,
640 1294 754 1327 nedum
780 1294 946 1335 molarum,
965 1304 1000 1327 ac
1021 1294 1145 1327 domo-l

385 1360 455 1383 rum
483 1348 601 1381 eisdem
625 1348 716 1381 molis
741 1348 977 1390 contiguarum,
1003 1348 1043 1381 ob
1067 1359 1124 1381 ne-

387 1402 544 1436 cessitates
575 1402 755 1445 repentinas
785 1401 1058 1443 necessariarum,
1091 1399 1145 1434 ac]

387 1510 490 1544 slones
520 1520 574 1542 seu
602 1509 772 1542 locationes
800 1509 989 1552 quandoque
1018 1504 1145 1556 augeri*¹

387 1563 565 1605 contingat,
588 1572 697 1594 rerum
724 1562 816 1594 etiam
847 1561 995 1605 permulti
1027 1562 1145 1594 molan

386 1615 466 1648 riam
485 1619 584 1648 artem
606 1625 715 1647 revera
732 1625 795 1647 non
813 1620 1003 1654 exercentes,
1019 1615 1127 1654 molas,
1143 1622 1144 1638 t

386 1667 507 1710 domos,
521 1669 618 1701 scalas
631 1673 661 1700 et
681 1668 849 1701 turriculas
862 1668 1043 1702 huiusmodi
1064 1678 1128 1701 mo-
1144 1687 1145 1690 =

386 1722 531 1755 litoribus
554 1721 700 1754 locandas
736 1731 791 1754 seu
823 1721 1029 1754 sublocandas
1054 1732 1145 1768 con-¹

387 1775 515 1814 ducant,
538 1775 586 1807 rel
611 1775 643 1807 in
667 1774 768 1808 socios
793 1775 851 1807 sibi
878 1775 1049 1815 molitores,
1074 1775 1127 1818 qui

1159 405 1212 427 seu
1237 395 1437 437 habitabunt,
1459 396 1625 439 pensiones
1650 406 1704 428 seu
1726 396 1896 431 locationes

1158 448 1267 491 augeri
1283 454 1450 492 nequeant,
1471 449 1619 492 quodque
1638 449 1808 482 locationes
1833 460 1897 484 mo·

1158 501 1270 540 larum,
1296 501 1462 541 scalarum,
1487 501 1654 534 domorum
1679 507 1710 534 et
1733 502 1897 535 turricula-

1140 557 1230 586 'rum
1256 553 1436 587 huiusmodi
1468 554 1567 587 sactae
1597 554 1658 587 illis
1689 555 1743 598 qui
1772 555 1898 588 realiter

1159 611 1189 639 et
1215 617 1287 639 cum
1308 607 1421 639 effectu
1441 607 1603 640 molitores
1618 617 1680 640 non
1698 613 1770 640 sunt
1786 613 1816 640 et
1832 618 1899 652 per-

1159 660 1310 692 sonaliter
1329 665 1428 692 artem
1446 660 1638 703 praedictam
1658 671 1723 694 non
1743 665 1897 703 exercent,

1159 713 1231 745 licet
1256 718 1397 756 patentes
1421 712 1556 756 desuper
1580 714 1720 757 ipsorum
1744 714 1898 747 universi-

1142 767 1229 799 ¹tatis
1255 772 1284 799 et
1308 767 1472 798 hominnm
1496 767 1615 800 litteras
1638 767 1840 808 obtinuerint,
1865 777 1897 801 e-

1160 820 1263 852 tiamsi
1278 819 1316 852 de
1332 819 1540 852 locationibus
1556 819 1738 854 huiusmodi
1755 820 1899 864 specialis

1161 873 1278 905 mentio
1292 873 1432 905 facienda
1443 873 1533 913 soret,
1550 873 1700 916 ipsaeque
1717 873 1810 906 etiam
1828 883 1899 917 apo-

1161 926 1270 959 stolica
1283 926 1467 959 auctoritate
1485 926 1688 960 confirmatae
1709 927 1779 969 sint,
1796 927 1900 961 nullae

1161 984 1191 1012 et
1222 979 1374 1012 invalidae
1406 979 1488 1020 sint,
1520 985 1550 1012 et
1580 990 1648 1012 esse
1672 990 1707 1012 ac
1740 979 1899 1024 expirasse

1162 1038 1357 1072 censeantur,
1375 1033 1469 1075 inque
1493 1033 1553 1065 illis
1577 1032 1609 1065 in
1634 1033 1780 1066 omnibus
1797 1038 1827 1065 et
1843 1043 1900 1076 per

1162 1086 1267 1119 omnia
1284 1086 1458 1123 molitores,
1473 1085 1649 1129 praedictas
1667 1086 1776 1126 molas,
1790 1086 1898 1127 scalas,

1162 1139 1271 1172 domos
1296 1143 1325 1171 et
1342 1139 1511 1171 turriculas
1528 1138 1707 1171 huiusmodi
1729 1138 1900 1172 inhabitan-

1162 1197 1217 1231 tes,
1227 1191 1370 1224 rcstituto
1384 1196 1488 1223 tamen
1501 1191 1591 1224 dietis
1603 1191 1760 1225 locatariis
1769 1202 1899 1224 suorum

1161 1244 1317 1277 bonorum
1343 1244 1507 1277 mobilium
1532 1245 1647 1285 valore,
1665 1244 1832 1278 succedere
1849 1244 1900 1278 de-

1161 1298 1271 1336 beant;

1205 1352 1220 1394 g
1244 1350 1273 1383 2.
1299 1352 1342 1383 Ac
1366 1356 1544 1394 propterea,
1562 1350 1646 1394 quod
1671 1350 1775 1383 nullus
1799 1351 1900 1383 cuius-

1162 1404 1207 1436 ris
1231 1404 1331 1437 molae
1359 1410 1412 1436 aut
1435 1403 1518 1436 illius
1543 1404 1643 1449 partis
1665 1403 1820 1445 dominus,
1846 1404 1899 1447 qui

1161 1467 1233 1490 vere
1259 1463 1288 1490 ct
1312 1461 1381 1491 actu
1406 1467 1470 1490 non
1489 1457 1528 1489 sit
1545 1456 1682 1499 molitor,
1700 1457 1799 1500 possit
1815 1457 1899 1490 illam

1158 1521 1218 1553 ,per
1236 1510 1358 1542 tertiam
1374 1519 1541 1553 personam
1556 1509 1694 1542 exerceri
1711 1510 1823 1550 facere,
1843 1520 1900 1543 nec

1161 1563 1199 1596 al)
1216 1563 1269 1595 illa
1295 1563 1456 1596 molitores
1479 1568 1550 1595 actu
1571 1568 1752 1596 exercentes
1772 1563 1810 1595 ad
1826 1563 1900 1596 'esse-

1162 1622 1244 1649 ctum
1272 1616 1355 1648 illam
1382 1615 1576 1648 inhabitandi
1600 1626 1760 1656 amovere,
1778 1616 1899 1649 etiarnsi

1161 1669 1339 1713 praedictae
1364 1669 1474 1709 molae,
1500 1668 1622 1708 domus,
1641 1669 1741 1701 scalae
1761 1673 1791 1701 et
1811 1669 1901 1702 turri—

1162 1724 1249 1755 culae
1269 1721 1307 1754 ad
1332 1721 1456 1764 quasris
1481 1721 1634 1761 basilicas,
1662 1721 1851 1768 collegiatam,
1871 1725 1901 1756 et

1162 1777 1237 1808 alias
1263 1775 1427 1814 ccclesias,
1452 1775 1521 1807 loca
1545 1775 1606 1818 pia,
1624 1778 1654 1808 et
1673 1775 1749 1807 alias
1773 1775 1899 1818 quasvis

1915 1363 2034 1410 dcnfflsequa
2049 1369 2098 1384 wn-

387 1839 443 1861 suo
467 1828 594 1861 nomine
618 1834 717 1861 artem
748 1828 927 1861 huiusmodi
953 1834 1127 1868 exerceant,
1161 1829 1372 1873 privilegiatas
1388 1838 1548 1871 personas,
1566 1827 1660 1860 etiam
1677 1827 1804 1871 speciali
1825 1829 1899 1861 nota

387 1887 558 1921 assumant,
578 1882 664 1914 hisce
689 1881 807 1914 artibus
832 1882 954 1914 lucrum
973 1892 1009 1914 ex
1027 1882 1128 1914 alieno
1144 1887 1145 1924 l
1162 1889 1191 1915 et
1216 1882 1373 1914 mentione
1398 1881 1517 1922 dignas,
1535 1885 1563 1912 et
1588 1880 1639 1913 hic
1663 1880 1768 1913 forsan
1791 1880 1829 1913 de
1845 1890 1899 1914 ne·
1941 1895 1943 1897 ¹

388 1935 495 1967 labore
521 1934 675 1977 captando
700 1940 730 1966 et
754 1935 822 1966 aliis
847 1934 1041 1978 pauperihus
1065 1930 1305 1968 ino-³eessitate
1330 1933 1550 1976 cxliii'itnendas
1567 1938 1745 1976 spectarent
1769 1938 1799 1966 et
1829 1943 1898 1977 per-

388 1988 532 2020 litoribus
546 1987 741 2020 occasionem
754 1987 812 2019 sihi
827 1986 997 2030 quaerendi
1011 1987 1127 2020 rictum
1144 1989 1146 2020 5
1163 1987 1296 2021 tine'rcnt
1311 2014 1317 2026 ,
1342 1991 1450 2020 tenore
1475 1986 1687 2029 praesentitim
1704 2013 1711 2026 ,
1736 1986 1900 2019 statuimus

389 2040 618 2073 subtrahendo:
1143 2025 1190 2074 let
1217 2041 1410 2079 ordinamus,
1432 2039 1578 2082 ipsosque
1602 2039 1764 2072 molitores
1784 2039 1814 2071 in
1838 2049 1901 2072 em—

434 2094 448 2136 §
477 2093 501 2126 l.
525 2094 605 2133 Nos,
634 2093 826 2125 attendentes
851 2092 1033 2125 molliorum
1054 2103 1128 2136 ope-
1145 2097 1146 2131 ἶ
1163 2095 1267 2138 ptioue
1292 2094 1459 2132 molarum,
1485 2093 1663 2133 domorum,
1689 2093 1843 2125 scalarum
1871 2098 1900 2126 et

390 2158 455 2180 ram
482 2146 673 2190 reipublicae
702 2147 835 2178 maxime
864 2147 1074 2179 necessariam
1099 2152 1126 2179 ct
1164 2149 1388 2181 turricularum
1413 2146 1594 2179 huiusmodi
1619 2147 1730 2180 ceteris
1755 2147 1900 2180 omnibus

389 2199 498 2232 utilem
525 2210 601 2239 esse,
622 2210 656 2232 ac
681 2199 811 2242 proinde
837 2199 962 2232 illorum
988 2210 1126 2232 commo-
1144 2222 1147 2258 4
1163 2207 1192 2236 et,
1216 2202 1466 2245 quiliusciunspie
1491 2200 1642 2243 praeferri
1667 2200 1821 2233 volumus.

390 2253 436 2285 (lis.
454 2259 483 2285 et,
503 2253 608 2296 quieti,
627 2259 778 2296 quantum
805 2264 875 2286 cum
900 2254 1033 2286 Domino
1059 2265 1145 2297 pos„
1207 2256 1222 2298 ᾗ
1245 2254 1274 2287 3.
1302 2255 1335 2287 lit
1365 2257 1530 2297 propterea
1562 2263 1670 2285 ornnes
1701 2257 1731 2285 ct
1763 2253 1899 2295 singulas

391 2317 508 2346 sumus,
530 2307 693 2338 consulere
718 2307 867 2348 retentes,
894 2313 981 2339 motu
998 2307 1128 2350 proprio
1163 2308 1231 2340 lites
1267 2312 1296 2339 et
1327 2317 1435 2339 causas
1467 2306 1616 2338 hactenus
1651 2306 1756 2338 forsan
1791 2311 1900 2338 contra

390 2365 419 2391 et
439 2370 473 2391 ex
499 2362 583 2391 certa
609 2360 737 2392 scientia
766 2363 951 2404 maturatque
978 2361 1245 2404 delibera-*ipsos
1271 2360 1504 2393 univ‹·1·siiate1n
1530 2365 1559 2391 et,
1576 2359 1719 2392 homines
1736 2360 1900 2393 occasione

391 2412 474 2445 tione
499 2413 625 2452 nostris,
642 2413 741 2456 deque
759 2415 948 2456 apostolicae
966 2414 1129 2457 potestatis
1162 2414 1321 2456 augmenti
1338 2413 1525 2457 pensionum
1554 2422 1609 2445 sen
1626 2412 1818 2445 locationum
1834 2422 1901 2445 mo·

390 2465 599 2507 plenitudine:
623 2466 705 2508 quod
727 2466 764 2498 de
785 2471 888 2500 celero
908 2468 1068 2511 perpetuis
1086 2456 1146 2511 sti-l
1164 2469 1281 2509 larum,
1315 2467 1488 2506 scalarum,
1514 2465 1680 2498 domorum
1706 2469 1735 2499 et
1758 2465 1897 2498 turricu-

393 2518 468 2550 turis
493 2519 686 2561 tcmlziorihus
711 2520 878 2559 molarum,
898 2526 961 2552 tani
987 2521 1018 2552 in
1042 2522 1127 2553 terra
1144 2525 1145 2528 ’
1163 2521 1264 2552 larum
1286 2518 1475 2557 huiusmodi,
1501 2518 1548 2551 vel
1580 2518 1715 2550 aliorum
1748 2527 1900 2561 quorum-

393 2580 484 2612 quam
509 2571 539 2602 in
565 2572 692 2604 iluniine
718 2573 933 2613 existentium,
963 2573 1128 2606 turricula·
1144 2574 1146 2616 l
1163 2584 1297 2616 cumque
1321 2573 1575 2617 praedictorum,
1600 2582 1706 2605 coram
1738 2570 1900 2614 quibusvis

394 2633 482 2663 rum,
507 2624 659 2657 scalarum
693 2630 722 2658 et
746 2626 913 2660 domorum
938 2627 1012 2670 ipsis
1038 2626 1327 2667 molis‚iudicibus‚
1356 2637 1410 2659 seu
1436 2625 1660 2667 tribunalibus,
1687 2624 1778 2657 etiam
1803 2633 1899 2667 quan-

2237 1677 2248 1926 ··m—.-—.—
2239 1634 2248 1642 ι
2245 1611 2248 1619 .

218 2102 297 2124 Melae.
311 2100 375 2122 conti-

193 2128 375 2155 guaequezleiuus,

193 2156 375 2176 n111t=¹oi··t»u<iau·

193 2186 235 2202 inm
249 2181 360 2203 locandae.

1959 2261 2040 2282 Causae
2055 2268 2098 2283 om-

1915 2293 1952 2309 nus
1966 2291 2038 2309 contra
2051 2288 2099 2310 illm

1915 2317 1984 2335 motae
2007 2320 2099 2335 avocan-

1915 2343 1959 2366 tur;
