2248 3229
130 225 182 253 An.
199 224 228 253 C.
245 223 314 253 1632

182 445 315 467 obstantium

133 471 251 499 derogatio.

296 1332 303 1338 ,
339 1290 487 1335 episcopo
508 1295 538 1326 et
557 1292 707 1325 cardinali
732 1297 761 1325 et
785 1292 853 1324 aliis
874 1290 1080 1334 complicibus

166 2425 286 2452 *Decimam
298 2428 336 2449 pro

153 2453 202 2477 rege
231 2451 336 2471 catholico

154 2485 166 2498 a
176 2485 197 2499 se
209 2478 337 2498 ecclesiasti—

153 2506 183 2525 cis
219 2504 337 2531 impositam

153 2531 224 2553 refert.

938 221 1080 247 vnnaxus

330 272 411 316 gerit
431 271 587 312 attentari,
605 270 726 305 sublata
747 269 938 315 quibuslibet
961 270 1070 314 quavis

330 324 487 359 iudicandi
505 330 535 358 et
552 325 777 370 interpretandi
794 325 939 359 facultate
963 329 993 357 et
1015 334 1069 356 au-

331 378 483 412 ctoritate.

375 432 390 476 §
414 432 444 465 li.
470 433 538 466 Non
555 432 752 467 obstantibus
774 432 906 476 singulis
923 431 1072 477 praemis-

332 485 384 527 sis,
402 496 436 520 ac
462 487 608 520 omnibus
633 487 702 528 illis,
720 497 798 530 quae
820 487 851 519 in
870 484 1071 529 praeinsertis
1089 528 1090 531 Ἴ

332 539 444 574 litteris
468 541 584 582 nostris
615 540 795 573 huiusmodi
828 540 985 573 voluimus
1010 532 1090 571 non’:

332 593 467 634 obstare,
486 593 660 637 ceterisque
685 593 852 626 contrariis
872 593 1090 636 minuiscunt-t

333 657 403 690 que.
423 647 572 680 Volumus
597 647 751 688 similiter,
771 647 854 691 quod
873 652 935 679 tam
954 629 1092 690 praeiit-ff

333 706 444 742 sertae,
462 712 556 745 quam
574 707 754 745 praesentes
772 702 902 742 litterae,
922 710 993 733 cum
1011 709 1074 732 om-
1090 696 1093 751 Ξ

333 753 426 787 nibus
450 760 481 787 et.
504 755 636 798 singulis
662 755 692 787 in
717 755 761 788 cis
786 754 957 793 contentis,
983 760 1092 785 suum*

335 807 514 851 plenarium
545 809 716 842 sortiantur
749 814 779 842 et
803 807 908 842 sortiri
941 806 1075 839 debcant

335 860 492 903 effectum,
519 863 706 906 praesertim
732 862 815 896 circa
839 860 1075 894 translationem

336 920 366 947 et
383 916 653 950 transmissionem
670 916 708 949 ad
726 915 933 960 opportunius
950 919 1076 957 tempus

336 979 390 1002 scu
414 969 645 1014 beneplacitum
671 975 814 1003 nostrum
834 967 1077 1001 animadversio-

336 1023 384 1057 nis
400 1024 431 1057 in
448 1024 549 1068 ipsum
568 1025 740 1069 Gasparem
766 1024 949 1068 episcopum
967 1028 997 1056 et
1013 1033 1078 1056 car-

337 1076 472 1111 dinalem
486 1105 493 1119 ‚
509 1078 649 1122 aliosque
674 1078 843 1122 complices
863 1078 958 1110 etiam
980 1076 1078 1110 cardi-

337 1130 434 1172 nales,
451 1131 583 1176 illosque
607 1142 717 1166 omnes
737 1137 767 1165 et
791 1131 932 1175 singulos
957 1134 1078 1163 arctent

338 1189 368 1217 et
399 1184 535 1218 afficiant
563 1185 595 1218 in
626 1185 772 1219 omnibus
806 1189 835 1219 et
863 1195 920 1228 per
951 1183 1056 1217 omnia
1072 1211 1077 1225 ,
1095 1217 1096 1221 ,

337 1237 468 1281 perinde
485 1248 521 1271 ac
538 1238 563 1271 si
580 1238 766 1282 publicatae,
787 1238 934 1281 dictoque
950 1236 1080 1280 Gaspari
1095 1224 1097 1241 ³

340 1344 433 1378 etiam
451 1345 662 1378 cardinalibus
679 1351 710 1378 et
726 1345 854 1378 illorum
871 1344 998 1378 cuilibet
1014 1354 1082 1387 pcr-

340 1398 488 1431 sonaliter
512 1399 671 1432 intimatae
691 1399 831 1432 fuissent.

385 1451 496 1485 Datum
516 1452 644 1493 Romae,
664 1452 747 1496 apud
775 1452 804 1485 S.
830 1452 959 1485 Mariam
988 1451 1082 1484 Maio-

341 1515 419 1547 rem,
433 1506 490 1538 sub
515 1506 630 1539 annulo
654 1506 820 1539 Piscatoris
844 1505 894 1538 die
914 1515 981 1539 xvn
1006 1504 1082 1537 iunii

342 1569 501 1601 nocxxxn,
526 1559 727 1603 pontificatus
751 1559 851 1592 nostri
876 1559 947 1591 anni
973 1569 1014 1592 ix.

376 1613 438 1640 Dat.
456 1612 497 1640 die
515 1613 546 1639 17
562 1612 627 1640 iunii
645 1612 724 1647 1632,
741 1612 836 1648 pontif.
853 1620 924 1639 anno
939 1619 975 1639 lx.

653 1725 773 1758 CDXLI.

345 1788 529 1822 Declaratz'o
561 1788 647 1820 circa
678 1787 833 1820 decimam
863 1790 1086 1820 sexcentorum

389 1837 535 1870 millium
554 1837 744 1870 ducatorum
765 1841 909 1870 monetae
926 1836 1086 1880 Hispani-

389 1897 443 1920 cae
465 1897 522 1930 per
546 1886 722 1919 obtinentes
747 1886 913 1929 simplicia
936 1885 1088 1928 beneficia

390 1936 612 1976 ecclesiastica,
629 1946 770 1979 quorum
785 1936 908 1978 fructus
923 1945 1087 1967 summam

389 1985 654 2028 vz'qintz'qualuor
679 1984 871 2017 ducatorum
889 1984 966 2015 (tetri
985 1983 1023 2016 de
1042 1994 1106 2015 σαν

389 2035 479 2068 merit
504 2034 673 2075 excedant,
701 2034 771 2077 rcssz'
791 2032 948 2066 catholico
965 2032 1106 2081 salven-4

392 2085 467 2117 dam
479 2085 499 2117 ¹.

347 2146 518 2174 Venerabili
533 2146 621 2173 fratri
637 2145 764 2178 Caesari,
780 2144 971 2179 patriarchae
987 2144 1089 2172 Antio-

385 2188 490 2219 cheno,
510 2189 614 2213 nostro
633 2189 664 2213 et.
684 2186 767 2213 Sedis
787 2185 977 2219 Apostolicae
998 2185 1028 2212 in
1043 2192 1089 2212 re-

385 2227 451 2262 gnis
471 2226 679 2260 Hispaniarum
698 2226 816 2258 nuncio,

544 2271 680 2298 Urbanus
710 2271 788 2304 Papa
816 2270 894 2298 VIII.

561 2319 747 2347 Venerabilis
767 2319 875 2351 frater,

386 2361 516 2388 salutem
535 2362 567 2387 et
586 2359 785 2393 apostolicam
803 2359 1053 2387 benedictionem.

396 2417 411 2461 ἓ
435 2417 464 2450 t.
489 2417 571 2450 Alias
595 2426 652 2450 nos
667 2416 678 2433 ²
702 2416 734 2449 in
758 2416 997 2449 subventionem
1024 2416 1092 2449 cha-

351 2470 469 2504 rissimi
494 2470 525 2502 in
548 2469 671 2503 Christo
688 2469 744 2502 filii
764 2469 863 2503 nostri
883 2469 1019 2513 Philippi
1040 2468 1092 2502 Hi-

353 2524 533 2569 spaniarum
550 2523 634 2566 regis
647 2522 793 2556 catholici
811 2522 979 2555 indiximus
993 2528 1022 2555 et
1038 2523 1092 2555 im-

389 2597 401 2624 1
424 2595 461 2623 Ex
481 2595 586 2631 Regest.
608 2594 634 2621 in
654 2594 755 2621 Secret.
777 2594 854 2621 BreV.

390 2642 401 2667 1
419 2640 487 2669 Vide
502 2648 561 2677 sup·
577 2647 640 2676 pag.
656 2639 708 2667 272
723 2639 804 2668 huius
818 2639 884 2668 tomi
898 2639 938 2674 (a.
954 2639 1002 2675 r).

1105 220 1161 245 vm
1185 220 1233 244 Pr.

1105 269 1269 313 posuimus
1289 277 1383 300 unam
1398 265 1493 300 semel
1507 265 1579 299 etin
1592 264 1748 309 praesenti
1761 273 1843 297 anno

1104 321 1343 366 persolvendam
1361 320 1527 361 decimam,
1543 329 1623 364 quae
1640 318 1671 351 in
1689 321 1787 352 totum
1805 317 1843 350 ad

1106 386 1262 410 summam
1276 380 1495 409 sexcentorum
1509 373 1641 406 millium
1656 371 1843 405 ducatorum

1106 434 1249 463 monetae
1267 429 1486 472 Hispaniarum
1504 426 1686 460 ascenderet
1703 426 1785 459 iuxta
1801 436 1845 458 ra-

1107 489 1168 515 tam
1198 494 1215 515 a
1244 488 1271 515 tc
1301 481 1465 514 taxandam
1495 481 1636 514 omnium
1665 480 1845 518 fructuum,

1107 535 1297 575 reddituum,
1311 540 1531 577 proventuum,
1549 533 1845 571 emolumentorum,

1107 599 1142 621 ac
1159 587 1415 621 distributionum
1432 587 1686 630 quotidianarum
1705 585 1846 619 omnium

1108 642 1313 676 ecclesiarum
1337 640 1664 685 archiepiscopatium,
1689 640 1849 684 episcopa-

1109 696 1195 737 lium,
1210 696 1457 739 collegiatarum,
1474 694 1712 738 parocliit‘tlium,
1727 702 1848 726 necnon

1110 750 1384 790 monasteriorum,
1402 760 1437 782 ac
1462 753 1684 788 conventuum,
1700 758 1735 780 ac
1756 747 1848 779 etiam

1110 814 1289 837 mensarum
1308 803 1519 845 abbatialium,
1538 801 1768 846 capitularium,
1788 804 1849 834 tam

1110 858 1337 891 cathedralium
1359 863 1389 890 et
1414 857 1738 900 metropolitanarnm,
1757 865 1850 898 quam

1110 922 1383 955 quarumcumque
1422 910 1659 953 collegiatarum
1699 909 1848 942 ecclcsia-

1112 976 1193 1006 1*um,
1218 975 1341 999 necnon
1365 964 1628 1005 conventualium,
1654 963 1852 1006 prioratuum

1111 1030 1248 1063 quoque,
1266 1030 1302 1052 ac
1319 1022 1496 1052 ceterorum
1515 1016 1740 1057 beneficiorum
1759 1015 1853 1048 eccle-

1113 1073 1320 1113 siasticorum,
1339 1084 1410 1106 cum
1428 1073 1504 1106 cura
1530 1077 1559 1104 et,
1584 1071 1649 1103 sinc
1666 1071 1751 1112 cura,
1770 1080 1854 1102 secu-

1114 1127 1238 1169 larium,
1255 1137 1290 1159 ac
1311 1126 1495 1170 quorumvis
1513 1124 1665 1158 Ordinum
1689 1123 1853 1166 utriusque

1114 1190 1205 1213 sexus
1223 1180 1315 1213 etiam
1342 1179 1584 1213 Mendicantium
1606 1187 1726 1210 annuos
1750 1175 1854 1209 reddi-

1115 1238 1162 1267 tus
1187 1233 1367 1267 habentium
1382 1261 1389 1273 ,
1415 1239 1478 1266 tam
1504 1233 1643 1265 virorum
1669 1241 1763 1275 quam
1787 1241 1855 1263 mn-

1115 1287 1239 1328 liermn,
1260 1297 1383 1320 necnon
1407 1285 1710 1330 congregationum,
1736 1284 1856 1317 institu-

1116 1346 1220 1374 torum
1246 1346 1276 1374 et
1303 1341 1485 1374 societatum
1516 1339 1732 1382 regularium,
1763 1337 1855 1370 etiam

1116 1395 1278 1428 Societalis
1303 1395 1389 1434 lesu,
1414 1399 1444 1427 et
1468 1398 1631 1437 praeterea
1654 1391 1857 1435 hospitalium

1117 1452 1146 1482 ct
1177 1448 1360 1480 militiarum
1392 1457 1666 1492 quarumcumque
1699 1445 1858 1488 (exceptis

1119 1506 1222 1534 tamen
1246 1501 1274 1533 S.
1302 1502 1336 1534 R.
1355 1502 1387 1534 E.
1408 1501 1631 1541 cardinalibus,
1648 1510 1684 1533 ac
1709 1498 1858 1532 fratribus

1119 1555 1272 1588 militibus
1296 1555 1458 1599 hospitalis
1484 1555 1512 1588 S.
1538 1554 1662 1587 loannis
1686 1552 1860 1595 Hierosoly-

1100 1610 1102 1636 ἓ
1120 1608 1238 1649 mitani,
1252 1613 1291 1649 et,
1307 1608 1408 1652 quoad
1423 1614 1539 1648 curata,
1555 1608 1601 1647 iis,
1615 1617 1750 1650 quorum
1765 1605 1859 1647 annui

1120 1661 1260 1695 redditus
1285 1672 1440 1694 summam
1465 1662 1713 1704 vigintiquatuor
1737 1660 1861 1692 ducato-

1120 1726 1191 1748 rum
1216 1715 1284 1748 auri
1309 1716 1346 1748 dc
1364 1717 1494 1748 'camera
1518 1724 1581 1747 non
1605 1713 1804 1756 excederent)
1831 1712 1859 1744 in

1121 1769 1343 1813 Hispaniarum
1369 1769 1484 1812 regnis,
1503 1779 1539 1800 ac
1559 1767 1667 1800 insulis
1685 1766 1860 1801 Sardiniae.

1122 1823 1285 1856 ,llaioricae
1307 1828 1336 1855 et
1354 1822 1522 1855 Minoricae
1539 1821 1748 1861 existentium,
1769 1830 1804 1852 ac
1822 1819 1861 1851 si-

1122 1876 1238 1909 militer
1266 1876 1408 1909 omnium
1437 1875 1625 1920 pensionum
1657 1884 1753 1918 super
1776 1884 1863 1917 prac-

1122 1930 1225 1962 missis
1249 1929 1477 1972 assignatarum
1498 1940 1532 1961 ac
1546 1927 1815 1970 assignandarum,
1833 1932 1860 1958 et

1122 1982 1197 2015 alias
1222 1983 1280 2016 sub
1306 1983 1399 2015 certis
1424 1982 1519 2015 modo
1544 1987 1573 2014 et
1598 1982 1699 2014 forma
1726 1985 1798 2014 tunc
1815 1990 1863 2012 cx-

1123 2036 1255 2080 prcssis,
1281 2041 1374 2079 teque
1405 2035 1545 2068 decimae
1570 2033 1749 2067 huiusmodi
1773 2034 1863 2066 colle-

1124 2096 1241 2123 ctorem
1268 2100 1339 2123 cum
1360 2088 1557 2122 facultatibus
1581 2088 1769 2132 opportunis
1794 2097 1863 2120 con-

1124 2143 1282 2177 stituimus
1307 2148 1336 2175 ct
1360 2142 1588 2186 deputavimus,
1606 2147 1635 2174 ct
1653 2141 1707 2174 tibi
1725 2141 1863 2184 amplam

1125 2201 1309 2240 potestatem
1325 2201 1426 2229 taxam
1441 2201 1469 2228 et
1483 2195 1743 2239 repartimentum
1760 2195 1865 2227 huius-

1126 2251 1209 2284 modi
1230 2261 1287 2294 pro
1305 2250 1387 2283 dicta
1407 2251 1529 2283 summa
1550 2254 1767 2282 sexcentorum
1793 2248 1863 2281 mil-

1125 2305 1200 2337 lium
1219 2304 1403 2338 ducatorum
1422 2302 1623 2337 conficiendi¹
1642 2302 1863 2338 concessimus,

1126 2364 1221 2402 prout
1246 2359 1276 2391 in
1300 2359 1415 2391 nostris
1440 2358 1576 2402 desuper
1593 2357 1624 2390 in
1646 2357 1739 2390 simili
1764 2355 1864 2389 forma

1126 2413 1231 2445 Brevis
1256 2412 1411 2455 expeditis
1434 2412 1555 2451 litteris,
1581 2421 1715 2455 quarum
1740 2415 1864 2443 tenores

1126 2465 1341 2510 praesentibus
1372 2476 1430 2509 pro
1455 2465 1609 2509 expressis
1641 2463 1751 2497 haberi
1775 2463 1863 2497 volu-

1127 2531 1206 2562 mus,
1227 2519 1356 2552 uberius
1381 2519 1567 2552 continetur.

1164 2594 1173 2620 1
1202 2591 1272 2626 Lege
1300 2591 1475 2626 conficienda.
1491 2590 1737 2627 praescribendi,
1761 2593 1790 2618 ut
1816 2596 1865 2625 pa<

1128 2637 1188 2674 gina
1204 2637 1254 2665 274
1267 2637 1282 2663 b
1299 2638 1336 2672 [a.
1348 2636 1397 2671 T.).

1748 206 1812 241 293
1858 215 1907 242 An.
1927 214 1956 242 c.
1975 214 2041 242 1632
