<?xml version="1.0" encoding="UTF-8"?>
<!DOCTYPE html PUBLIC "-//W3C//DTD XHTML 1.0 Transitional//EN"
    "http://www.w3.org/TR/xhtml1/DTD/xhtml1-transitional.dtd">
<html xmlns="http://www.w3.org/1999/xhtml" xml:lang="en" lang="en">
 <head>
  <title>
</title>
<meta http-equiv="Content-Type" content="text/html;charset=utf-8" />
  <meta name='ocr-system' content='tesseract 3.04.00' />
  <meta name='ocr-capabilities' content='ocr_page ocr_carea ocr_par ocr_line ocrx_word'/>
</head>
<body>
  <div class='ocr_page' id='page_1' title='image "./bullarumdiplomat14cath/bullarumdiplomat14cath_0755.png"; bbox 0 0 2248 3229; ppageno 0'>
   <div class='ocr_carea' id='block_1_1' title="bbox 0 0 47 198">
    <p class='ocr_par' dir='ltr' id='par_1_1' title="bbox 0 0 47 198">
     <span class='ocr_line' id='line_1_1' title="bbox 0 0 47 198; baseline 0 0"><span class='ocrx_word' id='word_1_1' title='bbox 0 0 47 198; x_wconf 73' lang='lat' dir='ltr'>l</span> 
     </span>
    </p>
   </div>
   <div class='ocr_carea' id='block_1_2' title="bbox 110 224 297 254">
    <p class='ocr_par' dir='ltr' id='par_1_2' title="bbox 110 224 297 254">
     <span class='ocr_line' id='line_1_2' title="bbox 110 224 297 254; baseline 0 -1"><span class='ocrx_word' id='word_1_2' title='bbox 110 225 163 253; x_wconf 79' lang='lat' dir='ltr'>An.</span> <span class='ocrx_word' id='word_1_3' title='bbox 180 225 210 254; x_wconf 90' lang='lat' dir='ltr'>C.</span> <span class='ocrx_word' id='word_1_4' title='bbox 229 224 297 254; x_wconf 84' lang='lat'>¹638</span> 
     </span>
    </p>
   </div>
   <div class='ocr_carea' id='block_1_3' title="bbox 109 287 294 362">
    <p class='ocr_par' dir='ltr' id='par_1_3' title="bbox 109 287 294 362">
     <span class='ocr_line' id='line_1_3' title="bbox 152 287 294 309; baseline -0.007 -1"><span class='ocrx_word' id='word_1_5' title='bbox 152 287 246 309; x_wconf 68' lang='lat' dir='ltr'>Pontifex</span> <span class='ocrx_word' id='word_1_6' title='bbox 261 292 294 307; x_wconf 76' lang='lat' dir='ltr'>ee-</span> 
     </span>
     <span class='ocr_line' id='line_1_4' title="bbox 109 313 294 335; baseline -0.011 0"><span class='ocrx_word' id='word_1_7' title='bbox 109 314 188 335; x_wconf 76' lang='lat' dir='ltr'>clesiae</span> <span class='ocrx_word' id='word_1_8' title='bbox 211 313 294 335; x_wconf 50' lang='lat' dir='ltr'>nubilo-</span> 
     </span>
     <span class='ocr_line' id='line_1_5' title="bbox 109 340 281 362; baseline -0.006 0"><span class='ocrx_word' id='word_1_9' title='bbox 109 342 177 362; x_wconf 73' lang='lat' dir='ltr'>niensi</span> <span class='ocrx_word' id='word_1_10' title='bbox 192 340 281 362; x_wconf 70' lang='lat' dir='ltr'>addicit.</span> 
     </span>
    </p>
   </div>
   <div class='ocr_carea' id='block_1_4' title="bbox 8 2264 310 2528">
    <p class='ocr_par' dir='ltr' id='par_1_4' title="bbox 8 2264 310 2528">
     <span class='ocr_line' id='line_1_6' title="bbox 172 2264 309 2287; baseline 0.007 -1"><span class='ocrx_word' id='word_1_11' title='bbox 172 2264 223 2286; x_wconf 79' lang='lat' dir='ltr'>Cum</span> <span class='ocrx_word' id='word_1_12' title='bbox 238 2271 309 2287; x_wconf 69' lang='lat' dir='ltr'>reser-</span> 
     </span>
     <span class='ocr_line' id='line_1_7' title="bbox 8 2293 309 2314; baseline 0.013 -4"><span class='ocrx_word' id='word_1_13' title='bbox 8 2300 22 2308; x_wconf 72' lang='grc'><strong>.</strong></span> <span class='ocrx_word' id='word_1_14' title='bbox 123 2293 206 2314; x_wconf 68' lang='lat' dir='ltr'>vatione</span> <span class='ocrx_word' id='word_1_15' title='bbox 225 2293 266 2314; x_wconf 72' lang='lat' dir='ltr'>sibi</span> <span class='ocrx_word' id='word_1_16' title='bbox 288 2296 309 2314; x_wconf 78' lang='lat' dir='ltr'>et</span> 
     </span>
     <span class='ocr_line' id='line_1_8' title="bbox 122 2320 309 2341; baseline -0.011 0"><span class='ocrx_word' id='word_1_17' title='bbox 122 2320 218 2341; x_wconf 69' lang='lat' dir='ltr'>Romano</span> <span class='ocrx_word' id='word_1_18' title='bbox 237 2321 309 2341; x_wconf 78' lang='lat' dir='ltr'>Ponu-</span> 
     </span>
     <span class='ocr_line' id='line_1_9' title="bbox 123 2346 308 2368; baseline -0.011 0"><span class='ocrx_word' id='word_1_19' title='bbox 123 2347 156 2368; x_wconf 74' lang='lat' dir='ltr'>ssefi</span> <span class='ocrx_word' id='word_1_20' title='bbox 177 2346 228 2366; x_wconf 71' lang='lat' dir='ltr'>&#39;turu-</span> <span class='ocrx_word' id='word_1_21' title='bbox 243 2353 308 2366; x_wconf 71' lang='lat' dir='ltr'>nomi-</span> 
     </span>
     <span class='ocr_line' id='line_1_10' title="bbox 123 2373 310 2395; baseline 0.005 -1"><span class='ocrx_word' id='word_1_22' title='bbox 123 2373 189 2394; x_wconf 72' lang='lat' dir='ltr'>namti</span> <span class='ocrx_word' id='word_1_23' title='bbox 203 2373 230 2393; x_wconf 78' lang='lat' dir='ltr'>ad</span> <span class='ocrx_word' id='word_1_24' title='bbox 245 2374 310 2395; x_wconf 69' lang='lat' dir='ltr'>illam.</span> 
     </span>
     <span class='ocr_line' id='line_1_11' title="bbox 123 2402 309 2426; baseline 0 -6"><span class='ocrx_word' id='word_1_25' title='bbox 123 2402 211 2426; x_wconf 71' lang='lat' dir='ltr'>elrtpla</span> <span class='ocrx_word' id='word_1_26' title='bbox 240 2403 309 2420; x_wconf 62' lang='lat' dir='ltr'>tamo-n</span> 
     </span>
     <span class='ocr_line' id='line_1_12' title="bbox 124 2427 309 2453; baseline 0 -7"><span class='ocrx_word' id='word_1_27' title='bbox 124 2432 191 2453; x_wconf 76' lang='lat' dir='ltr'>prima</span> <span class='ocrx_word' id='word_1_28' title='bbox 207 2427 259 2449; x_wconf 48' lang='lat' dir='ltr'>vici«,</span> <span class='ocrx_word' id='word_1_29' title='bbox 272 2432 309 2452; x_wconf 77' lang='lat' dir='ltr'>pro</span> 
     </span>
     <span class='ocr_line' id='line_1_13' title="bbox 125 2459 309 2479; baseline 0.005 -7"><span class='ocrx_word' id='word_1_30' title='bbox 125 2459 167 2479; x_wconf 68' lang='lat' dir='ltr'>qua</span> <span class='ocrx_word' id='word_1_31' title='bbox 201 2459 309 2474; x_wconf 63' lang='lat' dir='ltr'>numm-*tre</span> 
     </span>
     <span class='ocr_line' id='line_1_14' title="bbox 126 2480 309 2506; baseline 0.005 -6"><span class='ocrx_word' id='word_1_32' title='bbox 126 2480 204 2500; x_wconf 67' lang='lat' dir='ltr'>aebeat</span> <span class='ocrx_word' id='word_1_33' title='bbox 217 2486 262 2506; x_wconf 71' lang='lat' dir='ltr'>:pu</span> <span class='ocrx_word' id='word_1_34' title='bbox 274 2481 309 2501; x_wconf 79' lang='lat' dir='ltr'>du·</span> 
     </span>
     <span class='ocr_line' id='line_1_15' title="bbox 125 2509 201 2528; baseline 0.013 -1"><span class='ocrx_word' id='word_1_35' title='bbox 125 2509 201 2528; x_wconf 68' lang='lat' dir='ltr'>mir-1.</span> 
     </span>
    </p>
   </div>
   <div class='ocr_carea' id='block_1_5' title="bbox 918 223 1210 250">
    <p class='ocr_par' dir='ltr' id='par_1_5' title="bbox 918 223 1210 250">
     <span class='ocr_line' id='line_1_16' title="bbox 918 223 1210 250; baseline -0.003 -1"><span class='ocrx_word' id='word_1_36' title='bbox 918 224 1061 250; x_wconf 75' lang='lat' dir='ltr'><strong>URBANUS</strong></span> <span class='ocrx_word' id='word_1_37' title='bbox 1085 223 1144 249; x_wconf 75' lang='lat' dir='ltr'>vlu</span> <span class='ocrx_word' id='word_1_38' title='bbox 1163 224 1210 249; x_wconf 67' lang='lat'>1¹1².</span> 
     </span>
    </p>
   </div>
   <div class='ocr_carea' id='block_1_6' title="bbox 309 272 1067 2517">
    <p class='ocr_par' dir='ltr' id='par_1_6' title="bbox 309 272 1064 2251">
     <span class='ocr_line' id='line_1_17' title="bbox 353 272 1050 318; baseline -0.001 -11"><span class='ocrx_word' id='word_1_39' title='bbox 353 273 369 317; x_wconf 68' lang='grc'>5</span> <span class='ocrx_word' id='word_1_40' title='bbox 391 273 421 307; x_wconf 74' lang='lat'>⁶2.</span> <span class='ocrx_word' id='word_1_41' title='bbox 441 273 515 314; x_wconf 74' lang='lat' dir='ltr'>Nos,</span> <span class='ocrx_word' id='word_1_42' title='bbox 531 273 619 318; x_wconf 90' lang='lat' dir='ltr'>pium</span> <span class='ocrx_word' id='word_1_43' title='bbox 645 273 784 307; x_wconf 89' lang='lat' dir='ltr'>eiusdem</span> <span class='ocrx_word' id='word_1_44' title='bbox 810 272 952 307; x_wconf 88' lang='lat' dir='ltr'>mulieris</span> <span class='ocrx_word' id='word_1_45' title='bbox 972 273 1050 307; x_wconf 86' lang='lat' dir='ltr'>desi-</span> 
     </span>
     <span class='ocr_line' id='line_1_18' title="bbox 309 325 1046 370; baseline 0 -11"><span class='ocrx_word' id='word_1_46' title='bbox 309 325 433 359; x_wconf 87' lang='lat' dir='ltr'>derium</span> <span class='ocrx_word' id='word_1_47' title='bbox 462 326 637 370; x_wconf 90' lang='lat' dir='ltr'>plurimum</span> <span class='ocrx_word' id='word_1_48' title='bbox 664 327 695 360; x_wconf 88' lang='lat' dir='ltr'>in</span> <span class='ocrx_word' id='word_1_49' title='bbox 720 326 853 360; x_wconf 88' lang='lat' dir='ltr'>Domino</span> <span class='ocrx_word' id='word_1_50' title='bbox 880 336 1046 360; x_wconf 87' lang='lat' dir='ltr'>commen-</span> 
     </span>
     <span class='ocr_line' id='line_1_19' title="bbox 309 378 1048 425; baseline 0 -13"><span class='ocrx_word' id='word_1_51' title='bbox 309 378 427 422; x_wconf 78' lang='lat' dir='ltr'>dantes,</span> <span class='ocrx_word' id='word_1_52' title='bbox 453 379 615 424; x_wconf 76' lang='lat' dir='ltr'>ipsamque</span> <span class='ocrx_word' id='word_1_53' title='bbox 632 380 820 425; x_wconf 77' lang='lat' dir='ltr'>specialibus</span> <span class='ocrx_word' id='word_1_54' title='bbox 841 380 1002 414; x_wconf 78' lang='lat' dir='ltr'>saxoribus</span> <span class='ocrx_word' id='word_1_55' title='bbox 1020 385 1048 413; x_wconf 92' lang='lat' dir='ltr'>et</span> 
     </span>
     <span class='ocr_line' id='line_1_20' title="bbox 309 433 1051 478; baseline 0.001 -13"><span class='ocrx_word' id='word_1_56' title='bbox 309 438 338 465; x_wconf 89' lang='lat' dir='ltr'>et</span> <span class='ocrx_word' id='word_1_57' title='bbox 363 433 473 476; x_wconf 82' lang='lat' dir='ltr'>gratiis</span> <span class='ocrx_word' id='word_1_58' title='bbox 497 434 646 478; x_wconf 77' lang='lat' dir='ltr'>prosequi</span> <span class='ocrx_word' id='word_1_59' title='bbox 667 434 816 475; x_wconf 75' lang='lat' dir='ltr'>volentes,</span> <span class='ocrx_word' id='word_1_60' title='bbox 834 438 864 467; x_wconf 90' lang='lat' dir='ltr'>et</span> <span class='ocrx_word' id='word_1_61' title='bbox 883 444 900 466; x_wconf 93' lang='lat' dir='ltr'>a</span> <span class='ocrx_word' id='word_1_62' title='bbox 924 434 1051 477; x_wconf 88' lang='lat' dir='ltr'>quibus-</span> 
     </span>
     <span class='ocr_line' id='line_1_21' title="bbox 309 487 1049 531; baseline 0 -12"><span class='ocrx_word' id='word_1_63' title='bbox 309 487 355 519; x_wconf 68' lang='lat' dir='ltr'>vis</span> <span class='ocrx_word' id='word_1_64' title='bbox 389 487 742 530; x_wconf 67' lang='lat' dir='ltr'>excommunicationis,</span> <span class='ocrx_word' id='word_1_65' title='bbox 779 487 993 531; x_wconf 85' lang='lat' dir='ltr'>suspensionis</span> <span class='ocrx_word' id='word_1_66' title='bbox 1021 492 1049 520; x_wconf 93' lang='lat' dir='ltr'>et</span> 
     </span>
     <span class='ocr_line' id='line_1_22' title="bbox 311 540 1050 585; baseline 0.001 -13"><span class='ocrx_word' id='word_1_67' title='bbox 311 540 478 583; x_wconf 72' lang='lat' dir='ltr'>interdicti,</span> <span class='ocrx_word' id='word_1_68' title='bbox 495 541 626 585; x_wconf 88' lang='lat' dir='ltr'>aliisque</span> <span class='ocrx_word' id='word_1_69' title='bbox 643 541 862 575; x_wconf 87' lang='lat' dir='ltr'>ecclesiasticis</span> <span class='ocrx_word' id='word_1_70' title='bbox 879 540 1050 580; x_wconf 86' lang='lat' dir='ltr'>sententiis,</span> 
     </span>
     <span class='ocr_line' id='line_1_23' title="bbox 311 594 1051 639; baseline 0 -13"><span class='ocrx_word' id='word_1_71' title='bbox 311 594 451 627; x_wconf 73' lang='lat' dir='ltr'>censuris</span> <span class='ocrx_word' id='word_1_72' title='bbox 475 599 505 628; x_wconf 89' lang='lat' dir='ltr'>et</span> <span class='ocrx_word' id='word_1_73' title='bbox 529 595 650 639; x_wconf 89' lang='lat' dir='ltr'>poenis,</span> <span class='ocrx_word' id='word_1_74' title='bbox 667 605 684 628; x_wconf 90' lang='lat' dir='ltr'>a</span> <span class='ocrx_word' id='word_1_75' title='bbox 701 595 769 628; x_wconf 91' lang='lat' dir='ltr'>iure</span> <span class='ocrx_word' id='word_1_76' title='bbox 790 595 837 627; x_wconf 76' lang='lat' dir='ltr'>vel</span> <span class='ocrx_word' id='word_1_77' title='bbox 857 594 896 627; x_wconf 90' lang='lat' dir='ltr'>ab</span> <span class='ocrx_word' id='word_1_78' title='bbox 913 594 1051 634; x_wconf 85' lang='lat' dir='ltr'>homine,</span> 
     </span>
     <span class='ocr_line' id='line_1_24' title="bbox 310 647 1052 692; baseline 0.001 -13"><span class='ocrx_word' id='word_1_79' title='bbox 310 648 419 691; x_wconf 79' lang='lat' dir='ltr'>quavis</span> <span class='ocrx_word' id='word_1_80' title='bbox 443 649 607 682; x_wconf 80' lang='lat' dir='ltr'>occasione</span> <span class='ocrx_word' id='word_1_81' title='bbox 633 649 679 682; x_wconf 71' lang='lat' dir='ltr'>vel</span> <span class='ocrx_word' id='word_1_82' title='bbox 704 650 799 682; x_wconf 73' lang='lat' dir='ltr'>causa</span> <span class='ocrx_word' id='word_1_83' title='bbox 822 649 907 689; x_wconf 90' lang='lat' dir='ltr'>latis,</span> <span class='ocrx_word' id='word_1_84' title='bbox 932 648 958 681; x_wconf 89' lang='lat' dir='ltr'>si</span> <span class='ocrx_word' id='word_1_85' title='bbox 983 647 1052 692; x_wconf 89' lang='lat' dir='ltr'>qui-</span> 
     </span>
     <span class='ocr_line' id='line_1_25' title="bbox 310 700 1053 745; baseline 0.001 -12"><span class='ocrx_word' id='word_1_86' title='bbox 310 700 371 734; x_wconf 89' lang='lat' dir='ltr'>bus</span> <span class='ocrx_word' id='word_1_87' title='bbox 385 702 632 745; x_wconf 70' lang='lat' dir='ltr'>quomodolibet</span> <span class='ocrx_word' id='word_1_88' title='bbox 656 702 803 736; x_wconf 90' lang='lat' dir='ltr'>innodata</span> <span class='ocrx_word' id='word_1_89' title='bbox 819 701 935 743; x_wconf 76' lang='lat' dir='ltr'>existit,</span> <span class='ocrx_word' id='word_1_90' title='bbox 955 700 993 734; x_wconf 93' lang='lat' dir='ltr'>ad</span> <span class='ocrx_word' id='word_1_91' title='bbox 1013 701 1053 734; x_wconf 82' lang='lat' dir='ltr'>es-</span> 
     </span>
     <span class='ocr_line' id='line_1_26' title="bbox 311 754 1053 799; baseline 0 -12"><span class='ocrx_word' id='word_1_92' title='bbox 311 754 425 788; x_wconf 83' lang='lat' dir='ltr'>sectum</span> <span class='ocrx_word' id='word_1_93' title='bbox 443 755 657 799; x_wconf 89' lang='lat' dir='ltr'>praesentium</span> <span class='ocrx_word' id='word_1_94' title='bbox 677 756 840 789; x_wconf 77' lang='lat' dir='ltr'>dumtaxat</span> <span class='ocrx_word' id='word_1_95' title='bbox 857 765 1053 799; x_wconf 89' lang='lat' dir='ltr'>consequen—</span> 
     </span>
     <span class='ocr_line' id='line_1_27' title="bbox 311 807 1051 848; baseline 0.001 -8"><span class='ocrx_word' id='word_1_96' title='bbox 311 807 397 848; x_wconf 94' lang='lat' dir='ltr'>dum,</span> <span class='ocrx_word' id='word_1_97' title='bbox 408 808 520 842; x_wconf 84' lang='lat' dir='ltr'>harum</span> <span class='ocrx_word' id='word_1_98' title='bbox 535 809 616 842; x_wconf 88' lang='lat' dir='ltr'>serie</span> <span class='ocrx_word' id='word_1_99' title='bbox 629 809 827 843; x_wconf 71' lang='lat' dir='ltr'>absolventes</span> <span class='ocrx_word' id='word_1_100' title='bbox 836 814 865 842; x_wconf 88' lang='lat' dir='ltr'>et</span> <span class='ocrx_word' id='word_1_101' title='bbox 876 808 1051 842; x_wconf 83' lang='lat' dir='ltr'>absolutam</span> 
     </span>
     <span class='ocr_line' id='line_1_28' title="bbox 310 862 1052 904; baseline 0 -9"><span class='ocrx_word' id='word_1_102' title='bbox 310 862 378 896; x_wconf 82' lang='lat' dir='ltr'>sore</span> <span class='ocrx_word' id='word_1_103' title='bbox 403 868 584 904; x_wconf 85' lang='lat' dir='ltr'>censentes,</span> <span class='ocrx_word' id='word_1_104' title='bbox 603 863 642 897; x_wconf 91' lang='lat' dir='ltr'>de</span> <span class='ocrx_word' id='word_1_105' title='bbox 666 863 894 898; x_wconf 70' lang='lat' dir='ltr'>venerabilium</span> <span class='ocrx_word' id='word_1_106' title='bbox 920 863 1052 896; x_wconf 82' lang='lat' dir='ltr'>fratrum</span> 
     </span>
     <span class='ocr_line' id='line_1_29' title="bbox 312 917 1053 961; baseline 0 -11"><span class='ocrx_word' id='word_1_107' title='bbox 312 922 495 951; x_wconf 89' lang='lat' dir='ltr'>nostrorum</span> <span class='ocrx_word' id='word_1_108' title='bbox 520 917 549 952; x_wconf 88' lang='lat' dir='ltr'>S.</span> <span class='ocrx_word' id='word_1_109' title='bbox 576 918 610 951; x_wconf 79' lang='lat' dir='ltr'>R.</span> <span class='ocrx_word' id='word_1_110' title='bbox 634 918 667 951; x_wconf 89' lang='lat' dir='ltr'>E.</span> <span class='ocrx_word' id='word_1_111' title='bbox 693 918 901 952; x_wconf 78' lang='lat' dir='ltr'>cardinalium</span> <span class='ocrx_word' id='word_1_112' title='bbox 925 917 1053 961; x_wconf 79' lang='lat' dir='ltr'>negotio</span> 
     </span>
     <span class='ocr_line' id='line_1_30' title="bbox 311 970 1052 1016; baseline 0 -12"><span class='ocrx_word' id='word_1_113' title='bbox 311 971 533 1015; x_wconf 79' lang='lat' dir='ltr'>propagandae</span> <span class='ocrx_word' id='word_1_114' title='bbox 550 971 623 1005; x_wconf 84' lang='lat' dir='ltr'>fidei</span> <span class='ocrx_word' id='word_1_115' title='bbox 640 971 895 1016; x_wconf 89' lang='lat' dir='ltr'>praepositorum</span> <span class='ocrx_word' id='word_1_116' title='bbox 910 970 1052 1012; x_wconf 87' lang='lat' dir='ltr'>consilio,</span> 
     </span>
     <span class='ocr_line' id='line_1_31' title="bbox 311 1023 1053 1070; baseline -0.001 -13"><span class='ocrx_word' id='word_1_117' title='bbox 311 1024 393 1058; x_wconf 87' lang='lat' dir='ltr'>dicta</span> <span class='ocrx_word' id='word_1_118' title='bbox 417 1035 470 1059; x_wconf 81' lang='lat' dir='ltr'>sex</span> <span class='ocrx_word' id='word_1_119' title='bbox 494 1025 662 1070; x_wconf 89' lang='lat' dir='ltr'>duplarum</span> <span class='ocrx_word' id='word_1_120' title='bbox 687 1025 927 1069; x_wconf 86' lang='lat' dir='ltr'>Hispanicarum</span> <span class='ocrx_word' id='word_1_121' title='bbox 945 1023 1053 1065; x_wconf 90' lang='lat' dir='ltr'>millia,</span> 
     </span>
     <span class='ocr_line' id='line_1_32' title="bbox 315 1078 1054 1122; baseline -0.001 -11"><span class='ocrx_word' id='word_1_122' title='bbox 315 1078 344 1111; x_wconf 91' lang='lat' dir='ltr'>in</span> <span class='ocrx_word' id='word_1_123' title='bbox 363 1082 407 1112; x_wconf 91' lang='lat' dir='ltr'>tot</span> <span class='ocrx_word' id='word_1_124' title='bbox 422 1079 500 1112; x_wconf 90' lang='lat' dir='ltr'>locis</span> <span class='ocrx_word' id='word_1_125' title='bbox 516 1079 671 1113; x_wconf 89' lang='lat' dir='ltr'>montium</span> <span class='ocrx_word' id='word_1_126' title='bbox 686 1078 778 1112; x_wconf 81' lang='lat' dir='ltr'>Urbis</span> <span class='ocrx_word' id='word_1_127' title='bbox 794 1078 973 1122; x_wconf 86' lang='lat' dir='ltr'>praedictae</span> <span class='ocrx_word' id='word_1_128' title='bbox 991 1087 1054 1110; x_wconf 87' lang='lat' dir='ltr'>non</span> 
     </span>
     <span class='ocr_line' id='line_1_33' title="bbox 315 1131 1055 1174; baseline 0.001 -11"><span class='ocrx_word' id='word_1_129' title='bbox 315 1132 501 1166; x_wconf 77' lang='lat' dir='ltr'>racabilium</span> <span class='ocrx_word' id='word_1_130' title='bbox 522 1137 557 1165; x_wconf 90' lang='lat' dir='ltr'>ut</span> <span class='ocrx_word' id='word_1_131' title='bbox 581 1132 662 1165; x_wconf 77' lang='lat' dir='ltr'>infra</span> <span class='ocrx_word' id='word_1_132' title='bbox 682 1132 886 1174; x_wconf 76' lang='lat' dir='ltr'>investienda,</span> <span class='ocrx_word' id='word_1_133' title='bbox 903 1131 1055 1166; x_wconf 89' lang='lat' dir='ltr'>ecclesiae</span> 
     </span>
     <span class='ocr_line' id='line_1_34' title="bbox 315 1185 1055 1229; baseline 0 -11"><span class='ocrx_word' id='word_1_134' title='bbox 315 1185 501 1229; x_wconf 85' lang='lat' dir='ltr'>Bagdatensi</span> <span class='ocrx_word' id='word_1_135' title='bbox 540 1196 597 1220; x_wconf 91' lang='lat' dir='ltr'>seu</span> <span class='ocrx_word' id='word_1_136' title='bbox 635 1185 847 1219; x_wconf 89' lang='lat' dir='ltr'>Babiloniensi</span> <span class='ocrx_word' id='word_1_137' title='bbox 878 1185 910 1218; x_wconf 90' lang='lat' dir='ltr'>in</span> <span class='ocrx_word' id='word_1_138' title='bbox 949 1185 1055 1218; x_wconf 91' lang='lat' dir='ltr'>Persia</span> 
     </span>
     <span class='ocr_line' id='line_1_35' title="bbox 312 1239 1056 1284; baseline -0.001 -12"><span class='ocrx_word' id='word_1_139' title='bbox 312 1239 350 1272; x_wconf 92' lang='lat' dir='ltr'>ad</span> <span class='ocrx_word' id='word_1_140' title='bbox 376 1249 528 1284; x_wconf 87' lang='lat' dir='ltr'>praesens</span> <span class='ocrx_word' id='word_1_141' title='bbox 559 1239 695 1284; x_wconf 87' lang='lat' dir='ltr'>pastoris</span> <span class='ocrx_word' id='word_1_142' title='bbox 720 1239 832 1273; x_wconf 88' lang='lat' dir='ltr'>solatio</span> <span class='ocrx_word' id='word_1_143' title='bbox 847 1266 854 1280; x_wconf 91' lang='lat'>‚</span> <span class='ocrx_word' id='word_1_144' title='bbox 879 1243 912 1273; x_wconf 86' lang='lat' dir='ltr'>ut</span> <span class='ocrx_word' id='word_1_145' title='bbox 935 1239 1056 1283; x_wconf 89' lang='lat' dir='ltr'>pariter</span> 
     </span>
     <span class='ocr_line' id='line_1_36' title="bbox 313 1292 1057 1338; baseline 0 -12"><span class='ocrx_word' id='word_1_146' title='bbox 313 1293 512 1338; x_wconf 88' lang='lat' dir='ltr'>accepimus,</span> <span class='ocrx_word' id='word_1_147' title='bbox 532 1293 720 1335; x_wconf 86' lang='lat' dir='ltr'>destitutae,</span> <span class='ocrx_word' id='word_1_148' title='bbox 746 1303 806 1337; x_wconf 90' lang='lat' dir='ltr'>pro</span> <span class='ocrx_word' id='word_1_149' title='bbox 827 1293 909 1326; x_wconf 90' lang='lat' dir='ltr'>illius</span> <span class='ocrx_word' id='word_1_150' title='bbox 935 1292 1007 1326; x_wconf 90' lang='lat' dir='ltr'>dote</span> <span class='ocrx_word' id='word_1_151' title='bbox 1027 1296 1057 1326; x_wconf 90' lang='lat' dir='ltr'>et</span> 
     </span>
     <span class='ocr_line' id='line_1_37' title="bbox 313 1346 1056 1392; baseline -0.003 -11"><span class='ocrx_word' id='word_1_152' title='bbox 313 1357 372 1392; x_wconf 89' lang='lat' dir='ltr'>pro</span> <span class='ocrx_word' id='word_1_153' title='bbox 396 1351 538 1392; x_wconf 88' lang='lat' dir='ltr'>tempore</span> <span class='ocrx_word' id='word_1_154' title='bbox 563 1347 660 1381; x_wconf 78' lang='lat' dir='ltr'>futuri</span> <span class='ocrx_word' id='word_1_155' title='bbox 685 1347 823 1391; x_wconf 90' lang='lat' dir='ltr'>episcopi</span> <span class='ocrx_word' id='word_1_156' title='bbox 853 1346 1056 1390; x_wconf 82' lang='lat' dir='ltr'>Bagdatensis</span> 
     </span>
     <span class='ocr_line' id='line_1_38' title="bbox 314 1400 1056 1445; baseline -0.001 -11"><span class='ocrx_word' id='word_1_157' title='bbox 314 1412 370 1435; x_wconf 90' lang='lat' dir='ltr'>seu</span> <span class='ocrx_word' id='word_1_158' title='bbox 390 1400 640 1443; x_wconf 88' lang='lat' dir='ltr'>Babiloniensis,</span> <span class='ocrx_word' id='word_1_159' title='bbox 665 1401 718 1445; x_wconf 90' lang='lat' dir='ltr'>qui</span> <span class='ocrx_word' id='word_1_160' title='bbox 743 1401 871 1445; x_wconf 89' lang='lat' dir='ltr'>quidem</span> <span class='ocrx_word' id='word_1_161' title='bbox 901 1401 933 1433; x_wconf 91' lang='lat' dir='ltr'>in</span> <span class='ocrx_word' id='word_1_162' title='bbox 957 1401 1056 1434; x_wconf 88' lang='lat' dir='ltr'>Gallia</span> 
     </span>
     <span class='ocr_line' id='line_1_39' title="bbox 313 1454 1057 1499; baseline -0.001 -11"><span class='ocrx_word' id='word_1_163' title='bbox 313 1460 405 1488; x_wconf 89' lang='lat' dir='ltr'>natus</span> <span class='ocrx_word' id='word_1_164' title='bbox 429 1465 496 1489; x_wconf 91' lang='lat' dir='ltr'>esse</span> <span class='ocrx_word' id='word_1_165' title='bbox 520 1455 642 1497; x_wconf 87' lang='lat' dir='ltr'>debeat,</span> <span class='ocrx_word' id='word_1_166' title='bbox 659 1460 690 1488; x_wconf 93' lang='lat' dir='ltr'>et</span> <span class='ocrx_word' id='word_1_167' title='bbox 713 1455 798 1499; x_wconf 83' lang='lat' dir='ltr'>apud</span> <span class='ocrx_word' id='word_1_168' title='bbox 817 1454 981 1488; x_wconf 87' lang='lat' dir='ltr'>ecclesiam</span> <span class='ocrx_word' id='word_1_169' title='bbox 1002 1455 1057 1488; x_wconf 82' lang='lat' dir='ltr'>liu-</span> 
     </span>
     <span class='ocr_line' id='line_1_40' title="bbox 315 1507 1057 1553; baseline 0 -13"><span class='ocrx_word' id='word_1_170' title='bbox 315 1508 451 1542; x_wconf 89' lang='lat' dir='ltr'>iusmodi</span> <span class='ocrx_word' id='word_1_171' title='bbox 476 1508 686 1553; x_wconf 86' lang='lat' dir='ltr'>personaliter</span> <span class='ocrx_word' id='word_1_172' title='bbox 710 1507 849 1541; x_wconf 88' lang='lat' dir='ltr'>residere</span> <span class='ocrx_word' id='word_1_173' title='bbox 874 1507 931 1541; x_wconf 93' lang='lat' dir='ltr'>sub</span> <span class='ocrx_word' id='word_1_174' title='bbox 948 1508 1057 1552; x_wconf 89' lang='lat' dir='ltr'>poenis</span> 
     </span>
     <span class='ocr_line' id='line_1_41' title="bbox 315 1562 1058 1606; baseline -0.004 -9"><span class='ocrx_word' id='word_1_175' title='bbox 315 1573 333 1596; x_wconf 87' lang='lat' dir='ltr'>a</span> <span class='ocrx_word' id='word_1_176' title='bbox 356 1573 448 1597; x_wconf 90' lang='lat' dir='ltr'>sacro</span> <span class='ocrx_word' id='word_1_177' title='bbox 472 1563 610 1597; x_wconf 86' lang='lat' dir='ltr'>Concilio</span> <span class='ocrx_word' id='word_1_178' title='bbox 634 1562 818 1595; x_wconf 87' lang='lat' dir='ltr'>Tridentino</span> <span class='ocrx_word' id='word_1_179' title='bbox 842 1567 952 1595; x_wconf 89' lang='lat' dir='ltr'>contra</span> <span class='ocrx_word' id='word_1_180' title='bbox 977 1562 1058 1606; x_wconf 90' lang='lat' dir='ltr'>epis-</span> 
     </span>
     <span class='ocr_line' id='line_1_42' title="bbox 316 1616 1058 1660; baseline -0.003 -10"><span class='ocrx_word' id='word_1_181' title='bbox 316 1627 412 1660; x_wconf 92' lang='lat' dir='ltr'>copos</span> <span class='ocrx_word' id='word_1_182' title='bbox 435 1626 500 1649; x_wconf 90' lang='lat' dir='ltr'>non</span> <span class='ocrx_word' id='word_1_183' title='bbox 523 1616 696 1649; x_wconf 86' lang='lat' dir='ltr'>residentes</span> <span class='ocrx_word' id='word_1_184' title='bbox 721 1616 847 1649; x_wconf 83' lang='lat' dir='ltr'>inflictis</span> <span class='ocrx_word' id='word_1_185' title='bbox 871 1621 902 1650; x_wconf 87' lang='lat' dir='ltr'>et</span> <span class='ocrx_word' id='word_1_186' title='bbox 925 1616 1058 1649; x_wconf 92' lang='lat' dir='ltr'>commi-</span> 
     </span>
     <span class='ocr_line' id='line_1_43' title="bbox 315 1669 1058 1710; baseline -0.001 -7"><span class='ocrx_word' id='word_1_187' title='bbox 315 1670 397 1703; x_wconf 90' lang='lat' dir='ltr'>natis</span> <span class='ocrx_word' id='word_1_188' title='bbox 409 1669 538 1704; x_wconf 89' lang='lat' dir='ltr'>omnino</span> <span class='ocrx_word' id='word_1_189' title='bbox 553 1674 706 1710; x_wconf 89' lang='lat' dir='ltr'>teneatur,</span> <span class='ocrx_word' id='word_1_190' title='bbox 720 1670 956 1710; x_wconf 88' lang='lat' dir='ltr'>sustentatione,</span> <span class='ocrx_word' id='word_1_191' title='bbox 970 1669 1012 1702; x_wconf 88' lang='lat' dir='ltr'>ita</span> <span class='ocrx_word' id='word_1_192' title='bbox 1025 1675 1058 1702; x_wconf 93' lang='lat' dir='ltr'>ut</span> 
     </span>
     <span class='ocr_line' id='line_1_44' title="bbox 317 1722 1058 1767; baseline 0 -12"><span class='ocrx_word' id='word_1_193' title='bbox 317 1723 410 1757; x_wconf 87' lang='lat' dir='ltr'>liceat</span> <span class='ocrx_word' id='word_1_194' title='bbox 432 1722 492 1767; x_wconf 89' lang='lat' dir='ltr'>ipsi</span> <span class='ocrx_word' id='word_1_195' title='bbox 509 1723 660 1767; x_wconf 89' lang='lat' dir='ltr'>episcopo</span> <span class='ocrx_word' id='word_1_196' title='bbox 677 1722 832 1756; x_wconf 86' lang='lat' dir='ltr'>dictarum</span> <span class='ocrx_word' id='word_1_197' title='bbox 851 1733 903 1756; x_wconf 85' lang='lat' dir='ltr'>sex</span> <span class='ocrx_word' id='word_1_198' title='bbox 925 1723 1058 1755; x_wconf 90' lang='lat' dir='ltr'>millium</span> 
     </span>
     <span class='ocr_line' id='line_1_45' title="bbox 319 1775 1058 1820; baseline 0.001 -11"><span class='ocrx_word' id='word_1_199' title='bbox 319 1775 488 1820; x_wconf 89' lang='lat' dir='ltr'>duplarum</span> <span class='ocrx_word' id='word_1_200' title='bbox 527 1776 770 1820; x_wconf 85' lang='lat' dir='ltr'>llispanicarum</span> <span class='ocrx_word' id='word_1_201' title='bbox 806 1777 871 1810; x_wconf 80' lang='lat' dir='ltr'>sive</span> <span class='ocrx_word' id='word_1_202' title='bbox 914 1777 1058 1810; x_wconf 88' lang='lat' dir='ltr'>locorum</span> 
     </span>
     <span class='ocr_line' id='line_1_46' title="bbox 318 1829 1061 1871; baseline 0.001 -9"><span class='ocrx_word' id='word_1_203' title='bbox 318 1829 475 1863; x_wconf 90' lang='lat' dir='ltr'>montium</span> <span class='ocrx_word' id='word_1_204' title='bbox 493 1829 565 1863; x_wconf 91' lang='lat' dir='ltr'>inde</span> <span class='ocrx_word' id='word_1_205' title='bbox 585 1829 792 1864; x_wconf 89' lang='lat' dir='ltr'>emendorum</span> <span class='ocrx_word' id='word_1_206' title='bbox 809 1830 939 1871; x_wconf 81' lang='lat' dir='ltr'>fructus,</span> <span class='ocrx_word' id='word_1_207' title='bbox 959 1830 1061 1863; x_wconf 88' lang='lat' dir='ltr'>reddi—</span> 
     </span>
     <span class='ocr_line' id='line_1_47' title="bbox 320 1885 1061 1928; baseline 0.004 -12"><span class='ocrx_word' id='word_1_208' title='bbox 320 1889 370 1917; x_wconf 91' lang='lat' dir='ltr'>tus</span> <span class='ocrx_word' id='word_1_209' title='bbox 400 1889 432 1918; x_wconf 86' lang='lat' dir='ltr'>et</span> <span class='ocrx_word' id='word_1_210' title='bbox 462 1889 653 1928; x_wconf 77' lang='lat' dir='ltr'>proventus,</span> <span class='ocrx_word' id='word_1_211' title='bbox 690 1885 813 1928; x_wconf 85' lang='lat' dir='ltr'>aliaque</span> <span class='ocrx_word' id='word_1_212' title='bbox 848 1885 1061 1919; x_wconf 87' lang='lat' dir='ltr'>emolumenta</span> 
     </span>
     <span class='ocr_line' id='line_1_48' title="bbox 320 1937 1058 1983; baseline 0.001 -12"><span class='ocrx_word' id='word_1_213' title='bbox 320 1948 538 1982; x_wconf 88' lang='lat' dir='ltr'>quaecumque</span> <span class='ocrx_word' id='word_1_214' title='bbox 570 1937 643 1971; x_wconf 91' lang='lat' dir='ltr'>inde</span> <span class='ocrx_word' id='word_1_215' title='bbox 673 1938 913 1981; x_wconf 89' lang='lat' dir='ltr'>quomodolibet</span> <span class='ocrx_word' id='word_1_216' title='bbox 940 1949 1058 1983; x_wconf 75' lang='lat' dir='ltr'>prore-</span> 
     </span>
     <span class='ocr_line' id='line_1_49' title="bbox 320 1991 1062 2036; baseline 0.001 -12"><span class='ocrx_word' id='word_1_217' title='bbox 320 1991 448 2033; x_wconf 87' lang='lat' dir='ltr'>nientia,</span> <span class='ocrx_word' id='word_1_218' title='bbox 468 1991 645 2036; x_wconf 86' lang='lat' dir='ltr'>percipere,</span> <span class='ocrx_word' id='word_1_219' title='bbox 670 1991 807 2034; x_wconf 85' lang='lat' dir='ltr'>exigere,</span> <span class='ocrx_word' id='word_1_220' title='bbox 832 1992 945 2034; x_wconf 79' lang='lat' dir='ltr'>levare,</span> <span class='ocrx_word' id='word_1_221' title='bbox 971 2003 1006 2025; x_wconf 87' lang='lat' dir='ltr'>ac</span> <span class='ocrx_word' id='word_1_222' title='bbox 1031 1992 1062 2025; x_wconf 93' lang='lat' dir='ltr'>in</span> 
     </span>
     <span class='ocr_line' id='line_1_50' title="bbox 321 2045 1062 2083; baseline -0.001 -5"><span class='ocrx_word' id='word_1_223' title='bbox 321 2055 396 2079; x_wconf 92' lang='lat' dir='ltr'>suos</span> <span class='ocrx_word' id='word_1_224' title='bbox 419 2055 496 2078; x_wconf 91' lang='lat' dir='ltr'>usus</span> <span class='ocrx_word' id='word_1_225' title='bbox 527 2049 557 2079; x_wconf 88' lang='lat' dir='ltr'>et</span> <span class='ocrx_word' id='word_1_226' title='bbox 588 2045 752 2079; x_wconf 88' lang='lat' dir='ltr'>utilitatem</span> <span class='ocrx_word' id='word_1_227' title='bbox 777 2050 961 2083; x_wconf 81' lang='lat' dir='ltr'>convertere</span> <span class='ocrx_word' id='word_1_228' title='bbox 991 2045 1062 2078; x_wconf 92' lang='lat' dir='ltr'>nul-</span> 
     </span>
     <span class='ocr_line' id='line_1_51' title="bbox 321 2098 1062 2143; baseline -0.003 -11"><span class='ocrx_word' id='word_1_229' title='bbox 321 2098 382 2132; x_wconf 91' lang='lat' dir='ltr'>lius</span> <span class='ocrx_word' id='word_1_230' title='bbox 404 2098 530 2132; x_wconf 76' lang='lat' dir='ltr'>licentia</span> <span class='ocrx_word' id='word_1_231' title='bbox 550 2098 687 2143; x_wconf 86' lang='lat' dir='ltr'>desuper</span> <span class='ocrx_word' id='word_1_232' title='bbox 711 2098 872 2142; x_wconf 79' lang='lat' dir='ltr'>requisita,</span> <span class='ocrx_word' id='word_1_233' title='bbox 890 2098 1062 2142; x_wconf 80' lang='lat' dir='ltr'>apostolica</span> 
     </span>
     <span class='ocr_line' id='line_1_52' title="bbox 321 2152 1064 2196; baseline 0.001 -11"><span class='ocrx_word' id='word_1_234' title='bbox 321 2153 517 2194; x_wconf 86' lang='lat' dir='ltr'>auctoritate,</span> <span class='ocrx_word' id='word_1_235' title='bbox 534 2158 643 2186; x_wconf 89' lang='lat' dir='ltr'>tenore</span> <span class='ocrx_word' id='word_1_236' title='bbox 664 2152 889 2196; x_wconf 87' lang='lat' dir='ltr'>praesentium,</span> <span class='ocrx_word' id='word_1_237' title='bbox 909 2157 1064 2196; x_wconf 90' lang='lat' dir='ltr'>perpetuo</span> 
     </span>
     <span class='ocr_line' id='line_1_53' title="bbox 321 2206 841 2251; baseline 0 -12"><span class='ocrx_word' id='word_1_238' title='bbox 321 2207 519 2251; x_wconf 85' lang='lat' dir='ltr'>applicamus</span> <span class='ocrx_word' id='word_1_239' title='bbox 539 2211 569 2240; x_wconf 91' lang='lat' dir='ltr'>et</span> <span class='ocrx_word' id='word_1_240' title='bbox 589 2206 841 2251; x_wconf 85' lang='lat' dir='ltr'>appropriamus.</span> 
     </span>
    </p>

    <p class='ocr_par' dir='ltr' id='par_1_7' title="bbox 324 2260 1067 2517">
     <span class='ocr_line' id='line_1_54' title="bbox 368 2260 1064 2305; baseline -0.001 -10"><span class='ocrx_word' id='word_1_241' title='bbox 368 2262 385 2304; x_wconf 67' lang='grc' dir='ltr'><strong>ς</strong></span> <span class='ocrx_word' id='word_1_242' title='bbox 409 2261 440 2295; x_wconf 83' lang='lat'>3.</span> <span class='ocrx_word' id='word_1_243' title='bbox 464 2261 595 2305; x_wconf 86' lang='lat' dir='ltr'>lnsuper</span> <span class='ocrx_word' id='word_1_244' title='bbox 626 2260 727 2294; x_wconf 84' lang='lat' dir='ltr'>eidem</span> <span class='ocrx_word' id='word_1_245' title='bbox 761 2260 885 2294; x_wconf 92' lang='lat' dir='ltr'>mulieri</span> <span class='ocrx_word' id='word_1_246' title='bbox 918 2271 977 2305; x_wconf 91' lang='lat' dir='ltr'>pro</span> <span class='ocrx_word' id='word_1_247' title='bbox 1007 2260 1064 2294; x_wconf 88' lang='lat' dir='ltr'>hac</span> 
     </span>
     <span class='ocr_line' id='line_1_55' title="bbox 324 2314 1065 2358; baseline 0 -11"><span class='ocrx_word' id='word_1_248' title='bbox 324 2315 390 2348; x_wconf 77' lang='lat' dir='ltr'>rice</span> <span class='ocrx_word' id='word_1_249' title='bbox 414 2314 585 2355; x_wconf 78' lang='lat' dir='ltr'>dumtaxat,</span> <span class='ocrx_word' id='word_1_250' title='bbox 609 2315 758 2358; x_wconf 81' lang='lat' dir='ltr'>deinceps</span> <span class='ocrx_word' id='word_1_251' title='bbox 774 2318 878 2348; x_wconf 89' lang='lat' dir='ltr'>autem</span> <span class='ocrx_word' id='word_1_252' title='bbox 904 2315 1065 2358; x_wconf 89' lang='lat' dir='ltr'>perpetuis</span> 
     </span>
     <span class='ocr_line' id='line_1_56' title="bbox 324 2367 1066 2411; baseline 0 -11"><span class='ocrx_word' id='word_1_253' title='bbox 324 2367 438 2401; x_wconf 86' lang='lat' dir='ltr'>suturis</span> <span class='ocrx_word' id='word_1_254' title='bbox 462 2367 680 2411; x_wconf 85' lang='lat' dir='ltr'>temporibus,</span> <span class='ocrx_word' id='word_1_255' title='bbox 705 2367 828 2411; x_wconf 89' lang='lat' dir='ltr'>quotics</span> <span class='ocrx_word' id='word_1_256' title='bbox 854 2367 1066 2410; x_wconf 85' lang='lat' dir='ltr'>quandocum-</span> 
     </span>
     <span class='ocr_line' id='line_1_57' title="bbox 324 2420 1065 2465; baseline 0 -12"><span class='ocrx_word' id='word_1_257' title='bbox 324 2431 385 2464; x_wconf 92' lang='lat' dir='ltr'>que</span> <span class='ocrx_word' id='word_1_258' title='bbox 401 2426 431 2453; x_wconf 92' lang='lat' dir='ltr'>et</span> <span class='ocrx_word' id='word_1_259' title='bbox 447 2420 745 2465; x_wconf 82' lang='lat' dir='ltr'>quomodocumque</span> <span class='ocrx_word' id='word_1_260' title='bbox 762 2420 876 2454; x_wconf 88' lang='lat' dir='ltr'>dictam</span> <span class='ocrx_word' id='word_1_261' title='bbox 902 2420 1065 2453; x_wconf 87' lang='lat' dir='ltr'>ecclesiam</span> 
     </span>
     <span class='ocr_line' id='line_1_58' title="bbox 326 2474 1067 2517; baseline 0.001 -11"><span class='ocrx_word' id='word_1_262' title='bbox 326 2474 551 2517; x_wconf 79' lang='lat' dir='ltr'>Bagdatensem</span> <span class='ocrx_word' id='word_1_263' title='bbox 575 2474 639 2507; x_wconf 74' lang='lat' dir='ltr'>sire</span> <span class='ocrx_word' id='word_1_264' title='bbox 672 2474 922 2507; x_wconf 83' lang='lat' dir='ltr'>Babilonicnsem</span> <span class='ocrx_word' id='word_1_265' title='bbox 957 2484 1067 2507; x_wconf 78' lang='lat' dir='ltr'>vacare</span> 
     </span>
    </p>
   </div>
   <div class='ocr_carea' id='block_1_7' title="bbox 325 2527 1068 2570">
    <p class='ocr_par' dir='ltr' id='par_1_8' title="bbox 325 2527 1068 2570">
     <span class='ocr_line' id='line_1_59' title="bbox 325 2527 1068 2570; baseline -0.001 -10"><span class='ocrx_word' id='word_1_266' title='bbox 325 2527 502 2570; x_wconf 78' lang='lat' dir='ltr'>contigerit,</span> <span class='ocrx_word' id='word_1_267' title='bbox 528 2527 759 2560; x_wconf 78' lang='lat' dir='ltr'>venerabilibus</span> <span class='ocrx_word' id='word_1_268' title='bbox 783 2527 933 2560; x_wconf 79' lang='lat' dir='ltr'>fratribus</span> <span class='ocrx_word' id='word_1_269' title='bbox 952 2527 1068 2560; x_wconf 86' lang='lat' dir='ltr'>nostris</span> 
     </span>
    </p>
   </div>
   <div class='ocr_carea' id='block_1_8' title="bbox 326 2579 1068 2679">
    <p class='ocr_par' dir='ltr' id='par_1_9' title="bbox 326 2579 1068 2679">
     <span class='ocr_line' id='line_1_60' title="bbox 326 2579 1068 2625; baseline -0.001 -12"><span class='ocrx_word' id='word_1_270' title='bbox 326 2581 497 2625; x_wconf 88' lang='lat' dir='ltr'>praedictis</span> <span class='ocrx_word' id='word_1_271' title='bbox 521 2581 570 2613; x_wconf 91' lang='lat' dir='ltr'>ius</span> <span class='ocrx_word' id='word_1_272' title='bbox 593 2579 775 2613; x_wconf 89' lang='lat' dir='ltr'>nominandi</span> <span class='ocrx_word' id='word_1_273' title='bbox 803 2580 832 2613; x_wconf 91' lang='lat' dir='ltr'>in</span> <span class='ocrx_word' id='word_1_274' title='bbox 857 2590 968 2614; x_wconf 87' lang='lat' dir='ltr'>eorum</span> <span class='ocrx_word' id='word_1_275' title='bbox 994 2590 1068 2614; x_wconf 89' lang='lat' dir='ltr'>con-</span> 
     </span>
     <span class='ocr_line' id='line_1_61' title="bbox 327 2634 1068 2679; baseline 0.001 -12"><span class='ocrx_word' id='word_1_276' title='bbox 327 2635 510 2678; x_wconf 82' lang='lat' dir='ltr'>gregatione</span> <span class='ocrx_word' id='word_1_277' title='bbox 535 2645 642 2669; x_wconf 82' lang='lat' dir='ltr'>coram</span> <span class='ocrx_word' id='word_1_278' title='bbox 672 2634 762 2668; x_wconf 75' lang='lat' dir='ltr'>nobis</span> <span class='ocrx_word' id='word_1_279' title='bbox 787 2640 815 2667; x_wconf 74' lang='lat' dir='ltr'>et</span> <span class='ocrx_word' id='word_1_280' title='bbox 841 2645 900 2678; x_wconf 89' lang='lat' dir='ltr'>pro</span> <span class='ocrx_word' id='word_1_281' title='bbox 926 2639 1068 2679; x_wconf 90' lang='lat' dir='ltr'>tempore</span> 
     </span>
    </p>
   </div>
   <div class='ocr_carea' id='block_1_9' title="bbox 1083 213 1842 2666">
    <p class='ocr_par' dir='ltr' id='par_1_10' title="bbox 1083 213 1830 736">
     <span class='ocr_line' id='line_1_62' title="bbox 1731 213 1794 247; baseline 0 0"><span class='ocrx_word' id='word_1_282' title='bbox 1731 213 1794 247; x_wconf 80' lang='lat'>653</span> 
     </span>
     <span class='ocr_line' id='line_1_63' title="bbox 1083 270 1827 306; baseline -0.003 0"><span class='ocrx_word' id='word_1_283' title='bbox 1083 273 1234 306; x_wconf 81' lang='lat' dir='ltr'>existente</span> <span class='ocrx_word' id='word_1_284' title='bbox 1259 271 1400 306; x_wconf 85' lang='lat' dir='ltr'>Romano</span> <span class='ocrx_word' id='word_1_285' title='bbox 1432 270 1584 306; x_wconf 84' lang='lat' dir='ltr'>Pontissce</span> <span class='ocrx_word' id='word_1_286' title='bbox 1616 270 1761 304; x_wconf 79' lang='lat' dir='ltr'>habenda</span> <span class='ocrx_word' id='word_1_287' title='bbox 1788 271 1827 305; x_wconf 88' lang='lat' dir='ltr'>ad</span> 
     </span>
     <span class='ocr_line' id='line_1_64' title="bbox 1083 324 1825 370; baseline 0 -12"><span class='ocrx_word' id='word_1_288' title='bbox 1083 326 1227 359; x_wconf 86' lang='lat' dir='ltr'>camdem</span> <span class='ocrx_word' id='word_1_289' title='bbox 1262 325 1426 360; x_wconf 91' lang='lat' dir='ltr'>ecclesiam</span> <span class='ocrx_word' id='word_1_290' title='bbox 1458 335 1627 370; x_wconf 85' lang='lat' dir='ltr'>personam</span> <span class='ocrx_word' id='word_1_291' title='bbox 1658 324 1825 368; x_wconf 87' lang='lat' dir='ltr'>idoneam,</span> 
     </span>
     <span class='ocr_line' id='line_1_65' title="bbox 1084 378 1828 424; baseline -0.003 -11"><span class='ocrx_word' id='word_1_292' title='bbox 1084 390 1164 424; x_wconf 87' lang='lat' dir='ltr'>quae</span> <span class='ocrx_word' id='word_1_293' title='bbox 1188 384 1294 413; x_wconf 87' lang='lat' dir='ltr'>tamen</span> <span class='ocrx_word' id='word_1_294' title='bbox 1318 379 1350 412; x_wconf 90' lang='lat' dir='ltr'>in</span> <span class='ocrx_word' id='word_1_295' title='bbox 1381 379 1480 413; x_wconf 84' lang='lat' dir='ltr'>Gallia</span> <span class='ocrx_word' id='word_1_296' title='bbox 1511 385 1542 413; x_wconf 87' lang='lat' dir='ltr'>ct</span> <span class='ocrx_word' id='word_1_297' title='bbox 1565 389 1628 413; x_wconf 92' lang='lat' dir='ltr'>non</span> <span class='ocrx_word' id='word_1_298' title='bbox 1653 378 1726 412; x_wconf 92' lang='lat' dir='ltr'>alibi</span> <span class='ocrx_word' id='word_1_299' title='bbox 1756 383 1828 411; x_wconf 90' lang='lat' dir='ltr'>nata</span> 
     </span>
     <span class='ocr_line' id='line_1_66' title="bbox 1084 432 1828 478; baseline -0.003 -11"><span class='ocrx_word' id='word_1_300' title='bbox 1084 443 1211 478; x_wconf 87' lang='lat' dir='ltr'>semper</span> <span class='ocrx_word' id='word_1_301' title='bbox 1242 443 1310 466; x_wconf 88' lang='lat' dir='ltr'>esse</span> <span class='ocrx_word' id='word_1_302' title='bbox 1335 432 1467 474; x_wconf 89' lang='lat' dir='ltr'>debeat,</span> <span class='ocrx_word' id='word_1_303' title='bbox 1491 438 1525 466; x_wconf 91' lang='lat' dir='ltr'>ut</span> <span class='ocrx_word' id='word_1_304' title='bbox 1549 432 1746 477; x_wconf 81' lang='lat' dir='ltr'>praefertur,</span> <span class='ocrx_word' id='word_1_305' title='bbox 1770 442 1828 476; x_wconf 89' lang='lat' dir='ltr'>per</span> 
     </span>
     <span class='ocr_line' id='line_1_67' title="bbox 1085 486 1826 531; baseline -0.003 -11"><span class='ocrx_word' id='word_1_306' title='bbox 1085 497 1142 520; x_wconf 89' lang='lat' dir='ltr'>nos</span> <span class='ocrx_word' id='word_1_307' title='bbox 1162 493 1191 520; x_wconf 92' lang='lat' dir='ltr'>ct</span> <span class='ocrx_word' id='word_1_308' title='bbox 1208 498 1268 531; x_wconf 90' lang='lat' dir='ltr'>pro</span> <span class='ocrx_word' id='word_1_309' title='bbox 1285 492 1428 531; x_wconf 87' lang='lat' dir='ltr'>tempore</span> <span class='ocrx_word' id='word_1_310' title='bbox 1446 487 1630 520; x_wconf 85' lang='lat' dir='ltr'>existentem</span> <span class='ocrx_word' id='word_1_311' title='bbox 1649 486 1826 519; x_wconf 85' lang='lat' dir='ltr'>Romanum</span> 
     </span>
     <span class='ocr_line' id='line_1_68' title="bbox 1087 539 1828 585; baseline 0 -12"><span class='ocrx_word' id='word_1_312' title='bbox 1087 541 1270 574; x_wconf 81' lang='lat' dir='ltr'>Pontificem</span> <span class='ocrx_word' id='word_1_313' title='bbox 1289 541 1319 573; x_wconf 86' lang='lat' dir='ltr'>in</span> <span class='ocrx_word' id='word_1_314' title='bbox 1340 541 1523 585; x_wconf 87' lang='lat' dir='ltr'>episcopum</span> <span class='ocrx_word' id='word_1_315' title='bbox 1549 540 1650 574; x_wconf 89' lang='lat' dir='ltr'>dictae</span> <span class='ocrx_word' id='word_1_316' title='bbox 1667 539 1828 579; x_wconf 90' lang='lat' dir='ltr'>ecclesiae,</span> 
     </span>
     <span class='ocr_line' id='line_1_69' title="bbox 1086 593 1828 636; baseline 0 -10"><span class='ocrx_word' id='word_1_317' title='bbox 1086 593 1123 626; x_wconf 85' lang='lat' dir='ltr'>ad</span> <span class='ocrx_word' id='word_1_318' title='bbox 1137 594 1387 627; x_wconf 86' lang='lat' dir='ltr'>nominationem</span> <span class='ocrx_word' id='word_1_319' title='bbox 1401 594 1593 636; x_wconf 86' lang='lat' dir='ltr'>huiusmodi,</span> <span class='ocrx_word' id='word_1_320' title='bbox 1606 593 1828 627; x_wconf 91' lang='lat' dir='ltr'>instituendam</span> 
     </span>
     <span class='ocr_line' id='line_1_70' title="bbox 1086 648 1830 693; baseline -0.001 -12"><span class='ocrx_word' id='word_1_321' title='bbox 1086 648 1272 682; x_wconf 85' lang='lat' dir='ltr'>auctoritate</span> <span class='ocrx_word' id='word_1_322' title='bbox 1296 654 1326 682; x_wconf 90' lang='lat' dir='ltr'>ct</span> <span class='ocrx_word' id='word_1_323' title='bbox 1354 654 1462 682; x_wconf 89' lang='lat' dir='ltr'>tenore</span> <span class='ocrx_word' id='word_1_324' title='bbox 1487 648 1656 693; x_wconf 88' lang='lat' dir='ltr'>praedictis</span> <span class='ocrx_word' id='word_1_325' title='bbox 1686 657 1830 681; x_wconf 79' lang='lat' dir='ltr'>reserva-</span> 
     </span>
     <span class='ocr_line' id='line_1_71' title="bbox 1087 702 1438 736; baseline 0.006 -2"><span class='ocrx_word' id='word_1_326' title='bbox 1087 712 1157 735; x_wconf 92' lang='lat' dir='ltr'>mus</span> <span class='ocrx_word' id='word_1_327' title='bbox 1175 706 1204 736; x_wconf 87' lang='lat' dir='ltr'>et</span> <span class='ocrx_word' id='word_1_328' title='bbox 1223 702 1438 736; x_wconf 86' lang='lat' dir='ltr'>concedimus.</span> 
     </span>
    </p>

    <p class='ocr_par' dir='ltr' id='par_1_11' title="bbox 1087 755 1830 961">
     <span class='ocr_line' id='line_1_72' title="bbox 1131 755 1829 800; baseline 0 -12"><span class='ocrx_word' id='word_1_329' title='bbox 1131 756 1146 799; x_wconf 66' lang='grc' dir='ltr'><strong>ἓ</strong></span> <span class='ocrx_word' id='word_1_330' title='bbox 1162 756 1191 788; x_wconf 69' lang='grc'>4.</span> <span class='ocrx_word' id='word_1_331' title='bbox 1211 756 1420 790; x_wconf 89' lang='lat' dir='ltr'>Decernentes</span> <span class='ocrx_word' id='word_1_332' title='bbox 1445 757 1571 790; x_wconf 90' lang='lat' dir='ltr'>irritum</span> <span class='ocrx_word' id='word_1_333' title='bbox 1588 762 1619 790; x_wconf 90' lang='lat' dir='ltr'>et</span> <span class='ocrx_word' id='word_1_334' title='bbox 1634 756 1725 790; x_wconf 91' lang='lat' dir='ltr'>inane</span> <span class='ocrx_word' id='word_1_335' title='bbox 1742 755 1829 800; x_wconf 91' lang='lat' dir='ltr'>quid-</span> 
     </span>
     <span class='ocr_line' id='line_1_73' title="bbox 1087 809 1830 855; baseline -0.001 -12"><span class='ocrx_word' id='word_1_336' title='bbox 1087 810 1162 854; x_wconf 84' lang='lat' dir='ltr'>quid</span> <span class='ocrx_word' id='word_1_337' title='bbox 1183 821 1272 844; x_wconf 89' lang='lat' dir='ltr'>secus</span> <span class='ocrx_word' id='word_1_338' title='bbox 1288 822 1384 855; x_wconf 89' lang='lat' dir='ltr'>super</span> <span class='ocrx_word' id='word_1_339' title='bbox 1401 811 1449 844; x_wconf 82' lang='lat' dir='ltr'>his</span> <span class='ocrx_word' id='word_1_340' title='bbox 1474 821 1491 843; x_wconf 90' lang='lat' dir='ltr'>a</span> <span class='ocrx_word' id='word_1_341' title='bbox 1519 821 1678 855; x_wconf 87' lang='lat' dir='ltr'>quoquam</span> <span class='ocrx_word' id='word_1_342' title='bbox 1692 837 1700 853; x_wconf 91' lang='lat'>‚</span> <span class='ocrx_word' id='word_1_343' title='bbox 1721 809 1830 855; x_wconf 81' lang='lat' dir='ltr'>quavis</span> 
     </span>
     <span class='ocr_line' id='line_1_74' title="bbox 1087 863 1830 908; baseline 0.001 -13"><span class='ocrx_word' id='word_1_344' title='bbox 1087 863 1282 905; x_wconf 88' lang='lat' dir='ltr'>auctoritate,</span> <span class='ocrx_word' id='word_1_345' title='bbox 1303 864 1439 898; x_wconf 84' lang='lat' dir='ltr'>scienter</span> <span class='ocrx_word' id='word_1_346' title='bbox 1452 864 1499 898; x_wconf 68' lang='lat' dir='ltr'>vel</span> <span class='ocrx_word' id='word_1_347' title='bbox 1517 865 1712 908; x_wconf 80' lang='lat' dir='ltr'>ignoranter,</span> <span class='ocrx_word' id='word_1_348' title='bbox 1729 863 1830 898; x_wconf 91' lang='lat' dir='ltr'>conti-</span> 
     </span>
     <span class='ocr_line' id='line_1_75' title="bbox 1087 917 1348 961; baseline 0.004 -11"><span class='ocrx_word' id='word_1_349' title='bbox 1087 917 1169 961; x_wconf 81' lang='lat' dir='ltr'>gerit</span> <span class='ocrx_word' id='word_1_350' title='bbox 1193 918 1348 952; x_wconf 90' lang='lat' dir='ltr'>attentari.</span> 
     </span>
    </p>

    <p class='ocr_par' dir='ltr' id='par_1_12' title="bbox 1088 971 1840 2194">
     <span class='ocr_line' id='line_1_76' title="bbox 1132 971 1831 1015; baseline 0 -11"><span class='ocrx_word' id='word_1_351' title='bbox 1132 972 1147 1015; x_wconf 64' lang='grc' dir='ltr'>ἓ</span> <span class='ocrx_word' id='word_1_352' title='bbox 1171 971 1200 1004; x_wconf 80' lang='grc'>5.</span> <span class='ocrx_word' id='word_1_353' title='bbox 1226 972 1294 1006; x_wconf 82' lang='lat' dir='ltr'>Non</span> <span class='ocrx_word' id='word_1_354' title='bbox 1325 971 1522 1006; x_wconf 89' lang='lat' dir='ltr'>obstantibus</span> <span class='ocrx_word' id='word_1_355' title='bbox 1554 971 1831 1006; x_wconf 89' lang='lat' dir='ltr'>constitutionibus</span> 
     </span>
     <span class='ocr_line' id='line_1_77' title="bbox 1088 1025 1830 1070; baseline 0 -12"><span class='ocrx_word' id='word_1_356' title='bbox 1088 1030 1119 1058; x_wconf 92' lang='lat' dir='ltr'>et</span> <span class='ocrx_word' id='word_1_357' title='bbox 1143 1025 1395 1059; x_wconf 87' lang='lat' dir='ltr'>ordinationibus</span> <span class='ocrx_word' id='word_1_358' title='bbox 1411 1026 1602 1070; x_wconf 86' lang='lat' dir='ltr'>apostolicis,</span> <span class='ocrx_word' id='word_1_359' title='bbox 1619 1036 1655 1059; x_wconf 91' lang='lat' dir='ltr'>ac</span> <span class='ocrx_word' id='word_1_360' title='bbox 1679 1025 1830 1059; x_wconf 87' lang='lat' dir='ltr'>ecclesiae</span> 
     </span>
     <span class='ocr_line' id='line_1_78' title="bbox 1089 1079 1832 1123; baseline 0 -11"><span class='ocrx_word' id='word_1_361' title='bbox 1089 1079 1279 1123; x_wconf 87' lang='lat' dir='ltr'>praedictae,</span> <span class='ocrx_word' id='word_1_362' title='bbox 1289 1079 1382 1112; x_wconf 90' lang='lat' dir='ltr'>etiam</span> <span class='ocrx_word' id='word_1_363' title='bbox 1393 1080 1582 1122; x_wconf 88' lang='lat' dir='ltr'>iuramento,</span> <span class='ocrx_word' id='word_1_364' title='bbox 1592 1079 1832 1113; x_wconf 84' lang='lat' dir='ltr'>confirmatione</span> 
     </span>
     <span class='ocr_line' id='line_1_79' title="bbox 1088 1132 1831 1177; baseline -0.001 -11"><span class='ocrx_word' id='word_1_365' title='bbox 1088 1133 1273 1177; x_wconf 69' lang='lat' dir='ltr'>apostolica,</span> <span class='ocrx_word' id='word_1_366' title='bbox 1299 1133 1346 1166; x_wconf 73' lang='lat' dir='ltr'>vel</span> <span class='ocrx_word' id='word_1_367' title='bbox 1371 1133 1480 1177; x_wconf 77' lang='lat' dir='ltr'>quavis</span> <span class='ocrx_word' id='word_1_368' title='bbox 1497 1133 1645 1166; x_wconf 87' lang='lat' dir='ltr'>firmitate</span> <span class='ocrx_word' id='word_1_369' title='bbox 1663 1133 1724 1165; x_wconf 79' lang='lat' dir='ltr'>alia</span> <span class='ocrx_word' id='word_1_370' title='bbox 1741 1132 1831 1166; x_wconf 92' lang='lat' dir='ltr'>robo-</span> 
     </span>
     <span class='ocr_line' id='line_1_80' title="bbox 1089 1186 1829 1230; baseline 0 -11"><span class='ocrx_word' id='word_1_371' title='bbox 1089 1187 1175 1228; x_wconf 89' lang='lat' dir='ltr'>ratis,</span> <span class='ocrx_word' id='word_1_372' title='bbox 1189 1187 1313 1220; x_wconf 92' lang='lat' dir='ltr'>statutis</span> <span class='ocrx_word' id='word_1_373' title='bbox 1332 1193 1363 1220; x_wconf 91' lang='lat' dir='ltr'>et</span> <span class='ocrx_word' id='word_1_374' title='bbox 1381 1186 1672 1227; x_wconf 88' lang='lat' dir='ltr'>consuetudinibus,</span> <span class='ocrx_word' id='word_1_375' title='bbox 1697 1186 1829 1230; x_wconf 75' lang='lat' dir='ltr'>privile-</span> 
     </span>
     <span class='ocr_line' id='line_1_81' title="bbox 1089 1239 1832 1284; baseline 0 -12"><span class='ocrx_word' id='word_1_376' title='bbox 1089 1240 1149 1283; x_wconf 76' lang='lat' dir='ltr'>giis</span> <span class='ocrx_word' id='word_1_377' title='bbox 1173 1250 1310 1284; x_wconf 89' lang='lat' dir='ltr'>quoque,</span> <span class='ocrx_word' id='word_1_378' title='bbox 1325 1239 1454 1273; x_wconf 92' lang='lat' dir='ltr'>indultis</span> <span class='ocrx_word' id='word_1_379' title='bbox 1467 1245 1498 1274; x_wconf 87' lang='lat' dir='ltr'>ct</span> <span class='ocrx_word' id='word_1_380' title='bbox 1514 1239 1627 1273; x_wconf 91' lang='lat' dir='ltr'>litteris</span> <span class='ocrx_word' id='word_1_381' title='bbox 1651 1240 1832 1284; x_wconf 90' lang='lat' dir='ltr'>apostolicis</span> 
     </span>
     <span class='ocr_line' id='line_1_82' title="bbox 1090 1293 1832 1338; baseline -0.001 -12"><span class='ocrx_word' id='word_1_382' title='bbox 1090 1293 1120 1325; x_wconf 92' lang='lat' dir='ltr'>in</span> <span class='ocrx_word' id='word_1_383' title='bbox 1145 1294 1341 1327; x_wconf 90' lang='lat' dir='ltr'>contrarium</span> <span class='ocrx_word' id='word_1_384' title='bbox 1361 1293 1609 1338; x_wconf 89' lang='lat' dir='ltr'>praemissorum</span> <span class='ocrx_word' id='word_1_385' title='bbox 1632 1293 1832 1337; x_wconf 88' lang='lat' dir='ltr'>quomodoli-</span> 
     </span>
     <span class='ocr_line' id='line_1_83' title="bbox 1090 1346 1834 1392; baseline -0.001 -11"><span class='ocrx_word' id='word_1_386' title='bbox 1090 1348 1143 1381; x_wconf 88' lang='lat' dir='ltr'>bet</span> <span class='ocrx_word' id='word_1_387' title='bbox 1165 1348 1344 1390; x_wconf 85' lang='lat' dir='ltr'>concessis,</span> <span class='ocrx_word' id='word_1_388' title='bbox 1370 1348 1564 1382; x_wconf 86' lang='lat' dir='ltr'>confirmatis</span> <span class='ocrx_word' id='word_1_389' title='bbox 1595 1346 1778 1392; x_wconf 88' lang='lat' dir='ltr'>approbatis</span> <span class='ocrx_word' id='word_1_390' title='bbox 1803 1352 1834 1380; x_wconf 92' lang='lat' dir='ltr'>et</span> 
     </span>
     <span class='ocr_line' id='line_1_84' title="bbox 1090 1400 1831 1446; baseline -0.001 -12"><span class='ocrx_word' id='word_1_391' title='bbox 1090 1402 1254 1442; x_wconf 52' lang='lat' dir='ltr'>innovatis</span> <span class='ocrx_word' id='word_1_392' title='bbox 1275 1401 1391 1446; x_wconf 90' lang='lat' dir='ltr'>quibus</span> <span class='ocrx_word' id='word_1_393' title='bbox 1413 1401 1560 1435; x_wconf 92' lang='lat' dir='ltr'>omnibus</span> <span class='ocrx_word' id='word_1_394' title='bbox 1585 1407 1615 1434; x_wconf 89' lang='lat' dir='ltr'>et</span> <span class='ocrx_word' id='word_1_395' title='bbox 1635 1400 1778 1444; x_wconf 83' lang='lat' dir='ltr'>singulis,</span> <span class='ocrx_word' id='word_1_396' title='bbox 1801 1411 1831 1433; x_wconf 90' lang='lat' dir='ltr'>e-</span> 
     </span>
     <span class='ocr_line' id='line_1_85' title="bbox 1090 1454 1834 1499; baseline -0.001 -11"><span class='ocrx_word' id='word_1_397' title='bbox 1090 1455 1192 1489; x_wconf 89' lang='lat' dir='ltr'>tiamsi</span> <span class='ocrx_word' id='word_1_398' title='bbox 1216 1466 1275 1499; x_wconf 89' lang='lat' dir='ltr'>pro</span> <span class='ocrx_word' id='word_1_399' title='bbox 1300 1455 1467 1489; x_wconf 83' lang='lat' dir='ltr'>sufficienti</span> <span class='ocrx_word' id='word_1_400' title='bbox 1493 1465 1602 1489; x_wconf 92' lang='lat' dir='ltr'>eorum</span> <span class='ocrx_word' id='word_1_401' title='bbox 1629 1454 1834 1498; x_wconf 76' lang='lat' dir='ltr'>derogatione</span> 
     </span>
     <span class='ocr_line' id='line_1_86' title="bbox 1090 1507 1834 1553; baseline 0.001 -11"><span class='ocrx_word' id='word_1_402' title='bbox 1090 1509 1128 1542; x_wconf 89' lang='lat' dir='ltr'>de</span> <span class='ocrx_word' id='word_1_403' title='bbox 1141 1509 1202 1542; x_wconf 90' lang='lat' dir='ltr'>illis</span> <span class='ocrx_word' id='word_1_404' title='bbox 1219 1519 1395 1553; x_wconf 89' lang='lat' dir='ltr'>eorumque</span> <span class='ocrx_word' id='word_1_405' title='bbox 1413 1509 1484 1543; x_wconf 89' lang='lat' dir='ltr'>totis</span> <span class='ocrx_word' id='word_1_406' title='bbox 1502 1508 1663 1542; x_wconf 90' lang='lat' dir='ltr'>tenoribus</span> <span class='ocrx_word' id='word_1_407' title='bbox 1679 1507 1834 1552; x_wconf 63' lang='lat' dir='ltr'>specialis,</span> 
     </span>
     <span class='ocr_line' id='line_1_87' title="bbox 1090 1561 1836 1607; baseline -0.003 -11"><span class='ocrx_word' id='word_1_408' title='bbox 1090 1563 1239 1607; x_wconf 82' lang='lat' dir='ltr'>specifica</span> <span class='ocrx_word' id='word_1_409' title='bbox 1262 1568 1293 1596; x_wconf 89' lang='lat' dir='ltr'>et</span> <span class='ocrx_word' id='word_1_410' title='bbox 1316 1573 1464 1607; x_wconf 85' lang='lat' dir='ltr'>expressa</span> <span class='ocrx_word' id='word_1_411' title='bbox 1487 1573 1524 1596; x_wconf 90' lang='lat' dir='ltr'>ac</span> <span class='ocrx_word' id='word_1_412' title='bbox 1550 1561 1720 1603; x_wconf 89' lang='lat' dir='ltr'>individua,</span> <span class='ocrx_word' id='word_1_413' title='bbox 1734 1572 1770 1595; x_wconf 91' lang='lat' dir='ltr'>ac</span> <span class='ocrx_word' id='word_1_414' title='bbox 1797 1561 1836 1594; x_wconf 87' lang='lat' dir='ltr'>de</span> 
     </span>
     <span class='ocr_line' id='line_1_88' title="bbox 1091 1615 1837 1660; baseline 0 -12"><span class='ocrx_word' id='word_1_415' title='bbox 1091 1617 1188 1650; x_wconf 72' lang='lat' dir='ltr'>verbo</span> <span class='ocrx_word' id='word_1_416' title='bbox 1203 1616 1241 1649; x_wconf 88' lang='lat' dir='ltr'>ad</span> <span class='ocrx_word' id='word_1_417' title='bbox 1254 1616 1396 1658; x_wconf 83' lang='lat' dir='ltr'>verbum,</span> <span class='ocrx_word' id='word_1_418' title='bbox 1413 1626 1477 1650; x_wconf 89' lang='lat' dir='ltr'>non</span> <span class='ocrx_word' id='word_1_419' title='bbox 1493 1621 1598 1650; x_wconf 86' lang='lat' dir='ltr'>autem</span> <span class='ocrx_word' id='word_1_420' title='bbox 1611 1626 1668 1660; x_wconf 85' lang='lat' dir='ltr'>per</span> <span class='ocrx_word' id='word_1_421' title='bbox 1681 1615 1837 1648; x_wconf 89' lang='lat' dir='ltr'>clausulas</span> 
     </span>
     <span class='ocr_line' id='line_1_89' title="bbox 1092 1669 1835 1714; baseline -0.003 -11"><span class='ocrx_word' id='word_1_422' title='bbox 1092 1670 1257 1713; x_wconf 77' lang='lat' dir='ltr'>generales</span> <span class='ocrx_word' id='word_1_423' title='bbox 1291 1670 1374 1703; x_wconf 89' lang='lat' dir='ltr'>idem</span> <span class='ocrx_word' id='word_1_424' title='bbox 1404 1670 1620 1714; x_wconf 89' lang='lat' dir='ltr'>importantes‚</span> <span class='ocrx_word' id='word_1_425' title='bbox 1642 1669 1760 1702; x_wconf 91' lang='lat' dir='ltr'>mentio</span> <span class='ocrx_word' id='word_1_426' title='bbox 1781 1678 1835 1702; x_wconf 91' lang='lat' dir='ltr'>seu</span> 
     </span>
     <span class='ocr_line' id='line_1_90' title="bbox 1093 1722 1838 1768; baseline -0.003 -12"><span class='ocrx_word' id='word_1_427' title='bbox 1093 1723 1222 1768; x_wconf 73' lang='lat' dir='ltr'>quaevis</span> <span class='ocrx_word' id='word_1_428' title='bbox 1241 1723 1302 1756; x_wconf 88' lang='lat' dir='ltr'>alia</span> <span class='ocrx_word' id='word_1_429' title='bbox 1322 1723 1483 1767; x_wconf 83' lang='lat' dir='ltr'>expressio</span> <span class='ocrx_word' id='word_1_430' title='bbox 1502 1722 1647 1756; x_wconf 88' lang='lat' dir='ltr'>habenda</span> <span class='ocrx_word' id='word_1_431' title='bbox 1666 1727 1718 1755; x_wconf 88' lang='lat' dir='ltr'>aut</span> <span class='ocrx_word' id='word_1_432' title='bbox 1735 1722 1838 1766; x_wconf 90' lang='lat' dir='ltr'>aliqua</span> 
     </span>
     <span class='ocr_line' id='line_1_91' title="bbox 1092 1776 1839 1821; baseline -0.001 -11"><span class='ocrx_word' id='word_1_433' title='bbox 1092 1778 1152 1811; x_wconf 91' lang='lat' dir='ltr'>alia</span> <span class='ocrx_word' id='word_1_434' title='bbox 1178 1777 1332 1821; x_wconf 87' lang='lat' dir='ltr'>exquisita</span> <span class='ocrx_word' id='word_1_435' title='bbox 1360 1777 1462 1811; x_wconf 85' lang='lat' dir='ltr'>forma</span> <span class='ocrx_word' id='word_1_436' title='bbox 1477 1777 1516 1810; x_wconf 90' lang='lat' dir='ltr'>ad</span> <span class='ocrx_word' id='word_1_437' title='bbox 1539 1777 1601 1810; x_wconf 87' lang='lat' dir='ltr'>hoc</span> <span class='ocrx_word' id='word_1_438' title='bbox 1623 1776 1774 1810; x_wconf 83' lang='lat' dir='ltr'>servanda</span> <span class='ocrx_word' id='word_1_439' title='bbox 1793 1777 1839 1810; x_wconf 90' lang='lat' dir='ltr'>so-</span> 
     </span>
     <span class='ocr_line' id='line_1_92' title="bbox 1093 1830 1839 1874; baseline -0.001 -10"><span class='ocrx_word' id='word_1_440' title='bbox 1093 1836 1165 1872; x_wconf 83' lang='lat' dir='ltr'>ret,</span> <span class='ocrx_word' id='word_1_441' title='bbox 1195 1831 1323 1864; x_wconf 91' lang='lat' dir='ltr'>illorum</span> <span class='ocrx_word' id='word_1_442' title='bbox 1360 1835 1486 1864; x_wconf 88' lang='lat' dir='ltr'>tenores</span> <span class='ocrx_word' id='word_1_443' title='bbox 1521 1830 1740 1874; x_wconf 87' lang='lat' dir='ltr'>praesentibus</span> <span class='ocrx_word' id='word_1_444' title='bbox 1780 1840 1839 1873; x_wconf 90' lang='lat' dir='ltr'>pro</span> 
     </span>
     <span class='ocr_line' id='line_1_93' title="bbox 1094 1883 1840 1929; baseline -0.003 -12"><span class='ocrx_word' id='word_1_445' title='bbox 1094 1885 1186 1929; x_wconf 86' lang='lat' dir='ltr'>plene</span> <span class='ocrx_word' id='word_1_446' title='bbox 1211 1889 1241 1917; x_wconf 90' lang='lat' dir='ltr'>et</span> <span class='ocrx_word' id='word_1_447' title='bbox 1260 1884 1452 1917; x_wconf 82' lang='lat' dir='ltr'>sufficienter</span> <span class='ocrx_word' id='word_1_448' title='bbox 1469 1883 1627 1928; x_wconf 85' lang='lat' dir='ltr'>expressis</span> <span class='ocrx_word' id='word_1_449' title='bbox 1650 1893 1686 1916; x_wconf 88' lang='lat' dir='ltr'>ac</span> <span class='ocrx_word' id='word_1_450' title='bbox 1710 1883 1748 1916; x_wconf 90' lang='lat' dir='ltr'>ad</span> <span class='ocrx_word' id='word_1_451' title='bbox 1773 1893 1840 1916; x_wconf 78' lang='lat' dir='ltr'>ver-</span> 
     </span>
     <span class='ocr_line' id='line_1_94' title="bbox 1093 1937 1838 1979; baseline 0 -9"><span class='ocrx_word' id='word_1_452' title='bbox 1093 1938 1169 1971; x_wconf 91' lang='lat' dir='ltr'>bum</span> <span class='ocrx_word' id='word_1_453' title='bbox 1193 1937 1320 1971; x_wconf 88' lang='lat' dir='ltr'>insertis</span> <span class='ocrx_word' id='word_1_454' title='bbox 1344 1937 1514 1979; x_wconf 86' lang='lat' dir='ltr'>habentes,</span> <span class='ocrx_word' id='word_1_455' title='bbox 1539 1937 1601 1970; x_wconf 93' lang='lat' dir='ltr'>illis</span> <span class='ocrx_word' id='word_1_456' title='bbox 1628 1937 1704 1970; x_wconf 78' lang='lat' dir='ltr'>alias</span> <span class='ocrx_word' id='word_1_457' title='bbox 1724 1937 1755 1969; x_wconf 93' lang='lat' dir='ltr'>in</span> <span class='ocrx_word' id='word_1_458' title='bbox 1780 1947 1838 1970; x_wconf 88' lang='lat' dir='ltr'>suo</span> 
     </span>
     <span class='ocr_line' id='line_1_95' title="bbox 1094 1989 1838 2034; baseline -0.001 -11"><span class='ocrx_word' id='word_1_459' title='bbox 1094 1990 1210 2024; x_wconf 85' lang='lat' dir='ltr'>robore</span> <span class='ocrx_word' id='word_1_460' title='bbox 1229 1990 1455 2034; x_wconf 88' lang='lat' dir='ltr'>permansuris,</span> <span class='ocrx_word' id='word_1_461' title='bbox 1473 1990 1512 2023; x_wconf 87' lang='lat' dir='ltr'>ad</span> <span class='ocrx_word' id='word_1_462' title='bbox 1532 1989 1780 2034; x_wconf 89' lang='lat' dir='ltr'>praemissorum</span> <span class='ocrx_word' id='word_1_463' title='bbox 1795 1990 1838 2022; x_wconf 84' lang='lat' dir='ltr'>es-</span> 
     </span>
     <span class='ocr_line' id='line_1_96' title="bbox 1096 2043 1838 2087; baseline -0.001 -11"><span class='ocrx_word' id='word_1_464' title='bbox 1096 2045 1227 2086; x_wconf 85' lang='lat' dir='ltr'>sectum,</span> <span class='ocrx_word' id='word_1_465' title='bbox 1245 2044 1303 2077; x_wconf 89' lang='lat' dir='ltr'>hac</span> <span class='ocrx_word' id='word_1_466' title='bbox 1330 2044 1398 2077; x_wconf 75' lang='lat' dir='ltr'>vice</span> <span class='ocrx_word' id='word_1_467' title='bbox 1425 2043 1585 2076; x_wconf 84' lang='lat' dir='ltr'>dumtaxat</span> <span class='ocrx_word' id='word_1_468' title='bbox 1604 2043 1782 2087; x_wconf 85' lang='lat' dir='ltr'>specialiter</span> <span class='ocrx_word' id='word_1_469' title='bbox 1807 2047 1838 2076; x_wconf 91' lang='lat' dir='ltr'>et</span> 
     </span>
     <span class='ocr_line' id='line_1_97' title="bbox 1095 2096 1839 2141; baseline 0 -11"><span class='ocrx_word' id='word_1_470' title='bbox 1095 2108 1243 2141; x_wconf 80' lang='lat' dir='ltr'>expresse</span> <span class='ocrx_word' id='word_1_471' title='bbox 1273 2097 1483 2140; x_wconf 78' lang='lat' dir='ltr'>derogamus;</span> <span class='ocrx_word' id='word_1_472' title='bbox 1513 2096 1690 2141; x_wconf 87' lang='lat' dir='ltr'>ceterisque</span> <span class='ocrx_word' id='word_1_473' title='bbox 1714 2101 1839 2131; x_wconf 91' lang='lat' dir='ltr'>contra-</span> 
     </span>
     <span class='ocr_line' id='line_1_98' title="bbox 1096 2150 1444 2194; baseline 0 -11"><span class='ocrx_word' id='word_1_474' title='bbox 1096 2150 1152 2184; x_wconf 88' lang='lat' dir='ltr'>riis</span> <span class='ocrx_word' id='word_1_475' title='bbox 1183 2151 1444 2194; x_wconf 88' lang='lat' dir='ltr'>quibuscumque.</span> 
     </span>
    </p>

    <p class='ocr_par' dir='ltr' id='par_1_13' title="bbox 1097 2203 1842 2666">
     <span class='ocr_line' id='line_1_99' title="bbox 1141 2203 1840 2248; baseline 0.003 -12"><span class='ocrx_word' id='word_1_476' title='bbox 1141 2204 1157 2248; x_wconf 60' lang='grc' dir='ltr'><strong>ἓ</strong></span> <span class='ocrx_word' id='word_1_477' title='bbox 1180 2204 1210 2237; x_wconf 74' lang='grc'>4.</span> <span class='ocrx_word' id='word_1_478' title='bbox 1236 2204 1387 2237; x_wconf 65' lang='lat' dir='ltr'>Volumus</span> <span class='ocrx_word' id='word_1_479' title='bbox 1411 2209 1526 2247; x_wconf 83' lang='lat' dir='ltr'>autem,</span> <span class='ocrx_word' id='word_1_480' title='bbox 1552 2209 1586 2237; x_wconf 86' lang='lat' dir='ltr'>ut</span> <span class='ocrx_word' id='word_1_481' title='bbox 1609 2203 1692 2238; x_wconf 86' lang='lat' dir='ltr'>dicta</span> <span class='ocrx_word' id='word_1_482' title='bbox 1715 2214 1768 2238; x_wconf 86' lang='lat' dir='ltr'>sex</span> <span class='ocrx_word' id='word_1_483' title='bbox 1786 2204 1840 2238; x_wconf 93' lang='lat' dir='ltr'>du-</span> 
     </span>
     <span class='ocr_line' id='line_1_100' title="bbox 1097 2257 1838 2302; baseline 0 -12"><span class='ocrx_word' id='word_1_484' title='bbox 1097 2258 1220 2302; x_wconf 89' lang='lat' dir='ltr'>plarum</span> <span class='ocrx_word' id='word_1_485' title='bbox 1247 2257 1488 2301; x_wconf 86' lang='lat' dir='ltr'>Hispanicarum</span> <span class='ocrx_word' id='word_1_486' title='bbox 1513 2257 1611 2290; x_wconf 89' lang='lat' dir='ltr'>millia</span> <span class='ocrx_word' id='word_1_487' title='bbox 1635 2257 1667 2290; x_wconf 91' lang='lat' dir='ltr'>in</span> <span class='ocrx_word' id='word_1_488' title='bbox 1691 2262 1738 2291; x_wconf 89' lang='lat' dir='ltr'>tot</span> <span class='ocrx_word' id='word_1_489' title='bbox 1761 2258 1838 2292; x_wconf 88' lang='lat' dir='ltr'>locis</span> 
     </span>
     <span class='ocr_line' id='line_1_101' title="bbox 1099 2311 1838 2345; baseline 0 -1"><span class='ocrx_word' id='word_1_490' title='bbox 1099 2312 1253 2345; x_wconf 89' lang='lat' dir='ltr'>montium</span> <span class='ocrx_word' id='word_1_491' title='bbox 1279 2311 1484 2345; x_wconf 89' lang='lat' dir='ltr'>cameralium</span> <span class='ocrx_word' id='word_1_492' title='bbox 1505 2322 1559 2345; x_wconf 90' lang='lat' dir='ltr'>seu</span> <span class='ocrx_word' id='word_1_493' title='bbox 1577 2311 1838 2345; x_wconf 87' lang='lat' dir='ltr'>communitatum</span> 
     </span>
     <span class='ocr_line' id='line_1_102' title="bbox 1099 2365 1840 2409; baseline 0 -11"><span class='ocrx_word' id='word_1_494' title='bbox 1099 2376 1163 2399; x_wconf 88' lang='lat' dir='ltr'>non</span> <span class='ocrx_word' id='word_1_495' title='bbox 1195 2365 1383 2399; x_wconf 76' lang='lat' dir='ltr'>vacabilium</span> <span class='ocrx_word' id='word_1_496' title='bbox 1417 2365 1455 2398; x_wconf 89' lang='lat' dir='ltr'>de</span> <span class='ocrx_word' id='word_1_497' title='bbox 1487 2365 1569 2398; x_wconf 87' lang='lat' dir='ltr'>Urbe</span> <span class='ocrx_word' id='word_1_498' title='bbox 1605 2365 1766 2409; x_wconf 71' lang='lat' dir='ltr'>praedicta</span> <span class='ocrx_word' id='word_1_499' title='bbox 1802 2365 1840 2398; x_wconf 91' lang='lat' dir='ltr'>ad</span> 
     </span>
     <span class='ocr_line' id='line_1_103' title="bbox 1097 2418 1841 2461; baseline 0 -10"><span class='ocrx_word' id='word_1_500' title='bbox 1097 2419 1216 2451; x_wconf 83' lang='lat' dir='ltr'>dictum</span> <span class='ocrx_word' id='word_1_501' title='bbox 1243 2418 1388 2452; x_wconf 88' lang='lat' dir='ltr'>ess&#39;cctum</span> <span class='ocrx_word' id='word_1_502' title='bbox 1414 2418 1629 2461; x_wconf 82' lang='lat' dir='ltr'>investiantur,</span> <span class='ocrx_word' id='word_1_503' title='bbox 1648 2429 1684 2452; x_wconf 92' lang='lat' dir='ltr'>ac</span> <span class='ocrx_word' id='word_1_504' title='bbox 1701 2419 1732 2451; x_wconf 89' lang='lat' dir='ltr'>in</span> <span class='ocrx_word' id='word_1_505' title='bbox 1749 2428 1841 2451; x_wconf 84' lang='lat' dir='ltr'>even-</span> 
     </span>
     <span class='ocr_line' id='line_1_104' title="bbox 1101 2471 1840 2514; baseline -0.001 -10"><span class='ocrx_word' id='word_1_506' title='bbox 1101 2478 1165 2505; x_wconf 90' lang='lat' dir='ltr'>tum</span> <span class='ocrx_word' id='word_1_507' title='bbox 1180 2472 1306 2505; x_wconf 86' lang='lat' dir='ltr'>illorum</span> <span class='ocrx_word' id='word_1_508' title='bbox 1321 2471 1533 2512; x_wconf 85' lang='lat' dir='ltr'>extractionis,</span> <span class='ocrx_word' id='word_1_509' title='bbox 1550 2471 1614 2505; x_wconf 76' lang='lat' dir='ltr'>sive</span> <span class='ocrx_word' id='word_1_510' title='bbox 1631 2471 1840 2514; x_wconf 84' lang='lat' dir='ltr'>extinctionis,</span> 
     </span>
     <span class='ocr_line' id='line_1_105' title="bbox 1101 2525 1841 2570; baseline -0.001 -11"><span class='ocrx_word' id='word_1_511' title='bbox 1101 2527 1191 2560; x_wconf 86' lang='lat' dir='ltr'>toties</span> <span class='ocrx_word' id='word_1_512' title='bbox 1215 2525 1338 2570; x_wconf 90' lang='lat' dir='ltr'>quoties</span> <span class='ocrx_word' id='word_1_513' title='bbox 1353 2525 1384 2558; x_wconf 90' lang='lat' dir='ltr'>id</span> <span class='ocrx_word' id='word_1_514' title='bbox 1402 2525 1470 2559; x_wconf 87' lang='lat' dir='ltr'>fieri</span> <span class='ocrx_word' id='word_1_515' title='bbox 1487 2525 1664 2569; x_wconf 82' lang='lat' dir='ltr'>contigerit,</span> <span class='ocrx_word' id='word_1_516' title='bbox 1688 2525 1841 2570; x_wconf 87' lang='lat' dir='ltr'>pecuniae</span> 
     </span>
     <span class='ocr_line' id='line_1_106' title="bbox 1101 2578 1840 2623; baseline 0 -12"><span class='ocrx_word' id='word_1_517' title='bbox 1101 2579 1172 2612; x_wconf 89' lang='lat' dir='ltr'>inde</span> <span class='ocrx_word' id='word_1_518' title='bbox 1197 2579 1418 2623; x_wconf 78' lang='lat' dir='ltr'>provenientes</span> <span class='ocrx_word' id='word_1_519' title='bbox 1442 2579 1473 2611; x_wconf 92' lang='lat' dir='ltr'>in</span> <span class='ocrx_word' id='word_1_520' title='bbox 1497 2579 1557 2612; x_wconf 89' lang='lat' dir='ltr'>alia</span> <span class='ocrx_word' id='word_1_521' title='bbox 1587 2579 1656 2612; x_wconf 90' lang='lat' dir='ltr'>loca</span> <span class='ocrx_word' id='word_1_522' title='bbox 1685 2578 1840 2612; x_wconf 89' lang='lat' dir='ltr'>montium</span> 
     </span>
     <span class='ocr_line' id='line_1_107' title="bbox 1102 2631 1842 2666; baseline -0.001 -1"><span class='ocrx_word' id='word_1_523' title='bbox 1102 2633 1247 2666; x_wconf 91' lang='lat' dir='ltr'>similiter</span> <span class='ocrx_word' id='word_1_524' title='bbox 1264 2632 1468 2666; x_wconf 87' lang='lat' dir='ltr'>cameralium</span> <span class='ocrx_word' id='word_1_525' title='bbox 1495 2632 1559 2666; x_wconf 86' lang='lat' dir='ltr'>sive</span> <span class='ocrx_word' id='word_1_526' title='bbox 1580 2631 1842 2666; x_wconf 89' lang='lat' dir='ltr'>communitatum</span> 
     </span>
    </p>
   </div>
   <div class='ocr_carea' id='block_1_10' title="bbox 1840 222 2025 252">
    <p class='ocr_par' dir='ltr' id='par_1_14' title="bbox 1840 222 2025 252">
     <span class='ocr_line' id='line_1_108' title="bbox 1840 222 2025 252; baseline 0.011 -2"><span class='ocrx_word' id='word_1_527' title='bbox 1840 222 1889 251; x_wconf 78' lang='lat' dir='ltr'>An.</span> <span class='ocrx_word' id='word_1_528' title='bbox 1906 223 1934 252; x_wconf 91' lang='lat' dir='ltr'>C.</span> <span class='ocrx_word' id='word_1_529' title='bbox 1956 224 2025 252; x_wconf 76' lang='lat'>1638</span> 
     </span>
    </p>
   </div>
   <div class='ocr_carea' id='block_1_11' title="bbox 1846 771 2031 825">
    <p class='ocr_par' dir='ltr' id='par_1_15' title="bbox 1846 771 2031 825">
     <span class='ocr_line' id='line_1_109' title="bbox 1872 771 2031 796; baseline 0 -5"><span class='ocrx_word' id='word_1_530' title='bbox 1872 771 1982 792; x_wconf 74' lang='lat' dir='ltr'>Clausulas</span> <span class='ocrx_word' id='word_1_531' title='bbox 1993 776 2031 796; x_wconf 78' lang='lat' dir='ltr'>ap-</span> 
     </span>
     <span class='ocr_line' id='line_1_110' title="bbox 1846 800 1913 825; baseline -0.015 -6"><span class='ocrx_word' id='word_1_532' title='bbox 1846 800 1913 825; x_wconf 74' lang='lat' dir='ltr'>ponit.</span> 
     </span>
    </p>
   </div>
   <div class='ocr_carea' id='block_1_12' title="bbox 1847 983 2032 1034">
    <p class='ocr_par' dir='ltr' id='par_1_16' title="bbox 1847 983 2032 1034">
     <span class='ocr_line' id='line_1_111' title="bbox 1887 983 2032 1011; baseline -0.007 -5"><span class='ocrx_word' id='word_1_533' title='bbox 1887 985 1979 1011; x_wconf 69' lang='lat' dir='ltr'>nei-ngat</span> <span class='ocrx_word' id='word_1_534' title='bbox 1995 983 2032 1005; x_wconf 83' lang='lat' dir='ltr'>ob-</span> 
     </span>
     <span class='ocr_line' id='line_1_112' title="bbox 1847 1012 1956 1034; baseline -0.018 0"><span class='ocrx_word' id='word_1_535' title='bbox 1847 1012 1956 1034; x_wconf 78' lang='lat' dir='ltr'>stantibus.</span> 
     </span>
    </p>
   </div>
   <div class='ocr_carea' id='block_1_13' title="bbox 1854 2209 2041 2337">
    <p class='ocr_par' dir='ltr' id='par_1_17' title="bbox 1854 2209 2041 2337">
     <span class='ocr_line' id='line_1_113' title="bbox 1886 2209 2041 2231; baseline -0.006 0"><span class='ocrx_word' id='word_1_536' title='bbox 1886 2209 2041 2231; x_wconf 76' lang='lat' dir='ltr'>Praescribitur</span> 
     </span>
     <span class='ocr_line' id='line_1_114' title="bbox 1854 2237 2041 2258; baseline -0.011 0"><span class='ocrx_word' id='word_1_537' title='bbox 1854 2237 1931 2258; x_wconf 57' lang='lat' dir='ltr'>modus</span> <span class='ocrx_word' id='word_1_538' title='bbox 1964 2237 2041 2256; x_wconf 66' lang='lat' dir='ltr'>:liciam</span> 
     </span>
     <span class='ocr_line' id='line_1_115' title="bbox 1855 2263 2040 2284; baseline -0.005 -1"><span class='ocrx_word' id='word_1_539' title='bbox 1855 2270 1955 2284; x_wconf 62' lang='lat' dir='ltr'>sumniam</span> <span class='ocrx_word' id='word_1_540' title='bbox 1973 2263 1994 2283; x_wconf 82' lang='lat' dir='ltr'>iu</span> <span class='ocrx_word' id='word_1_541' title='bbox 2011 2266 2040 2283; x_wconf 78' lang='lat' dir='ltr'>tot</span> 
     </span>
     <span class='ocr_line' id='line_1_116' title="bbox 1856 2290 2040 2311; baseline 0 -1"><span class='ocrx_word' id='word_1_542' title='bbox 1856 2291 1902 2311; x_wconf 61' lang='lat' dir='ltr'>tura</span> <span class='ocrx_word' id='word_1_543' title='bbox 1940 2290 2040 2310; x_wconf 79' lang='lat' dir='ltr'>montium</span> 
     </span>
     <span class='ocr_line' id='line_1_117' title="bbox 1856 2316 1989 2337; baseline 0 0"><span class='ocrx_word' id='word_1_544' title='bbox 1856 2316 1989 2337; x_wconf 59' lang='lat' dir='ltr'>tumui-ndi.</span> 
     </span>
    </p>
   </div>
  </div>
 </body>
</html>
