<?xml version="1.0" encoding="UTF-8"?>
<!DOCTYPE html PUBLIC "-//W3C//DTD XHTML 1.0 Transitional//EN"
    "http://www.w3.org/TR/xhtml1/DTD/xhtml1-transitional.dtd">
<html xmlns="http://www.w3.org/1999/xhtml" xml:lang="en" lang="en">
 <head>
  <title>
</title>
<meta http-equiv="Content-Type" content="text/html;charset=utf-8" />
  <meta name='ocr-system' content='tesseract 3.04.00' />
  <meta name='ocr-capabilities' content='ocr_page ocr_carea ocr_par ocr_line ocrx_word'/>
</head>
<body>
  <div class='ocr_page' id='page_1' title='image "./bullarumdiplomat14cath_0382.png"; bbox 0 0 2248 3229; ppageno 0'>
   <div class='ocr_carea' id='block_1_1' title="bbox 194 256 488 292">
    <p class='ocr_par' dir='ltr' id='par_1_1' title="bbox 194 256 488 292">
     <span class='ocr_line' id='line_1_1' title="bbox 194 256 488 292; baseline 0.003 -2"><span class='ocrx_word' id='word_1_1' title='bbox 194 263 242 291; x_wconf 79' lang='lat' dir='ltr'>An.</span> <span class='ocrx_word' id='word_1_2' title='bbox 260 264 289 292; x_wconf 81' lang='lat' dir='ltr'>c.</span> <span class='ocrx_word' id='word_1_3' title='bbox 313 264 380 292; x_wconf 80' lang='lat'><strong>1633</strong></span> <span class='ocrx_word' id='word_1_4' title='bbox 425 256 488 291; x_wconf 50' lang='lat'>3116</span> 
     </span>
    </p>
   </div>
   <div class='ocr_carea' id='block_1_2' title="bbox 390 314 1129 469">
    <p class='ocr_par' dir='ltr' id='par_1_2' title="bbox 390 314 1129 469">
     <span class='ocr_line' id='line_1_2' title="bbox 391 314 1129 358; baseline 0.001 -11"><span class='ocrx_word' id='word_1_5' title='bbox 391 325 462 348; x_wconf 86' lang='lat' dir='ltr'>rum</span> <span class='ocrx_word' id='word_1_6' title='bbox 487 315 622 358; x_wconf 80' lang='lat' dir='ltr'>aliquem</span> <span class='ocrx_word' id='word_1_7' title='bbox 641 314 775 358; x_wconf 82' lang='lat' dir='ltr'>desuper</span> <span class='ocrx_word' id='word_1_8' title='bbox 798 324 855 358; x_wconf 84' lang='lat' dir='ltr'>per</span> <span class='ocrx_word' id='word_1_9' title='bbox 880 314 964 358; x_wconf 88' lang='lat' dir='ltr'>ipsos</span> <span class='ocrx_word' id='word_1_10' title='bbox 980 315 1129 358; x_wconf 76' lang='lat' dir='ltr'>legatum,</span> 
     </span>
     <span class='ocr_line' id='line_1_3' title="bbox 390 368 1129 411; baseline 0.003 -10"><span class='ocrx_word' id='word_1_11' title='bbox 390 368 608 411; x_wconf 77' lang='lat' dir='ltr'>vicelegatmn,</span> <span class='ocrx_word' id='word_1_12' title='bbox 628 374 867 411; x_wconf 86' lang='lat' dir='ltr'>procuratorem</span> <span class='ocrx_word' id='word_1_13' title='bbox 896 368 1045 411; x_wconf 85' lang='lat' dir='ltr'>fiscalem,</span> <span class='ocrx_word' id='word_1_14' title='bbox 1075 379 1129 403; x_wconf 90' lang='lat' dir='ltr'>seu</span> 
     </span>
     <span class='ocr_line' id='line_1_4' title="bbox 390 423 1129 469; baseline 0.003 -14"><span class='ocrx_word' id='word_1_15' title='bbox 390 423 467 456; x_wconf 83' lang='lat' dir='ltr'>alios</span> <span class='ocrx_word' id='word_1_16' title='bbox 491 433 707 466; x_wconf 82' lang='lat' dir='ltr'>quoscumque</span> <span class='ocrx_word' id='word_1_17' title='bbox 732 423 968 469; x_wconf 76' lang='lat' dir='ltr'>quomodolibet</span> <span class='ocrx_word' id='word_1_18' title='bbox 992 423 1129 457; x_wconf 76' lang='lat' dir='ltr'>indebite</span> 
     </span>
    </p>
   </div>
   <div class='ocr_carea' id='block_1_3' title="bbox 385 471 1147 842">
    <p class='ocr_par' dir='ltr' id='par_1_3' title="bbox 385 471 1147 842">
     <span class='ocr_line' id='line_1_5' title="bbox 389 471 1147 521; baseline 0.004 -13"><span class='ocrx_word' id='word_1_19' title='bbox 389 477 559 517; x_wconf 81' lang='lat' dir='ltr'>molestari,</span> <span class='ocrx_word' id='word_1_20' title='bbox 577 477 769 520; x_wconf 84' lang='lat' dir='ltr'>perturbari,</span> <span class='ocrx_word' id='word_1_21' title='bbox 785 482 837 510; x_wconf 84' lang='lat' dir='ltr'>aut</span> <span class='ocrx_word' id='word_1_22' title='bbox 857 477 1041 521; x_wconf 81' lang='lat' dir='ltr'>inquietari;</span> <span class='ocrx_word' id='word_1_23' title='bbox 1060 471 1147 511; x_wconf 81' lang='lat' dir='ltr'>con-¹</span> 
     </span>
     <span class='ocr_line' id='line_1_6' title="bbox 388 530 1146 574; baseline 0.004 -13"><span class='ocrx_word' id='word_1_24' title='bbox 388 530 573 562; x_wconf 85' lang='lat' dir='ltr'>tradictores</span> <span class='ocrx_word' id='word_1_25' title='bbox 598 531 752 574; x_wconf 85' lang='lat' dir='ltr'>quoslibet</span> <span class='ocrx_word' id='word_1_26' title='bbox 781 538 809 564; x_wconf 85' lang='lat' dir='ltr'>et</span> <span class='ocrx_word' id='word_1_27' title='bbox 828 532 961 564; x_wconf 85' lang='lat' dir='ltr'>rebelles</span> <span class='ocrx_word' id='word_1_28' title='bbox 988 532 1146 572; x_wconf 57' lang='lat' dir='ltr'>censuris,</span> 
     </span>
     <span class='ocr_line' id='line_1_7' title="bbox 389 583 1146 628; baseline 0.004 -13"><span class='ocrx_word' id='word_1_29' title='bbox 389 587 418 615; x_wconf 87' lang='lat' dir='ltr'>et</span> <span class='ocrx_word' id='word_1_30' title='bbox 435 583 560 626; x_wconf 87' lang='lat' dir='ltr'>poenis,</span> <span class='ocrx_word' id='word_1_31' title='bbox 574 584 704 628; x_wconf 83' lang='lat' dir='ltr'>aliisque</span> <span class='ocrx_word' id='word_1_32' title='bbox 731 585 920 628; x_wconf 67' lang='lat' dir='ltr'>opportunis</span> <span class='ocrx_word' id='word_1_33' title='bbox 937 585 1014 618; x_wconf 87' lang='lat' dir='ltr'>iuris</span> <span class='ocrx_word' id='word_1_34' title='bbox 1032 596 1130 618; x_wconf 85' lang='lat' dir='ltr'>reme-</span> <span class='ocrx_word' id='word_1_35' title='bbox 1145 593 1146 599; x_wconf 62' lang='lat'>¹</span> 
     </span>
     <span class='ocr_line' id='line_1_8' title="bbox 387 636 1146 683; baseline 0.008 -15"><span class='ocrx_word' id='word_1_36' title='bbox 387 636 456 677; x_wconf 86' lang='lat' dir='ltr'>diis,</span> <span class='ocrx_word' id='word_1_37' title='bbox 468 638 579 671; x_wconf 75' lang='lat' dir='ltr'>eadem</span> <span class='ocrx_word' id='word_1_38' title='bbox 594 639 1129 683; x_wconf 44' lang='lat' dir='ltr'>auctoritaienostrassppellatione</span> <span class='ocrx_word' id='word_1_39' title='bbox 1145 653 1146 659; x_wconf 59' lang='lat'>¹</span> 
     </span>
     <span class='ocr_line' id='line_1_9' title="bbox 386 691 1146 746; baseline 0.005 -24"><span class='ocrx_word' id='word_1_40' title='bbox 386 691 573 734; x_wconf 67' lang='lat' dir='ltr'>postposita,</span> <span class='ocrx_word' id='word_1_41' title='bbox 592 693 831 736; x_wconf 82' lang='lat' dir='ltr'>compescendo,</span> <span class='ocrx_word' id='word_1_42' title='bbox 850 704 895 735; x_wconf 85' lang='lat' dir='ltr'>ac,</span> <span class='ocrx_word' id='word_1_43' title='bbox 912 693 1062 735; x_wconf 72' lang='lat' dir='ltr'>legitimis</span> <span class='ocrx_word' id='word_1_44' title='bbox 1083 705 1129 727; x_wconf 89' lang='lat' dir='ltr'>su-</span> <span class='ocrx_word' id='word_1_45' title='bbox 1145 727 1146 746; x_wconf 59' lang='lat'>,</span> 
     </span>
     <span class='ocr_line' id='line_1_10' title="bbox 385 743 1146 790; baseline 0.007 -15"><span class='ocrx_word' id='word_1_46' title='bbox 385 743 504 786; x_wconf 87' lang='lat' dir='ltr'>perbis</span> <span class='ocrx_word' id='word_1_47' title='bbox 519 745 669 778; x_wconf 84' lang='lat' dir='ltr'>habendis</span> <span class='ocrx_word' id='word_1_48' title='bbox 687 747 816 779; x_wconf 81' lang='lat' dir='ltr'>servatis</span> <span class='ocrx_word' id='word_1_49' title='bbox 835 747 1044 790; x_wconf 70' lang='lat' dir='ltr'>processibus,</span> <span class='ocrx_word' id='word_1_50' title='bbox 1060 747 1129 780; x_wconf 89' lang='lat' dir='ltr'>illos</span> <span class='ocrx_word' id='word_1_51' title='bbox 1145 750 1146 759; x_wconf 67' lang='lat'>¹</span> 
     </span>
     <span class='ocr_line' id='line_1_11' title="bbox 388 800 1146 842; baseline 0.007 -14"><span class='ocrx_word' id='word_1_52' title='bbox 388 806 536 830; x_wconf 82' lang='lat' dir='ltr'>censuras</span> <span class='ocrx_word' id='word_1_53' title='bbox 557 803 587 831; x_wconf 90' lang='lat' dir='ltr'>et</span> <span class='ocrx_word' id='word_1_54' title='bbox 610 810 726 842; x_wconf 83' lang='lat' dir='ltr'>poenas</span> <span class='ocrx_word' id='word_1_55' title='bbox 752 800 933 833; x_wconf 85' lang='lat' dir='ltr'>huiusmodi</span> <span class='ocrx_word' id='word_1_56' title='bbox 959 800 1146 833; x_wconf 45' lang='lat' dir='ltr'>incurrisse³</span> 
     </span>
    </p>
   </div>
   <div class='ocr_carea' id='block_1_4' title="bbox 387 849 1125 897">
    <p class='ocr_par' dir='ltr' id='par_1_4' title="bbox 387 849 1125 897">
     <span class='ocr_line' id='line_1_12' title="bbox 387 849 1125 897; baseline 0.007 -15"><span class='ocrx_word' id='word_1_57' title='bbox 387 849 606 894; x_wconf 82' lang='lat' dir='ltr'>declarando¹,</span> <span class='ocrx_word' id='word_1_58' title='bbox 632 853 780 897; x_wconf 81' lang='lat' dir='ltr'>ipsasque</span> <span class='ocrx_word' id='word_1_59' title='bbox 810 864 959 887; x_wconf 86' lang='lat' dir='ltr'>censuras</span> <span class='ocrx_word' id='word_1_60' title='bbox 990 859 1019 887; x_wconf 92' lang='lat' dir='ltr'>et</span> <span class='ocrx_word' id='word_1_61' title='bbox 1047 865 1125 897; x_wconf 91' lang='lat' dir='ltr'>poe-</span> 
     </span>
    </p>
   </div>
   <div class='ocr_carea' id='block_1_5' title="bbox 385 905 1146 1005">
    <p class='ocr_par' dir='ltr' id='par_1_5' title="bbox 385 905 1146 1005">
     <span class='ocr_line' id='line_1_13' title="bbox 386 905 1146 951; baseline 0.005 -15"><span class='ocrx_word' id='word_1_62' title='bbox 386 914 441 936; x_wconf 91' lang='lat' dir='ltr'>nas</span> <span class='ocrx_word' id='word_1_63' title='bbox 474 905 567 937; x_wconf 87' lang='lat' dir='ltr'>etiam</span> <span class='ocrx_word' id='word_1_64' title='bbox 601 907 720 939; x_wconf 88' lang='lat' dir='ltr'>iteratis</span> <span class='ocrx_word' id='word_1_65' title='bbox 758 908 877 941; x_wconf 75' lang='lat' dir='ltr'>vicibus</span> <span class='ocrx_word' id='word_1_66' title='bbox 907 908 1146 951; x_wconf 63' lang='lat' dir='ltr'>aggravando,²</span> 
     </span>
     <span class='ocr_line' id='line_1_14' title="bbox 385 957 1146 1005; baseline 0.007 -15"><span class='ocrx_word' id='word_1_67' title='bbox 385 957 529 992; x_wconf 88' lang='lat' dir='ltr'>invocato</span> <span class='ocrx_word' id='word_1_68' title='bbox 554 960 648 992; x_wconf 85' lang='lat' dir='ltr'>etiam</span> <span class='ocrx_word' id='word_1_69' title='bbox 673 961 710 993; x_wconf 83' lang='lat' dir='ltr'>ad</span> <span class='ocrx_word' id='word_1_70' title='bbox 742 961 818 1001; x_wconf 87' lang='lat' dir='ltr'>hoe,</span> <span class='ocrx_word' id='word_1_71' title='bbox 851 963 875 994; x_wconf 90' lang='lat' dir='ltr'>si</span> <span class='ocrx_word' id='word_1_72' title='bbox 908 972 988 1005; x_wconf 89' lang='lat' dir='ltr'>opus</span> <span class='ocrx_word' id='word_1_73' title='bbox 1012 961 1146 1003; x_wconf 52' lang='lat' dir='ltr'>fuerit„</span> 
     </span>
    </p>
   </div>
   <div class='ocr_carea' id='block_1_6' title="bbox 384 1013 1128 1166">
    <p class='ocr_par' dir='ltr' id='par_1_6' title="bbox 384 1013 1128 1166">
     <span class='ocr_line' id='line_1_15' title="bbox 385 1013 1128 1049; baseline 0.005 -5"><span class='ocrx_word' id='word_1_74' title='bbox 385 1013 501 1046; x_wconf 83' lang='lat' dir='ltr'>auxilio</span> <span class='ocrx_word' id='word_1_75' title='bbox 518 1013 639 1047; x_wconf 86' lang='lat' dir='ltr'>brachii</span> <span class='ocrx_word' id='word_1_76' title='bbox 665 1015 824 1048; x_wconf 85' lang='lat' dir='ltr'>secularis.</span> <span class='ocrx_word' id='word_1_77' title='bbox 843 1016 912 1049; x_wconf 85' lang='lat' dir='ltr'>Non</span> <span class='ocrx_word' id='word_1_78' title='bbox 932 1016 1128 1049; x_wconf 84' lang='lat' dir='ltr'>obstantibus</span> 
     </span>
     <span class='ocr_line' id='line_1_16' title="bbox 384 1067 1124 1109; baseline 0.004 -10"><span class='ocrx_word' id='word_1_79' title='bbox 384 1067 587 1109; x_wconf 76' lang='lat' dir='ltr'>praemissis,</span> <span class='ocrx_word' id='word_1_80' title='bbox 616 1079 651 1101; x_wconf 87' lang='lat' dir='ltr'>ac</span> <span class='ocrx_word' id='word_1_81' title='bbox 680 1069 777 1102; x_wconf 84' lang='lat' dir='ltr'>felicis</span> <span class='ocrx_word' id='word_1_82' title='bbox 806 1069 1034 1103; x_wconf 85' lang='lat' dir='ltr'>recordationis</span> <span class='ocrx_word' id='word_1_83' title='bbox 1063 1069 1124 1102; x_wconf 89' lang='lat' dir='ltr'>Bo-</span> 
     </span>
     <span class='ocr_line' id='line_1_17' title="bbox 386 1120 1127 1166; baseline 0.004 -14"><span class='ocrx_word' id='word_1_84' title='bbox 386 1120 490 1153; x_wconf 88' lang='lat' dir='ltr'>nifacii</span> <span class='ocrx_word' id='word_1_85' title='bbox 520 1120 621 1165; x_wconf 82' lang='lat' dir='ltr'>Papae</span> <span class='ocrx_word' id='word_1_86' title='bbox 651 1121 715 1155; x_wconf 73' lang='lat' dir='ltr'>VIII</span> <span class='ocrx_word' id='word_1_87' title='bbox 745 1123 997 1166; x_wconf 78' lang='lat' dir='ltr'>praedecessoris</span> <span class='ocrx_word' id='word_1_88' title='bbox 1028 1122 1127 1156; x_wconf 88' lang='lat' dir='ltr'>nostri</span> 
     </span>
    </p>
   </div>
   <div class='ocr_carea' id='block_1_7' title="bbox 385 1172 1145 1219">
    <p class='ocr_par' dir='ltr' id='par_1_7' title="bbox 385 1172 1145 1219">
     <span class='ocr_line' id='line_1_18' title="bbox 385 1172 1145 1219; baseline 0.005 -14"><span class='ocrx_word' id='word_1_89' title='bbox 385 1172 424 1206; x_wconf 90' lang='lat' dir='ltr'>de</span> <span class='ocrx_word' id='word_1_90' title='bbox 450 1177 521 1215; x_wconf 76' lang='lat' dir='ltr'>una,</span> <span class='ocrx_word' id='word_1_91' title='bbox 543 1176 590 1207; x_wconf 74' lang='lat' dir='ltr'>vel</span> <span class='ocrx_word' id='word_1_92' title='bbox 616 1176 738 1208; x_wconf 88' lang='lat' dir='ltr'>concilii</span> <span class='ocrx_word' id='word_1_93' title='bbox 765 1176 921 1219; x_wconf 79' lang='lat' dir='ltr'>generalis</span> <span class='ocrx_word' id='word_1_94' title='bbox 945 1176 982 1208; x_wconf 92' lang='lat' dir='ltr'>de</span> <span class='ocrx_word' id='word_1_95' title='bbox 1008 1176 1145 1209; x_wconf 69' lang='lat' dir='ltr'>duabus¹</span> 
     </span>
    </p>
   </div>
   <div class='ocr_carea' id='block_1_8' title="bbox 383 1226 1128 1861">
    <p class='ocr_par' dir='ltr' id='par_1_8' title="bbox 383 1226 1128 1861">
     <span class='ocr_line' id='line_1_19' title="bbox 385 1226 1123 1273; baseline 0.004 -14"><span class='ocrx_word' id='word_1_96' title='bbox 385 1226 495 1267; x_wconf 88' lang='lat' dir='ltr'>dietis,</span> <span class='ocrx_word' id='word_1_97' title='bbox 522 1227 694 1261; x_wconf 87' lang='lat' dir='ltr'>dummodo</span> <span class='ocrx_word' id='word_1_98' title='bbox 718 1229 788 1272; x_wconf 86' lang='lat' dir='ltr'>quis</span> <span class='ocrx_word' id='word_1_99' title='bbox 817 1229 1003 1262; x_wconf 81' lang='lat' dir='ltr'>auctoritate</span> <span class='ocrx_word' id='word_1_100' title='bbox 1029 1239 1123 1273; x_wconf 82' lang='lat' dir='ltr'>prae-</span> 
     </span>
     <span class='ocr_line' id='line_1_20' title="bbox 385 1281 1128 1316; baseline 0.005 -4"><span class='ocrx_word' id='word_1_101' title='bbox 385 1281 519 1313; x_wconf 89' lang='lat' dir='ltr'>sentium</span> <span class='ocrx_word' id='word_1_102' title='bbox 553 1282 636 1314; x_wconf 86' lang='lat' dir='ltr'>ultra</span> <span class='ocrx_word' id='word_1_103' title='bbox 669 1287 732 1314; x_wconf 87' lang='lat' dir='ltr'>tres</span> <span class='ocrx_word' id='word_1_104' title='bbox 763 1282 860 1315; x_wconf 86' lang='lat' dir='ltr'>dietas</span> <span class='ocrx_word' id='word_1_105' title='bbox 890 1293 953 1316; x_wconf 92' lang='lat' dir='ltr'>non</span> <span class='ocrx_word' id='word_1_106' title='bbox 985 1284 1128 1316; x_wconf 83' lang='lat' dir='ltr'>extraha-</span> 
     </span>
     <span class='ocr_line' id='line_1_21' title="bbox 384 1334 1128 1379; baseline 0.007 -13"><span class='ocrx_word' id='word_1_107' title='bbox 384 1338 435 1366; x_wconf 88' lang='lat' dir='ltr'>tur</span> <span class='ocrx_word' id='word_1_108' title='bbox 448 1334 468 1375; x_wconf 75' lang='lat'>²,</span> <span class='ocrx_word' id='word_1_109' title='bbox 489 1335 620 1379; x_wconf 83' lang='lat' dir='ltr'>aliisque</span> <span class='ocrx_word' id='word_1_110' title='bbox 645 1336 921 1370; x_wconf 80' lang='lat' dir='ltr'>constitutionibus</span> <span class='ocrx_word' id='word_1_111' title='bbox 949 1343 979 1370; x_wconf 89' lang='lat' dir='ltr'>et</span> <span class='ocrx_word' id='word_1_112' title='bbox 1005 1337 1128 1371; x_wconf 85' lang='lat' dir='ltr'>ordina-</span> 
     </span>
     <span class='ocr_line' id='line_1_22' title="bbox 383 1387 1125 1433; baseline 0.005 -13"><span class='ocrx_word' id='word_1_113' title='bbox 383 1387 522 1421; x_wconf 82' lang='lat' dir='ltr'>tionibus</span> <span class='ocrx_word' id='word_1_114' title='bbox 547 1390 739 1432; x_wconf 84' lang='lat' dir='ltr'>apostolicis‚</span> <span class='ocrx_word' id='word_1_115' title='bbox 757 1401 792 1424; x_wconf 80' lang='lat' dir='ltr'>ae</span> <span class='ocrx_word' id='word_1_116' title='bbox 813 1391 919 1432; x_wconf 86' lang='lat' dir='ltr'>ctiam,</span> <span class='ocrx_word' id='word_1_117' title='bbox 937 1391 1125 1433; x_wconf 85' lang='lat' dir='ltr'>iuramento,</span> 
     </span>
     <span class='ocr_line' id='line_1_23' title="bbox 385 1442 1125 1488; baseline 0.004 -14"><span class='ocrx_word' id='word_1_118' title='bbox 385 1442 624 1476; x_wconf 84' lang='lat' dir='ltr'>confirmatione</span> <span class='ocrx_word' id='word_1_119' title='bbox 649 1444 836 1487; x_wconf 71' lang='lat' dir='ltr'>apostolica,</span> <span class='ocrx_word' id='word_1_120' title='bbox 863 1445 911 1477; x_wconf 73' lang='lat' dir='ltr'>vel</span> <span class='ocrx_word' id='word_1_121' title='bbox 936 1445 1044 1488; x_wconf 80' lang='lat' dir='ltr'>quavis</span> <span class='ocrx_word' id='word_1_122' title='bbox 1071 1445 1125 1478; x_wconf 88' lang='lat' dir='ltr'>fir-</span> 
     </span>
     <span class='ocr_line' id='line_1_24' title="bbox 385 1495 1128 1537; baseline 0.005 -10"><span class='ocrx_word' id='word_1_123' title='bbox 385 1495 492 1529; x_wconf 87' lang='lat' dir='ltr'>mitate</span> <span class='ocrx_word' id='word_1_124' title='bbox 520 1496 579 1528; x_wconf 78' lang='lat' dir='ltr'>alia</span> <span class='ocrx_word' id='word_1_125' title='bbox 604 1497 770 1537; x_wconf 88' lang='lat' dir='ltr'>roboratis,</span> <span class='ocrx_word' id='word_1_126' title='bbox 796 1498 919 1530; x_wconf 82' lang='lat' dir='ltr'>statutis</span> <span class='ocrx_word' id='word_1_127' title='bbox 944 1503 973 1531; x_wconf 85' lang='lat' dir='ltr'>et</span> <span class='ocrx_word' id='word_1_128' title='bbox 998 1508 1128 1531; x_wconf 86' lang='lat' dir='ltr'>consue-</span> 
     </span>
     <span class='ocr_line' id='line_1_25' title="bbox 385 1548 1127 1596; baseline 0.007 -16"><span class='ocrx_word' id='word_1_129' title='bbox 385 1548 562 1590; x_wconf 87' lang='lat' dir='ltr'>tudinibus,</span> <span class='ocrx_word' id='word_1_130' title='bbox 583 1550 756 1593; x_wconf 75' lang='lat' dir='ltr'>privilegiis</span> <span class='ocrx_word' id='word_1_131' title='bbox 782 1562 926 1596; x_wconf 79' lang='lat' dir='ltr'>quoque,</span> <span class='ocrx_word' id='word_1_132' title='bbox 945 1551 1073 1585; x_wconf 88' lang='lat' dir='ltr'>indultis</span> <span class='ocrx_word' id='word_1_133' title='bbox 1097 1557 1127 1585; x_wconf 89' lang='lat' dir='ltr'>et</span> 
     </span>
     <span class='ocr_line' id='line_1_26' title="bbox 384 1598 1127 1647; baseline 0.007 -14"><span class='ocrx_word' id='word_1_134' title='bbox 384 1601 496 1634; x_wconf 88' lang='lat' dir='ltr'>litteris</span> <span class='ocrx_word' id='word_1_135' title='bbox 521 1598 710 1646; x_wconf 74' lang='lat' dir='ltr'>apostolicis,</span> <span class='ocrx_word' id='word_1_136' title='bbox 728 1615 787 1647; x_wconf 89' lang='lat' dir='ltr'>pro</span> <span class='ocrx_word' id='word_1_137' title='bbox 807 1610 945 1647; x_wconf 83' lang='lat' dir='ltr'>tempore</span> <span class='ocrx_word' id='word_1_138' title='bbox 971 1605 1127 1638; x_wconf 80' lang='lat' dir='ltr'>existenti-</span> 
     </span>
     <span class='ocr_line' id='line_1_27' title="bbox 383 1654 1125 1701; baseline 0.005 -14"><span class='ocrx_word' id='word_1_139' title='bbox 383 1654 442 1687; x_wconf 85' lang='lat' dir='ltr'>bus</span> <span class='ocrx_word' id='word_1_140' title='bbox 466 1655 580 1698; x_wconf 74' lang='lat' dir='ltr'>legato,</span> <span class='ocrx_word' id='word_1_141' title='bbox 606 1656 779 1699; x_wconf 71' lang='lat' dir='ltr'>vicelegato</span> <span class='ocrx_word' id='word_1_142' title='bbox 804 1663 833 1690; x_wconf 83' lang='lat' dir='ltr'>et</span> <span class='ocrx_word' id='word_1_143' title='bbox 859 1658 1023 1701; x_wconf 74' lang='lat' dir='ltr'>quibusvis</span> <span class='ocrx_word' id='word_1_144' title='bbox 1047 1659 1125 1701; x_wconf 87' lang='lat' dir='ltr'>aliis,</span> 
     </span>
     <span class='ocr_line' id='line_1_28' title="bbox 384 1709 1124 1754; baseline 0.005 -14"><span class='ocrx_word' id='word_1_145' title='bbox 384 1709 442 1741; x_wconf 84' lang='lat' dir='ltr'>sub</span> <span class='ocrx_word' id='word_1_146' title='bbox 474 1709 726 1754; x_wconf 78' lang='lat' dir='ltr'>quibuscumque</span> <span class='ocrx_word' id='word_1_147' title='bbox 758 1711 920 1743; x_wconf 77' lang='lat' dir='ltr'>tenoribus</span> <span class='ocrx_word' id='word_1_148' title='bbox 945 1716 975 1743; x_wconf 88' lang='lat' dir='ltr'>et</span> <span class='ocrx_word' id='word_1_149' title='bbox 998 1712 1124 1753; x_wconf 77' lang='lat' dir='ltr'>formis,</span> 
     </span>
     <span class='ocr_line' id='line_1_29' title="bbox 385 1764 1124 1807; baseline 0.004 -13"><span class='ocrx_word' id='word_1_150' title='bbox 385 1772 420 1794; x_wconf 87' lang='lat' dir='ltr'>ac</span> <span class='ocrx_word' id='word_1_151' title='bbox 446 1773 516 1795; x_wconf 88' lang='lat' dir='ltr'>cum</span> <span class='ocrx_word' id='word_1_152' title='bbox 542 1764 714 1807; x_wconf 74' lang='lat' dir='ltr'>quibusvis,</span> <span class='ocrx_word' id='word_1_153' title='bbox 736 1765 827 1797; x_wconf 84' lang='lat' dir='ltr'>etiam</span> <span class='ocrx_word' id='word_1_154' title='bbox 853 1765 1124 1807; x_wconf 66' lang='lat' dir='ltr'>derogatoriaruin</span> 
     </span>
     <span class='ocr_line' id='line_1_30' title="bbox 385 1816 1126 1861; baseline 0.004 -13"><span class='ocrx_word' id='word_1_155' title='bbox 385 1816 606 1859; x_wconf 81' lang='lat' dir='ltr'>derogatoriis,</span> <span class='ocrx_word' id='word_1_156' title='bbox 632 1818 762 1861; x_wconf 83' lang='lat' dir='ltr'>aliisque</span> <span class='ocrx_word' id='word_1_157' title='bbox 787 1819 1017 1852; x_wconf 65' lang='lat' dir='ltr'>ellit-amoribus</span> <span class='ocrx_word' id='word_1_158' title='bbox 1038 1824 1068 1852; x_wconf 85' lang='lat' dir='ltr'>et</span> <span class='ocrx_word' id='word_1_159' title='bbox 1085 1820 1126 1851; x_wconf 92' lang='lat' dir='ltr'>in-</span> 
     </span>
    </p>
   </div>
   <div class='ocr_carea' id='block_1_9' title="bbox 385 1869 1143 1913">
    <p class='ocr_par' dir='ltr' id='par_1_9' title="bbox 385 1869 1143 1913">
     <span class='ocr_line' id='line_1_31' title="bbox 385 1869 1143 1913; baseline 0.004 -11"><span class='ocrx_word' id='word_1_160' title='bbox 385 1869 484 1903; x_wconf 74' lang='lat' dir='ltr'>solitis</span> <span class='ocrx_word' id='word_1_161' title='bbox 509 1872 676 1913; x_wconf 83' lang='lat' dir='ltr'>clausulis,</span> <span class='ocrx_word' id='word_1_162' title='bbox 705 1872 900 1905; x_wconf 83' lang='lat' dir='ltr'>irritantilnis</span> <span class='ocrx_word' id='word_1_163' title='bbox 930 1878 960 1904; x_wconf 70' lang='lat' dir='ltr'>et</span> <span class='ocrx_word' id='word_1_164' title='bbox 984 1873 1052 1905; x_wconf 85' lang='lat' dir='ltr'>aliis</span> <span class='ocrx_word' id='word_1_165' title='bbox 1077 1873 1143 1905; x_wconf 44' lang='lat' dir='ltr'>dee*</span> 
     </span>
    </p>
   </div>
   <div class='ocr_carea' id='block_1_10' title="bbox 386 1924 1123 1969">
    <p class='ocr_par' dir='ltr' id='par_1_10' title="bbox 386 1924 1123 1969">
     <span class='ocr_line' id='line_1_32' title="bbox 386 1924 1123 1969; baseline 0.005 -14"><span class='ocrx_word' id='word_1_166' title='bbox 386 1924 491 1963; x_wconf 80' lang='lat' dir='ltr'>cretis,</span> <span class='ocrx_word' id='word_1_167' title='bbox 507 1925 599 1956; x_wconf 83' lang='lat' dir='ltr'>etiam</span> <span class='ocrx_word' id='word_1_168' title='bbox 614 1925 734 1957; x_wconf 82' lang='lat' dir='ltr'>iteratis</span> <span class='ocrx_word' id='word_1_169' title='bbox 750 1926 881 1966; x_wconf 76' lang='lat' dir='ltr'>vicibus,</span> <span class='ocrx_word' id='word_1_170' title='bbox 900 1926 929 1957; x_wconf 88' lang='lat' dir='ltr'>in</span> <span class='ocrx_word' id='word_1_171' title='bbox 948 1937 1063 1969; x_wconf 72' lang='lat' dir='ltr'>genere</span> <span class='ocrx_word' id='word_1_172' title='bbox 1079 1928 1123 1959; x_wconf 78' lang='lat' dir='ltr'>vel</span> 
     </span>
    </p>
   </div>
   <div class='ocr_carea' id='block_1_11' title="bbox 385 1976 1125 2022">
    <p class='ocr_par' dir='ltr' id='par_1_11' title="bbox 385 1976 1125 2022">
     <span class='ocr_line' id='line_1_33' title="bbox 385 1976 1125 2022; baseline 0.005 -14"><span class='ocrx_word' id='word_1_173' title='bbox 385 1976 417 2008; x_wconf 92' lang='lat' dir='ltr'>in</span> <span class='ocrx_word' id='word_1_174' title='bbox 431 1977 544 2020; x_wconf 85' lang='lat' dir='ltr'>specie,</span> <span class='ocrx_word' id='word_1_175' title='bbox 563 1983 593 2010; x_wconf 87' lang='lat' dir='ltr'>et</span> <span class='ocrx_word' id='word_1_176' title='bbox 609 1978 684 2010; x_wconf 76' lang='lat' dir='ltr'>alias</span> <span class='ocrx_word' id='word_1_177' title='bbox 705 1979 942 2022; x_wconf 79' lang='lat' dir='ltr'>quomodolibet</span> <span class='ocrx_word' id='word_1_178' title='bbox 959 1981 1125 2021; x_wconf 70' lang='lat' dir='ltr'>concessis,</span> 
     </span>
    </p>
   </div>
   <div class='ocr_carea' id='block_1_12' title="bbox 385 2031 1143 2077">
    <p class='ocr_par' dir='ltr' id='par_1_12' title="bbox 385 2031 1143 2077">
     <span class='ocr_line' id='line_1_34' title="bbox 385 2031 1143 2077; baseline 0.005 -15"><span class='ocrx_word' id='word_1_179' title='bbox 385 2031 568 2074; x_wconf 86' lang='lat' dir='ltr'>approbatis</span> <span class='ocrx_word' id='word_1_180' title='bbox 593 2038 622 2063; x_wconf 77' lang='lat' dir='ltr'>et</span> <span class='ocrx_word' id='word_1_181' title='bbox 647 2032 816 2071; x_wconf 71' lang='lat' dir='ltr'>innovatis3</span> <span class='ocrx_word' id='word_1_182' title='bbox 835 2033 947 2076; x_wconf 80' lang='lat' dir='ltr'>quibus</span> <span class='ocrx_word' id='word_1_183' title='bbox 968 2035 1124 2077; x_wconf 85' lang='lat' dir='ltr'>omnibus,</span> <span class='ocrx_word' id='word_1_184' title='bbox 1142 2050 1143 2071; x_wconf 73' lang='grc'>;</span> 
     </span>
    </p>
   </div>
   <div class='ocr_carea' id='block_1_13' title="bbox 384 2084 1126 2450">
    <p class='ocr_par' dir='ltr' id='par_1_13' title="bbox 384 2084 1126 2450">
     <span class='ocr_line' id='line_1_35' title="bbox 386 2084 1125 2130; baseline 0.005 -14"><span class='ocrx_word' id='word_1_185' title='bbox 386 2084 507 2117; x_wconf 78' lang='lat' dir='ltr'>etiamsi</span> <span class='ocrx_word' id='word_1_186' title='bbox 521 2097 579 2128; x_wconf 83' lang='lat' dir='ltr'>pro</span> <span class='ocrx_word' id='word_1_187' title='bbox 593 2086 758 2118; x_wconf 77' lang='lat' dir='ltr'>sullicienti</span> <span class='ocrx_word' id='word_1_188' title='bbox 780 2086 906 2119; x_wconf 89' lang='lat' dir='ltr'>illorum</span> <span class='ocrx_word' id='word_1_189' title='bbox 921 2087 1125 2130; x_wconf 71' lang='lat' dir='ltr'>derogatione</span> 
     </span>
     <span class='ocr_line' id='line_1_36' title="bbox 385 2138 1126 2184; baseline 0.004 -14"><span class='ocrx_word' id='word_1_190' title='bbox 385 2138 424 2170; x_wconf 89' lang='lat' dir='ltr'>de</span> <span class='ocrx_word' id='word_1_191' title='bbox 449 2138 508 2170; x_wconf 86' lang='lat' dir='ltr'>illis</span> <span class='ocrx_word' id='word_1_192' title='bbox 533 2150 705 2182; x_wconf 81' lang='lat' dir='ltr'>eorumque</span> <span class='ocrx_word' id='word_1_193' title='bbox 731 2140 802 2172; x_wconf 74' lang='lat' dir='ltr'>totis</span> <span class='ocrx_word' id='word_1_194' title='bbox 828 2140 987 2173; x_wconf 85' lang='lat' dir='ltr'>tenoribus</span> <span class='ocrx_word' id='word_1_195' title='bbox 1012 2141 1126 2184; x_wconf 81' lang='lat' dir='ltr'>specia-</span> 
     </span>
     <span class='ocr_line' id='line_1_37' title="bbox 386 2191 1125 2236; baseline 0.004 -13"><span class='ocrx_word' id='word_1_196' title='bbox 386 2191 433 2232; x_wconf 88' lang='lat' dir='ltr'>lis,</span> <span class='ocrx_word' id='word_1_197' title='bbox 463 2192 619 2235; x_wconf 71' lang='lat' dir='ltr'>spec-ilica,</span> <span class='ocrx_word' id='word_1_198' title='bbox 645 2204 791 2236; x_wconf 78' lang='lat' dir='ltr'>expressa</span> <span class='ocrx_word' id='word_1_199' title='bbox 816 2200 845 2225; x_wconf 88' lang='lat' dir='ltr'>et</span> <span class='ocrx_word' id='word_1_200' title='bbox 869 2194 1038 2236; x_wconf 68' lang='lat' dir='ltr'>individua,</span> <span class='ocrx_word' id='word_1_201' title='bbox 1064 2205 1125 2227; x_wconf 89' lang='lat' dir='ltr'>non</span> 
     </span>
     <span class='ocr_line' id='line_1_38' title="bbox 385 2246 1126 2289; baseline 0.005 -13"><span class='ocrx_word' id='word_1_202' title='bbox 385 2250 489 2277; x_wconf 88' lang='lat' dir='ltr'>autem</span> <span class='ocrx_word' id='word_1_203' title='bbox 516 2257 573 2289; x_wconf 85' lang='lat' dir='ltr'>per</span> <span class='ocrx_word' id='word_1_204' title='bbox 597 2246 751 2279; x_wconf 74' lang='lat' dir='ltr'>clausulas</span> <span class='ocrx_word' id='word_1_205' title='bbox 777 2248 938 2289; x_wconf 63' lang='lat' dir='ltr'>geneiales</span> <span class='ocrx_word' id='word_1_206' title='bbox 964 2248 1044 2280; x_wconf 86' lang='lat' dir='ltr'>idem</span> <span class='ocrx_word' id='word_1_207' title='bbox 1070 2248 1126 2280; x_wconf 88' lang='lat' dir='ltr'>im-</span> 
     </span>
     <span class='ocr_line' id='line_1_39' title="bbox 384 2302 1123 2345; baseline 0.005 -14"><span class='ocrx_word' id='word_1_208' title='bbox 384 2304 564 2342; x_wconf 81' lang='lat' dir='ltr'>portantes,</span> <span class='ocrx_word' id='word_1_209' title='bbox 595 2303 711 2334; x_wconf 82' lang='lat' dir='ltr'>mentio</span> <span class='ocrx_word' id='word_1_210' title='bbox 740 2312 795 2334; x_wconf 86' lang='lat' dir='ltr'>seu</span> <span class='ocrx_word' id='word_1_211' title='bbox 826 2302 952 2345; x_wconf 72' lang='lat' dir='ltr'>quaevis</span> <span class='ocrx_word' id='word_1_212' title='bbox 984 2302 1043 2335; x_wconf 88' lang='lat' dir='ltr'>alia</span> <span class='ocrx_word' id='word_1_213' title='bbox 1068 2313 1123 2335; x_wconf 82' lang='lat' dir='ltr'>ex-</span> 
     </span>
     <span class='ocr_line' id='line_1_40' title="bbox 385 2353 1126 2399; baseline 0.005 -15"><span class='ocrx_word' id='word_1_214' title='bbox 385 2354 507 2396; x_wconf 86' lang='lat' dir='ltr'>pressio</span> <span class='ocrx_word' id='word_1_215' title='bbox 525 2353 677 2393; x_wconf 75' lang='lat' dir='ltr'>habenda,</span> <span class='ocrx_word' id='word_1_216' title='bbox 696 2358 748 2388; x_wconf 84' lang='lat' dir='ltr'>aut</span> <span class='ocrx_word' id='word_1_217' title='bbox 763 2355 865 2397; x_wconf 78' lang='lat' dir='ltr'>aliqua</span> <span class='ocrx_word' id='word_1_218' title='bbox 889 2356 949 2388; x_wconf 86' lang='lat' dir='ltr'>alia</span> <span class='ocrx_word' id='word_1_219' title='bbox 974 2355 1126 2399; x_wconf 77' lang='lat' dir='ltr'>exquisita</span> 
     </span>
     <span class='ocr_line' id='line_1_41' title="bbox 385 2406 1126 2450; baseline 0.005 -12"><span class='ocrx_word' id='word_1_220' title='bbox 385 2406 488 2439; x_wconf 80' lang='lat' dir='ltr'>forma</span> <span class='ocrx_word' id='word_1_221' title='bbox 503 2434 510 2448; x_wconf 91' lang='lat'>,</span> <span class='ocrx_word' id='word_1_222' title='bbox 542 2407 580 2440; x_wconf 86' lang='lat' dir='ltr'>ad</span> <span class='ocrx_word' id='word_1_223' title='bbox 604 2408 664 2441; x_wconf 80' lang='lat' dir='ltr'>hoc</span> <span class='ocrx_word' id='word_1_224' title='bbox 696 2408 847 2441; x_wconf 79' lang='lat' dir='ltr'>servanda</span> <span class='ocrx_word' id='word_1_225' title='bbox 872 2409 948 2441; x_wconf 85' lang='lat' dir='ltr'>soret</span> <span class='ocrx_word' id='word_1_226' title='bbox 965 2436 972 2450; x_wconf 89' lang='lat'>,</span> <span class='ocrx_word' id='word_1_227' title='bbox 1003 2414 1126 2443; x_wconf 84' lang='lat' dir='ltr'>tenores</span> 
     </span>
    </p>
   </div>
   <div class='ocr_carea' id='block_1_14' title="bbox 385 2504 1126 2719">
    <p class='ocr_par' dir='ltr' id='par_1_14' title="bbox 385 2504 1126 2629">
     <span class='ocr_line' id='line_1_42' title="bbox 422 2504 1125 2542; baseline 0.003 -11"><span class='ocrx_word' id='word_1_228' title='bbox 422 2506 433 2531; x_wconf 85' lang='lat'><strong>1</strong></span> <span class='ocrx_word' id='word_1_229' title='bbox 453 2505 560 2532; x_wconf 88' lang='lat' dir='ltr'>Comma</span> <span class='ocrx_word' id='word_1_230' title='bbox 583 2504 653 2532; x_wconf 87' lang='lat' dir='ltr'>istud</span> <span class='ocrx_word' id='word_1_231' title='bbox 671 2506 733 2534; x_wconf 78' lang='lat' dir='ltr'>illos</span> <span class='ocrx_word' id='word_1_232' title='bbox 748 2514 883 2534; x_wconf 70' lang='lat' dir='ltr'>censuras</span> <span class='ocrx_word' id='word_1_233' title='bbox 899 2509 924 2533; x_wconf 77' lang='lat' dir='ltr'>et</span> <span class='ocrx_word' id='word_1_234' title='bbox 945 2515 1052 2542; x_wconf 80' lang='lat' dir='ltr'>poenas</span> <span class='ocrx_word' id='word_1_235' title='bbox 1071 2507 1125 2534; x_wconf 83' lang='lat' dir='ltr'>hu-</span> 
     </span>
     <span class='ocr_line' id='line_1_43' title="bbox 385 2549 1126 2580; baseline 0.003 -3"><span class='ocrx_word' id='word_1_236' title='bbox 385 2549 509 2577; x_wconf 72' lang='lat' dir='ltr'>iusmodi</span> <span class='ocrx_word' id='word_1_237' title='bbox 523 2551 679 2579; x_wconf 61' lang='lat' dir='ltr'>incurrisse</span> <span class='ocrx_word' id='word_1_238' title='bbox 695 2552 868 2579; x_wconf 78' lang='lat' dir='ltr'>declarando</span> <span class='ocrx_word' id='word_1_239' title='bbox 883 2551 1006 2579; x_wconf 82' lang='lat' dir='ltr'>addimus</span> <span class='ocrx_word' id='word_1_240' title='bbox 1022 2559 1054 2579; x_wconf 82' lang='lat' dir='ltr'>ex</span> <span class='ocrx_word' id='word_1_241' title='bbox 1068 2551 1126 2580; x_wconf 89' lang='lat' dir='ltr'>loco</span> 
     </span>
     <span class='ocr_line' id='line_1_44' title="bbox 388 2594 602 2629; baseline 0.009 -10"><span class='ocrx_word' id='word_1_242' title='bbox 388 2594 481 2628; x_wconf 82' lang='lat' dir='ltr'>parali.</span> <span class='ocrx_word' id='word_1_243' title='bbox 499 2596 537 2628; x_wconf 76' lang='lat' dir='ltr'>(n.</span> <span class='ocrx_word' id='word_1_244' title='bbox 555 2596 602 2629; x_wconf 85' lang='lat' dir='ltr'>T.).</span> 
     </span>
    </p>

    <p class='ocr_par' dir='ltr' id='par_1_15' title="bbox 388 2638 1123 2719">
     <span class='ocr_line' id='line_1_45' title="bbox 422 2638 1123 2677; baseline 0.004 -13"><span class='ocrx_word' id='word_1_245' title='bbox 422 2638 438 2664; x_wconf 74' lang='lat'><strong>2</strong></span> <span class='ocrx_word' id='word_1_246' title='bbox 458 2639 554 2672; x_wconf 78' lang='lat' dir='ltr'>Aptius</span> <span class='ocrx_word' id='word_1_247' title='bbox 574 2640 601 2666; x_wconf 88' lang='lat' dir='ltr'>in</span> <span class='ocrx_word' id='word_1_248' title='bbox 622 2641 680 2668; x_wconf 83' lang='lat' dir='ltr'>loco</span> <span class='ocrx_word' id='word_1_249' title='bbox 705 2641 833 2677; x_wconf 78' lang='lat' dir='ltr'>parallelo</span> <span class='ocrx_word' id='word_1_250' title='bbox 856 2641 895 2669; x_wconf 81' lang='lat' dir='ltr'>ad</span> <span class='ocrx_word' id='word_1_251' title='bbox 918 2641 1044 2670; x_wconf 68' lang='lat' dir='ltr'>italicum</span> <span class='ocrx_word' id='word_1_252' title='bbox 1068 2649 1123 2668; x_wconf 71' lang='lat' dir='ltr'>non</span> 
     </span>
     <span class='ocr_line' id='line_1_46' title="bbox 388 2683 641 2719; baseline 0.004 -7"><span class='ocrx_word' id='word_1_253' title='bbox 388 2683 525 2712; x_wconf 75' lang='lat' dir='ltr'>trahatur</span> <span class='ocrx_word' id='word_1_254' title='bbox 538 2686 578 2719; x_wconf 74' lang='lat' dir='ltr'>(a.</span> <span class='ocrx_word' id='word_1_255' title='bbox 596 2689 641 2719; x_wconf 63' lang='lat' dir='ltr'>r).</span> 
     </span>
    </p>
   </div>
   <div class='ocr_carea' id='block_1_15' title="bbox 977 265 1333 292">
    <p class='ocr_par' dir='ltr' id='par_1_16' title="bbox 977 265 1333 292">
     <span class='ocr_line' id='line_1_47' title="bbox 977 265 1333 292; baseline 0.006 -2"><span class='ocrx_word' id='word_1_256' title='bbox 977 266 1156 292; x_wconf 69' lang='lat' dir='ltr'>BULLARIUM</span> <span class='ocrx_word' id='word_1_257' title='bbox 1179 265 1333 292; x_wconf 70' lang='lat' dir='ltr'><strong>ROMANUM</strong></span> 
     </span>
    </p>
   </div>
   <div class='ocr_carea' id='block_1_16' title="bbox 1141 316 1904 2613">
    <p class='ocr_par' dir='ltr' id='par_1_17' title="bbox 1145 316 1904 1263">
     <span class='ocr_line' id='line_1_48' title="bbox 1145 316 1901 365; baseline 0.009 -17"><span class='ocrx_word' id='word_1_258' title='bbox 1145 316 1364 357; x_wconf 55' lang='lat' dir='ltr'>*huiusmodi,</span> <span class='ocrx_word' id='word_1_259' title='bbox 1395 326 1431 350; x_wconf 87' lang='lat' dir='ltr'>ac</span> <span class='ocrx_word' id='word_1_260' title='bbox 1454 316 1480 350; x_wconf 89' lang='lat' dir='ltr'>si</span> <span class='ocrx_word' id='word_1_261' title='bbox 1504 316 1542 350; x_wconf 89' lang='lat' dir='ltr'>de</span> <span class='ocrx_word' id='word_1_262' title='bbox 1565 318 1663 352; x_wconf 84' lang='lat' dir='ltr'>verbo</span> <span class='ocrx_word' id='word_1_263' title='bbox 1687 319 1725 354; x_wconf 86' lang='lat' dir='ltr'>ad</span> <span class='ocrx_word' id='word_1_264' title='bbox 1749 319 1901 365; x_wconf 81' lang='lat' dir='ltr'>verbum,</span> 
     </span>
     <span class='ocr_line' id='line_1_49' title="bbox 1163 369 1902 414; baseline 0.008 -12"><span class='ocrx_word' id='word_1_265' title='bbox 1163 369 1242 402; x_wconf 84' lang='lat' dir='ltr'>nihil</span> <span class='ocrx_word' id='word_1_266' title='bbox 1261 370 1387 414; x_wconf 90' lang='lat' dir='ltr'>penitus</span> <span class='ocrx_word' id='word_1_267' title='bbox 1410 370 1538 412; x_wconf 88' lang='lat' dir='ltr'>omisso,</span> <span class='ocrx_word' id='word_1_268' title='bbox 1555 376 1586 404; x_wconf 88' lang='lat' dir='ltr'>et</span> <span class='ocrx_word' id='word_1_269' title='bbox 1602 371 1703 405; x_wconf 71' lang='lat' dir='ltr'>forma</span> <span class='ocrx_word' id='word_1_270' title='bbox 1719 373 1750 406; x_wconf 92' lang='lat' dir='ltr'>in</span> <span class='ocrx_word' id='word_1_271' title='bbox 1766 373 1827 407; x_wconf 90' lang='lat' dir='ltr'>illis</span> <span class='ocrx_word' id='word_1_272' title='bbox 1844 379 1902 408; x_wconf 83' lang='lat' dir='ltr'>tra-</span> 
     </span>
     <span class='ocr_line' id='line_1_50' title="bbox 1145 423 1902 470; baseline 0.009 -15"><span class='ocrx_word' id='word_1_273' title='bbox 1145 431 1147 469; x_wconf 63' lang='lat'>]</span> <span class='ocrx_word' id='word_1_274' title='bbox 1164 423 1228 456; x_wconf 72' lang='lat' dir='ltr'>dita</span> <span class='ocrx_word' id='word_1_275' title='bbox 1244 423 1419 467; x_wconf 80' lang='lat' dir='ltr'>observata,</span> <span class='ocrx_word' id='word_1_276' title='bbox 1438 424 1545 458; x_wconf 88' lang='lat' dir='ltr'>inserti</span> <span class='ocrx_word' id='word_1_277' title='bbox 1559 425 1671 466; x_wconf 85' lang='lat' dir='ltr'>forent,</span> <span class='ocrx_word' id='word_1_278' title='bbox 1686 427 1902 470; x_wconf 83' lang='lat' dir='ltr'>praesentibus</span> 
     </span>
     <span class='ocr_line' id='line_1_51' title="bbox 1163 478 1902 524; baseline 0.007 -14"><span class='ocrx_word' id='word_1_279' title='bbox 1163 488 1221 521; x_wconf 87' lang='lat' dir='ltr'>pro</span> <span class='ocrx_word' id='word_1_280' title='bbox 1246 478 1435 512; x_wconf 82' lang='lat' dir='ltr'>sufficienter</span> <span class='ocrx_word' id='word_1_281' title='bbox 1464 479 1620 524; x_wconf 82' lang='lat' dir='ltr'>expressis</span> <span class='ocrx_word' id='word_1_282' title='bbox 1646 485 1677 513; x_wconf 89' lang='lat' dir='ltr'>et</span> <span class='ocrx_word' id='word_1_283' title='bbox 1699 480 1823 515; x_wconf 87' lang='lat' dir='ltr'>insertis</span> <span class='ocrx_word' id='word_1_284' title='bbox 1847 482 1902 515; x_wconf 84' lang='lat' dir='ltr'>ha-</span> 
     </span>
     <span class='ocr_line' id='line_1_52' title="bbox 1163 532 1904 579; baseline 0.007 -15"><span class='ocrx_word' id='word_1_285' title='bbox 1163 532 1282 574; x_wconf 84' lang='lat' dir='ltr'>bentes,</span> <span class='ocrx_word' id='word_1_286' title='bbox 1301 532 1362 565; x_wconf 87' lang='lat' dir='ltr'>illis</span> <span class='ocrx_word' id='word_1_287' title='bbox 1378 533 1453 566; x_wconf 77' lang='lat' dir='ltr'>alias</span> <span class='ocrx_word' id='word_1_288' title='bbox 1469 533 1501 566; x_wconf 90' lang='lat' dir='ltr'>in</span> <span class='ocrx_word' id='word_1_289' title='bbox 1518 544 1574 567; x_wconf 90' lang='lat' dir='ltr'>suo</span> <span class='ocrx_word' id='word_1_290' title='bbox 1591 533 1706 567; x_wconf 86' lang='lat' dir='ltr'>robore</span> <span class='ocrx_word' id='word_1_291' title='bbox 1723 545 1904 579; x_wconf 84' lang='lat' dir='ltr'>permansu-</span> 
     </span>
     <span class='ocr_line' id='line_1_53' title="bbox 1163 586 1904 633; baseline 0.005 -15"><span class='ocrx_word' id='word_1_292' title='bbox 1163 586 1216 627; x_wconf 84' lang='lat' dir='ltr'>ris,</span> <span class='ocrx_word' id='word_1_293' title='bbox 1232 586 1289 620; x_wconf 81' lang='lat' dir='ltr'>liae</span> <span class='ocrx_word' id='word_1_294' title='bbox 1308 587 1373 620; x_wconf 75' lang='lat' dir='ltr'>viee</span> <span class='ocrx_word' id='word_1_295' title='bbox 1398 587 1566 630; x_wconf 80' lang='lat' dir='ltr'>dumtaxat,</span> <span class='ocrx_word' id='word_1_296' title='bbox 1592 588 1705 621; x_wconf 84' lang='lat' dir='ltr'>harum</span> <span class='ocrx_word' id='word_1_297' title='bbox 1731 588 1811 622; x_wconf 87' lang='lat' dir='ltr'>serie</span> <span class='ocrx_word' id='word_1_298' title='bbox 1839 599 1904 633; x_wconf 90' lang='lat' dir='ltr'>spe-</span> 
     </span>
     <span class='ocr_line' id='line_1_54' title="bbox 1164 639 1904 686; baseline 0.007 -15"><span class='ocrx_word' id='word_1_299' title='bbox 1164 639 1284 672; x_wconf 82' lang='lat' dir='ltr'>cialiter</span> <span class='ocrx_word' id='word_1_300' title='bbox 1301 645 1330 673; x_wconf 90' lang='lat' dir='ltr'>et</span> <span class='ocrx_word' id='word_1_301' title='bbox 1347 650 1493 684; x_wconf 81' lang='lat' dir='ltr'>expresse</span> <span class='ocrx_word' id='word_1_302' title='bbox 1511 641 1716 685; x_wconf 70' lang='lat' dir='ltr'>derogamus5</span> <span class='ocrx_word' id='word_1_303' title='bbox 1731 642 1904 686; x_wconf 85' lang='lat' dir='ltr'>ceterisque</span> 
     </span>
     <span class='ocr_line' id='line_1_55' title="bbox 1164 692 1902 738; baseline 0.004 -13"><span class='ocrx_word' id='word_1_304' title='bbox 1164 692 1329 726; x_wconf 79' lang='lat' dir='ltr'>contrariis</span> <span class='ocrx_word' id='word_1_305' title='bbox 1362 693 1632 737; x_wconf 77' lang='lat' dir='ltr'>quibuscumque3</span> <span class='ocrx_word' id='word_1_306' title='bbox 1657 700 1710 728; x_wconf 87' lang='lat' dir='ltr'>aut</span> <span class='ocrx_word' id='word_1_307' title='bbox 1734 694 1759 728; x_wconf 91' lang='lat' dir='ltr'>si</span> <span class='ocrx_word' id='word_1_308' title='bbox 1783 695 1902 738; x_wconf 81' lang='lat' dir='ltr'>legato,</span> 
     </span>
     <span class='ocr_line' id='line_1_56' title="bbox 1163 746 1902 792; baseline 0.005 -15"><span class='ocrx_word' id='word_1_309' title='bbox 1163 751 1215 778; x_wconf 89' lang='lat' dir='ltr'>aut</span> <span class='ocrx_word' id='word_1_310' title='bbox 1247 746 1418 789; x_wconf 77' lang='lat' dir='ltr'>vicelegato</span> <span class='ocrx_word' id='word_1_311' title='bbox 1445 747 1632 790; x_wconf 88' lang='lat' dir='ltr'>praedictis,</span> <span class='ocrx_word' id='word_1_312' title='bbox 1661 748 1709 781; x_wconf 79' lang='lat' dir='ltr'>vel</span> <span class='ocrx_word' id='word_1_313' title='bbox 1741 748 1902 792; x_wconf 83' lang='lat' dir='ltr'>quibusvis</span> 
     </span>
     <span class='ocr_line' id='line_1_57' title="bbox 1163 799 1901 843; baseline 0.005 -13"><span class='ocrx_word' id='word_1_314' title='bbox 1163 799 1240 840; x_wconf 87' lang='lat' dir='ltr'>aliis,</span> <span class='ocrx_word' id='word_1_315' title='bbox 1266 799 1478 832; x_wconf 88' lang='lat' dir='ltr'>communiter</span> <span class='ocrx_word' id='word_1_316' title='bbox 1502 801 1549 833; x_wconf 82' lang='lat' dir='ltr'>vel</span> <span class='ocrx_word' id='word_1_317' title='bbox 1571 800 1705 843; x_wconf 88' lang='lat' dir='ltr'>divisim,</span> <span class='ocrx_word' id='word_1_318' title='bbox 1730 801 1768 834; x_wconf 88' lang='lat' dir='ltr'>ab</span> <span class='ocrx_word' id='word_1_319' title='bbox 1792 801 1901 834; x_wconf 63' lang='lat' dir='ltr'>endem</span> 
     </span>
     <span class='ocr_line' id='line_1_58' title="bbox 1155 852 1902 898; baseline 0.004 -13"><span class='ocrx_word' id='word_1_320' title='bbox 1155 853 1202 886; x_wconf 86' lang='lat' dir='ltr'>·sit</span> <span class='ocrx_word' id='word_1_321' title='bbox 1226 852 1305 885; x_wconf 79' lang='lat' dir='ltr'>Sede</span> <span class='ocrx_word' id='word_1_322' title='bbox 1329 853 1505 895; x_wconf 89' lang='lat' dir='ltr'>indultum,</span> <span class='ocrx_word' id='word_1_323' title='bbox 1531 854 1614 898; x_wconf 84' lang='lat' dir='ltr'>quod</span> <span class='ocrx_word' id='word_1_324' title='bbox 1644 853 1809 897; x_wconf 77' lang='lat' dir='ltr'>interdici,</span> <span class='ocrx_word' id='word_1_325' title='bbox 1834 865 1902 888; x_wconf 88' lang='lat' dir='ltr'>sus-</span> 
     </span>
     <span class='ocr_line' id='line_1_59' title="bbox 1164 906 1903 952; baseline 0.004 -14"><span class='ocrx_word' id='word_1_326' title='bbox 1164 906 1267 949; x_wconf 85' lang='lat' dir='ltr'>pendi,</span> <span class='ocrx_word' id='word_1_327' title='bbox 1286 911 1316 938; x_wconf 91' lang='lat' dir='ltr'>et</span> <span class='ocrx_word' id='word_1_328' title='bbox 1333 907 1599 940; x_wconf 82' lang='lat' dir='ltr'>excommunicari</span> <span class='ocrx_word' id='word_1_329' title='bbox 1618 917 1682 941; x_wconf 91' lang='lat' dir='ltr'>non</span> <span class='ocrx_word' id='word_1_330' title='bbox 1703 907 1824 951; x_wconf 86' lang='lat' dir='ltr'>possint</span> <span class='ocrx_word' id='word_1_331' title='bbox 1845 918 1903 952; x_wconf 89' lang='lat' dir='ltr'>per</span> 
     </span>
     <span class='ocr_line' id='line_1_60' title="bbox 1162 959 1902 1005; baseline 0.003 -13"><span class='ocrx_word' id='word_1_332' title='bbox 1162 959 1281 993; x_wconf 84' lang='lat' dir='ltr'>litteras</span> <span class='ocrx_word' id='word_1_333' title='bbox 1305 960 1491 1004; x_wconf 86' lang='lat' dir='ltr'>apostolicas</span> <span class='ocrx_word' id='word_1_334' title='bbox 1515 970 1579 994; x_wconf 91' lang='lat' dir='ltr'>non</span> <span class='ocrx_word' id='word_1_335' title='bbox 1603 961 1750 994; x_wconf 78' lang='lat' dir='ltr'>facientes</span> <span class='ocrx_word' id='word_1_336' title='bbox 1777 961 1902 1005; x_wconf 83' lang='lat' dir='ltr'>plenam</span> 
     </span>
     <span class='ocr_line' id='line_1_61' title="bbox 1162 1014 1903 1057; baseline 0.003 -11"><span class='ocrx_word' id='word_1_337' title='bbox 1162 1018 1191 1046; x_wconf 88' lang='lat' dir='ltr'>et</span> <span class='ocrx_word' id='word_1_338' title='bbox 1220 1024 1399 1057; x_wconf 76' lang='lat' dir='ltr'>expressam</span> <span class='ocrx_word' id='word_1_339' title='bbox 1417 1025 1452 1047; x_wconf 88' lang='lat' dir='ltr'>ac</span> <span class='ocrx_word' id='word_1_340' title='bbox 1473 1015 1512 1047; x_wconf 89' lang='lat' dir='ltr'>de</span> <span class='ocrx_word' id='word_1_341' title='bbox 1532 1015 1630 1049; x_wconf 87' lang='lat' dir='ltr'>verbo</span> <span class='ocrx_word' id='word_1_342' title='bbox 1652 1015 1692 1048; x_wconf 89' lang='lat' dir='ltr'>ad</span> <span class='ocrx_word' id='word_1_343' title='bbox 1715 1015 1847 1048; x_wconf 90' lang='lat' dir='ltr'>verbum</span> <span class='ocrx_word' id='word_1_344' title='bbox 1865 1014 1903 1048; x_wconf 87' lang='lat' dir='ltr'>de</span> 
     </span>
     <span class='ocr_line' id='line_1_62' title="bbox 1162 1067 1903 1103; baseline 0.005 -4"><span class='ocrx_word' id='word_1_345' title='bbox 1162 1067 1283 1100; x_wconf 90' lang='lat' dir='ltr'>indulto</span> <span class='ocrx_word' id='word_1_346' title='bbox 1300 1067 1481 1101; x_wconf 88' lang='lat' dir='ltr'>huiusmodi</span> <span class='ocrx_word' id='word_1_347' title='bbox 1499 1069 1700 1102; x_wconf 87' lang='lat' dir='ltr'>mentionem.</span> <span class='ocrx_word' id='word_1_348' title='bbox 1715 1068 1827 1103; x_wconf 81' lang='lat' dir='ltr'>Datum</span> <span class='ocrx_word' id='word_1_349' title='bbox 1842 1068 1903 1102; x_wconf 84' lang='lat' dir='ltr'>Ro-</span> 
     </span>
     <span class='ocr_line' id='line_1_63' title="bbox 1162 1121 1902 1164; baseline 0.005 -12"><span class='ocrx_word' id='word_1_350' title='bbox 1162 1130 1241 1161; x_wconf 82' lang='lat' dir='ltr'>mae,</span> <span class='ocrx_word' id='word_1_351' title='bbox 1267 1121 1348 1164; x_wconf 86' lang='lat' dir='ltr'>apud</span> <span class='ocrx_word' id='word_1_352' title='bbox 1366 1122 1394 1154; x_wconf 75' lang='lat' dir='ltr'>S.</span> <span class='ocrx_word' id='word_1_353' title='bbox 1421 1122 1570 1163; x_wconf 84' lang='lat' dir='ltr'>Marcum,</span> <span class='ocrx_word' id='word_1_354' title='bbox 1591 1123 1649 1156; x_wconf 89' lang='lat' dir='ltr'>sub</span> <span class='ocrx_word' id='word_1_355' title='bbox 1667 1122 1783 1156; x_wconf 84' lang='lat' dir='ltr'>annulo</span> <span class='ocrx_word' id='word_1_356' title='bbox 1799 1122 1902 1156; x_wconf 88' lang='lat' dir='ltr'>Pisca-</span> 
     </span>
     <span class='ocr_line' id='line_1_64' title="bbox 1161 1173 1902 1221; baseline 0.007 -16"><span class='ocrx_word' id='word_1_357' title='bbox 1161 1173 1249 1214; x_wconf 86' lang='lat' dir='ltr'>toris,</span> <span class='ocrx_word' id='word_1_358' title='bbox 1266 1173 1315 1207; x_wconf 87' lang='lat' dir='ltr'>die</span> <span class='ocrx_word' id='word_1_359' title='bbox 1332 1185 1405 1209; x_wconf 82' lang='lat' dir='ltr'>xxiv</span> <span class='ocrx_word' id='word_1_360' title='bbox 1431 1176 1548 1209; x_wconf 84' lang='lat' dir='ltr'>mensis</span> <span class='ocrx_word' id='word_1_361' title='bbox 1571 1176 1638 1209; x_wconf 90' lang='lat' dir='ltr'>iulii</span> <span class='ocrx_word' id='word_1_362' title='bbox 1660 1186 1810 1218; x_wconf 78' lang='lat' dir='ltr'>nncxem,</span> <span class='ocrx_word' id='word_1_363' title='bbox 1826 1186 1902 1221; x_wconf 89' lang='lat' dir='ltr'>pon-</span> 
     </span>
     <span class='ocr_line' id='line_1_65' title="bbox 1162 1227 1586 1263; baseline 0.009 -4"><span class='ocrx_word' id='word_1_364' title='bbox 1162 1227 1296 1260; x_wconf 85' lang='lat' dir='ltr'>tificatus</span> <span class='ocrx_word' id='word_1_365' title='bbox 1320 1229 1420 1262; x_wconf 88' lang='lat' dir='ltr'>nostri</span> <span class='ocrx_word' id='word_1_366' title='bbox 1444 1239 1526 1263; x_wconf 85' lang='lat' dir='ltr'>anno</span> <span class='ocrx_word' id='word_1_367' title='bbox 1542 1239 1586 1263; x_wconf 88' lang='lat'>111.</span> 
     </span>
    </p>

    <p class='ocr_par' dir='ltr' id='par_1_18' title="bbox 1141 1280 1902 2613">
     <span class='ocr_line' id='line_1_66' title="bbox 1206 1280 1900 1328; baseline 0.006 -14"><span class='ocrx_word' id='word_1_368' title='bbox 1206 1280 1221 1324; x_wconf 63' lang='lat' dir='ltr'>g</span> <span class='ocrx_word' id='word_1_369' title='bbox 1237 1281 1267 1314; x_wconf 74' lang='lat'>⁶2.</span> <span class='ocrx_word' id='word_1_370' title='bbox 1281 1281 1357 1315; x_wconf 86' lang='lat' dir='ltr'>Cum</span> <span class='ocrx_word' id='word_1_371' title='bbox 1371 1286 1485 1325; x_wconf 87' lang='lat' dir='ltr'>autem,</span> <span class='ocrx_word' id='word_1_372' title='bbox 1502 1282 1582 1317; x_wconf 87' lang='lat' dir='ltr'>sicut</span> <span class='ocrx_word' id='word_1_373' title='bbox 1595 1284 1698 1317; x_wconf 86' lang='lat' dir='ltr'>clerus</span> <span class='ocrx_word' id='word_1_374' title='bbox 1714 1284 1900 1328; x_wconf 79' lang='lat' dir='ltr'>singulares-</span> 
     </span>
     <span class='ocr_line' id='line_1_67' title="bbox 1161 1336 1900 1380; baseline 0.004 -13"><span class='ocrx_word' id='word_1_375' title='bbox 1161 1344 1221 1378; x_wconf 89' lang='lat' dir='ltr'>que</span> <span class='ocrx_word' id='word_1_376' title='bbox 1245 1345 1400 1379; x_wconf 85' lang='lat' dir='ltr'>personae</span> <span class='ocrx_word' id='word_1_377' title='bbox 1432 1336 1660 1369; x_wconf 81' lang='lat' dir='ltr'>ecclesiasticae</span> <span class='ocrx_word' id='word_1_378' title='bbox 1684 1337 1775 1370; x_wconf 90' lang='lat' dir='ltr'>nobis</span> <span class='ocrx_word' id='word_1_379' title='bbox 1799 1347 1900 1380; x_wconf 87' lang='lat' dir='ltr'>nuper</span> 
     </span>
     <span class='ocr_line' id='line_1_68' title="bbox 1161 1387 1901 1434; baseline 0.004 -14"><span class='ocrx_word' id='word_1_380' title='bbox 1161 1387 1274 1431; x_wconf 77' lang='lat' dir='ltr'>exponi</span> <span class='ocrx_word' id='word_1_381' title='bbox 1287 1389 1438 1430; x_wconf 79' lang='lat' dir='ltr'>fecerunt,</span> <span class='ocrx_word' id='word_1_382' title='bbox 1451 1394 1521 1433; x_wconf 88' lang='lat' dir='ltr'>post</span> <span class='ocrx_word' id='word_1_383' title='bbox 1534 1389 1766 1423; x_wconf 83' lang='lat' dir='ltr'>revocationem</span> <span class='ocrx_word' id='word_1_384' title='bbox 1777 1389 1901 1434; x_wconf 87' lang='lat' dir='ltr'>privile-</span> 
     </span>
     <span class='ocr_line' id='line_1_69' title="bbox 1161 1441 1902 1487; baseline 0.004 -14"><span class='ocrx_word' id='word_1_385' title='bbox 1161 1441 1296 1484; x_wconf 82' lang='lat' dir='ltr'>giorum,</span> <span class='ocrx_word' id='word_1_386' title='bbox 1311 1442 1484 1485; x_wconf 79' lang='lat' dir='ltr'>gratiarum</span> <span class='ocrx_word' id='word_1_387' title='bbox 1502 1448 1532 1476; x_wconf 89' lang='lat' dir='ltr'>et</span> <span class='ocrx_word' id='word_1_388' title='bbox 1548 1442 1753 1486; x_wconf 85' lang='lat' dir='ltr'>indultorum,</span> <span class='ocrx_word' id='word_1_389' title='bbox 1767 1443 1799 1476; x_wconf 92' lang='lat' dir='ltr'>in</span> <span class='ocrx_word' id='word_1_390' title='bbox 1815 1453 1902 1487; x_wconf 91' lang='lat' dir='ltr'>prae—</span> 
     </span>
     <span class='ocr_line' id='line_1_70' title="bbox 1161 1495 1901 1541; baseline 0.004 -14"><span class='ocrx_word' id='word_1_391' title='bbox 1161 1495 1312 1528; x_wconf 90' lang='lat' dir='ltr'>iudicium</span> <span class='ocrx_word' id='word_1_392' title='bbox 1345 1496 1432 1530; x_wconf 87' lang='lat' dir='ltr'>Sedis</span> <span class='ocrx_word' id='word_1_393' title='bbox 1462 1501 1492 1529; x_wconf 88' lang='lat' dir='ltr'>et</span> <span class='ocrx_word' id='word_1_394' title='bbox 1523 1497 1672 1530; x_wconf 84' lang='lat' dir='ltr'>Gamerae</span> <span class='ocrx_word' id='word_1_395' title='bbox 1703 1495 1901 1541; x_wconf 85' lang='lat' dir='ltr'>Apostolicae</span> 
     </span>
     <span class='ocr_line' id='line_1_71' title="bbox 1161 1550 1901 1593; baseline 0.003 -11"><span class='ocrx_word' id='word_1_396' title='bbox 1161 1560 1394 1593; x_wconf 84' lang='lat' dir='ltr'>concessorum,</span> <span class='ocrx_word' id='word_1_397' title='bbox 1420 1561 1437 1583; x_wconf 87' lang='lat' dir='ltr'>a</span> <span class='ocrx_word' id='word_1_398' title='bbox 1456 1550 1548 1584; x_wconf 90' lang='lat' dir='ltr'>nobis</span> <span class='ocrx_word' id='word_1_399' title='bbox 1571 1551 1629 1584; x_wconf 88' lang='lat' dir='ltr'>sub</span> <span class='ocrx_word' id='word_1_400' title='bbox 1653 1551 1760 1584; x_wconf 87' lang='lat' dir='ltr'>datum</span> <span class='ocrx_word' id='word_1_401' title='bbox 1784 1551 1901 1584; x_wconf 85' lang='lat' dir='ltr'>Romae</span> 
     </span>
     <span class='ocr_line' id='line_1_72' title="bbox 1160 1603 1897 1647; baseline 0.003 -11"><span class='ocrx_word' id='word_1_402' title='bbox 1160 1603 1243 1647; x_wconf 83' lang='lat' dir='ltr'>apud</span> <span class='ocrx_word' id='word_1_403' title='bbox 1269 1604 1298 1636; x_wconf 80' lang='lat' dir='ltr'>S.</span> <span class='ocrx_word' id='word_1_404' title='bbox 1327 1604 1455 1637; x_wconf 85' lang='lat' dir='ltr'>Mariam</span> <span class='ocrx_word' id='word_1_405' title='bbox 1486 1604 1645 1644; x_wconf 86' lang='lat' dir='ltr'>Maiorem,</span> <span class='ocrx_word' id='word_1_406' title='bbox 1676 1614 1758 1637; x_wconf 91' lang='lat' dir='ltr'>anno</span> <span class='ocrx_word' id='word_1_407' title='bbox 1789 1605 1897 1638; x_wconf 85' lang='lat' dir='ltr'>Incar-</span> 
     </span>
     <span class='ocr_line' id='line_1_73' title="bbox 1160 1656 1901 1697; baseline 0.001 -9"><span class='ocrx_word' id='word_1_408' title='bbox 1160 1656 1295 1689; x_wconf 86' lang='lat' dir='ltr'>nationis</span> <span class='ocrx_word' id='word_1_409' title='bbox 1325 1657 1507 1690; x_wconf 88' lang='lat' dir='ltr'>Dominieae</span> <span class='ocrx_word' id='word_1_410' title='bbox 1538 1667 1692 1697; x_wconf 77' lang='lat' dir='ltr'>nncxxiv,</span> <span class='ocrx_word' id='word_1_411' title='bbox 1724 1667 1767 1690; x_wconf 85' lang='lat' dir='ltr'>x11</span> <span class='ocrx_word' id='word_1_412' title='bbox 1799 1657 1901 1690; x_wconf 87' lang='lat' dir='ltr'>kalen-</span> 
     </span>
     <span class='ocr_line' id='line_1_74' title="bbox 1160 1710 1901 1754; baseline 0.001 -12"><span class='ocrx_word' id='word_1_413' title='bbox 1160 1710 1214 1743; x_wconf 88' lang='lat' dir='ltr'>das</span> <span class='ocrx_word' id='word_1_414' title='bbox 1234 1711 1426 1753; x_wconf 78' lang='lat' dir='ltr'>novembris,</span> <span class='ocrx_word' id='word_1_415' title='bbox 1445 1711 1646 1754; x_wconf 85' lang='lat' dir='ltr'>pontificatus</span> <span class='ocrx_word' id='word_1_416' title='bbox 1665 1710 1764 1743; x_wconf 90' lang='lat' dir='ltr'>nostri</span> <span class='ocrx_word' id='word_1_417' title='bbox 1781 1720 1862 1744; x_wconf 87' lang='lat' dir='ltr'>anno</span> <span class='ocrx_word' id='word_1_418' title='bbox 1880 1720 1901 1744; x_wconf 90' lang='lat'>11</span> 
     </span>
     <span class='ocr_line' id='line_1_75' title="bbox 1141 1764 1901 1808; baseline 0.001 -12"><span class='ocrx_word' id='word_1_419' title='bbox 1141 1790 1143 1804; x_wconf 73' lang='grc'>,</span> <span class='ocrx_word' id='word_1_420' title='bbox 1160 1765 1271 1797; x_wconf 87' lang='lat' dir='ltr'>saetam</span> <span class='ocrx_word' id='word_1_421' title='bbox 1283 1764 1302 1805; x_wconf 89' lang='lat'>¹,</span> <span class='ocrx_word' id='word_1_422' title='bbox 1320 1775 1391 1797; x_wconf 86' lang='lat' dir='ltr'>cum</span> <span class='ocrx_word' id='word_1_423' title='bbox 1414 1765 1517 1797; x_wconf 85' lang='lat' dir='ltr'>clerus</span> <span class='ocrx_word' id='word_1_424' title='bbox 1535 1769 1564 1797; x_wconf 87' lang='lat' dir='ltr'>et</span> <span class='ocrx_word' id='word_1_425' title='bbox 1584 1775 1737 1808; x_wconf 86' lang='lat' dir='ltr'>personae</span> <span class='ocrx_word' id='word_1_426' title='bbox 1758 1764 1901 1797; x_wconf 83' lang='lat' dir='ltr'>ecclesia-</span> 
     </span>
     <span class='ocr_line' id='line_1_76' title="bbox 1141 1805 1900 1861; baseline 0.003 -12"><span class='ocrx_word' id='word_1_427' title='bbox 1141 1805 1255 1850; x_wconf 64' lang='lat' dir='ltr'>lsticae</span> <span class='ocrx_word' id='word_1_428' title='bbox 1280 1817 1458 1861; x_wconf 84' lang='lat' dir='ltr'>praedictae</span> <span class='ocrx_word' id='word_1_429' title='bbox 1482 1817 1519 1850; x_wconf 87' lang='lat' dir='ltr'>ad</span> <span class='ocrx_word' id='word_1_430' title='bbox 1548 1818 1694 1851; x_wconf 87' lang='lat' dir='ltr'>dilectum</span> <span class='ocrx_word' id='word_1_431' title='bbox 1720 1817 1820 1850; x_wconf 84' lang='lat' dir='ltr'>silium</span> <span class='ocrx_word' id='word_1_432' title='bbox 1844 1827 1900 1851; x_wconf 91' lang='lat' dir='ltr'>no-</span> 
     </span>
     <span class='ocr_line' id='line_1_77' title="bbox 1160 1871 1901 1914; baseline 0.001 -11"><span class='ocrx_word' id='word_1_433' title='bbox 1160 1876 1258 1903; x_wconf 73' lang='lat' dir='ltr'>strum</span> <span class='ocrx_word' id='word_1_434' title='bbox 1277 1871 1478 1904; x_wconf 86' lang='lat' dir='ltr'>Franciseum</span> <span class='ocrx_word' id='word_1_435' title='bbox 1499 1876 1571 1904; x_wconf 87' lang='lat' dir='ltr'>tunc.</span> <span class='ocrx_word' id='word_1_436' title='bbox 1588 1871 1616 1904; x_wconf 82' lang='lat' dir='ltr'>S.</span> <span class='ocrx_word' id='word_1_437' title='bbox 1638 1871 1778 1914; x_wconf 78' lang='lat' dir='ltr'>Agatliae</span> <span class='ocrx_word' id='word_1_438' title='bbox 1797 1871 1901 1904; x_wconf 85' lang='lat' dir='ltr'>diaco-</span> 
     </span>
     <span class='ocr_line' id='line_1_78' title="bbox 1141 1919 1900 1968; baseline 0 -11"><span class='ocrx_word' id='word_1_439' title='bbox 1141 1919 1143 1960; x_wconf 61' lang='lat'>,¹</span> <span class='ocrx_word' id='word_1_440' title='bbox 1159 1935 1234 1957; x_wconf 90' lang='lat' dir='ltr'>num</span> <span class='ocrx_word' id='word_1_441' title='bbox 1250 1924 1440 1957; x_wconf 86' lang='lat' dir='ltr'>cardinalem</span> <span class='ocrx_word' id='word_1_442' title='bbox 1456 1924 1660 1958; x_wconf 83' lang='lat' dir='ltr'>Barberinum</span> <span class='ocrx_word' id='word_1_443' title='bbox 1675 1930 1900 1968; x_wconf 87' lang='lat' dir='ltr'>nuncupatum,</span> 
     </span>
     <span class='ocr_line' id='line_1_79' title="bbox 1141 1965 1901 2021; baseline 0.003 -11"><span class='ocrx_word' id='word_1_444' title='bbox 1141 1965 1143 2020; x_wconf 63' lang='lat' dir='ltr'>i</span> <span class='ocrx_word' id='word_1_445' title='bbox 1159 1983 1301 2011; x_wconf 84' lang='lat' dir='ltr'>nostrum</span> <span class='ocrx_word' id='word_1_446' title='bbox 1327 1978 1499 2011; x_wconf 85' lang='lat' dir='ltr'>secundum</span> <span class='ocrx_word' id='word_1_447' title='bbox 1525 1989 1650 2012; x_wconf 82' lang='lat' dir='ltr'>carnem</span> <span class='ocrx_word' id='word_1_448' title='bbox 1668 1989 1702 2011; x_wconf 85' lang='lat' dir='ltr'>ex</span> <span class='ocrx_word' id='word_1_449' title='bbox 1720 1979 1816 2011; x_wconf 83' lang='lat' dir='ltr'>fratre</span> <span class='ocrx_word' id='word_1_450' title='bbox 1832 1989 1901 2021; x_wconf 80' lang='lat' dir='ltr'>ger-</span> 
     </span>
     <span class='ocr_line' id='line_1_80' title="bbox 1161 2032 1900 2076; baseline 0.004 -13"><span class='ocrx_word' id='word_1_451' title='bbox 1161 2042 1253 2065; x_wconf 91' lang='lat' dir='ltr'>mano</span> <span class='ocrx_word' id='word_1_452' title='bbox 1273 2038 1429 2076; x_wconf 84' lang='lat' dir='ltr'>nepotem,</span> <span class='ocrx_word' id='word_1_453' title='bbox 1448 2032 1478 2065; x_wconf 92' lang='lat' dir='ltr'>in</span> <span class='ocrx_word' id='word_1_454' title='bbox 1503 2032 1625 2065; x_wconf 76' lang='lat' dir='ltr'>civitate</span> <span class='ocrx_word' id='word_1_455' title='bbox 1646 2032 1853 2065; x_wconf 78' lang='lat' dir='ltr'>Arenionensi</span> <span class='ocrx_word' id='word_1_456' title='bbox 1871 2036 1900 2067; x_wconf 86' lang='lat' dir='ltr'>et</span> 
     </span>
     <span class='ocr_line' id='line_1_81' title="bbox 1141 2078 1899 2130; baseline 0 -12"><span class='ocrx_word' id='word_1_457' title='bbox 1141 2078 1309 2119; x_wconf 59' lang='lat' dir='ltr'>leoninam</span> <span class='ocrx_word' id='word_1_458' title='bbox 1339 2085 1530 2130; x_wconf 69' lang='lat' dir='ltr'>Venayssino</span> <span class='ocrx_word' id='word_1_459' title='bbox 1560 2086 1728 2129; x_wconf 85' lang='lat' dir='ltr'>prae&#39;dictis</span> <span class='ocrx_word' id='word_1_460' title='bbox 1756 2091 1899 2119; x_wconf 87' lang='lat' dir='ltr'>nostrum</span> 
     </span>
     <span class='ocr_line' id='line_1_82' title="bbox 1160 2139 1900 2183; baseline 0 -11"><span class='ocrx_word' id='word_1_461' title='bbox 1160 2145 1190 2172; x_wconf 88' lang='lat' dir='ltr'>et</span> <span class='ocrx_word' id='word_1_462' title='bbox 1210 2139 1408 2183; x_wconf 85' lang='lat' dir='ltr'>Apostolicae</span> <span class='ocrx_word' id='word_1_463' title='bbox 1425 2139 1512 2173; x_wconf 85' lang='lat' dir='ltr'>Sedis</span> <span class='ocrx_word' id='word_1_464' title='bbox 1528 2139 1565 2172; x_wconf 90' lang='lat' dir='ltr'>de</span> <span class='ocrx_word' id='word_1_465' title='bbox 1583 2140 1681 2172; x_wconf 86' lang='lat' dir='ltr'>latere</span> <span class='ocrx_word' id='word_1_466' title='bbox 1698 2140 1837 2182; x_wconf 77' lang='lat' dir='ltr'>legatum</span> <span class='ocrx_word' id='word_1_467' title='bbox 1854 2150 1900 2172; x_wconf 89' lang='lat' dir='ltr'>re-</span> 
     </span>
     <span class='ocr_line' id='line_1_83' title="bbox 1160 2192 1898 2236; baseline 0 -11"><span class='ocrx_word' id='word_1_468' title='bbox 1160 2194 1342 2234; x_wconf 87' lang='lat' dir='ltr'>currissent,</span> <span class='ocrx_word' id='word_1_469' title='bbox 1368 2204 1407 2225; x_wconf 90' lang='lat' dir='ltr'>ne</span> <span class='ocrx_word' id='word_1_470' title='bbox 1430 2204 1487 2236; x_wconf 87' lang='lat' dir='ltr'>per</span> <span class='ocrx_word' id='word_1_471' title='bbox 1506 2193 1703 2236; x_wconf 82' lang='lat' dir='ltr'>Apostolicae</span> <span class='ocrx_word' id='word_1_472' title='bbox 1728 2192 1815 2226; x_wconf 84' lang='lat' dir='ltr'>Sedis</span> <span class='ocrx_word' id='word_1_473' title='bbox 1839 2192 1898 2226; x_wconf 87' lang='lat' dir='ltr'>mi-</span> 
     </span>
     <span class='ocr_line' id='line_1_84' title="bbox 1160 2247 1897 2290; baseline 0 -11"><span class='ocrx_word' id='word_1_474' title='bbox 1160 2247 1275 2279; x_wconf 89' lang='lat' dir='ltr'>nistros</span> <span class='ocrx_word' id='word_1_475' title='bbox 1300 2252 1409 2279; x_wconf 86' lang='lat' dir='ltr'>contra</span> <span class='ocrx_word' id='word_1_476' title='bbox 1432 2247 1698 2290; x_wconf 83' lang='lat' dir='ltr'>praeinsertarum</span> <span class='ocrx_word' id='word_1_477' title='bbox 1722 2247 1897 2280; x_wconf 90' lang='lat' dir='ltr'>litterarum</span> 
     </span>
     <span class='ocr_line' id='line_1_85' title="bbox 1160 2301 1899 2345; baseline 0 -11"><span class='ocrx_word' id='word_1_478' title='bbox 1160 2301 1382 2334; x_wconf 85' lang='lat' dir='ltr'>continentiam</span> <span class='ocrx_word' id='word_1_479' title='bbox 1398 2306 1428 2334; x_wconf 89' lang='lat' dir='ltr'>et</span> <span class='ocrx_word' id='word_1_480' title='bbox 1444 2306 1583 2334; x_wconf 86' lang='lat' dir='ltr'>tenorem</span> <span class='ocrx_word' id='word_1_481' title='bbox 1601 2312 1698 2345; x_wconf 90' lang='lat' dir='ltr'>super</span> <span class='ocrx_word' id='word_1_482' title='bbox 1711 2301 1818 2345; x_wconf 88' lang='lat' dir='ltr'>spoliis</span> <span class='ocrx_word' id='word_1_483' title='bbox 1832 2311 1899 2335; x_wconf 90' lang='lat' dir='ltr'>mo-</span> 
     </span>
     <span class='ocr_line' id='line_1_86' title="bbox 1160 2354 1899 2395; baseline 0.003 -9"><span class='ocrx_word' id='word_1_484' title='bbox 1160 2355 1370 2395; x_wconf 86' lang='lat' dir='ltr'>lestarentur,</span> <span class='ocrx_word' id='word_1_485' title='bbox 1402 2354 1483 2388; x_wconf 89' lang='lat' dir='ltr'>idem</span> <span class='ocrx_word' id='word_1_486' title='bbox 1515 2355 1701 2388; x_wconf 82' lang='lat' dir='ltr'>Franciscus</span> <span class='ocrx_word' id='word_1_487' title='bbox 1733 2354 1899 2388; x_wconf 87' lang='lat' dir='ltr'>cardinalis</span> 
     </span>
     <span class='ocr_line' id='line_1_87' title="bbox 1160 2408 1899 2452; baseline 0.001 -12"><span class='ocrx_word' id='word_1_488' title='bbox 1160 2413 1190 2441; x_wconf 89' lang='lat' dir='ltr'>et</span> <span class='ocrx_word' id='word_1_489' title='bbox 1217 2409 1339 2451; x_wconf 80' lang='lat' dir='ltr'>legatus</span> <span class='ocrx_word' id='word_1_490' title='bbox 1364 2419 1421 2452; x_wconf 84' lang='lat' dir='ltr'>per</span> <span class='ocrx_word' id='word_1_491' title='bbox 1445 2419 1516 2441; x_wconf 89' lang='lat' dir='ltr'>suas</span> <span class='ocrx_word' id='word_1_492' title='bbox 1540 2408 1578 2441; x_wconf 90' lang='lat' dir='ltr'>ad</span> <span class='ocrx_word' id='word_1_493' title='bbox 1602 2408 1812 2441; x_wconf 84' lang='lat' dir='ltr'>venerabilem</span> <span class='ocrx_word' id='word_1_494' title='bbox 1835 2408 1899 2440; x_wconf 83' lang='lat' dir='ltr'>sra—</span> 
     </span>
     <span class='ocr_line' id='line_1_88' title="bbox 1160 2462 1899 2507; baseline 0.001 -13"><span class='ocrx_word' id='word_1_495' title='bbox 1160 2467 1240 2495; x_wconf 81' lang='lat' dir='ltr'>trem</span> <span class='ocrx_word' id='word_1_496' title='bbox 1264 2462 1412 2495; x_wconf 87' lang='lat' dir='ltr'>Cosmum</span> <span class='ocrx_word' id='word_1_497' title='bbox 1437 2462 1621 2507; x_wconf 84' lang='lat' dir='ltr'>episcopum</span> <span class='ocrx_word' id='word_1_498' title='bbox 1641 2462 1899 2507; x_wconf 85' lang='lat' dir='ltr'>Carpentoraten-</span> 
     </span>
     <span class='ocr_line' id='line_1_89' title="bbox 1160 2516 1894 2560; baseline 0 -12"><span class='ocrx_word' id='word_1_499' title='bbox 1160 2526 1236 2555; x_wconf 85' lang='lat' dir='ltr'>sem,</span> <span class='ocrx_word' id='word_1_500' title='bbox 1263 2522 1334 2548; x_wconf 90' lang='lat' dir='ltr'>tuuc</span> <span class='ocrx_word' id='word_1_501' title='bbox 1358 2516 1391 2548; x_wconf 89' lang='lat' dir='ltr'>in</span> <span class='ocrx_word' id='word_1_502' title='bbox 1415 2516 1539 2549; x_wconf 80' lang='lat' dir='ltr'>civitate</span> <span class='ocrx_word' id='word_1_503' title='bbox 1570 2521 1600 2549; x_wconf 89' lang='lat' dir='ltr'>et</span> <span class='ocrx_word' id='word_1_504' title='bbox 1624 2516 1774 2550; x_wconf 84' lang='lat' dir='ltr'>comitatu</span> <span class='ocrx_word' id='word_1_505' title='bbox 1798 2525 1894 2560; x_wconf 86' lang='lat' dir='ltr'>prae-</span> 
     </span>
     <span class='ocr_line' id='line_1_90' title="bbox 1159 2559 1897 2613; baseline 0.001 -12"><span class='ocrx_word' id='word_1_506' title='bbox 1159 2569 1249 2602; x_wconf 82' lang='lat' dir='ltr'>dictis</span> <span class='ocrx_word' id='word_1_507' title='bbox 1285 2559 1491 2612; x_wconf 77' lang='lat' dir='ltr'>vicelegatum</span> <span class='ocrx_word' id='word_1_508' title='bbox 1506 2597 1514 2611; x_wconf 93' lang='lat'>,</span> <span class='ocrx_word' id='word_1_509' title='bbox 1545 2569 1603 2604; x_wconf 87' lang='lat' dir='ltr'>sub</span> <span class='ocrx_word' id='word_1_510' title='bbox 1627 2569 1677 2603; x_wconf 89' lang='lat' dir='ltr'>die</span> <span class='ocrx_word' id='word_1_511' title='bbox 1700 2579 1766 2604; x_wconf 85' lang='lat' dir='ltr'>xxn</span> <span class='ocrx_word' id='word_1_512' title='bbox 1789 2568 1897 2613; x_wconf 85' lang='lat' dir='ltr'>aprilis</span> 
     </span>
    </p>
   </div>
   <div class='ocr_carea' id='block_1_17' title="bbox 1141 342 1148 2602">
    <p class='ocr_par' dir='ltr' id='par_1_19' title="bbox 1141 342 1148 2602">
     <span class='ocr_line' id='line_1_91' title="bbox 1141 342 1148 2602; baseline 0 0"><span class='ocrx_word' id='word_1_513' title='bbox 1141 342 1148 2602; x_wconf 95' lang='lat' dir='ltr'> </span> 
     </span>
    </p>
   </div>
   <div class='ocr_carea' id='block_1_18' title="bbox 1194 2684 1842 2722">
    <p class='ocr_par' dir='ltr' id='par_1_20' title="bbox 1194 2684 1842 2722">
     <span class='ocr_line' id='line_1_92' title="bbox 1194 2684 1842 2722; baseline 0.003 -10"><span class='ocrx_word' id='word_1_514' title='bbox 1194 2685 1207 2712; x_wconf 75' lang='lat'><strong>1</strong></span> <span class='ocrx_word' id='word_1_515' title='bbox 1225 2685 1311 2716; x_wconf 76' lang='lat' dir='ltr'>Quam</span> <span class='ocrx_word' id='word_1_516' title='bbox 1326 2685 1387 2714; x_wconf 81' lang='lat' dir='ltr'>vide</span> <span class='ocrx_word' id='word_1_517' title='bbox 1400 2685 1429 2714; x_wconf 87' lang='lat' dir='ltr'>in</span> <span class='ocrx_word' id='word_1_518' title='bbox 1445 2689 1509 2715; x_wconf 77' lang='lat' dir='ltr'>tom.</span> <span class='ocrx_word' id='word_1_519' title='bbox 1524 2692 1584 2722; x_wconf 80' lang='lat' dir='ltr'>xm,</span> <span class='ocrx_word' id='word_1_520' title='bbox 1601 2693 1662 2722; x_wconf 75' lang='lat' dir='ltr'>pag.</span> <span class='ocrx_word' id='word_1_521' title='bbox 1678 2684 1730 2713; x_wconf 70' lang='lat'>222</span> <span class='ocrx_word' id='word_1_522' title='bbox 1744 2685 1783 2721; x_wconf 73' lang='lat' dir='ltr'>(a.</span> <span class='ocrx_word' id='word_1_523' title='bbox 1795 2684 1842 2721; x_wconf 78' lang='grc' dir='ltr'>τ.).</span> 
     </span>
    </p>
   </div>
   <div class='ocr_carea' id='block_1_19' title="bbox 1911 272 2101 303">
    <p class='ocr_par' dir='ltr' id='par_1_21' title="bbox 1911 272 2101 303">
     <span class='ocr_line' id='line_1_93' title="bbox 1911 272 2101 303; baseline 0.005 -4"><span class='ocrx_word' id='word_1_524' title='bbox 1911 272 1960 301; x_wconf 79' lang='lat' dir='ltr'>An.</span> <span class='ocrx_word' id='word_1_525' title='bbox 1981 272 2010 301; x_wconf 87' lang='lat' dir='ltr'>C.</span> <span class='ocrx_word' id='word_1_526' title='bbox 2032 272 2101 303; x_wconf 81' lang='lat'><strong>1633</strong></span> 
     </span>
    </p>
   </div>
   <div class='ocr_carea' id='block_1_20' title="bbox 1914 1294 2099 1455">
    <p class='ocr_par' dir='ltr' id='par_1_22' title="bbox 1914 1294 2099 1455">
     <span class='ocr_line' id='line_1_94' title="bbox 1941 1294 2098 1316; baseline -0.006 0"><span class='ocrx_word' id='word_1_527' title='bbox 1941 1294 2012 1316; x_wconf 75' lang='lat' dir='ltr'>clerus</span> <span class='ocrx_word' id='word_1_528' title='bbox 2027 1294 2098 1316; x_wconf 75' lang='lat' dir='ltr'>huius-</span> 
     </span>
     <span class='ocr_line' id='line_1_95' title="bbox 1914 1322 2097 1342; baseline 0.005 -1"><span class='ocrx_word' id='word_1_529' title='bbox 1914 1322 1969 1342; x_wconf 77' lang='lat' dir='ltr'>modi</span> <span class='ocrx_word' id='word_1_530' title='bbox 2011 1327 2097 1342; x_wconf 78' lang='lat' dir='ltr'>concor-</span> 
     </span>
     <span class='ocr_line' id='line_1_96' title="bbox 1914 1349 2099 1384; baseline 0 -16"><span class='ocrx_word' id='word_1_531' title='bbox 1914 1349 2099 1384; x_wconf 68' lang='lat' dir='ltr'>diamlitterasquo</span> 
     </span>
     <span class='ocr_line' id='line_1_97' title="bbox 1914 1374 2098 1396; baseline -0.005 0"><span class='ocrx_word' id='word_1_532' title='bbox 1914 1382 1926 1396; x_wconf 81' lang='lat' dir='ltr'>a</span> <span class='ocrx_word' id='word_1_533' title='bbox 1937 1375 2043 1395; x_wconf 75' lang='lat' dir='ltr'>Clemente</span> <span class='ocrx_word' id='word_1_534' title='bbox 2053 1374 2063 1395; x_wconf 59' lang='grc' dir='ltr'><strong>Σ</strong></span> <span class='ocrx_word' id='word_1_535' title='bbox 2072 1374 2098 1395; x_wconf 84' lang='grc' dir='ltr'>ΙΙΙ</span> 
     </span>
     <span class='ocr_line' id='line_1_98' title="bbox 1915 1404 2098 1422; baseline -0.005 0"><span class='ocrx_word' id='word_1_536' title='bbox 1915 1404 2024 1422; x_wconf 74' lang='lat' dir='ltr'>emanatas</span> <span class='ocrx_word' id='word_1_537' title='bbox 2047 1406 2098 1422; x_wconf 81' lang='lat' dir='ltr'>con-</span> 
     </span>
     <span class='ocr_line' id='line_1_99' title="bbox 1914 1428 2067 1455; baseline -0.007 -6"><span class='ocrx_word' id='word_1_538' title='bbox 1914 1429 1992 1450; x_wconf 73' lang='lat' dir='ltr'>firmari</span> <span class='ocrx_word' id='word_1_539' title='bbox 2007 1428 2067 1455; x_wconf 73' lang='lat' dir='ltr'>petit.</span> 
     </span>
    </p>
   </div>
   <div class='ocr_carea' id='block_1_21' title="bbox 2244 239 2248 958">
    <p class='ocr_par' dir='ltr' id='par_1_23' title="bbox 2244 239 2248 958">
     <span class='ocr_line' id='line_1_100' title="bbox 2244 239 2248 958; baseline 0 0"><span class='ocrx_word' id='word_1_540' title='bbox 2244 239 2248 958; x_wconf 95' lang='lat' dir='ltr'> </span> 
     </span>
    </p>
   </div>
   <div class='ocr_carea' id='block_1_22' title="bbox 2244 239 2248 958">
    <p class='ocr_par' dir='ltr' id='par_1_24' title="bbox 2244 239 2248 958">
     <span class='ocr_line' id='line_1_101' title="bbox 2244 239 2248 958; baseline 0 0"><span class='ocrx_word' id='word_1_541' title='bbox 2244 239 2248 958; x_wconf 95' lang='lat' dir='ltr'> </span> 
     </span>
    </p>
   </div>
   <div class='ocr_carea' id='block_1_23' title="bbox 2245 250 2248 958">
    <p class='ocr_par' dir='ltr' id='par_1_25' title="bbox 2245 250 2248 958">
     <span class='ocr_line' id='line_1_102' title="bbox 2245 250 2248 958; baseline 0 0"><span class='ocrx_word' id='word_1_542' title='bbox 2245 250 2248 958; x_wconf 95' lang='lat' dir='ltr'> </span> 
     </span>
    </p>
   </div>
   <div class='ocr_carea' id='block_1_24' title="bbox 2244 1101 2248 1744">
    <p class='ocr_par' dir='ltr' id='par_1_26' title="bbox 2244 1101 2248 1744">
     <span class='ocr_line' id='line_1_103' title="bbox 2244 1101 2248 1744; baseline 0 0"><span class='ocrx_word' id='word_1_543' title='bbox 2244 1101 2248 1744; x_wconf 95' lang='lat' dir='ltr'> </span> 
     </span>
    </p>
   </div>
   <div class='ocr_carea' id='block_1_25' title="bbox 2246 1103 2248 1744">
    <p class='ocr_par' dir='ltr' id='par_1_27' title="bbox 2246 1103 2248 1744">
     <span class='ocr_line' id='line_1_104' title="bbox 2246 1103 2248 1744; baseline 0 0"><span class='ocrx_word' id='word_1_544' title='bbox 2246 1103 2248 1744; x_wconf 95' lang='lat' dir='ltr'> </span> 
     </span>
    </p>
   </div>
   <div class='ocr_carea' id='block_1_26' title="bbox 2246 1103 2248 1744">
    <p class='ocr_par' dir='ltr' id='par_1_28' title="bbox 2246 1103 2248 1744">
     <span class='ocr_line' id='line_1_105' title="bbox 2246 1103 2248 1744; baseline 0 0"><span class='ocrx_word' id='word_1_545' title='bbox 2246 1103 2248 1744; x_wconf 95' lang='lat' dir='ltr'> </span> 
     </span>
    </p>
   </div>
   <div class='ocr_carea' id='block_1_27' title="bbox 2246 1103 2248 1744">
    <p class='ocr_par' dir='ltr' id='par_1_29' title="bbox 2246 1103 2248 1744">
     <span class='ocr_line' id='line_1_106' title="bbox 2246 1103 2248 1744; baseline 0 0"><span class='ocrx_word' id='word_1_546' title='bbox 2246 1103 2248 1744; x_wconf 95' lang='lat' dir='ltr'> </span> 
     </span>
    </p>
   </div>
   <div class='ocr_carea' id='block_1_28' title="bbox 2230 1740 2248 3229">
    <p class='ocr_par' dir='ltr' id='par_1_30' title="bbox 2230 1740 2248 3229">
     <span class='ocr_line' id='line_1_107' title="bbox 2230 1740 2248 3229; baseline 0 0"><span class='ocrx_word' id='word_1_547' title='bbox 2230 1740 2248 3229; x_wconf 95' lang='lat' dir='ltr'> </span> 
     </span>
    </p>
   </div>
  </div>
 </body>
</html>
