2248 3229
0 146 7 164 Ῐ

0 210 9 291 ,ἱ
134 219 186 247 An.
206 219 235 248 C.
252 219 321 248 ¹630

0 313 3 327 t

0 374 3 388 t

940 219 1081 244 URBANUS
1104 219 1162 244 vm
1186 220 1233 244 PP.

330 267 492 313 cappellae
509 268 725 310 existentibus,
741 268 775 302 in
790 268 944 302 honorem
962 268 1074 302 festivi-

332 325 431 354 tatum
447 321 633 355 eorumdem
647 331 770 355 ornare.

376 374 415 408 Ut
438 374 636 408 commodius
660 375 771 408 officiis
788 374 934 408 monachi
951 375 1072 408 incum-

332 427 407 461 bere
431 427 570 471 possint,
596 427 768 471 capitulum
793 428 1017 461 canonicorum
1041 428 1073 460 in

332 480 466 524 gratiam
506 481 828 514 eminentissimorum
871 481 1071 515 dominorum

332 534 540 567 cardinalium
557 534 702 567 Ebaldini
722 540 752 567 et
772 534 913 569 Trivultii
931 534 1074 568 concedit

333 588 450 621 clavem
467 598 562 621 unam
580 587 697 621 eisdem
721 588 884 622 monaehis
908 587 1073 622 tenendam

331 646 495 686 perpetuo,
519 640 618 674 donec
643 651 793 685 praesens
822 641 992 675 eoncordia
1015 641 1072 673 du-

332 694 423 735 rabit,
440 705 502 739 qua
518 695 673 728 cancellos
687 695 806 728 ferreos
822 695 928 728 altaris
945 694 1073 728 maioris

331 748 457 793 aperire
479 748 612 792 possint,
637 748 686 781 his
710 754 815 781 tamen
839 748 966 782 adiectis
991 758 1091 781 eon-¹

331 802 521 844 ditionibus,
546 808 576 835 et
600 812 663 835 non
687 802 796 845 aliter,
821 807 897 843 etc.,
921 802 1006 846 quod
1033 802 1091 840 ab}

331 855 444 889 abbate
456 855 530 889 dicti
545 856 728 889 monasterii
742 856 916 890 monachus
929 856 1072 898 eligatur,

331 909 382 943 cui
399 908 482 943 dicta
494 909 589 942 clavis
606 909 818 952 consignetur,
836 909 890 953 qui
907 914 1009 942 tamen
1026 920 1073 942 ca-

332 972 405 996 vere
415 962 552 1002 debebit,
568 972 607 995 ne
624 962 754 995 cancelli
772 962 872 1006 aperti
890 967 1073 995 remaneant

331 1021 419 1049 extra
432 1016 526 1049 horas
539 1015 717 1048 divinorum
728 1015 915 1049 officiorum.
926 1015 1071 1058 Ulterius,

1107 267 1189 301 idem
1207 267 1369 309 existente,
1390 268 1530 313 quinque
1549 267 1588 300 ad
1608 267 1781 312 capitulum
1799 279 1849 302 ca-

1107 322 1306 363 nonicorum,
1323 323 1462 366 quinque
1478 322 1517 355 ad
1542 322 1723 362 monachos,
1741 327 1771 355 et
1787 332 1849 355 una

1107 375 1145 407 ad
1169 375 1360 417 societatem,
1385 386 1478 420 quam
1505 380 1614 409 vocant
1633 376 1850 420 sctt1·oli,spe-

1108 434 1200 469 ctent,
1226 435 1256 462 et
1280 440 1388 462 earum
1416 430 1608 463 manutentio
1639 430 1678 462 ad
1709 430 1848 473 singulos

1090 483 1421 526 ,proportionabiliter
1452 483 1618 527 pertineat.
1643 484 1743 517 Clavis
1767 494 1844 517 con·-

1107 535 1259 577 fessionis⁷
1274 547 1329 568 seu
1349 537 1475 577 scuroli,
1493 537 1604 580 cuique
1622 537 1755 580 collegio
1775 547 1848 571 con-

1107 588 1250 632 signetur
1267 589 1305 621 ad
1324 601 1415 634 usum
1431 601 1642 623 communem.

1151 643 1256 675 Altare
1280 643 1514 686 privilegiatum
1539 655 1597 687 pro
1627 645 1780 679 defunctis
1804 645 1844 679 fi-

1107 694 1239 737 delibus,
1262 706 1278 727 a
1295 696 1497 729 Sanctissimo
1521 697 1654 731 Domino
1680 699 1792 732 Nostro
1816 698 1847 731 in

1107 749 1233 782 scurolo
1251 749 1495 792 impetrandum,
1513 751 1551 783 ad
1572 762 1663 784 usum
1684 752 1847 796 utriusque

1107 801 1232 845 collegii
1265 807 1327 834 tam
1360 803 1583 836 canonicorum
1616 815 1710 848 quam
1745 815 1848 839 mona-

1090 890 1091 898 *
1107 854 1241 887 chorum
1256 860 1391 898 petatur,
1404 866 1474 888 cum
1489 857 1629 899 generali
1647 858 1766 901 pariter
1779 869 1848 902 pro-

1107 908 1270 949 hibitione,
1284 918 1322 941 ne
1336 909 1503 952 quicquam
1518 920 1574 952 per
1586 912 1760 944 confratres
1773 911 1847 945 dicti

1107 962 1235 1002 scuroli,
1252 971 1354 1006 neque
1368 972 1427 1005 pro
1445 962 1610 995 missarum
1628 963 1848 1005 celebratione,

1089 1048 1091 1076 γ
1107 1020 1160 1048 aut
1172 1015 1230 1048 sub
1248 1015 1308 1048 alio
1322 1015 1433 1059 quovis
1445 1021 1618 1059 praetextu,
1632 1017 1759 1050 nomine
1773 1018 1849 1051 elee-

1753 210 1816 245 183
1861 220 1912 249 An.
1933 220 1961 249 c.
1978 221 2048 250 1630
2088 199 2092 203 ’

331 1075 365 1102 ut
388 1068 549 1104 custodiae
573 1068 697 1109 altaris,
722 1074 839 1113 quanto
867 1068 971 1102 minus
1003 1070 1091 1102 ficri
1108 1079 1175 1102 mos
1180 1079 1311 1102 xnzuum
1336 1080 1353 1101 a
1378 1080 1535 1113 quoqu-un
1552 1070 1755 1114 percipiatur
1772 1072 1849 1111 Quo-

331 1127 444 1166 potest,
461 1121 706 1166 p1aeiudicetur,
723 1122 1007 1166 quotiescumque
999 1133 1091 1166 ape
1090 1117 1145 1155 ad
1181 1123 1394 1156 eleemosinas
1426 1134 1485 1167 pio
1520 1123 1623 1156 missis
1648 1130 1848 1159 moituotum

331 1175 388 1209 riri
405 1175 573 1218 contigerit
595 1175 694 1208 altare
714 1185 856 1218 auleum,
874 1175 968 1219 idque
985 1186 1091 1220 aper
1089 1166 1225 1209 ibidem
1250 1176 1455 1210 celem-,andis
1473 1177 1604 1210 nullus
1598 1188 1629 1210 m
1646 1177 1729 1211 dict-t
1754 1179 1850 1212 eecle-

331 1234 397 1264 tum
420 1239 597 1271 lemanem,
615 1235 758 1263 teneattu·
774 1230 876 1263 dictus
898 1223 1091 1263 monachus
1090 1264 1091 1268 ,
1107 1230 1162 1271 sit,
1180 1235 1232 1262 aut
1249 1230 1385 1269 scurolo,
1403 1229 1440 1262 ad
1459 1230 1542 1263 hunc
1559 1230 1704 1263 eflectum
1723 1231 1850 1276 depute-

330 1284 410 1317 hora
431 1283 648 1327 praeambula,
672 1283 710 1316 ad
728 1283 934 1317 monitionem
952 1284 1072 1328 simpli·
1089 1287 1091 1328 ᾖ
1108 1287 1168 1324 tur,
1182 1288 1233 1315 aut
1250 1294 1308 1327 pro
1326 1283 1445 1316 eisdem
1463 1284 1651 1327 recipiendis
1668 1295 1685 1317 a
1702 1285 1848 1319 fidelibus

331 1334 401 1371 cem
424 1337 932 1381 superstantiariicanonicorum,
957 1337 1072 1370 dietam
1089 1329 1091 1351 ‘L
1107 1336 1245 1375 assistat,
1270 1336 1324 1369 sed
1348 1341 1517 1379 utrumque
1542 1337 1711 1380 collegium
1735 1338 1767 1370 in
1791 1341 1847 1372 sua

331 1391 451 1424 clavem
467 1391 495 1424 ei
513 1390 700 1434 consignare
713 1391 751 1423 ab
767 1401 804 1424 eo
821 1391 998 1432 tenendam,
1015 1391 1072 1425 do·
1089 1381 1091 1422 ἶ
1107 1389 1248 1422 sacristia
1265 1399 1282 1421 a
1299 1395 1409 1433 sponte
1426 1390 1684 1432 consignantibus
1705 1392 1846 1436 recipiat.

332 1454 389 1477 nec
405 1444 524 1477 dictum
541 1445 638 1477 altare
655 1455 786 1477 aureum
803 1450 948 1488 apertum
969 1455 1072 1478 rema·
1089 1432 1091 1455 ¹
1151 1443 1195 1475 Ne
1218 1443 1283 1475 ulla
1307 1442 1449 1475 confusio
1478 1443 1581 1486 quoad
1609 1443 1739 1477 modum
1767 1445 1847 1478 cele-

331 1497 429 1538 nebit‚
446 1507 483 1531 eo
509 1503 613 1530 tamen
637 1497 740 1531 statim
767 1498 873 1531 clauso
895 1502 1073 1542 superstau-
1106 1496 1220 1528 brandi
1243 1496 1275 1528 in
1300 1496 1425 1529 scurolo
1450 1496 1608 1539 gignatur,
1630 1497 1744 1530 modus
1768 1498 1848 1531 infra

331 1550 441 1584 tiarius
467 1551 609 1584 eamdem
633 1551 752 1584 clavem
778 1551 887 1585 reddat
917 1548 1256 1594 ιιιοιιεοίιοέἀίοθιιάιιε
1293 1555 1456 1583 servetur:
1493 1550 1714 1593 quotidianae,

331 1603 376 1637 sic
403 1609 439 1637 ut
462 1614 558 1647 sup1a
581 1603 739 1648 deputato.
1088 1595 1267 1649 ¹‘pe1petuis
1295 1603 1539 1646 obligationibus
1567 1603 1639 1637 hinc
1665 1605 1736 1638 inde
1761 1605 1848 1639 cele-

375 1657 410 1691 ln
432 1651 652 1691 sestixitatibus
681 1662 863 1691 sanetmum
894 1658 980 1692 iuxta
1004 1665 1091 1709 sty2-
1088 1655 1245 1688 ’blandae
1269 1657 1390 1689 statutis
1419 1656 1540 1697 diebus,
1566 1657 1649 1690 iuxta
1674 1659 1848 1702 praecisam

330 1712 396 1745 lum
407 1711 581 1744 kalendarii
595 1711 758 1745 monastici
773 1711 962 1745 amlnosrtm
980 1713 1091 1757 (quae
1106 1709 1241 1742 solmam
1267 1709 1466 1753 obli0ationis
1491 1714 1519 1744 et
1545 1712 1780 1745 consuetudinis
1802 1723 1850 1746 ce-

331 1765 480 1798 tamenin
493 1764 604 1798 diebus
620 1765 738 1798 festixis
754 1776 791 1799 ex
807 1776 969 1799 commum
983 1777 1020 1810 pt
1024 1777 1073 1799 at
1088 1759 1290 1803 fi‘xlebtentui
1317 1763 1600 1796 ext1aoidina1iae¹
1606 1775 1716 1807 quae
1741 1765 1848 1799 dietim

331 1824 424 1864 cepto
449 1819 662 1863 contigerint),
682 1819 707 1852 si
727 1825 904 1863 apparatus,
921 1820 958 1853 ad
980 1831 1071 1853 usum
1088 1805 1091 1862 J
1106 1821 1278 1850 occurrunt
1302 1827 1361 1860 pro
1390 1816 1562 1857 defunctis,
1587 1792 1715 1851 alternis
1739 1818 1849 1852 diebus

332 1873 568 1913 canonicorum,
585 1873 814 1906 monachorum
834 1873 992 1906 festivitati
1009 1871 1089 1907 non1
1106 1870 1145 1902 ab
1170 1875 1306 1913 utroque
1327 1869 1461 1913 collegio
1485 1869 1730 1914 adimpleantur3
1757 1871 1848 1915 quili-

332 1926 544 1971 respondebit,
559 1931 722 1960 teneantur
735 1926 887 1967 canonici,
902 1927 1006 1960 statim
1024 1938 1073 1960 eo·
1088 1917 1090 1954 ,¹
1106 1924 1158 1958 bet
1174 1935 1191 1956 e
1212 1927 1268 1957 sua
1292 1924 1434 1957 sacristia
1459 1928 1581 1957 exteros
1607 1925 1786 1958 sacerdotes
1810 1926 1849 1959 ad

331 1991 403 2014 rum
432 1980 545 2013 divinis
575 1980 730 2024 peractis,
757 1979 1073 2024 proportionabiliter
1088 1973 1090 1977 ⁸
1107 1978 1204 2011 altare
1227 1977 1460 2022 privilegiatum
1487 1978 1625 2021 dirigere
1649 1979 1764 2022 possit,
1789 1980 1850 2013 dis-

1750 1557 1780 1584 et
1812 1563 1886 1586 exi

332 2034 462 2079 pallium
486 2034 594 2066 altaris
613 2033 742 2067 maioris
765 2038 794 2066 et
814 2043 1012 2078 conopoeum
1032 2035 1073 2067 ci-

331 2087 415 2121 borii
446 2087 624 2120 immutare.
648 2086 734 2120 Idem
762 2087 996 2130 particulariter
1019 2087 1091 2120 fiat*

332 2141 365 2174 in
387 2141 466 2174 sesto
491 2140 589 2173 sancti
615 2140 794 2182 Benedicti,
821 2140 943 2174 etiamsi
967 2141 999 2173 in
1023 2140 1073 2173 die.

332 2203 396 2227 non
415 2193 526 2227 festivo
543 2192 703 2227 communi
720 2198 875 2226 occurrat.
896 2193 998 2226 Abbas
1014 2204 1073 2237 pro
1090 2190 1091 2230 J

332 2257 390 2281 suo
406 2246 537 2280 arbitrio
554 2246 684 2291 propria
709 2247 938 2280 monachorum
964 2247 1074 2280 cande-

333 2301 420 2334 labra
443 2305 593 2343 argentea
616 2305 646 2334 et
669 2306 851 2334 sanctorum
876 2301 1025 2344 reliquias
1043 2301 1092 2334 in'

333 2354 397 2387 suis
421 2354 547 2387 vasibus
567 2353 734 2387 existentes
758 2354 797 2386 ad
820 2354 1008 2399 ampliorem
1032 2346 1091 2387 al-³

333 2408 409 2442 taris
426 2407 556 2442 maioris
573 2413 729 2451 ornatum,
750 2408 945 2442 candelabris
969 2414 1073 2442 tamen
1090 2402 1091 2408 ¹

333 2462 492 2505 argenteis
516 2462 736 2495 communibus
755 2472 818 2496 non
842 2463 964 2505 amotis,
982 2473 1074 2507 expo-

332 2525 410 2549 nere
429 2515 539 2548 valeat.

377 2568 550 2612 Lampades
562 2577 696 2601 numero
713 2567 859 2601 undecim
876 2568 960 2602 circa
975 2569 1072 2603 altare

1107 2037 1193 2064 creto
1219 2036 1324 2064 tamen
1349 2031 1453 2071 modo,
1472 2031 1512 2065 ita
1533 2036 1566 2065 ut
1586 2032 1664 2064 alter
1687 2032 1725 2064 ab
1749 2032 1849 2067 altero

1107 2095 1170 2118 non
1194 2085 1399 2129 impediatur:
1426 2086 1510 2128 quod
1541 2096 1557 2118 a
1586 2086 1752 2130 prudentia
1776 2087 1849 2121 hinc

1108 2138 1179 2171 inde
1203 2138 1320 2171 utenda
1344 2144 1500 2182 speratur.

1151 2193 1251 2226 Clavis
1276 2193 1386 2235 organi
1419 2193 1546 2237 utrique
1577 2193 1711 2237 coilegio
1744 2194 1848 2227 consi-

1108 2251 1230 2290 gnetur,
1248 2246 1291 2279 ita
1316 2252 1348 2280 ut
1372 2247 1502 2290 quilibet
1520 2258 1579 2291 pro
1597 2259 1654 2281 suo
1672 2248 1802 2282 arbitrio
1819 2253 1848 2282 et

1108 2312 1166 2333 usu
1180 2312 1215 2334 ex
1234 2311 1266 2334 se
1284 2301 1408 2345 aperire
1422 2302 1529 2345 possit,
1540 2307 1566 2334 et
1582 2302 1741 2345 organista
1756 2313 1850 2346 quan·

1108 2355 1284 2399 (locumque
1310 2366 1368 2399 pro
1394 2355 1520 2389 servitio
1546 2355 1708 2399 utriusque
1733 2356 1771 2388 sit
1795 2366 1849 2400 pa-

1108 2413 1202 2441 ratus.
1235 2409 1269 2441 In
1301 2409 1433 2442 solemni
1465 2409 1667 2453 processione
1701 2409 1848 2453 Corporis

1089 2452 1220 2496 {Christi
1245 2467 1275 2495 et
1299 2462 1508 2505 Rogationum
1533 2462 1571 2495 ad
1595 2462 1690 2495 ritum
1715 2463 1841 2496 ambro-

1089 2499 1091 2531 i
1108 2517 1230 2549 sianum
1253 2515 1385 2560 quilibet
1401 2516 1432 2549 in
1450 2527 1506 2550 suo
1524 2517 1620 2549 latere
1637 2517 1801 2549 ecclesiam
1816 2516 1848 2550 in

1144 2590 1154 2614 1
1174 2587 1273 2622 Nempe
1292 2588 1408 2621 missa&
1425 2589 1495 2615 male
1513 2587 1555 2614 ed.
1574 2587 1652 2615 Nlain.
1669 2587 1733 2624 legit
1748 2591 1847 2617 ecclia-

331 2623 445 2665 maius,
459 2633 519 2668 pro
539 2622 743 2657 Sanctissimo
760 2621 962 2658 Sacramento
976 2634 1072 2669 supra
1087 2615 1091 2669 ἰ
1106 2633 1287 2661 οιᾱῑιιανια
1292 2639 1320 2660 ιι
1337 2634 1386 2666 τ..)
