2248 3229
213 247 263 277 An.
280 246 309 276 C.
330 245 399 276 1633
446 235 511 272 31⁶2
992 240 1171 265 BULLARIUM
1195 239 1350 264 noMANUM
1938 235 1987 265 An,
2004 235 2032 264 c,
2054 234 2122 264 163³

412 295 460 330 nis
479 295 633 329 Minorum
648 293 686 326 de
704 290 907 326 Observantia
927 289 956 323 S.
978 288 1151 331 Francisci,
1186 288 1301 331 quibus
1325 296 1399 320 sane
1422 286 1572 328 licentiis,
1596 293 1763 332 antequam
1788 296 1926 331 exequu-

413 349 439 383 si
464 349 516 393 qui
536 357 620 380 nunc
636 350 718 386 sunt,
738 354 848 378 eorum
864 344 935 377 loco
952 347 982 376 et
998 342 1075 383 vice,
1093 353 1152 386 pro
1187 341 1262 375 tioni
1293 340 1539 381 demandentur,
1569 341 1741 384 superioris
1772 340 1927 384 regularis

413 400 592 435 huiusmodi
613 398 816 432 ecclesiarum
840 396 969 430 servitio
986 406 1021 429 ac
1038 395 1153 429 monia·
1188 395 1423 440 praedictorum
1437 395 1570 428 fratrum
1586 395 1838 428 Reformatorum
1849 395 1929 428 eius-

414 456 489 488 lium
516 454 592 486 cura
617 451 760 496 speciali,
792 451 961 484 nonnullos
987 449 1153 493 religiosos
1188 449 1260 482 dem
1285 448 1468 482 monasterii
1493 458 1665 482 consensus
1689 448 1830 488 accedat3
1856 458 1928 482 con-

413 508 609 552 prosessores
639 505 713 539 dicti
746 505 871 539 Ordinis
902 515 937 537 ex
966 503 1154 537 Reformatis
1189 502 1294 535 trariis
1318 512 1382 536 non
1406 501 1602 536 obstantibus
1622 501 1882 546 quibuscumque.

414 559 603 603 nuncupatis
627 558 863 604 provinciarum
889 558 1057 599 Romanae,
1083 556 1156 590 Sici·
1235 556 1347 589 Datum
1360 555 1488 596 Romae,
1505 555 1587 599 apud
1605 555 1633 588 S.
1652 555 1789 595 Petrum,
1807 553 1865 587 sub
1882 564 1931 587 an-

415 614 475 647 liae
500 613 581 646 ultra
604 614 751 658 pharum,
769 617 799 645 et
822 611 1070 651 Mediolanensis,
1086 621 1156 654 pro·
1191 610 1266 643 nulo
1282 608 1458 649 piscatoris,
1470 609 1520 641 die
1529 618 1583 642 xm
1596 607 1747 642 februarii
1758 617 1931 649 uncxxxm,

417 672 523 700 vectae
541 666 656 700 aetatis
671 693 679 707 ,
709 664 897 709 exemplaris
930 663 1010 697 vitae
1023 691 1031 704 ,
1055 663 1157 697 bonae
1192 663 1394 708 pontificatus
1410 662 1510 696 nostri
1527 672 1609 696 anno
1626 674 1654 695 x.

416 722 516 755 famae
527 725 620 766 atque
632 720 805 760 doetrinae,
821 722 975 763 quotquot
987 717 1157 751 necessarii
1228 726 1287 754 Dat.
1302 726 1345 754 die
1363 725 1394 753 13
1408 725 1539 753 februarii
1556 724 1634 757 1633,
1650 724 1746 760 pontif.
1762 731 1831 752 anno
1846 730 1874 751 x.

254 780 528 817 nemeina-erunt,
553 774 718 818 Neapolim
743 771 923 817 proficisci,
955 776 985 804 et
1015 771 1060 804 ibi
1090 781 1159 815 per-

218 820 261 838 ires
276 816 403 837 reformatos

218 842 403 870 prosethtiOUJO·
418 839 545 863 manere
569 826 706 869 iubeas¹‚
732 826 839 870 eisque
864 835 919 858 seu
944 824 1101 868 aliquibus
1122 834 1158 857 ex

218 870 311 892 ⁰¹³¹¹⁰¹³⁰⁴
418 883 511 928 ipsis,
537 881 661 925 singulo
686 881 796 913 saltem
821 879 956 912 triennio
981 877 1158 917 mutandis,
1503 868 1625 903 CDLIV-

418 942 587 982 postquam
605 935 643 968 ab
660 933 826 968 ordinasm
847 943 906 977 pso
930 937 1074 976 tempore
1092 942 1160 964 ‘³³³‘
1176 955 1178 983 ὲ
1197 950 1409 993 Confirmatio
1437 950 1626 983 litterarum
1651 948 1825 983 Clementis
1858 947 1938 982 VIII

419 989 529 1023 minati
547 994 577 1022 et
596 987 761 1033 approbati
786 986 912 1028 suerint,
930 990 960 1019 et
979 995 1042 1019 non
1060 985 1160 1024 aliter,
1176 990 1178 1027 ζ
1239 1014 1333 1047 super
1349 1003 1463 1048 spoliis
1481 1003 1560 1036 cleri
1579 1002 1723 1035 civitatis
1738 1001 1937 1036 Avenionen‘

419 1042 605 1079 auctoritate
636 1042 745 1075 nostra
777 1039 926 1080 mandes,
954 1042 988 1072 ut
1018 1038 1161 1081 regimen
1239 1058 1284 1090 Sis
1308 1061 1337 1090 ει
1361 1057 1533 1090 cmm-lalus
1561 1054 1783 1098 Venayssini,

421 1097 583 1142 spirituale
603 1100 633 1128 et
653 1104 761 1128 curam
782 1093 960 1126 animarum
978 1091 1161 1125 earumdem

422 1150 606 1184 monialium
632 1149 660 1182 S.
685 1149 792 1181 Clarae
810 1152 839 1179 et
859 1146 887 1179 S.
905 1146 1018 1179 Mariae
1042 1144 1163 1187 Magda-
1403 1137 1540 1165 Urbanus
1561 1136 1640 1185 Papa
1659 1135 1736 1169 Vm,
1754 1179 1759 1185 ,

423 1206 511 1238 lenae
536 1202 718 1246 suscipiant,
732 1205 763 1234 et
786 1199 950 1242 deinceps,
976 1198 1066 1231 sicuti
1092 1208 1162 1240 spe·
1329 1182 1364 1209 ad
1381 1183 1556 1216 perpetuam
1574 1188 1618 1208 ¹²¹
1638 1187 1819 1209 memmmm'

422 1268 540 1298 ramus,
560 1254 759 1289 laudabiliter
784 1257 959 1292 exerceant,
982 1251 1163 1294 eisdemque
1242 1252 1461 1296 Speculatores
1492 1251 1605 1285 domus
1637 1251 1755 1293 Israel,
1785 1260 1865 1294 quae
1893 1255 1939 1284 est
1980 1258 2119 1281 Prooemium.

422 1309 622 1349 monialibus,
646 1313 681 1341 ut
705 1307 780 1352 ipsis
804 1306 955 1339 fratribus
979 1309 1111 1349 pareant
1135 1308 1165 1336 et
1199 1306 1337 1340 Ecclesia
1352 1305 1407 1338 Dei
1426 1305 1567 1346 viventis,
1581 1303 1857 1348 imperscrutabili¹
1872 1304 1939 1338 eius

424 1364 579 1405 obediant,
594 1362 735 1395 districte
751 1360 938 1405 praecipias,
953 1359 1010 1392 sub
1024 1357 1165 1391 censuris
1199 1359 1414 1404 providentiae
1438 1359 1570 1392 consilio
1594 1358 1767 1398 constituti,
1791 1358 1872 1390 inter
1889 1368 1940 1391 ce-

425 1424 455 1453 et
479 1417 589 1463 poeuis
614 1416 745 1450 arbitrio
764 1420 817 1448 tuo
838 1413 1028 1457 infligendis,
1049 1412 1133 1456 quod
1149 1422 1166 1444 a
1201 1420 1282 1447 teras
1305 1413 1497 1457 apostolicae
1521 1412 1680 1445 servitutis
1701 1422 1803 1452 curas,
1820 1411 1852 1444 in
1869 1421 1940 1445 eam

427 1479 456 1507 le
480 1473 648 1516 diligenter
665 1469 733 1503 fieri
751 1469 906 1515 cupimus,
926 1467 967 1500 ita
983 1472 1018 1500 ul
1036 1466 1167 1508 diligen·
1200 1468 1352 1513 peculiari
1377 1467 1480 1501 Studio
1500 1466 1723 1508 incumbimus,
1749 1471 1782 1499 ut
1806 1476 1887 1510 quae
1910 1465 1942 1498 in

427 1529 501 1561 tiam
527 1532 556 1560 et
579 1526 726 1570 pietatem
746 1528 830 1558 tuam
848 1523 879 1556 in
896 1523 955 1556 hoc
973 1521 1087 1555 merito
1103 1520 1166 1554 col·
1200 1533 1409 1567 personarum
1434 1521 1718 1555 ecclesiasticarum
1742 1520 1883 1554 favorem
1904 1519 1942 1553 ab

427 1581 556 1615 laudare
581 1579 749 1625 possimus.
1201 1578 1259 1610 hac
1283 1577 1397 1610 Sancta
1422 1575 1501 1609 Sede
1525 1584 1673 1608 concessa
1697 1579 1786 1615 sunt,
1811 1573 1942 1607 sublatis

264 1646 414 1684 ⁴,irrumpis-qq-
473 1636 488 1680 ἓ
511 1635 541 1668 02.
567 1634 718 1667 Volumus
736 1636 850 1672 tamen,
867 1636 900 1664 ut
917 1628 1088 1663 venerabili
1107 1628 1168 1661 sra-
1201 1630 1395 1675 quibuslibet
1418 1628 1599 1668 obstaculis,
1624 1638 1716 1661 suum
1737 1627 1889 1667 debitum,
1906 1631 1941 1659 ut

228 1674 343 1738 iii'ciiiiissii
354 1679 413 1720 '3333
428 1689 469 1724 tri
487 1688 724 1732 archiepiscopo
738 1685 952 1729 Neapolitano,
967 1693 1050 1716 nunc
1063 1687 1093 1716 et
1110 1692 1168 1726 pro
1201 1696 1259 1729 pai·
1284 1689 1340 1724 est,
1365 1683 1537 1717 sortiantur
1557 1682 1713 1715 effectum.

229 1733 318 1749 ”dum
430 1749 574 1788 tempore
598 1739 752 1780 existenti,
773 1739 894 1772 salvum
919 1742 949 1770 et
972 1741 1167 1770 reservatum
1247 1739 1262 1782 g
1286 1738 1315 1770 sl,
1341 1737 1424 1770 Alius
1449 1736 1603 1780 siquidem
1629 1746 1647 1768 a
1670 1733 1769 1768 felicis
1793 1733 1942 1767 recorda-
1959 1736 2144 1786 „asssffilhiffi

430 1798 469 1830 sit
493 1806 587 1831 omne
604 1795 663 1835 ius,
682 1798 744 1826 tam
762 1803 799 1825 ex
816 1791 894 1824 iuris
914 1789 1091 1824 communis
1107 1789 1170 1822 dis·
1203 1791 1296 1826 tionis
1320 1791 1477 1824 Clemente
1502 1789 1584 1832 Papa
1608 1788 1674 1821 Vlll
1700 1786 1944 1832 praedecessore
1961 1791 2067 1813 cremento
2080 1789 2133 1812 vm.

429 1851 596 1895 positione,
620 1858 714 1892 quam
737 1857 772 1879 ex
797 1845 877 1879 sacri
894 1845 1023 1878 Concilii
1043 1843 1170 1877 Triden-
1203 1850 1311 1878 nostro
1336 1848 1523 1877 emanarunt
1547 1842 1669 1875 litterae
1694 1841 1812 1874 tenoris
1837 1842 1945 1875 subse-

430 1904 487 1937 tini
511 1902 656 1942 decretis,
673 1911 770 1945 super
787 1898 967 1932 huiusmodi
985 1896 1170 1930 monialium
1187 1932 1189 1942 Α
1205 1898 1338 1943 quentis⁷
1365 1897 1529 1930 videlicet:

432 1956 630 1991 monasteriis
655 1953 849 1998 regularium
869 1963 962 1986 curae
983 1950 1170 1992 commissis,
1386 1950 1531 1984 Clemens
1555 1951 1651 1994 Papa
1673 1949 1766 1990 VIII,
2244 1944 2248 2031 ἰ

432 2009 675 2057 praesertim&
700 2009 748 2041 his
772 2018 851 2052 quae
876 2007 914 2039 ad
940 2007 1103 2039 clausurae
1121 1998 1190 2037 etl-⁵
1303 2005 1345 2038 ad
1366 2008 1559 2049 perpetuam
1582 2004 1631 2036 rei
1654 2003 1854 2036 memoria-m,
1875 2027 1879 2030 .

433 2065 565 2100 stodiam
580 2063 747 2108 pertinent,
766 2066 957 2105 competens,
976 2060 1063 2092 itaut
1082 2058 1173 2090 facul·
1251 2059 1407 2102 Regimini
1421 2057 1605 2091 universalis
1625 2055 1804 2098 Ecclesiae2,
1823 2055 1945 2089 meritis
2244 2034 2248 2097 i

434 2126 480 2154 tas
515 2117 706 2152 concedendi
744 2116 885 2149 licentias
921 2115 1173 2158 quibuscumque
1190 2139 1191 2156 ἶ
1207 2113 1281 2146 lieet
1304 2112 1491 2157 imparibus,
1511 2111 1695 2154 disponente
1712 2109 1846 2142 Domino
1862 2118 1948 2152 prae·
2245 2099 2248 2131 l

434 2173 578 2219 personis
610 2171 746 2205 cuiusvis
782 2175 879 2203 status
894 2196 901 2210 ‚
926 2167 1114 2202 conditionis
1146 2172 1175 2198 et
1191 2181 1192 2202 i
1209 2167 1353 2207 sidentes,
1368 2166 1448 2198 inter
1458 2164 1567 2198 fideles
1579 2163 1744 2207 quoslibet,
1761 2161 1948 2206 praesertim
2245 2134 2248 2207 i

2246 2208 2248 2220 .

2246 2437 2248 2456 l

2246 2461 2248 2490 l

435 2227 559 2262 Ordinis
584 2225 676 2259 etiam
702 2223 900 2267 regularibus
932 2223 1174 2265 <praeterquam
1209 2220 1413 2253 eeclesiarum
1438 2218 1492 2251 Dei
1519 2217 1690 2257 ministros,
1712 2216 1852 2260 aliasque
1877 2225 1949 2259 per-

436 2280 623 2325 supradictis
656 2277 812 2321 religiosis
844 2276 1076 2320 praedictarum
1109 2284 1175 2306 mo-
1192 2297 1194 2317 ¹.
1209 2284 1300 2307 sonas
1325 2272 1561 2311 ecclesiasticas,
1580 2270 1617 2303 ad
1639 2270 1773 2303 invicem
1795 2279 1854 2313 pro
1874 2273 1949 2302 tem-

435 2335 566 2368 nialium
593 2332 719 2378 speciali
745 2341 849 2371 curae,
874 2334 907 2363 ut
931 2339 1045 2373 supra,
1071 2327 1173 2371 depu-
1209 2338 1285 2371 pore
1298 2326 1483 2359 dissidentes
1500 2334 1609 2369 pacem
1625 2323 1805 2362 conciliare,
1823 2331 1951 2355 coneor-

438 2388 522 2431 tatis)
548 2393 609 2420 tam
635 2384 833 2429 ingrediendi
855 2383 1037 2416 monasterii
1059 2382 1178 2415 clausu·
1210 2381 1356 2425 diamquc
1381 2380 1487 2423 rigere
1520 2384 1550 2412 et
1573 2377 1683 2421 augeri
1713 2376 1845 2410 sinceris
1869 2375 1951 2409 desi-

437 2453 504 2475 ram
520 2469 528 2482 ,
553 2441 646 2474 etiam
671 2450 708 2473 ex
734 2440 828 2471 eausa
860 2437 985 2480 urgenti
1010 2442 1040 2469 et
1063 2445 1174 2468 neces-

439 2496 530 2537 saria,
556 2506 650 2539 quam
676 2492 844 2527 accedendi
870 2491 907 2523 ad
932 2492 1001 2524 loca
1018 2490 1179 2532 colloquu-

441 2550 572 2589 tionum‚
597 2549 635 2581 ad
660 2547 806 2581 eumdem
831 2545 1031 2579 Ordinarium
1053 2545 1177 2587 spectet,

1250 2481 1256 2505 1
1278 2478 1314 2505 Ex
1331 2478 1436 2512 Regest.
1454 2477 1482 2503 in
1497 2476 1598 2503 Seeret.
1620 2474 1753 2502 Brevium.

1249 2524 1257 2549 1
1278 2523 1347 2549 Edit.
1360 2522 1438 2549 Main.
1453 2521 1519 2555 legit
1533 2521 1566 2548 in
1579 2518 1787 2555 perscrutabili
1803 2518 1839 2552 (R.
1851 2516 1899 2549 T.).

1247 2569 1263 2595 2
1278 2568 1425 2603 Sequentes
1445 2566 1552 2593 litterae
1571 2566 1624 2592 iam
1644 2565 1770 2600 leguntur
1789 2562 1816 2589 in
1837 2565 1903 2589 tom.
1924 2569 1953 2596 x,

1214 2619 1274 2646 pag.
1290 2611 1322 2637 74
1337 2618 1407 2645 seq.;
1424 2609 1483 2636 heic
1499 2616 1561 2636 vero
1573 2616 1588 2635 a
1599 2607 1722 2643 pluribus
1737 2604 1842 2633 mendis
1858 2612 1954 2640 expur-

480 2665 491 2691 1
509 2663 628 2692 Pessime
644 2662 707 2690 edit.
724 2661 803 2689 iliain.
822 2660 886 2695 legit
900 2660 999 2688 iubens
1014 2659 1051 2693 (a.
1068 2657 1117 2692 12).
1212 2659 1311 2691 gantur
1325 2655 1363 2689 (a.
1380 2653 1429 2689 12).
