2248 3229
66 250 117 280 An.
134 249 163 279 G.
180 248 249 278 1631.

82 687 123 717 ‘De
134 687 250 716 officiose-

65 719 147 735 morum
181 718 251 734 cuius-

66 745 107 768 que
123 740 205 762 domus.

92 1810 122 1831 De
132 1810 256 1837 receptione

71 1839 199 1858 exterorum.

874 245 1017 272 URBANUS
1040 245 1098 271 vm
1121 246 1169 271 1³1².

265 294 419 330 cessarios
433 299 576 339 sumptus
590 294 784 339 impendant:
799 293 924 339 quantsp
935 303 1009 328 vero

267 349 304 382 lis
329 359 384 382 seu
397 358 490 382 causa
511 347 549 381 ad
563 353 662 382 totum
677 347 832 393 spectabit
848 347 1008 388 Ordinem,

270 407 342 435 tunc
366 401 488 434 aeraria
508 401 687 435 communia
712 400 947 435 controversiae
962 411 1009 434 cx-

266 465 380 499 pensas
405 454 638 488 ministrabunt.
665 454 697 487 ln
723 465 795 488 casu
814 459 930 495 autem,
946 464 1009 497 quo

266 508 407 552 privatae
426 508 540 542 domus
558 508 715 552 impensas
729 508 811 541 serre
824 507 864 540 ob
880 507 1008 540 nimiam

265 567 484 606 paupertatem
505 571 569 595 non
586 566 724 606 possent,
743 572 779 594 ex
795 561 905 595 codem
927 571 1010 595 com-

267 615 355 649 muni
379 614 503 648 aerario
523 614 738 648 desumantur.

311 669 345 702 In
370 678 558 712 unaquaque
582 668 676 701 domo
701 668 763 701 sint
786 667 849 701 duo
870 673 923 700 aut
947 672 1009 700 tres

266 721 408 755 seniores
432 731 490 765 pro
515 731 649 755 numero
674 721 897 764 religiosorum
922 730 939 752 a
963 729 1010 752 ca-

266 773 366 818 pitulo
400 773 492 807 locali
526 773 616 807 electi
653 774 804 808 canonica
835 772 1009 812 electione,

266 827 391 871 pietate,
411 827 580 871 prudentia
598 834 628 861 et
641 827 836 872 experientia
853 835 1011 860 commen-

267 880 404 925 dabiles,
430 891 567 924 quorum
593 880 760 914 consilium
790 879 935 924 superior
958 889 1009 912 re-

267 934 395 978 quirere
412 933 524 968 debeat
539 934 572 967 in
589 934 684 967 rebus
701 933 831 968 maioris
847 933 1009 967 momenti:

267 989 321 1032 qui
345 982 474 1032 quidem
496 988 646 1030 seniores,
662 987 848 1021 necessitate
868 991 1010 1030 cogente,

266 1053 326 1087 pro
358 1043 518 1077 communi
554 1042 666 1076 domus
698 1041 831 1075 utilitate
862 1045 1012 1085 poterunt

269 1095 402 1130 invicem
427 1095 618 1137 convenire,
652 1101 681 1128 et
713 1104 813 1128 unum
837 1094 1010 1138 deputare,

268 1151 322 1194 qui
347 1150 546 1195 superiorem
571 1160 643 1184 cum
668 1148 846 1182 reverentia
863 1153 891 1181 et
906 1148 1012 1181 debita

268 1204 479 1239 submissione
512 1208 638 1239 moneat
669 1204 707 1237 de
743 1203 802 1246 iis,
836 1213 915 1247 quac
950 1202 1011 1247 ipsi

268 1258 409 1292 seniores
437 1257 644 1292 iudicaverint
677 1257 741 1291 sive
773 1256 810 1290 ad
842 1266 1012 1301 personam

268 1312 335 1346 sive
366 1312 405 1346 ad
439 1313 506 1346 eius
537 1311 674 1346 officium
706 1311 792 1345 iuxta
816 1312 957 1354 regulam
983 1315 1013 1344 et

268 1366 508 1401 constitutiones
523 1366 701 1410 pertinere,
726 1365 781 1410 qui
801 1365 826 1398 si
845 1374 909 1398 non
929 1364 1013 1398 adbi-

268 1420 340 1454 beat
363 1419 539 1453 remedium
563 1419 677 1453 iterum
703 1424 733 1452 et
757 1418 882 1463 saepius
906 1417 1014 1452 admo-

269 1474 364 1516 nitus,
378 1474 416 1507 ad
429 1474 610 1518 generalem
627 1473 775 1516 referant,
788 1483 868 1517 quae
883 1475 1013 1508 modum

269 1534 300 1562 et
312 1528 395 1562 vires
409 1538 520 1562 eorum
535 1527 699 1569 excedunt,
720 1527 1012 1561 subordinationem

271 1587 375 1616 tamen
399 1586 430 1615 et
453 1581 684 1615 observantiam
711 1592 786 1625 erga
813 1582 1013 1626 superiorem

270 1645 334 1670 non
358 1634 477 1668 idcirco
501 1635 764 1679 praetermittant,
790 1641 819 1668 et
843 1635 909 1680 ipse
926 1646 1014 1680 supe-

271 1689 347 1730 rior,
373 1699 446 1722 cum
470 1688 588 1732 aliquid
601 1687 629 1721 ei
643 1688 842 1733 proponitur,
858 1689 1014 1733 patienter

273 1748 302 1776 et
324 1742 461 1786 benigne
485 1742 600 1776 audiat.

317 1797 386 1831 Non
401 1797 495 1840 longe
515 1797 554 1829 ab
580 1796 710 1830 introitu
730 1796 882 1841 cuiusque
901 1796 1014 1830 domus

273 1850 312 1884 sit
328 1850 416 1884 locus
433 1855 525 1894 aptus
542 1850 580 1883 ad
596 1850 796 1895 recipiendos
813 1856 936 1885 exteros
951 1856 1013 1884 tam

273 1905 435 1948 regulares
451 1914 546 1948 quam
563 1904 721 1938 seculares
737 1915 796 1949 pro
816 1915 1014 1950 quacumque

273 1960 367 1993 causa
388 1957 598 1999 advenientes,
624 1962 654 1991 et
678 1958 703 1991 si
721 1958 775 2003 qui
792 1963 863 1991 sunt
879 1958 1014 2001 cibandi,

273 2012 311 2046 ad
335 2022 504 2047 commune
531 2012 733 2046 refectorium
763 2022 834 2045 cum
864 2012 1014 2046 fratribus

274 2076 337 2101 non
369 2065 595 2107 admittantur,
626 2065 686 2099 nisi
717 2071 850 2110 propter
878 2065 1014 2110 aliquam

274 2119 502 2161 conditionem,
527 2120 715 2165 praesertim
742 2119 882 2160 virtutis3
908 2119 1015 2164 eisque

276 2184 384 2208 mensa
407 2174 538 2218 frugalis
551 2180 739 2219 apponatur,
754 2179 783 2207 et
796 2178 1015 2218 paupertatem

276 2228 443 2269 redolens,
468 2237 569 2272 neque
593 2228 684 2261 liceat
709 2238 763 2262 eos
786 2228 857 2272 plus
879 2229 941 2261 una
966 2228 1015 2261 die

275 2281 429 2321 retinere,
453 2280 514 2314 nisi
538 2280 600 2314 sint
623 2281 786 2325 religionis
811 2287 937 2315 nostrae
960 2281 1016 2315 be·

276 2335 451 2369 nefactores
475 2340 506 2367 et
524 2334 720 2368 benemeriti¹

319 2390 429 2430 Nemo,
453 2388 507 2433 qui
527 2388 565 2422 ad
589 2389 783 2433 loquendum
804 2400 876 2423 cum
894 2389 1017 2435 hospite

276 2449 426 2478 extraneo
444 2443 538 2477 fuerit
555 2443 724 2485 adhibitus,
738 2444 825 2477 illum
839 2444 1018 2489 alloquatur

276 2499 324 2532 vel
349 2503 474 2532 moneat
498 2503 551 2531 aut
574 2497 682 2532 doceat
708 2498 746 2531 de
770 2498 865 2532 rebus
889 2509 970 2544 quae
986 2499 1018 2532 in

276 2552 370 2586 domo
401 2556 539 2595 aguntur
572 2551 620 2584 vel
650 2550 810 2594 agendae¹
837 2558 928 2594 sunt,
960 2562 1018 2586 nec

275 2605 442 2651 quisquam
467 2604 601 2639 aliorum
629 2605 764 2638 fratrum
789 2605 817 2639 ei
841 2606 1018 2651 alloquatur

311 2670 323 2696 1
339 2667 412 2697 Edit.
427 2667 509 2696 Main.
526 2667 610 2696 habet
624 2669 736 2704 agenda
754 2672 793 2703 (R.
809 2669 858 2704 T.).

357 2722 437 2752 Bull.
456 2721 540 2752 Rom.
556 2737 590 2743 —
608 2722 668 2752 Vol.
683 2721 758 2754 XIV.
925 2722 960 2752 53

1043 304 1080 327 ex
1101 293 1252 338 professo,
1271 293 1331 327 nisi
1347 292 1461 327 habeat
1484 291 1677 338 peculiarem
1698 302 1715 325 a
1731 302 1781 326 su-

1043 347 1169 391 periore
1193 346 1360 380 licentiam.

1087 400 1168 433 Licet
1198 400 1227 433 in
1252 400 1404 433 charitate
1433 405 1460 433 et
1495 399 1525 432 in
1559 398 1669 443 spiritu
1695 407 1782 431 man·
1824 412 1949 439 nopoems.

1043 453 1225 494 suetudinis,
1243 459 1270 486 et
1292 463 1354 486 non
1380 453 1408 485 in
1436 453 1537 496 virga,
1556 453 1668 485 fratres
1684 452 1782 486 nostri

1043 506 1173 540 debeant
1193 507 1277 550 regi,
1303 507 1375 550 quia
1393 510 1495 540 tamen
1513 506 1670 550 aliquibus
1687 506 1783 538 nimia

1042 559 1219 603 benignitas
1233 560 1343 593 obesse
1361 560 1449 600 solet,
1466 559 1546 601 ideo,
1560 570 1598 592 ne
1613 558 1784 603 tranquilli-

1044 617 1090 645 tas
1114 612 1238 646 Ordinis
1265 613 1418 653 turbetur,
1436 622 1555 657 poenae
1579 612 1784 656 delinquenti-

1043 666 1101 699 bus
1122 666 1334 710 imponantur,
1353 666 1427 699 itaut
1448 666 1587 710 primum
1602 665 1783 698 charitative

1043 719 1174 752 debeant
1200 719 1383 761 admoneri,
1417 724 1481 752 tum
1516 718 1784 762 increpationibus

1044 773 1179 816 corrigi,
1212 773 1414 816 postmodum
1451 772 1712 817 subsequentibus
1736 772 1784 805 vel

1044 826 1111 859 aliis
1131 826 1312 859 huiusmodi
1344 827 1464 870 poenis,
1491 837 1550 870 pro
1577 825 1708 858 arbitrio
1736 836 1785 858 su-

1044 880 1181 924 perioris
1206 885 1233 912 et
1260 880 1407 924 qualitate
1425 880 1536 924 culpae
1561 879 1712 922 augendis
1736 879 1783 912 rel

1045 933 1232 973 minuendis,
1252 933 1408 974 coerceri,
1428 933 1457 966 in
1483 932 1660 976 infligendis
1681 936 1785 966 tamen

1044 987 1154 1031 poenis
1178 986 1377 1030 gravioribus
1402 986 1480 1019 iuris
1504 987 1582 1019 ordo
1608 992 1757 1019 servetur.

1090 1041 1193 1073 Poena
1217 1040 1293 1073 levis
1318 1040 1378 1073 crit
1400 1040 1438 1072 dc
1455 1040 1577 1073 defectu
1597 1039 1786 1083 reprehendi

1049 1104 1102 1128 seu
1124 1094 1298 1138 increpari,
1323 1093 1459 1138 aliquam
1484 1093 1659 1127 orationem
1683 1093 1786 1125 iniun-

1046 1152 1126 1182 ctam
1152 1148 1305 1189 recitare,
1336 1147 1468 1181 fratrum
1500 1147 1595 1192 pedes
1627 1146 1785 1185 oseulari,

1045 1202 1183 1236 brachiis
1208 1202 1342 1235 extensis
1367 1202 1504 1235 breviter
1529 1212 1638 1242 orare,
1661 1201 1785 1245 culpam

1046 1267 1135 1289 suam
1155 1256 1260 1300 palam
1284 1256 1511 1300 pronunciare,
1535 1255 1656 1288 veniam
1682 1266 1699 1287 a
1722 1255 1786 1288 Deo

1047 1315 1077 1344 et
1100 1321 1117 1343 a
1140 1310 1290 1343 fratribus
1307 1309 1504 1354 postulando.
1526 1309 1605 1342 Istae
1623 1314 1652 1341 et
1669 1308 1786 1341 similes

1047 1375 1167 1410 poenae
1191 1365 1393 1408 imponantur
1418 1364 1463 1397 eis

1091 1419 1112 1451 1.
1137 1417 1195 1457 Qui
1220 1417 1251 1450 in
1276 1417 1394 1461 templo
1414 1417 1460 1450 vel
1486 1416 1626 1450 oratorio
1644 1416 1786 1461 strepitu,

1047 1471 1238 1512 curiositate,
1264 1470 1469 1504 irreverentia
1488 1470 1535 1503 vel
1553 1469 1659 1514 aliquo
1673 1480 1786 1514 parum

1047 1526 1196 1570 religioso
1223 1531 1315 1570 gestu
1343 1525 1420 1559 alios
1451 1524 1645 1558 turbaverint
1669 1524 1715 1557 vel
1742 1524 1787 1557 of-

1047 1580 1218 1619 renderint3

1092 1634 1126 1667 ΙΙ,
1152 1633 1209 1672 Qui
1234 1628 1373 1666 iniuncta
1396 1643 1413 1665 a
1438 1631 1597 1665 communi
1618 1631 1722 1665 tabula
1747 1632 1790 1665 of-

1047 1688 1117 1722 ficia
1140 1687 1338 1731 negligenter
1362 1686 1586 1731 persolverint,

1093 1742 1141 1775 III.
1167 1741 1224 1781 Qui
1249 1741 1281 1774 in
1305 1741 1593 1785 genuflexionibus,
1619 1739 1790 1774 inclinatio=

1048 1796 1141 1830 nibus
1162 1800 1191 1830 et
1215 1795 1283 1829 aliis
1308 1795 1514 1829 caeremoniis
1544 1794 1790 1838 negligentiores

1048 1850 1171 1895 saepius
1195 1849 1329 1890 fuerint,

1092 1905 1138 1937 lv,
1164 1903 1221 1944 Qui
1246 1914 1305 1948 pro
1331 1902 1414 1937 victu
1446 1908 1473 1936 et
1507 1902 1621 1936 vestitu
1652 1901 1699 1935 vel
1729 1900 1789 1936 alia

1048 1958 1188 2003 qualibet
1213 1968 1248 1991 re
1268 1956 1552 1998 murmuraverint,

1093 2013 1124 2045 V.
1150 2012 1207 2052 Qui
1234 2012 1263 2045 in
1288 2011 1397 2045 habitu
1430 2010 1547 2055 aliquid
1579 2009 1717 2045 notabile
1739 2009 1791 2044 ha-

1048 2067 1124 2100 bere
1148 2065 1436 2110 praesumpserint,

1093 2119 1140 2152 VI.
1165 2119 1223 2159 Qui
1249 2118 1492 2152 scurrilitatibus
1517 2118 1593 2152 alios
1623 2117 1661 2151 ad
1693 2117 1791 2151 risum

1050 2182 1225 2218 provocare
1250 2171 1471 2206 consue-verint
1481 2182 1488 2212 3

1094 2226 1156 2260 VII.
1181 2225 1240 2266 Qui
1264 2226 1295 2259 in
1321 2225 1415 2259 domo
1437 2230 1522 2259 extra
1543 2225 1656 2260 horam
1676 2223 1742 2259 sine
1759 2223 1791 2258 ῙίΚ

1051 2281 1153 2316 centia
1178 2279 1451 2320 manducaverint,

1095 2334 1170 2368 VIII.
1188 2334 1246 2374 Qui
1264 2345 1321 2378 per
1338 2333 1562 2378 negligentiam
1583 2333 1692 2374 choro,
1710 2342 1792 2366 com=

1052 2388 1199 2423 munibus
1213 2388 1380 2430 exercitiis,
1390 2393 1442 2422 aut
1455 2387 1578 2433 primae
1590 2397 1717 2421 mensae
1729 2396 1792 2421 non

1052 2443 1259 2478 interfuerint.

1096 2497 1199 2530 Poena
1213 2495 1338 2540 gravior
1352 2495 1411 2529 erit
1435 2506 1452 2528 a
1477 2495 1548 2529 vino
1566 2494 1723 2528 abstinere
1735 2504 1792 2539 per
1807 2501 1938 2551 wprffpoena
1946 2507 1994 2530 grs-

1052 2551 1146 2594 diem,
1172 2551 1312 2584 ieiunare
1337 2550 1367 2582 in
1391 2559 1471 2594 pane
1496 2554 1527 2582 et
1545 2551 1636 2592 aqua,
1657 2549 1794 2593 discipli-

1052 2616 1123 2639 nam
1150 2603 1326 2648 suscipere,
1352 2602 1524 2636 humilibus
1548 2603 1678 2644 actibus,
1698 2602 1793 2647 aqui-

1051 2660 1111 2695 bus
1144 2663 1256 2694 natura
1292 2662 1468 2702 repugnat,
1505 2657 1666 2699 exerceri,
1703 2656 1792 2691 flexis

1685 234 1749 270 447
1797 244 1845 272 An.
1867 242 1894 271 c.
1913 242 1981 273 icat

1814 1052 1843 1074 De
1856 1053 1925 1080 poena
1935 1053 1982 1074 levi.
