2226 3235
115 240 164 270 ΑΒ,
186 240 215 268 C.
233 240 300 268 1629

143 835 173 855 Ad
187 834 243 860 quod
255 834 300 854 effi-

117 860 214 881 ciendum
236 860 300 881 sacul-

117 890 170 907 tates
177 888 244 908 eidem
253 893 300 908 cou-

117 914 226 934 ceduntur.

922 244 1064 267 UttssANtts

315 289 466 332 burgensi
493 300 549 333 per
567 300 623 322 nos
642 296 674 322 ut
699 291 779 323 infra
797 291 874 334 erigi
900 297 991 335 atque
1011 292 1054 324 in-

317 343 411 383 stitui,
437 343 559 385 aliaque
584 343 782 387 infrascripta
810 344 878 377 sieri
899 351 991 388 atque
1008 356 1056 377 or-

317 395 418 428 dinari
449 407 650 440 summopere
680 397 850 438 desideret;
878 398 979 442 quare
999 409 1056 442 pro

316 456 405 493 parte
430 450 570 482 eiusdem
604 451 760 483 Francisei
791 452 960 495 Guglielmi
984 452 1052 495 epi-

315 502 402 546 scopi
428 504 517 536 nobis
550 504 607 537 suit
636 504 798 550 humil-iter
823 506 1056 549 supplicatum,

315 561 469 598 quatenus
484 557 582 600 ipsius
596 558 729 590 civitatis
743 559 991 602 Osnalmrgcrsis
1008 559 1057 591 de-

315 609 380 642 cori
407 615 436 642 et
454 612 617 651 venustati,
637 622 671 644 ac
693 612 775 644 illius
793 612 907 645 civium
929 618 958 645 et
975 612 1057 645 dioc-

315 673 501 696 cesanorum
527 664 703 697 animarum
722 665 813 698 saluti
833 671 863 698 et
887 665 1058 698 commodi-

315 717 430 749 tatibus
445 717 475 749 in
494 718 674 760 praemissis
693 725 871 762 opportune
890 718 1056 762 providere

315 769 353 802 de
377 770 567 813 benignitate
591 773 762 815 apostolica
787 773 1011 815 dignaremur:

360 824 374 865 ,ξ
398 824 427 856 4.
454 825 516 857 Nos
541 825 651 867 igitur,
677 825 885 867 attendentes,
911 826 996 869 quod
1021 836 1054 858 ex

315 877 489 911 litterarum
508 879 610 912 studio
628 879 803 921 animarum
822 880 905 912 salus
922 880 1056 913 maxime

316 937 514 974 procuratur,
532 932 699 976 ipsumque
724 933 925 966 Franciseum
944 934 1057 967 Guliel-

317 995 402 1017 mum
429 985 612 1029 episcopum
627 996 643 1018 a
661 986 821 1029 quibusvis
843 987 1056 1019 exeommuni-

317 1038 456 1078 cationis,
471 1039 684 1082 suspensionis
701 1044 731 1072 et
744 1039 911 1081 interdicti,
926 1040 1056 1083 aliisque

318 1092 536 1125 ecclesiasticis
550 1093 721 1133 sententiis,
736 1093 876 1126 censuris
894 1099 923 1126 et
936 1094 1056 1137 poenis,

316 1156 332 1176 a
357 1145 425 1178 iure
450 1146 497 1178 vel
521 1145 560 1178 ab
583 1146 729 1186 homine,
754 1147 862 1190 quavis
893 1146 1056 1180 occasione

315 1199 363 1230 vel
389 1201 482 1231 causa
507 1199 598 1239 latis,
626 1200 649 1232 si
676 1200 790 1242 quibus
820 1200 1054 1243 quomodolibet

317 1252 481 1285 innodatus
499 1252 610 1294 existit,
625 1252 663 1285 ad
680 1253 824 1286 effectum
843 1254 1056 1297 praesentium

317 1306 477 1339 dumtaxat
495 1307 761 1350 consequendum,
779 1308 891 1340 harum
910 1308 990 1340 serie
1008 1309 1057 1340 ab-

317 1359 472 1393 solventes
508 1365 538 1392 et
573 1360 749 1393 absolutum
783 1362 849 1394 sore
874 1368 1056 1402 censentes,

317 1417 409 1456 atque
434 1413 650 1446 aedificiorum
669 1415 707 1446 ad
726 1426 815 1447 usum
835 1415 934 1448 dictae
952 1415 1057 1448 acade-

318 1467 398 1498 miae
423 1472 676 1499 constructorum
696 1468 889 1509 situationes,
907 1469 1055 1509 contines,

319 1519 489 1561 vocabula,
521 1520 811 1562 denominationes,
838 1522 1003 1565 qualitates
1028 1527 1055 1554 et

318 1574 739 1619 quantitatesqpraesentibus
757 1586 815 1618 pro
830 1576 985 1618 expressis
1002 1577 1056 1608 lia-

318 1626 436 1668 bentes,
457 1626 638 1660 huiusmodi
664 1628 944 1671 supplicationibus
968 1628 1056 1661 ineli-

318 1680 392 1720 nati,
415 1680 447 1712 in
471 1680 539 1724 ipsa
564 1681 687 1714 civitate
712 1681 942 1725 Osnaburgensi
968 1688 998 1715 et
1027 1682 1056 1714 in

318 1733 447 1766 aedibus
472 1744 489 1766 a
514 1728 647 1776 collegio
671 1746 727 1778 per
752 1735 898 1768 eumdem
923 1736 1053 1768 Franci·

318 1797 405 1819 scum
424 1787 635 1830 Guglielmum
650 1788 832 1832 episcopum
848 1800 961 1832 magno
976 1800 1058 1822 suni-

318 1844 375 1883 ptu
405 1841 593 1874 constructis
625 1852 718 1874 unam
750 1843 909 1886 publicam
941 1843 1056 1876 acade-

319 1894 426 1933 miam,
444 1895 476 1926 in
493 1906 553 1937 qua
578 1905 594 1927 a
620 1896 775 1938 religiosis
800 1897 961 1929 Societatis
978 1898 1056 1939 Iesu,

319 1957 373 1980 seu
395 1947 462 1980 aliis
479 1948 713 1991 professoribus
730 1949 776 1981 vel
796 1950 976 1990 lectoribus,
994 1951 1060 1993 plri—

320 2000 461 2044 losopliia
486 2007 516 2034 et
540 2001 698 2044 theologia
723 2003 908 2036 scholastica
933 2004 1058 2047 publice

320 2053 502 2095 doceantur,
513 2055 551 2087 ad
562 2055 660 2088 instar
670 2056 801 2088 aliarum
815 2056 1058 2097 academiarum,

320 2112 381 2139 tam
407 2108 447 2140 in,
463 2109 662 2152 transalpinis
686 2109 856 2152 provinciis
879 2115 908 2143 et
931 2110 1058 2153 regnis,

320 2172 412 2204 quam
430 2162 505 2194 alias
526 2162 657 2195 ubilibet
674 2162 895 2203 institutarum,
914 2173 950 2196 ex
966 2170 1057 2206 nunc,

320 2220 414 2258 prout
426 2220 589 2259 postquam
600 2216 680 2248 idem
693 2216 877 2250 Franciscus
888 2217 1058 2251 Gulielmus

321 2267 490 2311 episcopus
514 2269 718 2303 sufficientem
750 2270 853 2303 dotem
878 2282 937 2314 pro
971 2282 1060 2315 prae—

322 2321 424 2353 missis
449 2321 595 2355 omnibus
612 2322 650 2356 de
674 2323 811 2366 propriis
835 2323 1059 2367 patrimoniali-

321 2373 379 2407 bus
396 2380 448 2407 aut
472 2375 540 2408 aliis
565 2376 727 2409 laicalibus
746 2377 837 2410 bonis
857 2378 933 2420 (non
953 2383 1056 2411 autem

322 2438 358 2462 ex
383 2428 558 2462 redditibus
582 2429 809 2463 beneficiorum
834 2432 1059 2465 ecclesiastico-

322 2483 407 2525 rum)
423 2483 480 2515 .vel
504 2493 562 2526 pro
587 2483 730 2516 illorum¹
753 2485 824 2518 dote
849 2491 902 2518 aut
926 2485 957 2518 in
981 2486 1058 2519 alios

322 2537 390 2581 pios
414 2547 490 2569 usus
513 2536 675 2570 destinatis
699 2542 729 2570 et
752 2538 879 2579 relictis,
895 2543 1058 2584 perpetuo,

337 2602 340 2603 ⁷
359 2609 371 2634 1
389 2607 484 2635 Nescio
504 2616 536 2635 an
552 2609 684 2641 illorum,
699 2613 746 2636 aut
760 2610 849 2644 potius
862 2611 944 2640 itlius
961 2619 1060 2648 nempe

323 2653 490 2681 academiae
508 2652 652 2690 legendum
666 2654 701 2682 sit
714 2655 752 2690 (R.
768 2654 816 2690 T.).

1090 244 1145 267 vm
1169 245 1216 268 rr.
1759 236 1798 269 77

1094 292 1191 325 valide
1224 298 1253 324 et
1285 292 1452 324 efficaciter
1482 303 1517 324 ae
1549 292 1676 325 realiter
1705 297 1733 327 et
1758 305 1828 326 eum

1091 345 1204 379 effectu
1230 346 1390 379 donaverit
1417 352 1446 379 ct
1469 346 1692 389 assignaverit,
1713 352 1742 379 et
1767 358 1829 380 non

1091 399 1179 438 alias,
1198 400 1369 442 apostolica
1394 400 1590 440 auctoritate,
1611 405 1719 433 tenore
1745 411 1831 443 prac-

1091 453 1246 494 sentium,
1271 459 1445 497 perpetuo,
1472 454 1537 486 sine
1562 460 1666 486 tamen
1699 455 1830 487 alicuius

1092 505 1295 548 praeiudicio,
1314 507 1465 549 erigimus
1490 513 1520 539 ct
1545 507 1752 547 instituimus,
1775 508 1831 539 illi-

1091 568 1150 600 que
1168 559 1212 591 sic
1228 565 1350 592 erectae
1368 565 1397 592 et
1418 560 1584 601 institutae,
1603 572 1661 604 pro
1678 561 1744 594 eius
1762 572 1831 593 one-

1092 621 1161 642 rum
1179 613 1425 655 supportatione,
1443 614 1592 654 redditus‚
1612 626 1668 658 per
1686 615 1830 647 eumdem

1093 663 1294 697 Franciseum
1329 666 1519 699 Gulielnnnn
1560 668 1763 711 episcopum,
1799 675 1829 701 ut

1093 718 1285 760 praefertur,
1311 719 1532 761 assignandos,
1558 732 1594 753 ex
1620 732 1712 761 nunc,
1738 727 1828 765 prout

1092 775 1256 813 postquam
1283 771 1353 804 illos
1377 773 1592 815 assignaverit,
1618 775 1701 807 dieta
1729 781 1832 808 aucto-

1093 823 1182 856 ritate
1208 825 1299 857 etiam
1324 832 1478 870 perpetuo
1503 828 1696 871 applicamus
1721 834 1750 861 et
1777 839 1831 872 ap-

1090 877 1302 921 propriamus.

1135 931 1150 974 g
1174 931 1203 964 5.
1229 932 1266 964 Et
1282 932 1411 976 insuper
1428 933 1568 966 eiusdem
1589 935 1766 968 academiae
1784 947 1831 968 re-

1091 984 1180 1025 ctori,
1210 985 1385 1028 magistris,
1419 986 1621 1028 doctoribus,
1650 989 1830 1031 lectoribus,

1093 1039 1363 1081 praeceptoribus,
1381 1041 1587 1082 scholaribus,
1601 1042 1732 1086 aliisque
1750 1044 1832 1075 illius

1092 1092 1245 1125 ministris
1270 1098 1300 1125 et
1324 1094 1508 1127 otlicialibus
1536 1106 1571 1128 ac
1591 1097 1744 1139 personis,
1764 1108 1833 1130 nec-

1091 1155 1152 1177 non
1186 1146 1335 1179 membris
1368 1153 1398 1180 et
1430 1148 1561 1181 subditis
1594 1160 1652 1192 pro
1688 1156 1831 1194 tempore

1091 1199 1312 1241 existentibus,
1346 1202 1428 1244 quod
1461 1203 1606 1235 omnibus
1639 1209 1666 1235 et
1701 1205 1831 1246 singulis

1092 1252 1284 1295 privilegiis,
1311 1255 1531 1295 facultatibus,
1557 1256 1705 1296 indultis,
1731 1258 1827 1290 libcr-

1093 1307 1229 1348 tatibus,
1259 1309 1531 1351 immunitz‘ttilnts,
1560 1312 1830 1355 exenqitionilms,

1091 1361 1351 1403 antelationibus,
1391 1365 1638 1407 praerogativis,
1674 1366 1831 1398 favoribus

1092 1419 1119 1445 et
1145 1415 1271 1456 gratiis,
1299 1421 1359 1447 tam
1386 1416 1601 1459 spiritualilms
1633 1428 1725 1461 quam
1760 1424 1833 1450 tem-

1091 1467 1266 1509 poralibus,
1293 1469 1456 1512 quibusvis
1480 1470 1548 1502 aliis
1573 1476 1634 1502 tam
1661 1472 1832 1514 superioris

1091 1530 1183 1562 quam
1204 1521 1361 1553 inferioris
1376 1522 1562 1555 Germaniae
1576 1524 1754 1563 academiis,
1770 1525 1833 1556 illa-

1092 1583 1225 1616 rumque
1246 1574 1432 1614 rectoribus,
1452 1576 1619 1617 magistris,
1638 1577 1832 1618 doctoribus,

1092 1626 1285 1669 lectoribus,
1314 1629 1593 1672 praeceptoribus,
1626 1631 1831 1673 scholaribus,

1092 1691 1127 1713 ac
1151 1681 1219 1713 aliis
1245 1681 1406 1723 ministris,
1426 1683 1612 1716 officialibus
1633 1690 1662 1717 et
1678 1686 1832 1728 personis,

1092 1734 1280 1778 illarumque
1305 1736 1456 1768 membris
1474 1742 1503 1769 et
1521 1737 1662 1779 subditis,
1681 1749 1738 1781 pro
1761 1745 1833 1771 tem-

1092 1798 1167 1831 pore
1188 1788 1282 1820 etiam
1308 1789 1521 1829 existentibus,
1547 1791 1576 1822 in
1602 1802 1716 1833 genere
1735 1793 1781 1824 vel
1803 1793 1832 1824 in

1092 1841 1204 1884 speeie,
1225 1846 1277 1875 aut
1303 1842 1377 1874 alias
1398 1844 1644 1885 quomodolibet,
1662 1846 1832 1888 apostolica

1093 1895 1140 1927 vel
1164 1895 1223 1927 alia
1249 1896 1445 1937 auctoritate,
1463 1903 1515 1929 aut
1540 1897 1614 1930 alias
1639 1899 1834 1941 quomodoli-

1093 1948 1145 1980 bet
1169 1949 1335 1990 concessis,
1361 1960 1415 1982 seu
1444 1951 1535 1983 etiam
1562 1951 1774 1996 praescriptis,
1798 1963 1833 1985 ae

1094 2001 1300 2045 imposterum
1321 2003 1530 2037 concedendis
1548 2006 1594 2037 vel
1615 2006 1832 2048 praeseribew

1093 2055 1150 2095 dis,
1164 2067 1199 2089 ac
1217 2056 1332 2100 quibus
1349 2057 1391 2089 illi
1411 2063 1439 2090 et
1457 2058 1527 2091 illae
1543 2059 1581 2092 de
1599 2059 1677 2099 iure,
1692 2071 1759 2100 usu,
1774 2061 1834 2104 pri«

1094 2109 1207 2151 vilegio
1224 2110 1270 2142 vel
1289 2112 1525 2152 consuetudine,
1544 2117 1596 2147 aut
1613 2113 1687 2146 alias
1705 2125 1833 2157 quomo—

1093 2164 1210 2198 dolibet
1240 2170 1391 2207 utuntur,
1417 2167 1583 2207 fruuntur,
1615 2168 1779 2210 potiuntur
1804 2173 1828 2200 ct

1093 2218 1249 2260 gaudent„
1275 2229 1310 2251 ac
1336 2219 1389 2259 uti,
1414 2220 1474 2252 frui
1490 2247 1497 2259 ,
1521 2221 1616 2263 potiri
1642 2227 1670 2253 et
1696 2222 1831 2264 gaudere

1093 2277 1223 2314 possunt
1249 2277 1278 2304 et
1301 2278 1445 2316 poterunt
1472 2274 1707 2316 quomodolibet
1731 2275 1760 2307 in
1785 2275 1832 2307 su—

1094 2331 1208 2366 turum,
1233 2336 1295 2359 non
1320 2327 1420 2359 solmn
1446 2328 1484 2360 ad
1509 2329 1616 2369 instar,
1638 2329 1691 2361 sed
1716 2329 1831 2372 pariter

1092 2385 1121 2411 et
1145 2380 1360 2423 parisormiter
1388 2392 1423 2413 ac
1443 2382 1700 2425 aequipollenter,
1719 2388 1748 2414 ct
1765 2383 1831 2415 sine

1092 2433 1155 2465 nlla
1178 2443 1308 2476 prorsus
1332 2434 1527 2475 differentia,
1553 2435 1645 2467 etiam
1670 2446 1726 2478 per
1751 2435 1831 2468 viam

1093 2486 1396 2528 communicationis,
1421 2499 1475 2520 seu
1498 2498 1596 2521 novae
1622 2488 1831 2522 concessionis

1094 2539 1278 2581 (dummodo
1298 2546 1403 2573 tamen
1423 2541 1474 2573 illa
1495 2542 1553 2574 sint
1571 2542 1601 2574 in
1619 2553 1687 2583 usu,
1705 2553 1762 2575 nec
1782 2554 1831 2576 re-

1094 2598 1211 2633 vocata,
1235 2603 1292 2626 nec
1316 2594 1373 2626 sub
1397 2595 1501 2638 aliqua
1525 2596 1724 2629 revocatione
1748 2607 1833 2629 com-

1092 2647 1258 2692 prehensa,
1274 2648 1434 2692 sacrisque
1458 2649 1630 2683 canonibus
1647 2655 1678 2683 et
1701 2649 1831 2685 Concilii

1847 247 1893 272 Au.
1916 247 2028 273 0162ss

1875 954 1895 973 Et
1911 954 2030 973 huiusmodi

1848 981 1971 1000 amul-‘tinae
1998 987 2031 1000 ¹²⁰-

1848 1010 1939 1027 terarum
1954 1007 2031 1026 :ie-ide>

1848 1040 1933 1053 imarum
1968 1039 2031 1058 prii·-

1848 1061 1900 1084 teg-a
1913 1060 2031 1080 conve-lun-
