2226 3235
96 229 147 258 Au.
167 229 195 258 C.
213 229 283 258 1628

144 1355 232 1376 Mandat
247 1356 281 1376 ei-

93 1381 152 1405 dem,
173 1387 195 1402 ui
219 1388 281 1408 prae·

93 1408 197 1429 diciorum
224 1409 280 1429 loco·

93 1441 138 1455 rum
164 1435 281 1459 possessio-

93 1466 140 1481 nem
163 1461 281 1482 Laurentio

93 1487 193 1513 episcopo
227 1487 282 1508 Cae-

93 1514 199 1534 senaiensi
253 1514 280 1534 ad

93 1540 140 1561 eius
154 1540 279 1566 requisitio-

93 1572 140 1587 nem
155 1567 232 1587 tradat.

139 1885 277 1906 (instantibus

93 1910 189 1937 derogat.
224 1926 227 1928 -

911 233 1054 258 tRBAM‘s
1077 233 1133 257 vm
1157 233 1205 258 1³1².

295 279 362 312 bini
381 307 388 321 ‚
415 279 535 313 Statum
567 279 850 322 Montisscretrani,
879 291 914 313 ac
939 281 1042 313 civita-

303 336 359 372 tes,
383 331 532 374 dominia,
556 337 673 375 terras,
699 338 815 374 castra,
841 334 986 367 fortalitia
1011 340 1038 367 ct

302 386 370 419 loca
388 386 567 431 supradicta
582 398 639 431 per
656 398 689 420 se
706 388 769 421 sive
786 399 859 421 suos
880 388 1041 421 ministros

298 444 329 472 et
345 439 530 474 substitutos
553 441 647 473 etiam
667 444 787 474 armata
806 452 900 474 manu
918 441 1039 484 ingredi

299 491 398 525 libere
412 498 441 525 et
457 493 540 526 licite
558 494 656 537 possit
670 499 700 527 et
717 495 827 535 valeat,
841 495 880 528 ad
893 494 1038 528 effectum

301 545 448 579 ducatum
469 551 499 579 et
522 547 642 580 Statum
668 547 856 591 praedictos,
878 559 914 581 ac
938 548 1041 581 civita-

299 603 354 639 tes,
379 599 528 641 dominia,
554 606 673 641 castra,
699 605 812 643 terras,
839 601 986 635 fortalitia
1011 606 1041 635 et

301 652 371 685 loca
387 652 568 686 huiusmodi
584 654 711 687 realiter
725 659 755 687 et
771 654 842 687 e'um
861 654 973 687 effectu
989 664 1041 686 cu-

301 705 466 747 stodiendi‚
480 716 535 740 seu
547 707 664 748 tuendi,
683 718 781 752 eaque
798 707 900 749 etiam,
918 707 942 740 si
961 718 1040 751 opus

299 759 402 801 suerit,
428 761 636 804 recuperandi
663 762 701 794 ab
730 761 815 794 omni
833 766 863 794 et
887 771 1039 805 quocum-

296 823 366 856 que,
392 813 446 856 qui
471 824 506 846 ea
531 814 688 856 invadere,
714 825 768 847 seu
793 825 959 858 occupare,
985 825 1038 847 seu

297 867 372 900 alias
396 867 528 911 quodvis
551 868 781 912 praeiudicium
806 869 838 901 in
862 869 977 902 ducatu
1005 880 1039 902 ac

295 920 398 963 Statu,
424 931 547 955 necnon
571 922 766 963 civitatibus,
791 916 956 965 dominiis,
983 934 1036 956 ca-

296 973 379 1015 stris,
404 975 507 1015 terris,
528 975 685 1008 fortalitiis
710 981 739 1009 et
758 976 836 1009 locis
859 976 1040 1010 huiusmodi

298 1027 398 1060 eidem
414 1027 485 1061 Sedi
499 1028 615 1062 inferre
632 1039 710 1062 ausu
726 1030 895 1063 temerario
913 1041 1041 1074 praesu-

297 1086 408 1122 meret,
432 1081 569 1125 plenam,
592 1082 735 1123 liberam,
760 1084 897 1127 amplam
922 1089 952 1116 et
977 1095 1040 1117 om-

296 1134 457 1168 nimodam
482 1135 671 1177 facultatem,
687 1142 873 1180 potestatem
887 1142 917 1170 et
936 1142 1040 1170 aueto—

295 1188 420 1221 ritatem
453 1194 563 1223 tenore
594 1190 808 1233 praesentium
833 1191 871 1224 ad
895 1197 1037 1224 nostrum

297 1252 352 1275 seu
371 1242 445 1276 dicti
463 1243 564 1276 Caroli
580 1243 815 1289 beneplacitum
836 1245 1038 1279 concedimus

297 1301 327 1329 et
350 1296 560 1340 impertimur.

340 1350 355 1393 g
379 1350 408 1382 Ξ.
427 1351 578 1384 Volumus
593 1355 707 1392 autem,
723 1357 758 1385 ut
773 1352 875 1386 dictus
893 1352 1038 1386 Nicolaus

295 1404 526 1446 possessionem
552 1405 712 1438 civitatum
741 1406 896 1439 dictorum
923 1412 1038 1440 castro-

295 1467 376 1498 rum,
402 1462 569 1500 terrarum,
594 1459 816 1492 fortalitiorum
842 1466 871 1493 et
892 1461 1034 1494 locorum

298 1509 490 1550 huiusmodi,
516 1521 609 1555 quam
628 1523 686 1555 per
705 1523 737 1545 se
761 1513 870 1555 vigore
891 1524 1036 1557 praesen-

294 1562 373 1595 tium
398 1564 522 1607 assequi
547 1565 725 1607 eontigerit,
749 1564 1034 1599 venerabiliffratri

293 1616 461 1649 Laurentio
480 1617 627 1661 episcopo
644 1618 870 1660 Caesenatensi,
881 1619 1034 1653 moderno

292 1674 323 1701 et
339 1679 399 1712 pro
420 1674 564 1714 tempore
588 1671 731 1704 existenti
756 1672 887 1706 ducatus
908 1679 937 1706 et
962 1674 1035 1707 alio-

292 1732 364 1754 rum
384 1721 598 1756 dominiorum
614 1724 795 1758 huiusmodi
816 1726 1033 1768 gubernatori,

292 1775 357 1808 sive
381 1776 449 1809 eius
472 1776 663 1820 deputando,
680 1778 718 1811 ad
739 1789 866 1812 omnem
891 1780 957 1814 eius
982 1791 1032 1814 re-

292 1829 495 1872 quisitionem
521 1831 707 1874 consignare
732 1837 884 1867 teneatur.

337 1883 353 1926 g
377 1881 406 1916 3.
432 1884 500 1916 Non
525 1884 723 1919 obstantibus
755 1887 1033 1921 constitutionibus

292 1941 322 1969 et
346 1936 599 1971 ordinationibus
631 1939 830 1983 apostolicis,
856 1942 1033 1987 ceterisque

291 1991 458 2024 contrariis
482 1991 743 2037 quibuscumque.

334 2043 446 2076 Datum
471 2045 600 2086 Romae,
628 2047 710 2090 apud
736 2047 764 2080 S.
790 2048 919 2081 Mariam
943 2049 1034 2083 Maio-

291 2107 377 2139 rem,
402 2098 460 2131 sub
485 2100 600 2133 annulo
625 2101 811 2142 piscatoris,
828 2102 877 2135 die
902 2113 925 2136 11
946 2108 1033 2137 octo-

290 2151 356 2184 bris
369 2161 546 2194 nncxxvni,
558 2154 759 2197 pontificatus
778 2157 878 2189 nostri
887 2167 973 2191 anno
990 2168 1031 2191 vi.

326 2212 386 2240 Dat.
404 2213 446 2241 die
461 2214 478 2241 2
492 2214 612 2243 octobris
630 2216 708 2249 1628,
728 2217 823 2252 pontif.
843 2226 914 2246 anno
934 2226 970 2247 w.

594 2341 724 2376 CCCXII.

292 2411 504 2454 Confirmatio
526 2412 644 2447 decreti
662 2415 929 2459 Conqreqationis
949 2417 1030 2452 Con-

335 2465 407 2498 citii
432 2465 628 2507 Tridentini,
659 2478 722 2511 quo
744 2468 941 2511 declaratur,
965 2472 1031 2514 epi-

334 2528 442 2562 scopos
456 2529 548 2563 posse
564 2521 616 2552 uti
628 2522 724 2563 operti
742 2522 883 2555 duorum
900 2525 1032 2556 canoni-

335 2581 458 2611 corum,
475 2572 540 2604 sive
553 2572 752 2606 cathedralis
764 2575 829 2608 sive
841 2575 1030 2620 collessiatae

334 2624 493 2669 ecclesiae,
509 2636 622 2670 eosque
639 2627 773 2662 interim
783 2630 947 2674 percipere
956 2641 1029 2675 pos-

1741 223 1784 258 ⁶23

1120 292 1162 317 se.
1183 281 1258 314 dum
1282 285 1399 314 vacant
1423 282 1562 326 episcopi
1581 282 1723 321 servitio,
1744 283 1815 325 sru-

1119 339 1187 367 clus
1211 334 1430 377 praebendae,
1459 334 1591 367 amissis
1616 335 1817 368 distributio-

1119 388 1215 419 nibus
1240 387 1445 431 quotidianis
1455 387 1473 420 ἦ

1830 234 1881 260 An.
1902 232 1929 260 C.
1950 232 2015 261 1628

1287 458 1420 504 Urbanus
1438 477 1516 511 Papa
1525 478 1602 509 VIII,

1220 521 1256 548 ad
1276 522 1408 550 futuram
1428 522 1471 550 rei
1491 523 1682 556 memoriam¹¹

1118 600 1133 643 g
1157 600 1186 632 l.
1213 600 1333 644 Exponi
1358 601 1449 634 nobis
1474 611 1576 645 nuper
1602 602 1673 635 fecit
1694 613 1818 636 venera-
1851 615 2017 648 nume-»ngra-

1074 652 1143 685 bilis
1162 653 1259 686 frater
1275 654 1536 698 archiepiscopus
1553 656 1755 699 Coloniensis,
1774 668 1818 690 sa·
1831 645 1887 704 {tt-'3¹
1939 643 2016 699 2'‚{.'.¹‡·'.}?I.¹

1074 707 1118 739 eri
1133 708 1266 741 Romani
1285 708 1409 752 imperii
1428 710 1576 754 princeps
1592 712 1718 753 elector,
1733 712 1817 754 quod
1832 702 1882 749 ξῖζῗμ
1900 739 1905 742 ,
1943 703 1948 742 ,¹
2007 704 2015 715 ⁸

1073 760 1148 794 alias
1173 772 1189 793 a
1214 762 1448 795 venerabilibus
1472 769 1502 795 et
1526 764 1676 797 fratribus
1701 765 1817 798 nostris

1073 819 1198 847 sanctae
1225 816 1388 849 “Romanae
1418 817 1574 850 Ecclesiae
1601 818 1815 851 cardinalibus

1073 868 1229 901 emanavit
1253 869 1416 903 decretum
1443 870 1562 903 tenoris
1587 871 1806 915 subsequentis

1073 921 1217 954 videlicet
1232 933 1238 954 ;
1577 958 1594 975 θ

1120 975 1326 1009 lllustrissimi
1353 982 1381 1009 et
1406 978 1660 1011 reverendissimi
1684 979 1816 1013 Domini.

1074 1027 1134 1061 Pro
1163 1034 1252 1072 parte
1284 1030 1514 1075 archicpiscopi
1546 1032 1692 1065 electoris
1724 1034 1814 1067 Colo-

1073 1081 1191 1114 niensis
1207 1082 1401 1126 supplicatur
1418 1095 1476 1127 per
1496 1085 1576 1118 lianc
1594 1096 1715 1118 sacram
1740 1087 1817 1120 Con-

1073 1135 1292 1178 gregationem
1329 1136 1506 1171 declarari:
1544 1138 1564 1170 I.
1602 1139 1648 1170 An
1683 1139 1813 1182 privile*

1810 900 1817 914 5

1055 1189 1162 1231 ‘'gium'
1185 1194 1366 1234 competens
1392 1191 1559 1235 episcopis,
1579 1194 1758 1226 assumendi
1784 1194 1815 1226 in

1073 1243 1119 1275 sui
1145 1243 1306 1276 servitium
1326 1244 1404 1277 duos
1430 1245 1613 1284 canonicos,
1638 1247 1753 1279 habeat
1769 1248 1815 1280 lo-

1073 1307 1165 1331 cum.
1196 1307 1259 1330 non
1289 1298 1389 1330 solum
1416 1304 1562 1342 respectu
1587 1300 1812 1333 canonicorum

1072 1350 1259 1383 cathedralis
1284 1351 1444 1392 ecclcsiae,
1467 1352 1521 1385 scd
1545 1352 1637 1385 etiam
1663 1355 1812 1397 collegia-

1072 1408 1141 1435 tae:
1168 1403 1202 1435 ll.
1229 1404 1275 1436 An
1307 1405 1459 1447 procedat
1486 1405 1564 1446 boc,
1595 1417 1657 1439 non
1686 1407 1813 1439 obstan-

1071 1456 1153 1488 tibus
1178 1457 1453 1490 constitutionibus
1479 1459 1682 1491 ecclesiarum
1704 1459 1813 1493 iuratis

1070 1519 1126 1552 per
1151 1510 1319 1543 canonicos
1340 1511 1378 1543 de
1404 1511 1570 1545 residendo
1596 1513 1627 1545 in
1651 1514 1721 1546 illis.

1114 1563 1167 1595 Die
1184 1573 1214 1596 ix
1236 1565 1424 1607 septembris
1441 1576 1605 1599 MDCXXYIII
1630 1578 1718 1600 saera
1739 1568 1814 1601 Con-

1069 1616 1212 1658 gregatio
1240 1617 1448 1650 cardinalium
1481 1619 1610 1652 Concilii
1640 1621 1812 1654 Tridentini

1069 1669 1286 1713 interpretimi,
1313 1671 1351 1703 ad
1376 1672 1396 1704 I.
1423 1672 1605 1715 respondit:
1638 1674 1809 1719 Episoopos

1068 1734 1160 1766 posse
1196 1725 1241 1758 uti
1277 1727 1375 1768 opera
1412 1726 1547 1759 duorum
1585 1729 1810 1762 canonicorum

1068 1777 1133 1809 sive
1161 1778 1350 1812 cathedralis
1376 1779 1439 1812 sive
1472 1781 1670 1823 collegiatae,
1695 1793 1811 1827 eosque

1069 1830 1194 1863 interim
1218 1833 1383 1876 percipere
1405 1844 1506 1876 posse,
1528 1834 1601 1867 dum
1619 1841 1738 1868 vacant·
1749 1837 1814 1880 epi-

1069 1885 1155 1928 scopi
1173 1886 1311 1926 servitio,
1328 1887 1449 1920 fructus
1466 1888 1675 1931 praebendae,
1690 1891 1812 1923 amissis

1068 1937 1344 1972 distributionibus
1362 1940 1562 1982 quotidianis,
1579 1941 1752 1975 dummodo
1773 1948 1813 1976 ta-

1068 2001 1139 2023 men
1154 1991 1236 2024 ultra
1248 1991 1327 2025 duos
1345 1993 1512 2026 canonicos
1527 1994 1665 2038 episcopi
1683 2007 1741 2039 pro
1755 2007 1812 2029 suo

1068 2044 1194 2078 servitio
1224 2045 1335 2078 eodem
1364 2051 1506 2090 tempore
1530 2057 1593 2080 non
1624 2048 1810 2082 adhibeant:

1067 2097 1105 2130 ad
1122 2098 1165 2130 11:
1191 2099 1368 2134 Praedictas
1390 2102 1541 2134 ecclesiae
1561 2103 1810 2143 constitutiones,

1067 2151 1160 2184 ctiam
1184 2152 1316 2192 iliratas,
1342 2153 1471 2187 minime
1497 2155 1633 2188 obstare.

1851 1576 2013 1602 Responsiones.

1156 2223 1190 2255 N.
1216 2224 1384 2257 cardinalis
1412 2226 1588 2260 [siunins
1615 2227 1809 2261 Fnaxclsct's

1216 2276 1394 2311 Pit-mas
1420 2289 1527 2312 sacrae
1554 2281 1809 2324 congregationis

1214 2331 1446 2364 secretatarius.

1154 2401 1237 2434 Loco
1261 2403 1287 2445 ἢ·
1304 2403 1408 2445 sigilli.

1110 2471 1124 2514 g
1149 2471 1178 2504 2.
1203 2472 1279 2505 Cum
1295 2479 1409 2513 autem,
1425 2475 1504 2507 sicut
1522 2475 1630 2508 eadem
1653 2477 1807 2521 expositio
1842 2483 2009 2505 Dictusarehie-

1822 2516 1921 2536 pise-:qius
1936 2511 2008 2531 huius-

1065 2525 1283 2568 subiungebat‚
1301 2527 1401 2560 dictus
1422 2528 1680 2573 archiepiscopus
1701 2531 1808 2564 decre·
1821 2537 1876 2557 modi
1899 2537 2006 2557 demtum

1821 2565 1948 2584 auctoritate
1958 2570 2007 2589 apo-

1065 2583 1130 2610 tum
1144 2578 1336 2620 huiusmodi,
1349 2590 1407 2624 pro
1423 2581 1505 2614 illius
1520 2582 1675 2616 validitate
1689 2587 1718 2618 et
1734 2584 1806 2617 sub·
1819 2590 1896 2644 {Uaga
1909 2590 2005 2611 roborari

1099 2641 1111 2668 1
1133 2626 1171 2668 Eii
1190 2640 1298 2677 Regest.
1319 2642 1346 2669 in
1366 2642 1466 2671 Secret.
1487 2643 1568 2672 Brev.
