2226 3235
103 228 153 255 Αιι.
170 227 200 255 c.
222 227 289 254 1628
910 227 1053 251 URBANUS
1078 226 1134 249 vm
1158 227 1205 250 pp,
1744 215 1786 247 35
1833 224 1881 250 Αιι.
1899 225 1926 251 c.
1947 224 2012 251 1628

1076 274 1187 317 pimus,
1200 279 1243 313 ut,
1253 273 1416 316 quibusvis
1430 273 1589 316 possimus
1603 272 1713 313 modis,
1724 273 1818 305 nullis

1077 327 1248 367 laboribus,
1278 326 1410 359 nullisve
1439 326 1616 370 sumptibus
1642 331 1817 369 parcentes,

1077 386 1148 424 apta
1179 380 1325 413 sanandis
1358 380 1439 413 illius
1469 380 1654 413 vulneribus
1679 379 1818 412 remedia

1077 433 1291 466 adhibeamus.

1122 487 1136 530 ἓ
1160 487 1189 519 2.
1216 488 1258 519 Ac
1282 487 1424 531 proinde⁷
1451 486 1696 526 considerantes,
1723 486 1820 518 selieis
1867 499 1889 518 Et
1907 501 2018 518 ,ns-utum

1079 540 1306 573 recordationis
1329 540 1516 583 Gregorium
1535 541 1616 584 Papa
1633 540 1710 579 Xlll,
1732 550 1820 583 prae<
1836 532 1884 575 {1332
1896 525 1964 571 ''iii-'255
1978 526 2019 571 ⁰3]

1836 582 1889 598 ctam
1911 584 1922 598 a
1943 579 2019 604 Grego-

1079 593 1275 626 decessorem
1293 599 1447 636 nostrum,
1465 594 1584 637 optimo
1602 593 1727 636 quidem
1749 604 1821 626 ‹Jon-
1837 612 1867 626 .-.0
1885 605 1937 626 xm.

586 274 756 308 CCCXVIII.

303 355 393 388 Nova
426 354 592 388 institutio
628 354 756 397 colleyii
791 355 965 388 thldensis
1001 354 1043 387 ad

347 408 509 441 scholares
528 407 738 441 Germanicae
763 409 907 441 nationis
932 408 1044 441 latinis

349 462 467 494 litteris
484 461 626 505 aliisque
650 461 839 495 liberalibus
858 461 1044 505 disciplinis

348 515 575 555 instruendos,
592 515 660 548 unci
683 508 755 548 cuin
779 525 939 558 conqruae
962 515 1045 547 dotis

349 570 580 612 assimzatione,
598 580 634 602 ac
646 570 844 612 oratiarum,
856 569 1045 613 privileqio-

133 875 252 896 Exordium.

112 1490 188 1507 «tatum
211 1487 295 1507 Germa«

111 1520 168 1534 ntae.

348 633 487 666 rumque
504 623 701 655 concessione
718 627 746 656 et
767 623 949 656 extensione
960 621 978 654 ¹.

515 703 651 730 Urbanus
666 703 835 738 episcopus,

492 755 598 775 servus
619 755 771 776 servorum
791 748 858 779 Dei,

427 792 463 819 ad
483 796 660 826 perpetuam
680 793 724 820 rei
743 792 924 819 memoriam.

351 863 502 902 Quoniam
537 863 659 896 divinae
689 863 819 896 bonitati
852 862 951 895 visum
984 867 1047 902 est,

307 915 516 948 humilitatem
527 922 666 949 nostram
681 916 960 949 turbulentissimis
970 916 1049 948 chri-

308 970 425 1002 stianae
457 970 647 1013 reipublicae
683 969 877 1013 temporibus
908 969 947 1002 ad
978 969 1048 1002 uni-

308 1023 436 1055 versalis
457 1023 613 1055 Ecclesiae
638 1023 780 1065 regimen
806 1033 927 1063 vocare,
953 1033 989 1055 ex
1012 1034 1048 1056 eo

309 1082 450 1119 tempore
469 1086 536 1116 nos,
551 1076 690 1109 eiusdem
708 1076 871 1109 adiuvante
885 1077 996 1120 gratia⁷
1014 1087 1049 1109 ea

308 1130 448 1171 cogitare
465 1140 527 1162 non
544 1130 732 1170 destitimus,
750 1141 840 1173 quae,
857 1130 938 1163 sieut
955 1130 1049 1163 officii

308 1183 406 1215 nostri
433 1183 512 1216 ratio
537 1184 682 1227 postulat,
707 1184 745 1215 ad
770 1183 908 1216 divinum
934 1183 1050 1227 ubique

309 1236 426 1268 cultum
441 1235 691 1279 propagandum,
707 1242 736 1269 et
750 1236 991 1269 ecclesiasticam
1007 1236 1050 1268 di-

309 1289 472 1332 sciplinam
491 1290 727 1324 restaurandam
745 1296 775 1322 et
787 1290 973 1333 aagendam,
988 1291 1052 1322 ani-

311 1353 498 1386 marumque
515 1343 647 1375 salutem
664 1343 894 1386 procurandam
914 1344 1051 1376 maxime

311 1395 516 1437 cognovimus
533 1396 699 1439 pertinere.

356 1450 370 1491 ξ
395 1449 423 1481 l.
450 1449 483 1482 ln
508 1450 618 1493 primis
643 1451 851 1491 vero,ani1uo
876 1452 1051 1484 recolentes

311 1502 537 1545 amplissimam
552 1503 736 1537 Germaniae
752 1505 960 1548 provinciam,
972 1515 1051 1548 quae

311 1556 530 1598 superioribus
554 1558 676 1598 seculis,
698 1558 779 1591 inter
796 1558 983 1591 fortissimae
1008 1559 1051 1602 ip—

310 1609 374 1641 sius
400 1610 533 1643 nationis
558 1611 665 1644 laudes
682 1616 774 1654 atque
800 1612 940 1651 virtutes,
966 1617 1051 1645 tanto

310 1661 450 1695 sincerae
488 1663 560 1696 fidei
597 1669 627 1696 et
665 1664 854 1697 christianae
889 1665 1051 1707 religionis

310 1715 395 1748 cultu
420 1716 559 1749 eminere
585 1717 726 1758 solebat,
752 1722 785 1751 ut
809 1718 938 1762 reliquis
963 1719 1048 1750 chria

310 1769 427 1802 stianae
452 1770 645 1814 reipublicae
669 1771 811 1814 partibus
842 1782 905 1804 non
937 1771 1051 1805 minori

311 1824 455 1867 exemplo
484 1835 578 1867 quam
611 1830 796 1858 ornamento
824 1830 916 1869 atque
945 1826 1051 1858 decori

311 1876 400 1917 soret,
421 1887 514 1917 nunc,
540 1881 584 1911 tot
608 1878 763 1921 tantisque
788 1879 819 1910 in
843 1882 879 1913 ea
905 1879 1050 1913 instinctu

310 1935 435 1964 satanae
450 1931 590 1964 excitatis
607 1931 645 1964 de
670 1932 821 1974 religione
846 1932 992 1972 dissidiis,
1011 1933 1051 1966 ita

310 1984 523 2017 miserandum
542 1985 573 2017 in
592 1985 719 2018 modum
742 1986 887 2018 afflictam
907 1992 936 2018 et
953 1986 1052 2019 defor-

310 2042 424 2069 matam
445 2048 532 2080 esse,
558 2043 592 2070 ut
616 2048 710 2070 nemo
743 2038 789 2070 vel
815 2038 965 2071 mediocri
991 2039 1053 2082 pie-

310 2095 370 2123 tate
391 2091 551 2134 praeditus
578 2091 643 2124 sine
669 2091 814 2136 lacrymis
835 2097 897 2124 tam
924 2103 1051 2135 gravem

310 2144 486 2177 animarum
512 2145 663 2178 iacturam
686 2145 847 2178 recordari
870 2145 985 2177 nedum
1010 2145 1053 2177 in-

311 2198 391 2230 tueri
416 2203 525 2241 queat,
547 2208 614 2231 eam
636 2199 805 2242 praecipue
823 2209 932 2231 curam
950 2209 1052 2232 susce-

348 2278 357 2304 1
377 2276 434 2304 Non
451 2276 590 2304 dissimilia
606 2277 719 2313 collegia
739 2286 786 2313 pro
807 2278 947 2305 huiusmet
965 2279 1052 2306 natio-

311 2322 352 2349 nis
375 2321 546 2349 scholaribus
569 2323 654 2350 erexit
678 2323 727 2350 iste
750 2323 869 2350 Pontifex
894 2323 920 2350 in
945 2323 1052 2350 civitate

310 2366 440 2402 Pragensi
461 2367 571 2394 Constit.
588 2374 684 2401 ccxxv,
706 2368 849 2400 Quoniam
864 2368 904 2403 (in
921 2367 947 2394 h.
964 2377 990 2394 n.
1007 2368 1050 2395 ed.

311 2419 414 2445 ccxms,
433 2415 498 2439 tom.
515 2419 569 2446 xm,
586 2421 647 2448 pag.
664 2414 736 2447 551).
758 2413 790 2439 Et
804 2413 830 2440 in
847 2413 953 2440 civitate
968 2413 1050 2440 Vien-

311 2457 399 2489 nensi,
417 2457 441 2482 iu
459 2457 656 2484 Const.ccxxv1
670 2459 806 2492 (cchvut,
821 2458 974 2491 Quoniam,
985 2458 1050 2486 ibid.

311 2509 373 2536 pag.
390 2501 451 2528 556.
469 2501 505 2527 Ac
521 2510 603 2528 unum
618 2505 696 2528 antea
716 2511 764 2537 pro
784 2502 1000 2530 adolescentibus
1021 2512 1052 2530 ex

311 2546 423 2582 Illyricis
442 2546 586 2581 provinciis
600 2546 627 2572 in
643 2545 750 2573 civitate
764 2546 914 2574 Lauretana
928 2547 1051 2575 institue-

311 2594 354 2618 rat
367 2590 394 2617 in
409 2590 621 2623 Const.ccxx1u‚
638 2591 703 2617 Zeto
715 2591 821 2619 Domus
833 2592 898 2626 Dei,
912 2591 951 2627 (in
966 2600 994 2619 n.
1006 2593 1050 2620 ed.

311 2640 417 2670 ccxuv,
434 2635 499 2663 ibid.
516 2643 579 2671 pag.
595 2635 669 2670 541).

1079 647 1149 679 silio
1174 647 1342 689 collegium
1360 648 1391 679 in
1415 647 1532 691 oppido
1557 647 1680 680 civitate
1696 658 1821 679 -nuncu-

1080 706 1152 744 pato
1166 701 1323 742 Fuldensi,
1337 701 1452 734 nullius
1465 701 1626 743 dioecesis⁷
1641 701 1820 744 provinciae

1081 754 1338 797 Mognntinensis‚
1351 754 1559 798 quadraginta
1575 755 1769 795 alendorum,
1787 765 1821 787 ac

1082 808 1184 841 latinis
1209 808 1342 848 litteris,
1368 808 1468 851 logica
1484 836 1491 849 ,
1516 809 1664 853 physica,
1691 809 1821 851 aliisque

1082 861 1263 894 liberalibus
1288 861 1483 905 disciplinis,
1508 873 1543 894 ac
1574 865 1662 895 saera
1693 862 1820 894 demum

1082 915 1257 958 theologia,
1282 925 1404 948 necnon
1429 915 1489 959 piis
1518 921 1547 948 et.
1572 915 1743 948 christiano
1768 925 1822 947 uo-

1083 969 1166 1001 mine
1183 969 1286 1012 dignis
1305 969 1446 1002 moribus
1467 968 1728 1001 instituendorum
1747 969 1823 1001 Ger-

1083 1022 1222 1055 manicae
1259 1022 1394 1055 nationis
1433 1032 1605 1065 puerorum
1644 1024 1758 1059 causa,
1792 1027 1823 1052 ut

1084 1075 1317 1108 haereticorum
1354 1075 1491 1108 maxime
1523 1075 1675 1108 nobilium
1708 1075 1777 1115 lilii,
1808 1086 1824 1106 a

1083 1129 1199 1172 quibus
1223 1129 1361 1173 pendent
1385 1128 1474 1172 pagi,
1500 1128 1614 1172 oppida
1639 1133 1668 1161 et
1692 1128 1825 1160 ditiones

1085 1183 1114 1215 in
1141 1183 1317 1223 Germania,
1334 1184 1405 1215 esca
1428 1182 1567 1215 liberalis
1588 1192 1713 1214 mensae
1732 1182 1824 1214 illeeti

1084 1237 1237 1270 catholice
1262 1237 1376 1269 ibidem
1406 1236 1625 1278 educarentur,
1648 1242 1678 1269 et
1702 1242 1825 1268 sanetae

1085 1289 1172 1322 Sedis
1197 1290 1395 1333 Apostolicae
1421 1300 1536 1322 nomen
1561 1295 1670 1322 contra
1695 1289 1826 1322 baereti—

1085 1354 1195 1376 corum
1212 1343 1426 1376 execrationes
1443 1343 1676 1376 anticliistiauas
1693 1344 1826 1375 amabile.

1086 1397 1175 1430 lieret
1200 1397 1292 1429 etiam
1319 1397 1395 1441 ipsis
1420 1396 1564 1429 hostibus
1594 1397 1666 1429 fidei
1697 1397 1826 1436 iuratis,

1085 1450 1171 1482 nulla
1192 1450 1382 1492 obligatione
1400 1450 1561 1492 requisita,
1581 1450 1736 1493 stipendia
1753 1461 1827 1483 vero

1085 1503 1185 1535 danda
1203 1503 1250 1543 iis,
1268 1503 1321 1546 qui
1338 1503 1457 1535 alumni
1476 1514 1542 1535 esse
1557 1514 1618 1536 uon
1639 1508 1775 1546 possent,
1790 1504 1827 1536 ad

1086 1556 1206 1589 tat-ilius
1237 1556 1353 1589 ibidem
1385 1556 1609 1589 absolvendum
1642 1558 1828 1589 humaniora

1086 1611 1205 1651 studia,
1231 1610 1411 1644 discendam
1443 1611 1536 1643 tidem
1570 1611 1773 1652 catholicam,
1799 1616 1829 1643 et

1087 1669 1118 1696 ut
1143 1674 1160 1696 a
1184 1664 1300 1697 scholis
1332 1664 1565 1696 haereticorum
1600 1675 1750 1707 germana
1781 1665 1827 1696 iu-

1088 1722 1195 1750 ventus
1211 1716 1456 1757 abstraheretur,
1471 1717 1502 1749 in
1516 1717 1630 1760 quibus
1648 1717 1827 1749 huiusmodi

1087 1771 1224 1804 subsidia
1241 1781 1276 1803 ex
1303 1770 1484 1804 monasticis
1509 1776 1539 1803 et
1564 1771 1719 1803 Ecclesiae
1737 1771 1828 1803 bonis

1087 1830 1233 1868 tanquam
1260 1825 1426 1858 illecebrae
1451 1825 1702 1858 adolescentibus
1727 1827 1828 1858 eoul'e-

1089 1883 1209 1919 ruutur,
1235 1879 1320 1911 nulla
1344 1879 1436 1911 etiam
1464 1878 1654 1921 obligatione
1675 1890 1692 1911 a
1717 1880 1829 1922 stipelr

1086 1932 1193 1965 diariis
1219 1932 1378 1976 requisita,
1405 1932 1506 1965 eidem
1533 1933 1665 1975 collegio
1690 1934 1775 1965 mille
1800 1939 1829 1965 et

1086 1986 1340 2028 octingentorum
1366 1983 1529 2018 scutorum
1547 1986 1614 2018 auri
1633 1986 1670 2018 de
1691 1988 1828 2025 camera,

1087 2040 1171 2072 mille
1196 2045 1225 2071 et
1250 2039 1456 2072 ducentorum
1484 2040 1628 2072 videlicet
1652 2050 1709 2083 pro
1733 2040 1830 2071 alum-

1087 2098 1170 2133 uatu,
1191 2098 1410 2126 sexcentorum
1436 2104 1510 2126 vero
1536 2099 1697 2126 seutormu
1723 2094 1829 2126 huius-

1088 2147 1171 2179 modi
1205 2149 1329 2179 summa
1366 2158 1423 2190 pro
1462 2147 1625 2190 stipendiis
1652 2148 1828 2190 assignata,

1087 2211 1180 2243 quam
1199 2200 1235 2232 de
1253 2201 1409 2243 praesenti
1435 2211 1560 2233 camera
1581 2206 1688 2234 nostra
1708 2207 1829 2244 aposto-

1088 2254 1145 2286 lica
1181 2254 1292 2295 solvit,
1321 2254 1396 2286 alias
1433 2255 1603 2298 apostolica
1644 2255 1828 2288 auctoritate

1087 2307 1221 2340 erexisse
1236 2312 1265 2340 et
1283 2307 1470 2348 instituisse3
1488 2314 1590 2341 tamen
1609 2308 1639 2341 id
1653 2309 1718 2341 eius
1740 2320 1828 2351 eoep-

1086 2366 1151 2393 tum
1173 2365 1265 2404 atque
1283 2366 1441 2402 conatum,
1460 2367 1524 2394 tum
1550 2367 1681 2405 propter
1706 2362 1826 2394 obitum

1087 2414 1200 2457 ipsius,
1225 2420 1291 2447 tum
1324 2415 1364 2447 ob
1398 2415 1498 2447 varias
1531 2426 1610 2458 quae.
1647 2420 1756 2458 postea
1781 2426 1828 2447 se-

1085 2472 1199 2510 quutae
1225 2472 1296 2500 sunt
1319 2472 1495 2511 temporum
1520 2473 1546 2500 et
1569 2478 1674 2500 rerum
1701 2467 1829 2500 difficul-

1087 2526 1164 2553 tates
1188 2531 1301 2564 parum
1324 2521 1527 2564 processisse,
1547 2521 1609 2554 imo
1626 2531 1684 2553 nec
1708 2521 1828 2554 litteras

1085 2573 1271 2617 apostolicas
1287 2584 1383 2616 super
1406 2573 1587 2607 huiusmodi
1613 2574 1772 2607 erectione
1797 2579 1827 2607 ot

1086 2628 1278 2662 institutione
1311 2627 1470 2671 expeditas
1511 2638 1578 2661 esse
1615 2628 1827 2662 verisimiliter
