2248 3229
469 189 534 226 480
1014 197 1194 225 Butuntum

439 248 639 282 limitationes
665 253 860 291 temporum,
885 252 915 279 et
938 247 1013 279 alias
1038 246 1179 280 substan-

441 303 543 342 tiales,
571 312 606 334 ac
630 301 752 333 diversa
777 306 807 333 et
829 301 920 343 plura
944 300 1073 333 alterata
1096 299 1178 333 inse-

442 355 550 395 rendo,
560 353 714 398 ponendo,
725 353 889 387 referendo
904 363 957 386 seu
972 352 1178 393 enunciando,

442 410 482 442 ita
498 408 645 450 fingendo
663 406 891 447 concessiones,
909 406 1100 450 quaefactae
1116 416 1178 439 non

440 462 578 499 suerunt,
594 460 641 493 vel
655 460 889 493 concessionem
903 470 970 492 esse
983 464 1178 503 perpetuam,

440 521 469 547 ct
489 514 580 547 unius
601 513 733 554 tenoris,
759 524 829 546 cum
854 512 968 546 fuerit¹
994 512 1032 545 ad
1057 517 1178 545 certum

441 568 533 600 ctiam
557 567 716 600 modicum
741 572 873 610 tempus,
903 577 957 599 seu
981 566 1074 599 etiam
1108 566 1179 598 alte-

440 620 505 653 rius
523 620 649 660 tenoris,
667 630 702 652 ac
722 620 812 653 aliter
829 619 936 652 multis
960 619 1062 652 modis
1082 629 1179 651 unum

440 684 499 717 pro
524 673 585 707 alio
610 683 768 713 asserere,
796 673 975 713 affirmare,
1002 673 1048 705 vel
1081 682 1179 704 enun-

440 727 523 759 ciare
560 726 716 759 voluerint
740 732 769 758 et
794 726 896 767 velint,
923 736 1056 768 suasque
1082 735 1179 757 asser-

440 780 540 813 tiones
557 785 587 813 et
612 779 727 822 scripta
760 779 915 811 ediderint
943 784 972 811 et
1009 779 1179 822 impresse-

440 834 511 874 rint,
529 833 684 876 edantque
703 838 732 865 et
746 833 943 876 imprimant,
958 832 1179 876 publicentque

440 888 471 921 in
496 886 725 931 praeiudicium
751 886 954 919 ecclesiarum
984 891 1013 918 et
1037 886 1178 919 locorum

442 941 577 984 piorum,
597 950 802 983 cameraeque
820 944 850 972 et
866 939 953 973 Sedis
967 939 1179 983 Apostolicae:

245 201 294 228 An.
307 198 335 228 C.
357 198 424 229 1635

486 994 501 1037 ἓ
525 993 553 1026 2.
579 993 778 1036 Quapropter
803 1002 869 1031 nos,
895 992 943 1024 liis
966 991 1129 1025 fraudibus
1153 995 1182 1025 et

277 1067 373 1087 ww(
390 1065 425 1085 nu·
443 1047 579 1088 malitiis,
603 1056 638 1079 ac
668 1047 760 1079 etiam
786 1046 947 1079 erroribus
970 1052 999 1078 et
1023 1045 1181 1089 praeiudi-

242 1093 426 1139 ’“’“”ἰξζ“1.υῇ,ζί.ῗξζ
443 1102 519 1144 ciis,
550 1110 629 1144 quae
658 1100 750 1133 etiam
784 1099 903 1132 defectu
933 1099 1180 1142 imprimentium

357 1151 426 1197 1¹15&ss
443 1154 602 1188 multoties
632 1158 820 1193 occurrunt,
848 1157 998 1196 quamum
1029 1152 1120 1185 nobis
1145 1162 1181 1185 ex

443 1210 505 1242 alto
533 1207 736 1248 conceditur,
769 1205 897 1239 obviare
922 1205 1070 1247 volentes,
1100 1205 1182 1249 ipsa-

244 1282 273 1299 „d
286 1285 305 1299 ,,,
321 1261 427 1304 ,,,,,θ,ι,,ῃζ
443 1270 578 1304 rumque
601 1258 818 1299 historiarum,
839 1261 1041 1298 tractatuum,
1071 1258 1183 1301 repeti-

243 1305 427 1353 ,Ϊιῗῖἶῖἱῗὲἷὴῖἶῗέἰῖῗῖ
445 1315 574 1353 tionum,
592 1312 824 1355 allegationum,
850 1311 1124 1355 compositionum,
1141 1311 1183 1344 in-

244 1363 702 1412 {¹1³2'}¹ss,?.¹,500„„{‡13terpretationum
729 1369 757 1399 et
781 1365 1000 1406 assertionum,
1026 1375 1061 1398 ac
1087 1365 1184 1398 inser-

245 1415 428 1459 {hlssssssssssss‘flfiffilssi
445 1421 563 1455 tionum
578 1426 607 1454 et
621 1419 887 1453 enunciatirarum
902 1429 1182 1462 quarumcumque,

245 1466 429 1521 sssssssi„,125'¹,'*'lfssssi
444 1475 640 1518 aliorumque
658 1474 880 1517 praefatorum,
895 1472 1121 1516 cuiuscumque
1135 1482 1185 1515 ge-

245 1521 429 1575 {zlnstssffisstntffl-{t
444 1528 530 1562 neris
547 1532 576 1562 et
592 1528 707 1572 speciei
732 1527 801 1569 sint,
819 1538 854 1560 ac
870 1537 964 1571 super
984 1527 1122 1570 qualibet
1139 1537 1183 1568 re,

245 1573 429 1629 {litt-lffiffl'e‘c'sjl
445 1588 474 1615 et
498 1593 535 1615 ex
559 1592 756 1625 quacumque
787 1580 952 1614 occasione
990 1580 1035 1613 vel
1068 1581 1183 1622 causa,

246 1628 320 1649 guni-v,
335 1630 371 1645 seu
396 1630 429 1643 ex>

246 1654 318 1671 tracus
338 1657 347 1671 a
372 1652 428 1671 (iata.
445 1642 475 1669 et
491 1647 508 1669 a
525 1636 775 1680 quibuscumque
800 1635 942 1679 personis
962 1635 1041 1667 sacta
1058 1635 1183 1675 suerint,

246 1679 567 1734 i·'32<›..f.51⁶3'523{t‘3etiarnsi
591 1689 717 1733 speciali
738 1689 896 1722 mentione
920 1693 950 1721 et
974 1687 1184 1731 expressione,

246 1732 307 1787 11:23¹?
324 1731 430 1777 ‘tilhffi'fssss
446 1744 544 1777 immo
568 1743 659 1777 etiam
685 1743 723 1776 de
748 1743 843 1776 verbo
868 1742 906 1775 ad
932 1742 1063 1775 verbum
1089 1741 1184 1774 inser-

230 1808 235 1813 ’·
247 1783 430 1830 Ῠξέ’51ιίῖἷ’ἑὶῗίῗζῖ
446 1797 529 1832 tione
561 1797 608 1829 vel
640 1796 791 1830 relatione
825 1796 1023 1838 indigerent,
1059 1800 1184 1829 tenores

446 1851 539 1884 etiam
558 1850 693 1884 maiores
718 1855 747 1883 et
772 1850 910 1883 veriores
936 1861 994 1893 pro
1012 1849 1137 1882 insertis
1155 1855 1185 1882 et

446 1904 599 1947 expressis
623 1904 793 1942 habentes,
819 1908 905 1935 motu
931 1903 1084 1946 proprio,
1116 1913 1183 1935 cer-

446 1959 538 2000 taque
563 1957 711 1996 scientia,
743 1966 778 1988 ac
811 1960 933 1987 matura
960 1955 1184 1988 deliberatione

444 2011 560 2044 nostris
577 2039 583 2052 ,
604 2010 704 2054 deque
729 2009 917 2053 apostolicae
942 2009 1102 2052 potestatis
1122 2009 1184 2052 ple-

445 2063 606 2104 nitudine,
639 2064 697 2096 hac
728 2064 835 2095 nostra
872 2066 1022 2106 perpetuo
1053 2061 1185 2095 valitura

445 2116 665 2151 constitutione
688 2115 883 2149 declaramus
912 2121 941 2148 et
965 2114 1162 2149 decernimus
1177 2143 1184 2156 ,

445 2181 554 2204 omnes
579 2175 609 2204 et
633 2170 772 2212 singulas
796 2170 949 2213 praefatas
974 2169 1183 2210 assertiones,

444 2224 626 2267 narrativas,
656 2223 852 2263 insertiones,
877 2223 1097 2267 expositiones,
1128 2223 1183 2256 de-

445 2278 631 2312 clarationes
656 2284 685 2311 et
709 2277 938 2318 enunciativas,
963 2288 999 2310 ac
1023 2287 1184 2321 quascum-

445 2343 504 2376 que
529 2331 746 2376 expressiones
771 2342 1042 2375 quarumcumque
1068 2330 1182 2373 gratia-

445 2397 526 2427 rum,
555 2386 812 2426 concessionum,
834 2385 1036 2427 indultorum,
1062 2384 1202 2428 privile-¹

445 2441 581 2483 giorum,
602 2450 638 2473 ac
662 2439 903 2483 dispositionum
928 2438 1183 2482 apostolicarum,

446 2499 476 2526 et
495 2504 769 2537 quorumcumque
793 2493 939 2533 aliorum,
956 2498 990 2525 ut
1014 2492 1184 2536 praemitti-

448 2552 506 2589 tur,
524 2557 560 2579 ac
583 2547 658 2579 alias
682 2546 919 2590 quomodolibet
943 2557 960 2578 a
984 2545 1130 2589 praefatis
1155 2549 1184 2578 et

484 2611 492 2634 1
513 2608 588 2644 Male,
601 2612 629 2636 ut
642 2612 716 2643 puto,
729 2608 771 2636 ed,
787 2608 866 2636 Main.
883 2608 947 2644 legit
960 2608 1072 2645 fuerint
1085 2609 1124 2643 (R.
1134 2611 1181 2642 T.).

1218 200 1372 225 ROMANUM

1213 246 1280 279 aliis
1304 246 1553 290 quibuscumque
1570 247 1779 291 scriptoribus
1796 251 1826 281 et
1845 251 1950 281 aucto-

1213 298 1318 341 ribus,
1351 298 1444 332 etiam
1477 299 1580 342 quoad
1604 299 1663 332 alia
1687 300 1821 344 receptis
1845 300 1951 333 forsan

1214 357 1243 386 et
1259 352 1456 397 approbatis,
1482 353 1576 385 etiam
1602 353 1747 396 antiquis,
1771 355 1951 398 antiquiori-

1213 407 1271 439 bus
1302 411 1332 439 et
1366 406 1611 450 antiquissimis,
1639 406 1735 439 factas
1765 408 1950 451 scriptisque

1214 463 1353 492 exaratas
1371 462 1400 493 et
1420 459 1500 503 typis
1513 459 1691 502 impressas,
1710 458 1828 491 nullam
1845 460 1950 500 fidem,

1213 523 1270 545 nec
1296 512 1446 545 indicium
1461 540 1468 553 ,
1497 517 1550 545 aut
1574 511 1770 555 probationis
1794 512 1950 555 speciem,

1214 576 1269 598 seu
1293 564 1518 598 adminiculum
1543 565 1674 606 fecisse,
1707 574 1763 598 nee
1796 564 1898 597 facere
1922 565 1952 597 in

1215 618 1339 659 iudicio,
1360 628 1416 652 nec
1441 622 1528 651 extra
1551 617 1712 658 iudicium,
1738 617 1769 650 in
1793 618 1952 659 damnum,

1214 671 1400 713 laesionem,
1427 681 1481 703 seu
1505 670 1734 714 praeiudicium
1759 670 1846 703 Sedis
1871 671 1952 714 Apo-

1215 725 1352 767 stolicae,
1371 724 1576 758 ecclesiarum
1601 730 1630 757 et
1654 725 1796 758 locorum
1814 723 1951 767 piorum,

1215 790 1313 822 eaque
1333 778 1551 819 obtinentium,
1569 778 1698 822 eiusque
1723 782 1752 810 et
1777 787 1887 810 eorum
1906 777 1952 810 iu-

1216 833 1296 864 rium
1322 841 1618 875 quorumcumque,
1647 841 1681 864 ac
1713 830 1899 873 dignitatum
1924 833 1953 864 et

1216 884 1481 924 iurisdictiomim,
1514 884 1606 917 etiam
1631 884 1662 917 in
1686 884 1823 916 favorem
1849 883 1953 916 cuius-

1216 948 1349 981 cumque
1374 937 1502 970 alterius
1527 937 1686 977 ecclesiae,
1703 936 1763 970 loci
1786 936 1839 980 pii,
1857 941 1887 969 et
1906 946 1953 969 ec-

1216 991 1406 1024 clesiasticae
1431 1002 1594 1035 personae,
1612 991 1670 1024 nisi
1688 991 1712 1023 si
1733 996 1763 1023 ct
1787 996 1953 1034 postquam

1217 1045 1391 1079 constiterit
1407 1045 1445 1077 de
1463 1044 1668 1088 originalibus
1692 1044 1866 1077 litterarum
1884 1054 1954 1088 apo·

1217 1099 1409 1139 stolicarum,
1428 1099 1521 1131 etiam
1542 1098 1572 1131 in
1590 1098 1691 1131 forma
1716 1098 1832 1139 Brevis,
1853 1097 1952 1131 chiro-

1216 1152 1422 1196 graphorum,
1439 1151 1713 1195 supplicationum,
1741 1151 1786 1184 vel
1812 1156 1954 1184 motuum

1217 1205 1430 1250 propriorum,
1445 1216 1510 1246 seu,
1524 1205 1556 1238 in
1569 1205 1722 1238 desectum
1741 1205 1952 1248 originalium,

1216 1259 1276 1291 nisi
1299 1258 1389 1302 prius
1413 1259 1498 1302 ipsae
1523 1258 1651 1301 gratiae,
1677 1258 1805 1299 indulta,
1831 1269 1953 1292 conces-

1217 1312 1341 1353 siones,
1376 1311 1542 1356 privilegia
1573 1317 1603 1344 et
1634 1322 1850 1356 quaecumque
1875 1313 1953 1346 aliae

1217 1364 1448 1409 dispositiones,
1466 1375 1555 1408 quae,
1578 1370 1608 1397 ut
1622 1365 1808 1408 praefertur,
1825 1377 1881 1409 per
1898 1376 1954 1400 nos

1218 1429 1253 1452 ac
1273 1419 1431 1452 Romanos
1456 1418 1621 1451 Pontifices
1647 1424 1829 1452 asseruntur
1846 1420 1953 1460 sactae,

1216 1471 1332 1505 suerint
1348 1471 1527 1514 recognitae
1545 1481 1599 1504 seu
1617 1476 1772 1505 extractae
1793 1482 1810 1504 a
1823 1472 1954 1514 datario,

1217 1526 1386 1559 secretario
1403 1525 1560 1566 Brevium,
1575 1530 1603 1558 et
1620 1525 1786 1569 praesectis
1803 1526 1955 1561 archivio-

1218 1590 1299 1620 rum,
1320 1590 1356 1612 ac
1384 1578 1543 1622 magistris
1575 1579 1793 1622 registrorum,
1825 1580 1954 1623 aliisque

1218 1634 1358 1667 eiusdem
1382 1633 1469 1666 Sedis
1493 1633 1688 1676 Apostolicae
1704 1633 1890 1666 officialibus
1911 1644 1955 1666 re—

1218 1687 1375 1731 spective,
1406 1692 1435 1719 et
1466 1696 1522 1729 per
1554 1685 1679 1719 eosdem
1711 1686 1858 1719 officiales
1883 1697 1955 1720 cum

1218 1750 1325 1774 earum
1351 1739 1556 1783 originalibus
1581 1740 1784 1782 auscultatae,
1810 1740 1954 1781 collatae,

1218 1799 1249 1827 et
1287 1793 1479 1827 concordare
1516 1793 1659 1825 inventae
1694 1802 1749 1825 seu
1785 1794 1956 1836 respective

1218 1846 1408 1890 recognitae,
1426 1846 1467 1878 ita
1495 1851 1529 1878 ut
1549 1846 1798 1890 quibuscumque
1816 1846 1951 1890 scripto-

1218 1912 1289 1933 rum
1320 1900 1516 1943 aliorumque
1542 1900 1755 1942 praefatorum
1780 1900 1955 1934 assertioni-

1219 1955 1286 1994 bus,
1297 1953 1471 1996 narratix'is,
1489 1953 1722 1994 insertionibus,
1740 1954 1954 1997 relationibus,

1219 2007 1422 2041 enunciativis
1447 2012 1477 2040 et
1500 2006 1754 2050 expressionibus
1783 2011 1954 2050 gestorum,

1219 2071 1441 2094 concessorum
1466 2064 1495 2094 et
1518 2059 1741 2103 dispositorum
1757 2087 1764 2100 ,
1794 2066 1826 2093 ut
1850 2060 1956 2094 dicunt

1219 2116 1265 2148 vel
1290 2125 1349 2159 pro
1375 2120 1517 2159 tempore
1533 2114 1645 2155 dicent,
1665 2125 1722 2157 per
1740 2124 1806 2155 nos,
1824 2125 1879 2147 seu
1900 2116 1956 2149 Ro-

1218 2179 1328 2202 manos
1352 2168 1517 2201 Pontifices
1549 2168 1808 2211 praedecessores
1833 2173 1862 2201 et
1888 2180 1955 2202 suc-

1219 2233 1359 2256 cessores
1372 2227 1506 2263 nostros,
1521 2222 1605 2255 nulla
1618 2222 1695 2255 tides
1709 2232 1858 2266 umquam
1872 2222 1956 2255 adhi-

1218 2276 1337 2317 beatur,
1354 2286 1410 2309 nec
1431 2275 1573 2309 adhiberi
1598 2275 1710 2320 possit,
1734 2275 1794 2308 nisi
1822 2277 1953 2310 constito

1219 2330 1305 2373 prius
1330 2329 1368 2362 de
1392 2334 1529 2370 narrato,
1550 2330 1658 2369 relato,
1683 2329 1812 2370 inserto,
1836 2335 1953 2363 asserto

1218 2388 1247 2417 et
1271 2383 1436 2416 enunciato
1453 2383 1642 2424 authentico,
1662 2382 1803 2416 videlicet
1823 2393 1879 2426 per
1895 2383 1955 2416 ori-

1218 2437 1320 2479 ginale
1345 2436 1568 2477 exhibendum,
1587 2437 1633 2469 vel
1658 2447 1713 2480 per
1735 2440 1904 2480 sumptum,
1922 2442 1954 2469 ut

1218 2493 1403 2535 praelertur,
1422 2491 1649 2524 extrahendum
1667 2496 1697 2524 et
1720 2490 1891 2534 respective
1908 2501 1953 2524 re-

1218 2544 1471 2588 cognoscendum
1482 2556 1490 2585 3

1261 2599 1276 2642 ἓ
1299 2598 1329 2631 3.
1347 2599 1394 2641 Et,
1414 2598 1517 2643 quoad
1537 2609 1572 2632 ea
1588 2599 1621 2633 in
1635 2598 1749 2643 quibus
1762 2597 1865 2640 agitur
1881 2608 1955 2642 quo-
1997 2603 2045 2626 vuit
2061 2604 2153 2631 insuper,

1966 199 2016 229 An.
2029 199 2057 228 C.
2082 199 2149 229 1635

2244 471 2248 518 l
