<?xml version="1.0" encoding="UTF-8"?>
<!DOCTYPE html PUBLIC "-//W3C//DTD XHTML 1.0 Transitional//EN"
    "http://www.w3.org/TR/xhtml1/DTD/xhtml1-transitional.dtd">
<html xmlns="http://www.w3.org/1999/xhtml" xml:lang="en" lang="en">
 <head>
  <title>
</title>
<meta http-equiv="Content-Type" content="text/html;charset=utf-8" />
  <meta name='ocr-system' content='tesseract 3.04.00' />
  <meta name='ocr-capabilities' content='ocr_page ocr_carea ocr_par ocr_line ocrx_word'/>
</head>
<body>
  <div class='ocr_page' id='page_1' title='image "./bullarumdiplomat14cath_0196.png"; bbox 0 0 2221 3224; ppageno 0'>
   <div class='ocr_carea' id='block_1_1' title="bbox 236 261 532 298">
    <p class='ocr_par' dir='ltr' id='par_1_1' title="bbox 236 261 532 298">
     <span class='ocr_line' id='line_1_1' title="bbox 236 261 532 298; baseline -0.014 -1"><span class='ocrx_word' id='word_1_1' title='bbox 236 272 283 298; x_wconf 72' lang='lat' dir='ltr'>An.</span> <span class='ocrx_word' id='word_1_2' title='bbox 301 271 330 298; x_wconf 90' lang='lat' dir='ltr'>c.</span> <span class='ocrx_word' id='word_1_3' title='bbox 354 270 422 298; x_wconf 81' lang='lat'>1630</span> <span class='ocrx_word' id='word_1_4' title='bbox 467 261 532 294; x_wconf 70' lang='lat'>144</span> 
     </span>
    </p>
   </div>
   <div class='ocr_carea' id='block_1_2' title="bbox 239 1774 423 1823">
    <p class='ocr_par' dir='ltr' id='par_1_2' title="bbox 239 1774 423 1823">
     <span class='ocr_line' id='line_1_2' title="bbox 267 1774 423 1795; baseline -0.013 0"><span class='ocrx_word' id='word_1_5' title='bbox 267 1774 365 1795; x_wconf 56' lang='lat' dir='ltr'>clausula</span> <span class='ocrx_word' id='word_1_6' title='bbox 378 1774 423 1794; x_wconf 66' lang='lat' dir='ltr'>sub·</span> 
     </span>
     <span class='ocr_line' id='line_1_3' title="bbox 239 1802 289 1823; baseline 0 -2"><span class='ocrx_word' id='word_1_7' title='bbox 239 1802 289 1823; x_wconf 60' lang='lat' dir='ltr'>tiata.</span> 
     </span>
    </p>
   </div>
   <div class='ocr_carea' id='block_1_3' title="bbox 241 2147 426 2195">
    <p class='ocr_par' dir='ltr' id='par_1_3' title="bbox 241 2147 426 2195">
     <span class='ocr_line' id='line_1_4' title="bbox 312 2147 426 2170; baseline 0 -3"><span class='ocrx_word' id='word_1_8' title='bbox 312 2147 426 2170; x_wconf 53' lang='lat' dir='ltr'>[tei-ocati&amp;</span> 
     </span>
     <span class='ocr_line' id='line_1_5' title="bbox 241 2174 403 2195; baseline -0.012 0"><span class='ocrx_word' id='word_1_9' title='bbox 241 2174 356 2195; x_wconf 79' lang='lat' dir='ltr'>contrario·</span> <span class='ocrx_word' id='word_1_10' title='bbox 363 2180 403 2194; x_wconf 76' lang='lat' dir='ltr'>niu.</span> 
     </span>
    </p>
   </div>
   <div class='ocr_carea' id='block_1_4' title="bbox 432 315 1183 2609">
    <p class='ocr_par' dir='ltr' id='par_1_4' title="bbox 432 315 1179 1750">
     <span class='ocr_line' id='line_1_6' title="bbox 432 315 1172 362; baseline -0.005 -11"><span class='ocrx_word' id='word_1_11' title='bbox 432 319 602 362; x_wconf 83' lang='lat' dir='ltr'>delegatos,</span> <span class='ocrx_word' id='word_1_12' title='bbox 621 318 651 350; x_wconf 92' lang='lat' dir='ltr'>in</span> <span class='ocrx_word' id='word_1_13' title='bbox 672 316 853 361; x_wconf 78' lang='lat' dir='ltr'>praemissis</span> <span class='ocrx_word' id='word_1_14' title='bbox 874 315 1021 348; x_wconf 89' lang='lat' dir='ltr'>omnibus</span> <span class='ocrx_word' id='word_1_15' title='bbox 1044 325 1172 359; x_wconf 88' lang='lat' dir='ltr'>proces-</span> 
     </span>
     <span class='ocr_line' id='line_1_7' title="bbox 433 369 1173 415; baseline -0.005 -10"><span class='ocrx_word' id='word_1_16' title='bbox 433 370 561 412; x_wconf 80' lang='lat' dir='ltr'>suros¹;</span> <span class='ocrx_word' id='word_1_17' title='bbox 589 380 739 415; x_wconf 74' lang='lat' dir='ltr'>personas</span> <span class='ocrx_word' id='word_1_18' title='bbox 764 379 848 409; x_wconf 79' lang='lat' dir='ltr'>vere,</span> <span class='ocrx_word' id='word_1_19' title='bbox 873 379 909 401; x_wconf 91' lang='lat' dir='ltr'>ac</span> <span class='ocrx_word' id='word_1_20' title='bbox 933 369 1173 402; x_wconf 74' lang='lat' dir='ltr'>communitates</span> 
     </span>
     <span class='ocr_line' id='line_1_8' title="bbox 432 422 1174 466; baseline -0.004 -8"><span class='ocrx_word' id='word_1_21' title='bbox 432 430 462 458; x_wconf 84' lang='lat' dir='ltr'>et</span> <span class='ocrx_word' id='word_1_22' title='bbox 495 424 734 463; x_wconf 73' lang='lat' dir='ltr'>universitates,</span> <span class='ocrx_word' id='word_1_23' title='bbox 767 422 798 454; x_wconf 89' lang='lat' dir='ltr'>in</span> <span class='ocrx_word' id='word_1_24' title='bbox 829 422 1032 466; x_wconf 76' lang='lat' dir='ltr'>praeinsertis</span> <span class='ocrx_word' id='word_1_25' title='bbox 1063 422 1174 456; x_wconf 90' lang='lat' dir='ltr'>litteris</span> 
     </span>
     <span class='ocr_line' id='line_1_9' title="bbox 433 476 1173 522; baseline -0.003 -11"><span class='ocrx_word' id='word_1_26' title='bbox 433 478 686 522; x_wconf 76' lang='lat' dir='ltr'>comprehensas7</span> <span class='ocrx_word' id='word_1_27' title='bbox 711 476 969 521; x_wconf 88' lang='lat' dir='ltr'>quibuscumque</span> <span class='ocrx_word' id='word_1_28' title='bbox 999 476 1173 521; x_wconf 80' lang='lat' dir='ltr'>privilegiis</span> 
     </span>
     <span class='ocr_line' id='line_1_10' title="bbox 433 529 1174 574; baseline -0.003 -10"><span class='ocrx_word' id='word_1_29' title='bbox 433 544 449 564; x_wconf 88' lang='lat' dir='ltr'>a</span> <span class='ocrx_word' id='word_1_30' title='bbox 469 532 547 565; x_wconf 85' lang='lat' dir='ltr'>Sede</span> <span class='ocrx_word' id='word_1_31' title='bbox 564 530 741 574; x_wconf 74' lang='lat' dir='ltr'>Apostolica</span> <span class='ocrx_word' id='word_1_32' title='bbox 767 530 901 562; x_wconf 89' lang='lat' dir='ltr'>obtentis</span> <span class='ocrx_word' id='word_1_33' title='bbox 925 530 972 562; x_wconf 88' lang='lat' dir='ltr'>vel</span> <span class='ocrx_word' id='word_1_34' title='bbox 997 529 1174 562; x_wconf 81' lang='lat' dir='ltr'>obtinendis</span> 
     </span>
     <span class='ocr_line' id='line_1_11' title="bbox 433 583 1173 626; baseline -0.004 -8"><span class='ocrx_word' id='word_1_35' title='bbox 433 584 617 618; x_wconf 84' lang='lat' dir='ltr'>nullomodo</span> <span class='ocrx_word' id='word_1_36' title='bbox 634 584 672 616; x_wconf 87' lang='lat' dir='ltr'>ad</span> <span class='ocrx_word' id='word_1_37' title='bbox 689 583 900 626; x_wconf 80' lang='lat' dir='ltr'>effugiendam</span> <span class='ocrx_word' id='word_1_38' title='bbox 917 583 1105 617; x_wconf 85' lang='lat' dir='ltr'>solutionem</span> <span class='ocrx_word' id='word_1_39' title='bbox 1124 594 1173 615; x_wconf 89' lang='lat' dir='ltr'>ra-</span> 
     </span>
     <span class='ocr_line' id='line_1_12' title="bbox 434 636 1175 682; baseline -0.004 -10"><span class='ocrx_word' id='word_1_40' title='bbox 434 644 481 672; x_wconf 86' lang='lat' dir='ltr'>tae</span> <span class='ocrx_word' id='word_1_41' title='bbox 498 638 706 682; x_wconf 80' lang='lat' dir='ltr'>pecuniarum</span> <span class='ocrx_word' id='word_1_42' title='bbox 724 637 792 670; x_wconf 88' lang='lat' dir='ltr'>illas</span> <span class='ocrx_word' id='word_1_43' title='bbox 809 637 930 670; x_wconf 87' lang='lat' dir='ltr'>ratione</span> <span class='ocrx_word' id='word_1_44' title='bbox 954 636 1091 670; x_wconf 85' lang='lat' dir='ltr'>donativi</span> <span class='ocrx_word' id='word_1_45' title='bbox 1116 637 1175 669; x_wconf 90' lang='lat' dir='ltr'>hu-</span> 
     </span>
     <span class='ocr_line' id='line_1_13' title="bbox 434 691 1173 734; baseline -0.003 -9"><span class='ocrx_word' id='word_1_46' title='bbox 434 691 567 725; x_wconf 87' lang='lat' dir='ltr'>iusmodi</span> <span class='ocrx_word' id='word_1_47' title='bbox 589 691 745 734; x_wconf 80' lang='lat' dir='ltr'>tangentis</span> <span class='ocrx_word' id='word_1_48' title='bbox 762 691 808 724; x_wconf 90' lang='lat' dir='ltr'>uti</span> <span class='ocrx_word' id='word_1_49' title='bbox 829 702 884 724; x_wconf 91' lang='lat' dir='ltr'>seu</span> <span class='ocrx_word' id='word_1_50' title='bbox 908 701 940 724; x_wconf 90' lang='lat' dir='ltr'>se</span> <span class='ocrx_word' id='word_1_51' title='bbox 965 691 1047 723; x_wconf 88' lang='lat' dir='ltr'>tueri</span> <span class='ocrx_word' id='word_1_52' title='bbox 1072 701 1173 734; x_wconf 83' lang='lat' dir='ltr'>posse,</span> 
     </span>
     <span class='ocr_line' id='line_1_14' title="bbox 434 744 1175 787; baseline -0.003 -9"><span class='ocrx_word' id='word_1_53' title='bbox 434 745 488 778; x_wconf 88' lang='lat' dir='ltr'>sed</span> <span class='ocrx_word' id='word_1_54' title='bbox 511 755 563 777; x_wconf 88' lang='lat' dir='ltr'>eas</span> <span class='ocrx_word' id='word_1_55' title='bbox 588 744 627 777; x_wconf 87' lang='lat' dir='ltr'>ad</span> <span class='ocrx_word' id='word_1_56' title='bbox 650 745 806 787; x_wconf 81' lang='lat' dir='ltr'>integram</span> <span class='ocrx_word' id='word_1_57' title='bbox 830 749 916 777; x_wconf 85' lang='lat' dir='ltr'>ratae</span> <span class='ocrx_word' id='word_1_58' title='bbox 941 754 1016 777; x_wconf 88' lang='lat' dir='ltr'>suae</span> <span class='ocrx_word' id='word_1_59' title='bbox 1043 744 1175 777; x_wconf 81' lang='lat' dir='ltr'>damno-</span> 
     </span>
     <span class='ocr_line' id='line_1_15' title="bbox 435 797 1174 842; baseline -0.001 -11"><span class='ocrx_word' id='word_1_60' title='bbox 435 809 568 842; x_wconf 82' lang='lat' dir='ltr'>rumque</span> <span class='ocrx_word' id='word_1_61' title='bbox 594 803 624 831; x_wconf 86' lang='lat' dir='ltr'>et</span> <span class='ocrx_word' id='word_1_62' title='bbox 648 798 799 830; x_wconf 83' lang='lat' dir='ltr'>interesse</span> <span class='ocrx_word' id='word_1_63' title='bbox 824 798 864 831; x_wconf 90' lang='lat' dir='ltr'>ob</span> <span class='ocrx_word' id='word_1_64' title='bbox 889 797 1069 830; x_wconf 88' lang='lat' dir='ltr'>dilationem</span> <span class='ocrx_word' id='word_1_65' title='bbox 1089 798 1174 830; x_wconf 88' lang='lat' dir='ltr'>solu-</span> 
     </span>
     <span class='ocr_line' id='line_1_16' title="bbox 436 851 1175 894; baseline -0.001 -10"><span class='ocrx_word' id='word_1_66' title='bbox 436 851 527 885; x_wconf 86' lang='lat' dir='ltr'>tionis</span> <span class='ocrx_word' id='word_1_67' title='bbox 559 851 802 885; x_wconf 78' lang='lat' dir='ltr'>satisfactionem</span> <span class='ocrx_word' id='word_1_68' title='bbox 835 856 865 884; x_wconf 87' lang='lat' dir='ltr'>et</span> <span class='ocrx_word' id='word_1_69' title='bbox 898 851 1087 884; x_wconf 88' lang='lat' dir='ltr'>solutionem</span> <span class='ocrx_word' id='word_1_70' title='bbox 1119 861 1175 894; x_wconf 90' lang='lat' dir='ltr'>per</span> 
     </span>
     <span class='ocr_line' id='line_1_17' title="bbox 435 903 1175 948; baseline -0.001 -10"><span class='ocrx_word' id='word_1_71' title='bbox 435 905 620 947; x_wconf 84' lang='lat' dir='ltr'>sententias,</span> <span class='ocrx_word' id='word_1_72' title='bbox 646 915 795 938; x_wconf 85' lang='lat' dir='ltr'>censuras</span> <span class='ocrx_word' id='word_1_73' title='bbox 828 909 857 937; x_wconf 85' lang='lat' dir='ltr'>et</span> <span class='ocrx_word' id='word_1_74' title='bbox 886 915 1002 948; x_wconf 89' lang='lat' dir='ltr'>poenas</span> <span class='ocrx_word' id='word_1_75' title='bbox 1029 903 1175 937; x_wconf 87' lang='lat' dir='ltr'>ecclesia-</span> 
     </span>
     <span class='ocr_line' id='line_1_18' title="bbox 435 958 1176 1003; baseline -0.003 -11"><span class='ocrx_word' id='word_1_76' title='bbox 435 960 536 1000; x_wconf 90' lang='lat' dir='ltr'>sticas,</span> <span class='ocrx_word' id='word_1_77' title='bbox 551 969 586 992; x_wconf 88' lang='lat' dir='ltr'>ac</span> <span class='ocrx_word' id='word_1_78' title='bbox 600 959 691 992; x_wconf 87' lang='lat' dir='ltr'>etiam</span> <span class='ocrx_word' id='word_1_79' title='bbox 709 958 917 1003; x_wconf 87' lang='lat' dir='ltr'>pecuniarias,</span> <span class='ocrx_word' id='word_1_80' title='bbox 935 958 1122 999; x_wconf 86' lang='lat' dir='ltr'>collectoris,</span> <span class='ocrx_word' id='word_1_81' title='bbox 1140 968 1176 991; x_wconf 89' lang='lat' dir='ltr'>ac</span> 
     </span>
     <span class='ocr_line' id='line_1_19' title="bbox 435 1013 1175 1058; baseline -0.003 -11"><span class='ocrx_word' id='word_1_82' title='bbox 435 1013 757 1058; x_wconf 84' lang='lat' dir='ltr'>archiepiscoporum,</span> <span class='ocrx_word' id='word_1_83' title='bbox 783 1013 1027 1057; x_wconf 88' lang='lat' dir='ltr'>episcoporum,</span> <span class='ocrx_word' id='word_1_84' title='bbox 1054 1022 1175 1045; x_wconf 88' lang='lat' dir='ltr'>necnon</span> 
     </span>
     <span class='ocr_line' id='line_1_20' title="bbox 436 1066 1177 1111; baseline -0.004 -11"><span class='ocrx_word' id='word_1_85' title='bbox 436 1068 562 1111; x_wconf 85' lang='lat' dir='ltr'>capituli</span> <span class='ocrx_word' id='word_1_86' title='bbox 577 1073 607 1100; x_wconf 90' lang='lat' dir='ltr'>et</span> <span class='ocrx_word' id='word_1_87' title='bbox 624 1067 848 1101; x_wconf 80' lang='lat' dir='ltr'>canonicorum</span> <span class='ocrx_word' id='word_1_88' title='bbox 867 1067 1079 1110; x_wconf 84' lang='lat' dir='ltr'>praefatorum</span> <span class='ocrx_word' id='word_1_89' title='bbox 1097 1066 1177 1098; x_wconf 88' lang='lat' dir='ltr'>arbi-</span> 
     </span>
     <span class='ocr_line' id='line_1_21' title="bbox 435 1119 1175 1164; baseline -0.004 -10"><span class='ocrx_word' id='word_1_90' title='bbox 435 1121 496 1155; x_wconf 89' lang='lat' dir='ltr'>trio</span> <span class='ocrx_word' id='word_1_91' title='bbox 520 1121 693 1164; x_wconf 77' lang='lat' dir='ltr'>respective</span> <span class='ocrx_word' id='word_1_92' title='bbox 718 1120 932 1164; x_wconf 85' lang='lat' dir='ltr'>imponendas,</span> <span class='ocrx_word' id='word_1_93' title='bbox 958 1119 1175 1160; x_wconf 84' lang='lat' dir='ltr'>moderandas,</span> 
     </span>
     <span class='ocr_line' id='line_1_22' title="bbox 436 1172 1177 1218; baseline -0.004 -10"><span class='ocrx_word' id='word_1_94' title='bbox 436 1180 466 1208; x_wconf 86' lang='lat' dir='ltr'>et</span> <span class='ocrx_word' id='word_1_95' title='bbox 490 1173 700 1218; x_wconf 77' lang='lat' dir='ltr'>applicandas,</span> <span class='ocrx_word' id='word_1_96' title='bbox 719 1174 788 1216; x_wconf 77' lang='lat' dir='ltr'>cogi</span> <span class='ocrx_word' id='word_1_97' title='bbox 813 1178 843 1206; x_wconf 92' lang='lat' dir='ltr'>et</span> <span class='ocrx_word' id='word_1_98' title='bbox 868 1172 1014 1216; x_wconf 86' lang='lat' dir='ltr'>compelli</span> <span class='ocrx_word' id='word_1_99' title='bbox 1038 1183 1130 1216; x_wconf 88' lang='lat' dir='ltr'>posse</span> <span class='ocrx_word' id='word_1_100' title='bbox 1147 1177 1177 1205; x_wconf 89' lang='lat' dir='ltr'>et</span> 
     </span>
     <span class='ocr_line' id='line_1_23' title="bbox 436 1225 1175 1268; baseline -0.004 -8"><span class='ocrx_word' id='word_1_101' title='bbox 436 1228 566 1267; x_wconf 71' lang='lat' dir='ltr'>debere3</span> <span class='ocrx_word' id='word_1_102' title='bbox 585 1232 781 1260; x_wconf 82' lang='lat' dir='ltr'>contractum</span> <span class='ocrx_word' id='word_1_103' title='bbox 799 1236 874 1258; x_wconf 81' lang='lat' dir='ltr'>vero</span> <span class='ocrx_word' id='word_1_104' title='bbox 892 1230 1047 1268; x_wconf 86' lang='lat' dir='ltr'>quatenus</span> <span class='ocrx_word' id='word_1_105' title='bbox 1064 1225 1175 1265; x_wconf 84' lang='lat' dir='ltr'>adhuc,</span> 
     </span>
     <span class='ocr_line' id='line_1_24' title="bbox 437 1275 1176 1321; baseline -0.004 -10"><span class='ocrx_word' id='word_1_106' title='bbox 437 1278 484 1311; x_wconf 80' lang='lat' dir='ltr'>vel</span> <span class='ocrx_word' id='word_1_107' title='bbox 508 1283 690 1321; x_wconf 78' lang='lat' dir='ltr'>postquam,</span> <span class='ocrx_word' id='word_1_108' title='bbox 716 1282 749 1309; x_wconf 89' lang='lat' dir='ltr'>ut</span> <span class='ocrx_word' id='word_1_109' title='bbox 772 1276 966 1320; x_wconf 75' lang='lat' dir='ltr'>praefertur,</span> <span class='ocrx_word' id='word_1_110' title='bbox 987 1286 1004 1307; x_wconf 87' lang='lat' dir='ltr'>a</span> <span class='ocrx_word' id='word_1_111' title='bbox 1035 1275 1176 1319; x_wconf 84' lang='lat' dir='ltr'>partibus</span> 
     </span>
     <span class='ocr_line' id='line_1_25' title="bbox 436 1329 1177 1374; baseline -0.004 -10"><span class='ocrx_word' id='word_1_112' title='bbox 436 1332 607 1365; x_wconf 86' lang='lat' dir='ltr'>ratificatus</span> <span class='ocrx_word' id='word_1_113' title='bbox 628 1330 731 1372; x_wconf 85' lang='lat' dir='ltr'>suerit,</span> <span class='ocrx_word' id='word_1_114' title='bbox 750 1341 794 1372; x_wconf 85' lang='lat' dir='ltr'>ac,</span> <span class='ocrx_word' id='word_1_115' title='bbox 814 1335 909 1374; x_wconf 90' lang='lat' dir='ltr'>prout</span> <span class='ocrx_word' id='word_1_116' title='bbox 934 1329 1022 1362; x_wconf 90' lang='lat' dir='ltr'>illum</span> <span class='ocrx_word' id='word_1_117' title='bbox 1048 1339 1177 1362; x_wconf 89' lang='lat' dir='ltr'>concer-</span> 
     </span>
     <span class='ocr_line' id='line_1_26' title="bbox 436 1382 1177 1427; baseline -0.004 -9"><span class='ocrx_word' id='word_1_118' title='bbox 436 1390 522 1425; x_wconf 85' lang='lat' dir='ltr'>nunt,</span> <span class='ocrx_word' id='word_1_119' title='bbox 533 1385 638 1418; x_wconf 84' lang='lat' dir='ltr'>omnia</span> <span class='ocrx_word' id='word_1_120' title='bbox 650 1389 680 1417; x_wconf 90' lang='lat' dir='ltr'>ct</span> <span class='ocrx_word' id='word_1_121' title='bbox 692 1384 815 1427; x_wconf 77' lang='lat' dir='ltr'>singula</span> <span class='ocrx_word' id='word_1_122' title='bbox 830 1383 859 1415; x_wconf 90' lang='lat' dir='ltr'>in</span> <span class='ocrx_word' id='word_1_123' title='bbox 872 1383 955 1416; x_wconf 86' lang='lat' dir='ltr'>dicto</span> <span class='ocrx_word' id='word_1_124' title='bbox 969 1382 1177 1416; x_wconf 87' lang='lat' dir='ltr'>instrumento</span> 
     </span>
     <span class='ocr_line' id='line_1_27' title="bbox 438 1436 1177 1482; baseline -0.005 -10"><span class='ocrx_word' id='word_1_125' title='bbox 438 1443 592 1479; x_wconf 79' lang='lat' dir='ltr'>contenta,</span> <span class='ocrx_word' id='word_1_126' title='bbox 620 1443 652 1471; x_wconf 91' lang='lat' dir='ltr'>ut</span> <span class='ocrx_word' id='word_1_127' title='bbox 680 1438 866 1482; x_wconf 81' lang='lat' dir='ltr'>praefertur,</span> <span class='ocrx_word' id='word_1_128' title='bbox 894 1436 1003 1479; x_wconf 86' lang='lat' dir='ltr'>valida,</span> <span class='ocrx_word' id='word_1_129' title='bbox 1033 1436 1124 1469; x_wconf 87' lang='lat' dir='ltr'>firma</span> <span class='ocrx_word' id='word_1_130' title='bbox 1149 1441 1177 1469; x_wconf 87' lang='lat' dir='ltr'>et</span> 
     </span>
     <span class='ocr_line' id='line_1_28' title="bbox 437 1489 1178 1534; baseline -0.005 -9"><span class='ocrx_word' id='word_1_131' title='bbox 437 1492 574 1525; x_wconf 82' lang='lat' dir='ltr'>efficacia</span> <span class='ocrx_word' id='word_1_132' title='bbox 599 1492 674 1531; x_wconf 82' lang='lat' dir='ltr'>sore,</span> <span class='ocrx_word' id='word_1_133' title='bbox 693 1501 750 1524; x_wconf 85' lang='lat' dir='ltr'>nec</span> <span class='ocrx_word' id='word_1_134' title='bbox 769 1494 875 1534; x_wconf 89' lang='lat' dir='ltr'>partes</span> <span class='ocrx_word' id='word_1_135' title='bbox 899 1489 982 1533; x_wconf 87' lang='lat' dir='ltr'>ipsas</span> <span class='ocrx_word' id='word_1_136' title='bbox 1006 1489 1044 1522; x_wconf 85' lang='lat' dir='ltr'>ab</span> <span class='ocrx_word' id='word_1_137' title='bbox 1069 1490 1112 1522; x_wconf 91' lang='lat' dir='ltr'>eis</span> <span class='ocrx_word' id='word_1_138' title='bbox 1137 1489 1178 1521; x_wconf 90' lang='lat' dir='ltr'>ul-</span> 
     </span>
     <span class='ocr_line' id='line_1_29' title="bbox 437 1543 1177 1588; baseline -0.005 -9"><span class='ocrx_word' id='word_1_139' title='bbox 437 1547 559 1579; x_wconf 88' lang='lat' dir='ltr'>latenus</span> <span class='ocrx_word' id='word_1_140' title='bbox 584 1544 705 1578; x_wconf 89' lang='lat' dir='ltr'>resilire</span> <span class='ocrx_word' id='word_1_141' title='bbox 725 1554 827 1588; x_wconf 81' lang='lat' dir='ltr'>posse,</span> <span class='ocrx_word' id='word_1_142' title='bbox 844 1543 898 1576; x_wconf 86' lang='lat' dir='ltr'>sed</span> <span class='ocrx_word' id='word_1_143' title='bbox 919 1554 970 1576; x_wconf 88' lang='lat' dir='ltr'>eas</span> <span class='ocrx_word' id='word_1_144' title='bbox 989 1543 1027 1575; x_wconf 91' lang='lat' dir='ltr'>ad</span> <span class='ocrx_word' id='word_1_145' title='bbox 1051 1543 1177 1576; x_wconf 90' lang='lat' dir='ltr'>illorum</span> 
     </span>
     <span class='ocr_line' id='line_1_30' title="bbox 439 1596 1177 1640; baseline -0.005 -8"><span class='ocrx_word' id='word_1_146' title='bbox 439 1599 580 1633; x_wconf 87' lang='lat' dir='ltr'>omnium</span> <span class='ocrx_word' id='word_1_147' title='bbox 600 1597 855 1631; x_wconf 83' lang='lat' dir='ltr'>observationem</span> <span class='ocrx_word' id='word_1_148' title='bbox 879 1601 909 1629; x_wconf 85' lang='lat' dir='ltr'>et</span> <span class='ocrx_word' id='word_1_149' title='bbox 933 1596 1177 1640; x_wconf 83' lang='lat' dir='ltr'>praestationem</span> 
     </span>
     <span class='ocr_line' id='line_1_31' title="bbox 438 1651 1179 1694; baseline -0.005 -8"><span class='ocrx_word' id='word_1_150' title='bbox 438 1653 538 1686; x_wconf 90' lang='lat' dir='ltr'>teneri</span> <span class='ocrx_word' id='word_1_151' title='bbox 563 1658 593 1686; x_wconf 88' lang='lat' dir='ltr'>et</span> <span class='ocrx_word' id='word_1_152' title='bbox 609 1651 778 1684; x_wconf 81' lang='lat' dir='ltr'>efficaciter</span> <span class='ocrx_word' id='word_1_153' title='bbox 796 1651 951 1694; x_wconf 81' lang='lat' dir='ltr'>obligatos</span> <span class='ocrx_word' id='word_1_154' title='bbox 975 1651 1052 1692; x_wconf 86' lang='lat' dir='ltr'>sore,</span> <span class='ocrx_word' id='word_1_155' title='bbox 1070 1660 1179 1683; x_wconf 80' lang='lat' dir='ltr'>censu-</span> 
     </span>
     <span class='ocr_line' id='line_1_32' title="bbox 438 1703 1072 1750; baseline -0.006 -11"><span class='ocrx_word' id='word_1_156' title='bbox 438 1707 544 1750; x_wconf 87' lang='lat' dir='ltr'>risque</span> <span class='ocrx_word' id='word_1_157' title='bbox 565 1711 594 1738; x_wconf 88' lang='lat' dir='ltr'>et</span> <span class='ocrx_word' id='word_1_158' title='bbox 610 1705 718 1749; x_wconf 89' lang='lat' dir='ltr'>poenis</span> <span class='ocrx_word' id='word_1_159' title='bbox 736 1704 890 1737; x_wconf 86' lang='lat' dir='ltr'>similibus</span> <span class='ocrx_word' id='word_1_160' title='bbox 908 1703 1072 1747; x_wconf 71' lang='lat' dir='ltr'>compelli,</span> 
     </span>
    </p>

    <p class='ocr_par' dir='ltr' id='par_1_5' title="bbox 439 1758 1181 2124">
     <span class='ocr_line' id='line_1_33' title="bbox 483 1758 1181 1803; baseline -0.004 -11"><span class='ocrx_word' id='word_1_161' title='bbox 483 1761 498 1803; x_wconf 65' lang='lat' dir='ltr'>g</span> <span class='ocrx_word' id='word_1_162' title='bbox 516 1760 544 1792; x_wconf 84' lang='lat'>7.</span> <span class='ocrx_word' id='word_1_163' title='bbox 559 1759 683 1802; x_wconf 81' lang='lat' dir='ltr'>Sicque,</span> <span class='ocrx_word' id='word_1_164' title='bbox 698 1763 727 1792; x_wconf 93' lang='lat' dir='ltr'>et</span> <span class='ocrx_word' id='word_1_165' title='bbox 743 1768 806 1790; x_wconf 89' lang='lat' dir='ltr'>non</span> <span class='ocrx_word' id='word_1_166' title='bbox 822 1758 921 1799; x_wconf 87' lang='lat' dir='ltr'>aliter,</span> <span class='ocrx_word' id='word_1_167' title='bbox 941 1768 997 1801; x_wconf 86' lang='lat' dir='ltr'>per</span> <span class='ocrx_word' id='word_1_168' title='bbox 1014 1767 1181 1801; x_wconf 86' lang='lat' dir='ltr'>quoscum-</span> 
     </span>
     <span class='ocr_line' id='line_1_34' title="bbox 439 1811 1179 1857; baseline -0.007 -10"><span class='ocrx_word' id='word_1_169' title='bbox 439 1824 499 1857; x_wconf 89' lang='lat' dir='ltr'>que</span> <span class='ocrx_word' id='word_1_170' title='bbox 517 1813 635 1846; x_wconf 87' lang='lat' dir='ltr'>iudices</span> <span class='ocrx_word' id='word_1_171' title='bbox 653 1812 831 1845; x_wconf 84' lang='lat' dir='ltr'>ordinarios</span> <span class='ocrx_word' id='word_1_172' title='bbox 849 1817 878 1844; x_wconf 93' lang='lat' dir='ltr'>et</span> <span class='ocrx_word' id='word_1_173' title='bbox 898 1811 1067 1854; x_wconf 78' lang='lat' dir='ltr'>delegatos,</span> <span class='ocrx_word' id='word_1_174' title='bbox 1086 1811 1179 1843; x_wconf 87' lang='lat' dir='ltr'>ctiam</span> 
     </span>
     <span class='ocr_line' id='line_1_35' title="bbox 440 1865 1181 1910; baseline -0.005 -10"><span class='ocrx_word' id='word_1_175' title='bbox 440 1878 606 1901; x_wconf 83' lang='lat' dir='ltr'>causarum</span> <span class='ocrx_word' id='word_1_176' title='bbox 624 1866 729 1910; x_wconf 84' lang='lat' dir='ltr'>palatii</span> <span class='ocrx_word' id='word_1_177' title='bbox 750 1865 913 1909; x_wconf 79' lang='lat' dir='ltr'>apostolici</span> <span class='ocrx_word' id='word_1_178' title='bbox 929 1865 1099 1905; x_wconf 76' lang='lat' dir='ltr'>auditores,</span> <span class='ocrx_word' id='word_1_179' title='bbox 1117 1865 1181 1897; x_wconf 88' lang='lat' dir='ltr'>ubi-</span> 
     </span>
     <span class='ocr_line' id='line_1_36' title="bbox 440 1918 1179 1965; baseline -0.005 -11"><span class='ocrx_word' id='word_1_180' title='bbox 440 1932 501 1965; x_wconf 89' lang='lat' dir='ltr'>que</span> <span class='ocrx_word' id='word_1_181' title='bbox 518 1920 650 1953; x_wconf 87' lang='lat' dir='ltr'>iudicari</span> <span class='ocrx_word' id='word_1_182' title='bbox 666 1930 701 1952; x_wconf 88' lang='lat' dir='ltr'>ac</span> <span class='ocrx_word' id='word_1_183' title='bbox 716 1919 839 1952; x_wconf 82' lang='lat' dir='ltr'>deliniri</span> <span class='ocrx_word' id='word_1_184' title='bbox 856 1919 981 1959; x_wconf 84' lang='lat' dir='ltr'>debere,</span> <span class='ocrx_word' id='word_1_185' title='bbox 999 1929 1033 1951; x_wconf 93' lang='lat' dir='ltr'>ac</span> <span class='ocrx_word' id='word_1_186' title='bbox 1052 1918 1179 1951; x_wconf 88' lang='lat' dir='ltr'>irritum</span> 
     </span>
     <span class='ocr_line' id='line_1_37' title="bbox 441 1973 1178 2016; baseline -0.005 -8"><span class='ocrx_word' id='word_1_187' title='bbox 441 1981 470 2008; x_wconf 87' lang='lat' dir='ltr'>et</span> <span class='ocrx_word' id='word_1_188' title='bbox 490 1975 590 2016; x_wconf 85' lang='lat' dir='ltr'>inane,</span> <span class='ocrx_word' id='word_1_189' title='bbox 611 1975 635 2006; x_wconf 91' lang='lat' dir='ltr'>si</span> <span class='ocrx_word' id='word_1_190' title='bbox 661 1984 749 2006; x_wconf 82' lang='lat' dir='ltr'>secus</span> <span class='ocrx_word' id='word_1_191' title='bbox 775 1984 869 2016; x_wconf 83' lang='lat' dir='ltr'>super</span> <span class='ocrx_word' id='word_1_192' title='bbox 895 1973 943 2005; x_wconf 83' lang='lat' dir='ltr'>liis</span> <span class='ocrx_word' id='word_1_193' title='bbox 967 1983 984 2005; x_wconf 91' lang='lat' dir='ltr'>a</span> <span class='ocrx_word' id='word_1_194' title='bbox 1008 1983 1178 2016; x_wconf 83' lang='lat' dir='ltr'>quoquam⁷</span> 
     </span>
     <span class='ocr_line' id='line_1_38' title="bbox 441 2025 1179 2072; baseline -0.005 -11"><span class='ocrx_word' id='word_1_195' title='bbox 441 2029 549 2072; x_wconf 82' lang='lat' dir='ltr'>quavis</span> <span class='ocrx_word' id='word_1_196' title='bbox 562 2027 758 2067; x_wconf 85' lang='lat' dir='ltr'>auctoritate,</span> <span class='ocrx_word' id='word_1_197' title='bbox 777 2027 912 2059; x_wconf 79' lang='lat' dir='ltr'>scienter</span> <span class='ocrx_word' id='word_1_198' title='bbox 925 2026 972 2058; x_wconf 76' lang='lat' dir='ltr'>vel</span> <span class='ocrx_word' id='word_1_199' title='bbox 987 2025 1179 2068; x_wconf 75' lang='lat' dir='ltr'>ignoranter,</span> 
     </span>
     <span class='ocr_line' id='line_1_39' title="bbox 442 2080 782 2124; baseline -0.009 -9"><span class='ocrx_word' id='word_1_200' title='bbox 442 2081 609 2124; x_wconf 78' lang='lat' dir='ltr'>contigerit</span> <span class='ocrx_word' id='word_1_201' title='bbox 627 2080 782 2113; x_wconf 87' lang='lat' dir='ltr'>attentari.</span> 
     </span>
    </p>

    <p class='ocr_par' dir='ltr' id='par_1_6' title="bbox 442 2133 1183 2609">
     <span class='ocr_line' id='line_1_40' title="bbox 487 2133 1176 2179; baseline -0.004 -11"><span class='ocrx_word' id='word_1_202' title='bbox 487 2137 501 2179; x_wconf 61' lang='grc' dir='ltr'><strong>ξ</strong></span> <span class='ocrx_word' id='word_1_203' title='bbox 526 2135 554 2168; x_wconf 74' lang='lat'>8.</span> <span class='ocrx_word' id='word_1_204' title='bbox 580 2136 647 2169; x_wconf 78' lang='lat' dir='ltr'>Non</span> <span class='ocrx_word' id='word_1_205' title='bbox 673 2134 869 2167; x_wconf 77' lang='lat' dir='ltr'>obstantibus</span> <span class='ocrx_word' id='word_1_206' title='bbox 899 2133 1101 2177; x_wconf 77' lang='lat' dir='ltr'>praeinsertis</span> <span class='ocrx_word' id='word_1_207' title='bbox 1131 2133 1176 2165; x_wconf 83' lang='lat' dir='ltr'>lit-</span> 
     </span>
     <span class='ocr_line' id='line_1_41' title="bbox 443 2187 1180 2229; baseline -0.004 -7"><span class='ocrx_word' id='word_1_208' title='bbox 443 2189 516 2222; x_wconf 89' lang='lat' dir='ltr'>teris</span> <span class='ocrx_word' id='word_1_209' title='bbox 537 2189 728 2229; x_wconf 85' lang='lat' dir='ltr'>huiusmodi,</span> <span class='ocrx_word' id='word_1_210' title='bbox 749 2199 784 2221; x_wconf 88' lang='lat' dir='ltr'>ac</span> <span class='ocrx_word' id='word_1_211' title='bbox 808 2188 906 2221; x_wconf 83' lang='lat' dir='ltr'>felicis</span> <span class='ocrx_word' id='word_1_212' title='bbox 924 2188 1015 2221; x_wconf 84' lang='lat' dir='ltr'>etiam</span> <span class='ocrx_word' id='word_1_213' title='bbox 1034 2187 1180 2220; x_wconf 81' lang='lat' dir='ltr'>recorda-</span> 
     </span>
     <span class='ocr_line' id='line_1_42' title="bbox 444 2241 1182 2285; baseline -0.004 -9"><span class='ocrx_word' id='word_1_214' title='bbox 444 2243 535 2276; x_wconf 88' lang='lat' dir='ltr'>tionis</span> <span class='ocrx_word' id='word_1_215' title='bbox 552 2242 701 2276; x_wconf 81' lang='lat' dir='ltr'>Bonisacii</span> <span class='ocrx_word' id='word_1_216' title='bbox 724 2243 825 2285; x_wconf 81' lang='lat' dir='ltr'>Papae</span> <span class='ocrx_word' id='word_1_217' title='bbox 847 2242 909 2273; x_wconf 67' lang='lat' dir='ltr'>t&#39;lll</span> <span class='ocrx_word' id='word_1_218' title='bbox 935 2241 1079 2273; x_wconf 86' lang='lat' dir='ltr'>similiter</span> <span class='ocrx_word' id='word_1_219' title='bbox 1095 2251 1182 2284; x_wconf 84' lang='lat' dir='ltr'>prac-</span> 
     </span>
     <span class='ocr_line' id='line_1_43' title="bbox 442 2293 1181 2335; baseline -0.004 -6"><span class='ocrx_word' id='word_1_220' title='bbox 442 2296 615 2330; x_wconf 80' lang='lat' dir='ltr'>decessoris</span> <span class='ocrx_word' id='word_1_221' title='bbox 644 2296 744 2329; x_wconf 88' lang='lat' dir='ltr'>nostri</span> <span class='ocrx_word' id='word_1_222' title='bbox 768 2295 806 2327; x_wconf 81' lang='lat' dir='ltr'>dc</span> <span class='ocrx_word' id='word_1_223' title='bbox 832 2295 914 2335; x_wconf 72' lang='lat' dir='ltr'>una,</span> <span class='ocrx_word' id='word_1_224' title='bbox 940 2299 969 2327; x_wconf 83' lang='lat' dir='ltr'>et</span> <span class='ocrx_word' id='word_1_225' title='bbox 993 2295 1024 2326; x_wconf 88' lang='lat' dir='ltr'>in</span> <span class='ocrx_word' id='word_1_226' title='bbox 1049 2293 1181 2327; x_wconf 84' lang='lat' dir='ltr'>concilio</span> 
     </span>
     <span class='ocr_line' id='line_1_44' title="bbox 443 2345 1182 2393; baseline -0.004 -11"><span class='ocrx_word' id='word_1_227' title='bbox 443 2349 581 2393; x_wconf 80' lang='lat' dir='ltr'>generali</span> <span class='ocrx_word' id='word_1_228' title='bbox 604 2349 687 2381; x_wconf 74' lang='lat' dir='ltr'>edita</span> <span class='ocrx_word' id='word_1_229' title='bbox 704 2348 742 2381; x_wconf 91' lang='lat' dir='ltr'>de</span> <span class='ocrx_word' id='word_1_230' title='bbox 759 2348 879 2381; x_wconf 87' lang='lat' dir='ltr'>duabus</span> <span class='ocrx_word' id='word_1_231' title='bbox 904 2347 1003 2387; x_wconf 88' lang='lat' dir='ltr'>dietis,</span> <span class='ocrx_word' id='word_1_232' title='bbox 1027 2357 1063 2380; x_wconf 88' lang='lat' dir='ltr'>ac</span> <span class='ocrx_word' id='word_1_233' title='bbox 1087 2345 1182 2379; x_wconf 69' lang='lat' dir='ltr'>alias²</span> 
     </span>
     <span class='ocr_line' id='line_1_45' title="bbox 442 2401 1183 2448; baseline -0.005 -11"><span class='ocrx_word' id='word_1_234' title='bbox 442 2403 631 2448; x_wconf 85' lang='lat' dir='ltr'>apostolicis,</span> <span class='ocrx_word' id='word_1_235' title='bbox 655 2412 786 2436; x_wconf 52' lang='lat' dir='ltr'>necnon*</span> <span class='ocrx_word' id='word_1_236' title='bbox 802 2402 833 2434; x_wconf 93' lang='lat' dir='ltr'>in</span> <span class='ocrx_word' id='word_1_237' title='bbox 859 2401 1096 2442; x_wconf 82' lang='lat' dir='ltr'>universalibus,</span> <span class='ocrx_word' id='word_1_238' title='bbox 1114 2411 1183 2444; x_wconf 88' lang='lat' dir='ltr'>pro-</span> 
     </span>
     <span class='ocr_line' id='line_1_46' title="bbox 443 2453 1183 2500; baseline -0.004 -11"><span class='ocrx_word' id='word_1_239' title='bbox 443 2457 688 2500; x_wconf 83' lang='lat' dir='ltr'>vincialibusque</span> <span class='ocrx_word' id='word_1_240' title='bbox 705 2462 735 2489; x_wconf 86' lang='lat' dir='ltr'>et</span> <span class='ocrx_word' id='word_1_241' title='bbox 751 2455 950 2500; x_wconf 57' lang='lat' dir='ltr'>synodalibus</span> <span class='ocrx_word' id='word_1_242' title='bbox 968 2455 1109 2488; x_wconf 87' lang='lat' dir='ltr'>conciliis</span> <span class='ocrx_word' id='word_1_243' title='bbox 1123 2453 1183 2487; x_wconf 91' lang='lat' dir='ltr'>edi-</span> 
     </span>
     <span class='ocr_line' id='line_1_47' title="bbox 443 2507 1183 2555; baseline -0.005 -11"><span class='ocrx_word' id='word_1_244' title='bbox 443 2511 492 2552; x_wconf 90' lang='lat' dir='ltr'>tis,</span> <span class='ocrx_word' id='word_1_245' title='bbox 506 2511 705 2554; x_wconf 79' lang='lat' dir='ltr'>generalibus</span> <span class='ocrx_word' id='word_1_246' title='bbox 718 2510 765 2543; x_wconf 85' lang='lat' dir='ltr'>vel</span> <span class='ocrx_word' id='word_1_247' title='bbox 781 2510 979 2555; x_wconf 83' lang='lat' dir='ltr'>specialibus,</span> <span class='ocrx_word' id='word_1_248' title='bbox 993 2507 1183 2543; x_wconf 84' lang='lat' dir='ltr'>constitutio-</span> 
     </span>
     <span class='ocr_line' id='line_1_48' title="bbox 442 2564 1183 2609; baseline -0.005 -11"><span class='ocrx_word' id='word_1_249' title='bbox 442 2565 534 2598; x_wconf 86' lang='lat' dir='ltr'>nibus</span> <span class='ocrx_word' id='word_1_250' title='bbox 548 2571 577 2598; x_wconf 88' lang='lat' dir='ltr'>et</span> <span class='ocrx_word' id='word_1_251' title='bbox 594 2564 853 2605; x_wconf 81' lang='lat' dir='ltr'>ordinationibus,</span> <span class='ocrx_word' id='word_1_252' title='bbox 863 2574 898 2597; x_wconf 90' lang='lat' dir='ltr'>ac</span> <span class='ocrx_word' id='word_1_253' title='bbox 912 2571 1183 2609; x_wconf 87' lang='lat' dir='ltr'>quarumcumque</span> 
     </span>
    </p>
   </div>
   <div class='ocr_carea' id='block_1_5' title="bbox 477 2633 1167 2716">
    <p class='ocr_par' dir='ltr' id='par_1_7' title="bbox 477 2633 1167 2716">
     <span class='ocr_line' id='line_1_49' title="bbox 477 2633 1167 2670; baseline -0.004 -7"><span class='ocrx_word' id='word_1_254' title='bbox 477 2637 491 2663; x_wconf 76' lang='lat'><strong>1</strong></span> <span class='ocrx_word' id='word_1_255' title='bbox 514 2636 580 2663; x_wconf 85' lang='lat' dir='ltr'>Male</span> <span class='ocrx_word' id='word_1_256' title='bbox 596 2636 661 2663; x_wconf 84' lang='lat' dir='ltr'>edit.</span> <span class='ocrx_word' id='word_1_257' title='bbox 678 2636 761 2663; x_wconf 76' lang='lat' dir='ltr'>Malu.</span> <span class='ocrx_word' id='word_1_258' title='bbox 778 2636 844 2669; x_wconf 75' lang='lat' dir='ltr'>legit</span> <span class='ocrx_word' id='word_1_259' title='bbox 855 2642 1055 2670; x_wconf 80' lang='lat' dir='ltr'>praecessuros</span> <span class='ocrx_word' id='word_1_260' title='bbox 1065 2635 1103 2669; x_wconf 77' lang='lat' dir='ltr'>(a.</span> <span class='ocrx_word' id='word_1_261' title='bbox 1119 2633 1167 2668; x_wconf 57' lang='lat'>12).</span> 
     </span>
     <span class='ocr_line' id='line_1_50' title="bbox 478 2680 873 2716; baseline -0.003 -8"><span class='ocrx_word' id='word_1_262' title='bbox 478 2681 494 2707; x_wconf 74' lang='lat'>2</span> <span class='ocrx_word' id='word_1_263' title='bbox 510 2680 600 2708; x_wconf 85' lang='lat' dir='ltr'>Potius</span> <span class='ocrx_word' id='word_1_264' title='bbox 615 2681 674 2716; x_wconf 84' lang='lat' dir='ltr'>lege</span> <span class='ocrx_word' id='word_1_265' title='bbox 689 2680 758 2709; x_wconf 70' lang='lat' dir='ltr'>ciliis</span> <span class='ocrx_word' id='word_1_266' title='bbox 772 2682 810 2715; x_wconf 77' lang='lat' dir='ltr'>(tt.</span> <span class='ocrx_word' id='word_1_267' title='bbox 825 2681 873 2715; x_wconf 85' lang='lat' dir='ltr'>T.).</span> 
     </span>
    </p>
   </div>
   <div class='ocr_carea' id='block_1_6' title="bbox 1018 266 1376 290">
    <p class='ocr_par' dir='ltr' id='par_1_8' title="bbox 1018 266 1376 290">
     <span class='ocr_line' id='line_1_51' title="bbox 1018 266 1376 290; baseline 0 0"><span class='ocrx_word' id='word_1_268' title='bbox 1018 266 1197 290; x_wconf 76' lang='lat' dir='ltr'>BULLARIUM</span> <span class='ocrx_word' id='word_1_269' title='bbox 1223 266 1376 290; x_wconf 81' lang='lat' dir='ltr'><strong>ROMANUM</strong></span> 
     </span>
    </p>
   </div>
   <div class='ocr_carea' id='block_1_7' title="bbox 1207 313 1956 1961">
    <p class='ocr_par' dir='ltr' id='par_1_9' title="bbox 1207 313 1956 1961">
     <span class='ocr_line' id='line_1_52' title="bbox 1208 313 1945 355; baseline -0.003 -7"><span class='ocrx_word' id='word_1_270' title='bbox 1208 314 1413 348; x_wconf 86' lang='lat' dir='ltr'>ecclesiarum</span> <span class='ocrx_word' id='word_1_271' title='bbox 1426 319 1455 347; x_wconf 93' lang='lat' dir='ltr'>et</span> <span class='ocrx_word' id='word_1_272' title='bbox 1469 314 1744 355; x_wconf 82' lang='lat' dir='ltr'>monasteriorum,</span> <span class='ocrx_word' id='word_1_273' title='bbox 1758 323 1880 348; x_wconf 83' lang='lat' dir='ltr'>necnon</span> <span class='ocrx_word' id='word_1_274' title='bbox 1893 313 1945 347; x_wconf 86' lang='lat' dir='ltr'>Or-</span> 
     </span>
     <span class='ocr_line' id='line_1_53' title="bbox 1207 367 1945 411; baseline 0 -11"><span class='ocrx_word' id='word_1_275' title='bbox 1207 368 1316 400; x_wconf 88' lang='lat' dir='ltr'>dinum</span> <span class='ocrx_word' id='word_1_276' title='bbox 1344 378 1479 411; x_wconf 88' lang='lat' dir='ltr'>quorum</span> <span class='ocrx_word' id='word_1_277' title='bbox 1501 367 1625 408; x_wconf 83' lang='lat' dir='ltr'>fuerint,</span> <span class='ocrx_word' id='word_1_278' title='bbox 1643 367 1736 400; x_wconf 86' lang='lat' dir='ltr'>etiam</span> <span class='ocrx_word' id='word_1_279' title='bbox 1759 367 1945 407; x_wconf 87' lang='lat' dir='ltr'>iuramento,</span> 
     </span>
     <span class='ocr_line' id='line_1_54' title="bbox 1208 420 1947 464; baseline -0.001 -11"><span class='ocrx_word' id='word_1_280' title='bbox 1208 421 1446 454; x_wconf 82' lang='lat' dir='ltr'>confirmatione</span> <span class='ocrx_word' id='word_1_281' title='bbox 1463 421 1645 464; x_wconf 79' lang='lat' dir='ltr'>apostolica,</span> <span class='ocrx_word' id='word_1_282' title='bbox 1664 422 1710 454; x_wconf 82' lang='lat' dir='ltr'>vcl</span> <span class='ocrx_word' id='word_1_283' title='bbox 1727 421 1835 464; x_wconf 86' lang='lat' dir='ltr'>quavis</span> <span class='ocrx_word' id='word_1_284' title='bbox 1852 420 1947 453; x_wconf 85' lang='lat' dir='ltr'>sirmi—</span> 
     </span>
     <span class='ocr_line' id='line_1_55' title="bbox 1209 472 1947 515; baseline 0 -10"><span class='ocrx_word' id='word_1_285' title='bbox 1209 478 1270 506; x_wconf 89' lang='lat' dir='ltr'>tate</span> <span class='ocrx_word' id='word_1_286' title='bbox 1293 473 1353 505; x_wconf 79' lang='lat' dir='ltr'>alia</span> <span class='ocrx_word' id='word_1_287' title='bbox 1377 473 1543 515; x_wconf 82' lang='lat' dir='ltr'>roboratis,</span> <span class='ocrx_word' id='word_1_288' title='bbox 1565 473 1687 507; x_wconf 89' lang='lat' dir='ltr'>statutis</span> <span class='ocrx_word' id='word_1_289' title='bbox 1708 478 1737 505; x_wconf 89' lang='lat' dir='ltr'>et</span> <span class='ocrx_word' id='word_1_290' title='bbox 1751 472 1947 506; x_wconf 87' lang='lat' dir='ltr'>eonsuetudi-</span> 
     </span>
     <span class='ocr_line' id='line_1_56' title="bbox 1208 525 1946 570; baseline 0 -12"><span class='ocrx_word' id='word_1_291' title='bbox 1208 525 1312 565; x_wconf 86' lang='lat' dir='ltr'>nibus,</span> <span class='ocrx_word' id='word_1_292' title='bbox 1326 525 1497 569; x_wconf 82' lang='lat' dir='ltr'>privilegiis</span> <span class='ocrx_word' id='word_1_293' title='bbox 1511 531 1645 570; x_wconf 85' lang='lat' dir='ltr'>quoque,</span> <span class='ocrx_word' id='word_1_294' title='bbox 1657 526 1784 558; x_wconf 88' lang='lat' dir='ltr'>indultis</span> <span class='ocrx_word' id='word_1_295' title='bbox 1797 526 1946 558; x_wconf 82' lang='lat' dir='ltr'>etlitteris</span> 
     </span>
     <span class='ocr_line' id='line_1_57' title="bbox 1208 579 1947 624; baseline -0.001 -12"><span class='ocrx_word' id='word_1_296' title='bbox 1208 579 1398 624; x_wconf 81' lang='lat' dir='ltr'>apostolicis,</span> <span class='ocrx_word' id='word_1_297' title='bbox 1423 579 1480 612; x_wconf 87' lang='lat' dir='ltr'>sub</span> <span class='ocrx_word' id='word_1_298' title='bbox 1511 580 1759 623; x_wconf 86' lang='lat' dir='ltr'>quibuscumque</span> <span class='ocrx_word' id='word_1_299' title='bbox 1787 579 1947 612; x_wconf 89' lang='lat' dir='ltr'>tenoribus</span> 
     </span>
     <span class='ocr_line' id='line_1_58' title="bbox 1209 632 1948 677; baseline 0.001 -12"><span class='ocrx_word' id='word_1_300' title='bbox 1209 638 1239 666; x_wconf 87' lang='lat' dir='ltr'>et</span> <span class='ocrx_word' id='word_1_301' title='bbox 1263 633 1382 673; x_wconf 79' lang='lat' dir='ltr'>formiS,</span> <span class='ocrx_word' id='word_1_302' title='bbox 1407 643 1443 666; x_wconf 84' lang='lat' dir='ltr'>ac</span> <span class='ocrx_word' id='word_1_303' title='bbox 1467 643 1538 666; x_wconf 87' lang='lat' dir='ltr'>cum</span> <span class='ocrx_word' id='word_1_304' title='bbox 1558 633 1722 677; x_wconf 81' lang='lat' dir='ltr'>quibusvis</span> <span class='ocrx_word' id='word_1_305' title='bbox 1746 633 1839 666; x_wconf 85' lang='lat' dir='ltr'>etiam</span> <span class='ocrx_word' id='word_1_306' title='bbox 1859 632 1948 666; x_wconf 89' lang='lat' dir='ltr'>dero-</span> 
     </span>
     <span class='ocr_line' id='line_1_59' title="bbox 1209 686 1949 730; baseline 0.001 -11"><span class='ocrx_word' id='word_1_307' title='bbox 1209 686 1402 730; x_wconf 78' lang='lat' dir='ltr'>gatoriarum</span> <span class='ocrx_word' id='word_1_308' title='bbox 1419 686 1637 729; x_wconf 66' lang='lat' dir='ltr'>derogationis,</span> <span class='ocrx_word' id='word_1_309' title='bbox 1653 687 1784 730; x_wconf 89' lang='lat' dir='ltr'>aliisque</span> <span class='ocrx_word' id='word_1_310' title='bbox 1797 686 1949 720; x_wconf 84' lang='lat' dir='ltr'>efficacio-</span> 
     </span>
     <span class='ocr_line' id='line_1_60' title="bbox 1209 739 1947 783; baseline -0.001 -10"><span class='ocrx_word' id='word_1_311' title='bbox 1209 740 1297 773; x_wconf 89' lang='lat' dir='ltr'>ribus</span> <span class='ocrx_word' id='word_1_312' title='bbox 1315 745 1344 772; x_wconf 85' lang='lat' dir='ltr'>et</span> <span class='ocrx_word' id='word_1_313' title='bbox 1358 739 1491 772; x_wconf 87' lang='lat' dir='ltr'>insolitis</span> <span class='ocrx_word' id='word_1_314' title='bbox 1504 740 1662 781; x_wconf 79' lang='lat' dir='ltr'>clausulis,</span> <span class='ocrx_word' id='word_1_315' title='bbox 1679 740 1947 783; x_wconf 84' lang='lat' dir='ltr'>irritantibusque‚</span> 
     </span>
     <span class='ocr_line' id='line_1_61' title="bbox 1209 792 1948 837; baseline 0.001 -12"><span class='ocrx_word' id='word_1_316' title='bbox 1209 793 1341 837; x_wconf 87' lang='lat' dir='ltr'>aliisque</span> <span class='ocrx_word' id='word_1_317' title='bbox 1365 792 1509 833; x_wconf 79' lang='lat' dir='ltr'>decretiS,</span> <span class='ocrx_word' id='word_1_318' title='bbox 1530 793 1561 825; x_wconf 91' lang='lat' dir='ltr'>in</span> <span class='ocrx_word' id='word_1_319' title='bbox 1581 803 1696 836; x_wconf 82' lang='lat' dir='ltr'>genere</span> <span class='ocrx_word' id='word_1_320' title='bbox 1721 794 1768 826; x_wconf 87' lang='lat' dir='ltr'>vel</span> <span class='ocrx_word' id='word_1_321' title='bbox 1785 794 1817 826; x_wconf 91' lang='lat' dir='ltr'>in</span> <span class='ocrx_word' id='word_1_322' title='bbox 1833 793 1948 837; x_wconf 84' lang='lat' dir='ltr'>specie,</span> 
     </span>
     <span class='ocr_line' id='line_1_62' title="bbox 1209 846 1949 890; baseline -0.001 -10"><span class='ocrx_word' id='word_1_323' title='bbox 1209 858 1245 881; x_wconf 84' lang='lat' dir='ltr'>ac</span> <span class='ocrx_word' id='word_1_324' title='bbox 1262 848 1337 880; x_wconf 78' lang='lat' dir='ltr'>alias</span> <span class='ocrx_word' id='word_1_325' title='bbox 1355 847 1384 879; x_wconf 92' lang='lat' dir='ltr'>in</span> <span class='ocrx_word' id='word_1_326' title='bbox 1399 846 1593 880; x_wconf 89' lang='lat' dir='ltr'>contrarium</span> <span class='ocrx_word' id='word_1_327' title='bbox 1610 847 1857 890; x_wconf 88' lang='lat' dir='ltr'>praemissorum</span> <span class='ocrx_word' id='word_1_328' title='bbox 1874 857 1949 890; x_wconf 91' lang='lat' dir='ltr'>quo-</span> 
     </span>
     <span class='ocr_line' id='line_1_63' title="bbox 1210 900 1946 944; baseline -0.003 -10"><span class='ocrx_word' id='word_1_329' title='bbox 1210 900 1382 934; x_wconf 86' lang='lat' dir='ltr'>modolibet</span> <span class='ocrx_word' id='word_1_330' title='bbox 1406 900 1572 942; x_wconf 83' lang='lat' dir='ltr'>concessis,</span> <span class='ocrx_word' id='word_1_331' title='bbox 1598 900 1807 940; x_wconf 85' lang='lat' dir='ltr'>confirmatis,</span> <span class='ocrx_word' id='word_1_332' title='bbox 1828 910 1946 944; x_wconf 88' lang='lat' dir='ltr'>appro-</span> 
     </span>
     <span class='ocr_line' id='line_1_64' title="bbox 1210 953 1951 998; baseline -0.001 -11"><span class='ocrx_word' id='word_1_333' title='bbox 1210 955 1289 988; x_wconf 85' lang='lat' dir='ltr'>batis</span> <span class='ocrx_word' id='word_1_334' title='bbox 1313 959 1343 988; x_wconf 86' lang='lat' dir='ltr'>et</span> <span class='ocrx_word' id='word_1_335' title='bbox 1360 954 1528 994; x_wconf 77' lang='lat' dir='ltr'>innovatis;</span> <span class='ocrx_word' id='word_1_336' title='bbox 1546 953 1660 998; x_wconf 89' lang='lat' dir='ltr'>quibus</span> <span class='ocrx_word' id='word_1_337' title='bbox 1677 953 1822 987; x_wconf 87' lang='lat' dir='ltr'>omnibus</span> <span class='ocrx_word' id='word_1_338' title='bbox 1839 959 1869 986; x_wconf 90' lang='lat' dir='ltr'>et</span> <span class='ocrx_word' id='word_1_339' title='bbox 1888 954 1951 986; x_wconf 89' lang='lat' dir='ltr'>sin-</span> 
     </span>
     <span class='ocr_line' id='line_1_65' title="bbox 1210 1007 1951 1052; baseline -0.001 -11"><span class='ocrx_word' id='word_1_340' title='bbox 1210 1009 1302 1052; x_wconf 82' lang='lat' dir='ltr'>gulis,</span> <span class='ocrx_word' id='word_1_341' title='bbox 1327 1009 1449 1041; x_wconf 88' lang='lat' dir='ltr'>etiamsi</span> <span class='ocrx_word' id='word_1_342' title='bbox 1468 1019 1528 1052; x_wconf 88' lang='lat' dir='ltr'>pro</span> <span class='ocrx_word' id='word_1_343' title='bbox 1549 1008 1716 1041; x_wconf 84' lang='lat' dir='ltr'>sufficienti</span> <span class='ocrx_word' id='word_1_344' title='bbox 1736 1018 1846 1041; x_wconf 88' lang='lat' dir='ltr'>eorum</span> <span class='ocrx_word' id='word_1_345' title='bbox 1863 1007 1951 1040; x_wconf 90' lang='lat' dir='ltr'>dero-</span> 
     </span>
     <span class='ocr_line' id='line_1_66' title="bbox 1211 1061 1950 1105; baseline -0.001 -10"><span class='ocrx_word' id='word_1_346' title='bbox 1211 1062 1345 1105; x_wconf 77' lang='lat' dir='ltr'>gatione,</span> <span class='ocrx_word' id='word_1_347' title='bbox 1362 1062 1401 1094; x_wconf 85' lang='lat' dir='ltr'>de</span> <span class='ocrx_word' id='word_1_348' title='bbox 1418 1062 1489 1102; x_wconf 85' lang='lat' dir='ltr'>illis,</span> <span class='ocrx_word' id='word_1_349' title='bbox 1506 1072 1681 1105; x_wconf 88' lang='lat' dir='ltr'>eorumque</span> <span class='ocrx_word' id='word_1_350' title='bbox 1694 1061 1950 1103; x_wconf 88' lang='lat' dir='ltr'>totistenoribus‚</span> 
     </span>
     <span class='ocr_line' id='line_1_67' title="bbox 1211 1114 1947 1160; baseline -0.001 -12"><span class='ocrx_word' id='word_1_351' title='bbox 1211 1116 1355 1160; x_wconf 88' lang='lat' dir='ltr'>specialis</span> <span class='ocrx_word' id='word_1_352' title='bbox 1369 1143 1377 1156; x_wconf 93' lang='lat'>,</span> <span class='ocrx_word' id='word_1_353' title='bbox 1406 1115 1552 1159; x_wconf 80' lang='lat' dir='ltr'>specifica</span> <span class='ocrx_word' id='word_1_354' title='bbox 1566 1142 1573 1156; x_wconf 92' lang='lat'>,</span> <span class='ocrx_word' id='word_1_355' title='bbox 1601 1126 1761 1159; x_wconf 72' lang='lat' dir='ltr'>expressa-1</span> <span class='ocrx_word' id='word_1_356' title='bbox 1777 1118 1806 1148; x_wconf 84' lang='lat' dir='ltr'>et</span> <span class='ocrx_word' id='word_1_357' title='bbox 1832 1114 1947 1147; x_wconf 88' lang='lat' dir='ltr'>indivi-</span> 
     </span>
     <span class='ocr_line' id='line_1_68' title="bbox 1211 1168 1948 1211; baseline -0.003 -10"><span class='ocrx_word' id='word_1_358' title='bbox 1211 1169 1281 1211; x_wconf 86' lang='lat' dir='ltr'>dua,</span> <span class='ocrx_word' id='word_1_359' title='bbox 1297 1180 1333 1202; x_wconf 89' lang='lat' dir='ltr'>ac</span> <span class='ocrx_word' id='word_1_360' title='bbox 1357 1169 1394 1202; x_wconf 90' lang='lat' dir='ltr'>de</span> <span class='ocrx_word' id='word_1_361' title='bbox 1420 1169 1515 1202; x_wconf 87' lang='lat' dir='ltr'>verbo</span> <span class='ocrx_word' id='word_1_362' title='bbox 1539 1168 1577 1201; x_wconf 87' lang='lat' dir='ltr'>ad</span> <span class='ocrx_word' id='word_1_363' title='bbox 1599 1169 1740 1209; x_wconf 87' lang='lat' dir='ltr'>verbum,</span> <span class='ocrx_word' id='word_1_364' title='bbox 1757 1178 1820 1201; x_wconf 88' lang='lat' dir='ltr'>non</span> <span class='ocrx_word' id='word_1_365' title='bbox 1844 1173 1948 1200; x_wconf 86' lang='lat' dir='ltr'>autern</span> 
     </span>
     <span class='ocr_line' id='line_1_69' title="bbox 1212 1222 1949 1266; baseline -0.003 -11"><span class='ocrx_word' id='word_1_366' title='bbox 1212 1233 1268 1266; x_wconf 90' lang='lat' dir='ltr'>per</span> <span class='ocrx_word' id='word_1_367' title='bbox 1286 1222 1441 1255; x_wconf 87' lang='lat' dir='ltr'>clausulas</span> <span class='ocrx_word' id='word_1_368' title='bbox 1458 1223 1620 1266; x_wconf 79' lang='lat' dir='ltr'>generales</span> <span class='ocrx_word' id='word_1_369' title='bbox 1636 1222 1718 1255; x_wconf 92' lang='lat' dir='ltr'>idem</span> <span class='ocrx_word' id='word_1_370' title='bbox 1736 1222 1949 1265; x_wconf 73' lang='lat' dir='ltr'>importantes,</span> 
     </span>
     <span class='ocr_line' id='line_1_70' title="bbox 1213 1274 1949 1319; baseline -0.004 -10"><span class='ocrx_word' id='word_1_371' title='bbox 1213 1277 1339 1318; x_wconf 86' lang='lat' dir='ltr'>mentio,</span> <span class='ocrx_word' id='word_1_372' title='bbox 1350 1287 1405 1309; x_wconf 89' lang='lat' dir='ltr'>seu</span> <span class='ocrx_word' id='word_1_373' title='bbox 1415 1276 1542 1319; x_wconf 85' lang='lat' dir='ltr'>quaevis</span> <span class='ocrx_word' id='word_1_374' title='bbox 1554 1276 1614 1308; x_wconf 88' lang='lat' dir='ltr'>alia</span> <span class='ocrx_word' id='word_1_375' title='bbox 1627 1275 1785 1319; x_wconf 79' lang='lat' dir='ltr'>expressio</span> <span class='ocrx_word' id='word_1_376' title='bbox 1796 1274 1949 1316; x_wconf 82' lang='lat' dir='ltr'>habenda,</span> 
     </span>
     <span class='ocr_line' id='line_1_71' title="bbox 1212 1329 1952 1373; baseline -0.003 -11"><span class='ocrx_word' id='word_1_377' title='bbox 1212 1334 1264 1362; x_wconf 87' lang='lat' dir='ltr'>aut</span> <span class='ocrx_word' id='word_1_378' title='bbox 1278 1330 1382 1373; x_wconf 86' lang='lat' dir='ltr'>aliqua</span> <span class='ocrx_word' id='word_1_379' title='bbox 1399 1329 1458 1362; x_wconf 87' lang='lat' dir='ltr'>alia</span> <span class='ocrx_word' id='word_1_380' title='bbox 1472 1329 1623 1373; x_wconf 81' lang='lat' dir='ltr'>exquisita</span> <span class='ocrx_word' id='word_1_381' title='bbox 1637 1329 1737 1362; x_wconf 83' lang='lat' dir='ltr'>forma</span> <span class='ocrx_word' id='word_1_382' title='bbox 1762 1329 1800 1361; x_wconf 88' lang='lat' dir='ltr'>ad</span> <span class='ocrx_word' id='word_1_383' title='bbox 1814 1329 1874 1361; x_wconf 87' lang='lat' dir='ltr'>hoc</span> <span class='ocrx_word' id='word_1_384' title='bbox 1890 1338 1952 1360; x_wconf 89' lang='lat' dir='ltr'>ser-</span> 
     </span>
     <span class='ocr_line' id='line_1_72' title="bbox 1213 1382 1951 1425; baseline -0.001 -10"><span class='ocrx_word' id='word_1_385' title='bbox 1213 1382 1311 1415; x_wconf 82' lang='lat' dir='ltr'>vanda</span> <span class='ocrx_word' id='word_1_386' title='bbox 1328 1383 1417 1423; x_wconf 83' lang='lat' dir='ltr'>soret,</span> <span class='ocrx_word' id='word_1_387' title='bbox 1430 1393 1540 1415; x_wconf 88' lang='lat' dir='ltr'>eorum</span> <span class='ocrx_word' id='word_1_388' title='bbox 1555 1382 1696 1415; x_wconf 89' lang='lat' dir='ltr'>omnium</span> <span class='ocrx_word' id='word_1_389' title='bbox 1711 1387 1740 1415; x_wconf 85' lang='lat' dir='ltr'>et</span> <span class='ocrx_word' id='word_1_390' title='bbox 1753 1382 1951 1425; x_wconf 77' lang='lat' dir='ltr'>singulorum</span> 
     </span>
     <span class='ocr_line' id='line_1_73' title="bbox 1213 1435 1953 1480; baseline -0.003 -10"><span class='ocrx_word' id='word_1_391' title='bbox 1213 1440 1337 1470; x_wconf 85' lang='lat' dir='ltr'>tenores</span> <span class='ocrx_word' id='word_1_392' title='bbox 1365 1436 1582 1480; x_wconf 86' lang='lat' dir='ltr'>praesentibus</span> <span class='ocrx_word' id='word_1_393' title='bbox 1607 1447 1665 1480; x_wconf 89' lang='lat' dir='ltr'>pro</span> <span class='ocrx_word' id='word_1_394' title='bbox 1693 1436 1784 1480; x_wconf 85' lang='lat' dir='ltr'>plene</span> <span class='ocrx_word' id='word_1_395' title='bbox 1814 1440 1845 1468; x_wconf 85' lang='lat' dir='ltr'>et</span> <span class='ocrx_word' id='word_1_396' title='bbox 1871 1435 1953 1468; x_wconf 86' lang='lat' dir='ltr'>suffi-</span> 
     </span>
     <span class='ocr_line' id='line_1_74' title="bbox 1213 1489 1953 1534; baseline -0.001 -11"><span class='ocrx_word' id='word_1_397' title='bbox 1213 1490 1332 1523; x_wconf 89' lang='lat' dir='ltr'>cienter</span> <span class='ocrx_word' id='word_1_398' title='bbox 1357 1490 1512 1534; x_wconf 79' lang='lat' dir='ltr'>expressis</span> <span class='ocrx_word' id='word_1_399' title='bbox 1541 1500 1576 1523; x_wconf 89' lang='lat' dir='ltr'>ac</span> <span class='ocrx_word' id='word_1_400' title='bbox 1605 1490 1643 1522; x_wconf 86' lang='lat' dir='ltr'>ad</span> <span class='ocrx_word' id='word_1_401' title='bbox 1673 1489 1804 1522; x_wconf 88' lang='lat' dir='ltr'>verbum</span> <span class='ocrx_word' id='word_1_402' title='bbox 1828 1489 1953 1522; x_wconf 89' lang='lat' dir='ltr'>insertis</span> 
     </span>
     <span class='ocr_line' id='line_1_75' title="bbox 1214 1543 1949 1585; baseline -0.001 -9"><span class='ocrx_word' id='word_1_403' title='bbox 1214 1544 1381 1584; x_wconf 87' lang='lat' dir='ltr'>habentes,</span> <span class='ocrx_word' id='word_1_404' title='bbox 1406 1543 1466 1576; x_wconf 89' lang='lat' dir='ltr'>illis</span> <span class='ocrx_word' id='word_1_405' title='bbox 1491 1543 1565 1576; x_wconf 81' lang='lat' dir='ltr'>alias</span> <span class='ocrx_word' id='word_1_406' title='bbox 1596 1543 1628 1575; x_wconf 92' lang='lat' dir='ltr'>in</span> <span class='ocrx_word' id='word_1_407' title='bbox 1652 1553 1709 1575; x_wconf 90' lang='lat' dir='ltr'>suo</span> <span class='ocrx_word' id='word_1_408' title='bbox 1734 1543 1848 1576; x_wconf 88' lang='lat' dir='ltr'>robore</span> <span class='ocrx_word' id='word_1_409' title='bbox 1873 1552 1949 1585; x_wconf 90' lang='lat' dir='ltr'>per-</span> 
     </span>
     <span class='ocr_line' id='line_1_76' title="bbox 1213 1595 1952 1640; baseline -0.003 -10"><span class='ocrx_word' id='word_1_410' title='bbox 1213 1597 1370 1630; x_wconf 85' lang='lat' dir='ltr'>mansuris</span> <span class='ocrx_word' id='word_1_411' title='bbox 1385 1625 1392 1637; x_wconf 88' lang='lat'>,</span> <span class='ocrx_word' id='word_1_412' title='bbox 1417 1597 1475 1630; x_wconf 88' lang='lat' dir='ltr'>hac</span> <span class='ocrx_word' id='word_1_413' title='bbox 1499 1597 1566 1629; x_wconf 82' lang='lat' dir='ltr'>viee</span> <span class='ocrx_word' id='word_1_414' title='bbox 1590 1596 1750 1629; x_wconf 77' lang='lat' dir='ltr'>dumtaxat</span> <span class='ocrx_word' id='word_1_415' title='bbox 1773 1595 1952 1640; x_wconf 87' lang='lat' dir='ltr'>specialiter</span> 
     </span>
     <span class='ocr_line' id='line_1_77' title="bbox 1214 1650 1951 1695; baseline -0.004 -11"><span class='ocrx_word' id='word_1_416' title='bbox 1214 1657 1243 1684; x_wconf 88' lang='lat' dir='ltr'>et</span> <span class='ocrx_word' id='word_1_417' title='bbox 1267 1661 1415 1695; x_wconf 79' lang='lat' dir='ltr'>expresse</span> <span class='ocrx_word' id='word_1_418' title='bbox 1440 1651 1647 1694; x_wconf 78' lang='lat' dir='ltr'>derogamus3</span> <span class='ocrx_word' id='word_1_419' title='bbox 1673 1650 1849 1693; x_wconf 82' lang='lat' dir='ltr'>ceterisque</span> <span class='ocrx_word' id='word_1_420' title='bbox 1876 1659 1951 1682; x_wconf 85' lang='lat' dir='ltr'>con-</span> 
     </span>
     <span class='ocr_line' id='line_1_78' title="bbox 1214 1705 1956 1749; baseline -0.004 -10"><span class='ocrx_word' id='word_1_421' title='bbox 1214 1705 1318 1739; x_wconf 77' lang='lat' dir='ltr'>trariis</span> <span class='ocrx_word' id='word_1_422' title='bbox 1338 1705 1598 1749; x_wconf 85' lang='lat' dir='ltr'>quibuscumque.</span> <span class='ocrx_word' id='word_1_423' title='bbox 1953 1740 1956 1744; x_wconf 56' lang='grc'>,</span> 
     </span>
     <span class='ocr_line' id='line_1_79' title="bbox 1258 1756 1952 1801; baseline -0.003 -11"><span class='ocrx_word' id='word_1_424' title='bbox 1258 1758 1369 1791; x_wconf 84' lang='lat' dir='ltr'>Datum</span> <span class='ocrx_word' id='word_1_425' title='bbox 1395 1758 1522 1798; x_wconf 85' lang='lat' dir='ltr'>Romae,</span> <span class='ocrx_word' id='word_1_426' title='bbox 1547 1757 1629 1801; x_wconf 86' lang='lat' dir='ltr'>apud</span> <span class='ocrx_word' id='word_1_427' title='bbox 1649 1757 1678 1790; x_wconf 81' lang='lat' dir='ltr'>S.</span> <span class='ocrx_word' id='word_1_428' title='bbox 1703 1756 1831 1789; x_wconf 88' lang='lat' dir='ltr'>Mariam</span> <span class='ocrx_word' id='word_1_429' title='bbox 1856 1756 1952 1789; x_wconf 87' lang='lat' dir='ltr'>Maio-</span> 
     </span>
     <span class='ocr_line' id='line_1_80' title="bbox 1215 1809 1950 1852; baseline -0.003 -8"><span class='ocrx_word' id='word_1_430' title='bbox 1215 1822 1292 1852; x_wconf 86' lang='lat' dir='ltr'>rem,</span> <span class='ocrx_word' id='word_1_431' title='bbox 1310 1811 1368 1844; x_wconf 88' lang='lat' dir='ltr'>sub</span> <span class='ocrx_word' id='word_1_432' title='bbox 1384 1811 1500 1844; x_wconf 86' lang='lat' dir='ltr'>annulo</span> <span class='ocrx_word' id='word_1_433' title='bbox 1513 1810 1690 1851; x_wconf 78' lang='lat' dir='ltr'>Piscatoris,</span> <span class='ocrx_word' id='word_1_434' title='bbox 1712 1810 1761 1843; x_wconf 87' lang='lat' dir='ltr'>die</span> <span class='ocrx_word' id='word_1_435' title='bbox 1782 1819 1849 1842; x_wconf 85' lang='lat' dir='ltr'>xvu</span> <span class='ocrx_word' id='word_1_436' title='bbox 1873 1809 1950 1842; x_wconf 89' lang='lat' dir='ltr'>iunii</span> 
     </span>
     <span class='ocr_line' id='line_1_81' title="bbox 1215 1863 1892 1908; baseline -0.004 -10"><span class='ocrx_word' id='word_1_437' title='bbox 1215 1875 1354 1907; x_wconf 82' lang='lat' dir='ltr'>mucxxx,</span> <span class='ocrx_word' id='word_1_438' title='bbox 1380 1864 1582 1908; x_wconf 84' lang='lat' dir='ltr'>pontificatus</span> <span class='ocrx_word' id='word_1_439' title='bbox 1607 1863 1707 1897; x_wconf 87' lang='lat' dir='ltr'>nostri</span> <span class='ocrx_word' id='word_1_440' title='bbox 1732 1873 1813 1896; x_wconf 90' lang='lat' dir='ltr'>anno</span> <span class='ocrx_word' id='word_1_441' title='bbox 1839 1873 1892 1896; x_wconf 86' lang='lat' dir='ltr'>vu.</span> 
     </span>
     <span class='ocr_line' id='line_1_82' title="bbox 1251 1925 1876 1961; baseline -0.002 -6"><span class='ocrx_word' id='word_1_442' title='bbox 1251 1929 1309 1955; x_wconf 85' lang='lat' dir='ltr'>Dat.</span> <span class='ocrx_word' id='word_1_443' title='bbox 1331 1928 1373 1955; x_wconf 89' lang='lat' dir='ltr'>die</span> <span class='ocrx_word' id='word_1_444' title='bbox 1396 1928 1425 1954; x_wconf 81' lang='lat'>17</span> <span class='ocrx_word' id='word_1_445' title='bbox 1446 1927 1512 1954; x_wconf 88' lang='lat' dir='ltr'>iunii</span> <span class='ocrx_word' id='word_1_446' title='bbox 1534 1926 1611 1960; x_wconf 82' lang='lat'>1630,</span> <span class='ocrx_word' id='word_1_447' title='bbox 1632 1925 1726 1961; x_wconf 88' lang='lat' dir='ltr'>pontif.</span> <span class='ocrx_word' id='word_1_448' title='bbox 1745 1934 1815 1953; x_wconf 84' lang='lat' dir='ltr'>anno</span> <span class='ocrx_word' id='word_1_449' title='bbox 1831 1931 1876 1954; x_wconf 86' lang='lat' dir='ltr'>vu.</span> 
     </span>
    </p>
   </div>
   <div class='ocr_carea' id='block_1_8' title="bbox 1499 2043 1666 2076">
    <p class='ocr_par' dir='ltr' id='par_1_10' title="bbox 1499 2043 1666 2076">
     <span class='ocr_line' id='line_1_83' title="bbox 1499 2043 1666 2076; baseline -0.012 0"><span class='ocrx_word' id='word_1_450' title='bbox 1499 2043 1666 2076; x_wconf 81' lang='lat' dir='ltr'>CCCLXIV.</span> 
     </span>
    </p>
   </div>
   <div class='ocr_carea' id='block_1_9' title="bbox 1215 2113 1956 2601">
    <p class='ocr_par' dir='ltr' id='par_1_11' title="bbox 1215 2113 1956 2320">
     <span class='ocr_line' id='line_1_84' title="bbox 1215 2113 1956 2158; baseline -0.004 -10"><span class='ocrx_word' id='word_1_451' title='bbox 1215 2115 1261 2148; x_wconf 80' lang='lat' dir='ltr'>De</span> <span class='ocrx_word' id='word_1_452' title='bbox 1273 2114 1427 2158; x_wconf 74' lang='lat' dir='ltr'>facultate</span> <span class='ocrx_word' id='word_1_453' title='bbox 1444 2113 1587 2157; x_wconf 68' lang='lat' dir='ltr'>cli&#39;sscndz‘</span> <span class='ocrx_word' id='word_1_454' title='bbox 1600 2113 1829 2156; x_wconf 73' lang='lat' dir='ltr'>confessarium</span> <span class='ocrx_word' id='word_1_455' title='bbox 1849 2113 1893 2145; x_wconf 79' lang='lat' dir='ltr'>ad</span> <span class='ocrx_word' id='word_1_456' title='bbox 1911 2123 1956 2146; x_wconf 70' lang='lat' dir='ltr'>re—</span> 
     </span>
     <span class='ocr_line' id='line_1_85' title="bbox 1259 2160 1956 2212; baseline -0.003 -11"><span class='ocrx_word' id='word_1_457' title='bbox 1259 2170 1390 2212; x_wconf 68' lang='lat' dir='ltr'>gyulares</span> <span class='ocrx_word' id='word_1_458' title='bbox 1410 2169 1583 2211; x_wconf 60' lang='lat' dir='ltr'>utriusque</span> <span class='ocrx_word' id='word_1_459' title='bbox 1601 2178 1695 2200; x_wconf 66' lang='lat' dir='ltr'>semus</span> <span class='ocrx_word' id='word_1_460' title='bbox 1720 2172 1748 2200; x_wconf 84' lang='lat' dir='ltr'>ct</span> <span class='ocrx_word' id='word_1_461' title='bbox 1773 2160 1956 2200; x_wconf 75' lang='lat' dir='ltr'>cm‘uscum&#39;-</span> 
     </span>
     <span class='ocr_line' id='line_1_86' title="bbox 1259 2221 1956 2266; baseline -0.006 -10"><span class='ocrx_word' id='word_1_462' title='bbox 1259 2233 1320 2266; x_wconf 78' lang='lat' dir='ltr'>que</span> <span class='ocrx_word' id='word_1_463' title='bbox 1336 2222 1469 2256; x_wconf 75' lang='lat' dir='ltr'>Ordinis</span> <span class='ocrx_word' id='word_1_464' title='bbox 1482 2232 1545 2254; x_wconf 74' lang='lat' dir='ltr'>non</span> <span class='ocrx_word' id='word_1_465' title='bbox 1559 2221 1770 2262; x_wconf 59' lang='lat' dir='ltr'>attendenda,</span> <span class='ocrx_word' id='word_1_466' title='bbox 1788 2231 1844 2254; x_wconf 75' lang='lat' dir='ltr'>nec</span> <span class='ocrx_word' id='word_1_467' title='bbox 1864 2225 1956 2254; x_wconf 77' lang='lat' dir='ltr'>exera</span> 
     </span>
     <span class='ocr_line' id='line_1_87' title="bbox 1259 2275 1615 2320; baseline -0.003 -11"><span class='ocrx_word' id='word_1_468' title='bbox 1259 2278 1362 2320; x_wconf 79' lang='lat' dir='ltr'>sorum</span> <span class='ocrx_word' id='word_1_469' title='bbox 1377 2276 1588 2309; x_wconf 76' lang='lat' dir='ltr'>conscientiae</span> <span class='ocrx_word' id='word_1_470' title='bbox 1597 2275 1615 2308; x_wconf 90' lang='lat'>¹.</span> 
     </span>
    </p>

    <p class='ocr_par' dir='ltr' id='par_1_12' title="bbox 1217 2347 1956 2601">
     <span class='ocr_line' id='line_1_88' title="bbox 1409 2347 1745 2382; baseline 0.003 -8"><span class='ocrx_word' id='word_1_471' title='bbox 1409 2348 1546 2374; x_wconf 79' lang='lat' dir='ltr'>Urbanus</span> <span class='ocrx_word' id='word_1_472' title='bbox 1567 2347 1645 2381; x_wconf 82' lang='lat' dir='ltr'>Papa</span> <span class='ocrx_word' id='word_1_473' title='bbox 1664 2347 1745 2382; x_wconf 87' lang='lat' dir='ltr'>VIII,</span> 
     </span>
     <span class='ocr_line' id='line_1_89' title="bbox 1340 2391 1833 2426; baseline -0.002 -8"><span class='ocrx_word' id='word_1_474' title='bbox 1340 2392 1375 2418; x_wconf 84' lang='lat' dir='ltr'>ad</span> <span class='ocrx_word' id='word_1_475' title='bbox 1395 2393 1570 2426; x_wconf 80' lang='lat' dir='ltr'>perpetuam</span> <span class='ocrx_word' id='word_1_476' title='bbox 1590 2392 1635 2419; x_wconf 86' lang='lat' dir='ltr'>rei</span> <span class='ocrx_word' id='word_1_477' title='bbox 1655 2391 1833 2419; x_wconf 85' lang='lat' dir='ltr'>memoriam.</span> 
     </span>
     <span class='ocr_line' id='line_1_90' title="bbox 1260 2451 1956 2497; baseline -0.003 -12"><span class='ocrx_word' id='word_1_478' title='bbox 1260 2453 1293 2486; x_wconf 89' lang='lat' dir='ltr'>In</span> <span class='ocrx_word' id='word_1_479' title='bbox 1303 2454 1428 2497; x_wconf 73' lang='lat' dir='ltr'>specula</span> <span class='ocrx_word' id='word_1_480' title='bbox 1437 2453 1596 2485; x_wconf 88' lang='lat' dir='ltr'>militantis</span> <span class='ocrx_word' id='word_1_481' title='bbox 1609 2452 1774 2493; x_wconf 83' lang='lat' dir='ltr'>Ecclesiae,</span> <span class='ocrx_word' id='word_1_482' title='bbox 1783 2452 1870 2485; x_wconf 89' lang='lat' dir='ltr'>nullo</span> <span class='ocrx_word' id='word_1_483' title='bbox 1883 2451 1956 2484; x_wconf 60' lang='lat' dir='ltr'>licet,</span> 
     </span>
     <span class='ocr_line' id='line_1_91' title="bbox 1217 2505 1955 2550; baseline -0.001 -11"><span class='ocrx_word' id='word_1_484' title='bbox 1217 2506 1402 2540; x_wconf 85' lang='lat' dir='ltr'>meritorum</span> <span class='ocrx_word' id='word_1_485' title='bbox 1428 2507 1589 2550; x_wconf 79' lang='lat' dir='ltr'>suffragio,</span> <span class='ocrx_word' id='word_1_486' title='bbox 1620 2506 1725 2539; x_wconf 76' lang='lat' dir='ltr'>divina</span> <span class='ocrx_word' id='word_1_487' title='bbox 1751 2505 1955 2549; x_wconf 89' lang='lat' dir='ltr'>dispositione</span> 
     </span>
     <span class='ocr_line' id='line_1_92' title="bbox 1217 2559 1955 2601; baseline -0.005 -7"><span class='ocrx_word' id='word_1_488' title='bbox 1217 2560 1386 2601; x_wconf 87' lang='lat' dir='ltr'>constituti,</span> <span class='ocrx_word' id='word_1_489' title='bbox 1411 2566 1441 2593; x_wconf 82' lang='lat' dir='ltr'>et</span> <span class='ocrx_word' id='word_1_490' title='bbox 1465 2564 1580 2594; x_wconf 85' lang='lat' dir='ltr'>attente</span> <span class='ocrx_word' id='word_1_491' title='bbox 1598 2559 1832 2593; x_wconf 86' lang='lat' dir='ltr'>considerantes</span> <span class='ocrx_word' id='word_1_492' title='bbox 1849 2567 1955 2591; x_wconf 86' lang='lat' dir='ltr'>sacros</span> 
     </span>
    </p>
   </div>
   <div class='ocr_carea' id='block_1_10' title="bbox 1217 2629 1956 2712">
    <p class='ocr_par' dir='ltr' id='par_1_13' title="bbox 1217 2629 1956 2712">
     <span class='ocr_line' id='line_1_93' title="bbox 1253 2629 1956 2665; baseline 0 -7"><span class='ocrx_word' id='word_1_493' title='bbox 1253 2634 1264 2658; x_wconf 85' lang='lat'><strong>1</strong></span> <span class='ocrx_word' id='word_1_494' title='bbox 1287 2631 1352 2659; x_wconf 90' lang='lat' dir='ltr'>Vide</span> <span class='ocrx_word' id='word_1_495' title='bbox 1373 2631 1520 2659; x_wconf 88' lang='lat' dir='ltr'>Clementis</span> <span class='ocrx_word' id='word_1_496' title='bbox 1535 2631 1591 2658; x_wconf 87' lang='lat' dir='ltr'>VlIl</span> <span class='ocrx_word' id='word_1_497' title='bbox 1612 2630 1702 2658; x_wconf 81' lang='lat' dir='ltr'>Const.</span> <span class='ocrx_word' id='word_1_498' title='bbox 1718 2636 1806 2665; x_wconf 60' lang='lat' dir='ltr'>cerm,</span> <span class='ocrx_word' id='word_1_499' title='bbox 1827 2629 1956 2658; x_wconf 74' lang='lat' dir='ltr'>Romani</span> 
     </span>
     <span class='ocr_line' id='line_1_94' title="bbox 1217 2675 1708 2712; baseline -0.004 -8"><span class='ocrx_word' id='word_1_500' title='bbox 1217 2675 1376 2712; x_wconf 58' lang='lat' dir='ltr'>Pontifices,</span> <span class='ocrx_word' id='word_1_501' title='bbox 1393 2675 1419 2703; x_wconf 88' lang='lat' dir='ltr'>in</span> <span class='ocrx_word' id='word_1_502' title='bbox 1435 2678 1500 2704; x_wconf 87' lang='lat' dir='ltr'>tom.</span> <span class='ocrx_word' id='word_1_503' title='bbox 1521 2683 1549 2712; x_wconf 78' lang='lat' dir='ltr'>x,</span> <span class='ocrx_word' id='word_1_504' title='bbox 1570 2683 1629 2711; x_wconf 83' lang='lat' dir='ltr'>pag.</span> <span class='ocrx_word' id='word_1_505' title='bbox 1646 2675 1708 2703; x_wconf 73' lang='lat'>549.</span> 
     </span>
    </p>
   </div>
   <div class='ocr_carea' id='block_1_11' title="bbox 1960 264 2142 292">
    <p class='ocr_par' dir='ltr' id='par_1_14' title="bbox 1960 264 2142 292">
     <span class='ocr_line' id='line_1_95' title="bbox 1960 264 2142 292; baseline 0.005 -1"><span class='ocrx_word' id='word_1_506' title='bbox 1960 265 2009 292; x_wconf 79' lang='lat' dir='ltr'>An.</span> <span class='ocrx_word' id='word_1_507' title='bbox 2026 264 2054 292; x_wconf 87' lang='lat' dir='ltr'>C.</span> <span class='ocrx_word' id='word_1_508' title='bbox 2076 264 2142 292; x_wconf 81' lang='lat'>1630</span> 
     </span>
    </p>
   </div>
   <div class='ocr_carea' id='block_1_12' title="bbox 1997 2463 2138 2484">
    <p class='ocr_par' dir='ltr' id='par_1_15' title="bbox 1997 2463 2138 2484">
     <span class='ocr_line' id='line_1_96' title="bbox 1997 2463 2138 2484; baseline 0 0"><span class='ocrx_word' id='word_1_509' title='bbox 1997 2463 2138 2484; x_wconf 76' lang='lat' dir='ltr'>Prooemium.</span> 
     </span>
    </p>
   </div>
  </div>
 </body>
</html>
