2226 3235
83 273 131 297 An.
151 270 182 297 C.
202 269 272 298 1630

103 920 218 941 Laurentio
227 919 268 945 epi-

84 952 149 973 scopo
156 946 270 966 Hier-acen-

84 974 116 997 si,
129 975 152 994 ut
161 973 268 994 huiusmo-

85 1000 107 1021 di
138 1002 269 1020 contractum

85 1026 196 1048 observari
239 1026 269 1046 fa-

85 1054 135 1076 eiat.
149 1053 242 1074 mandat.

274 1756 377 1794 'tuum
409 1765 439 1793 et
462 1760 595 1792 aliarum
620 1759 825 1792 ecclesiarum
857 1764 887 1792 ct
918 1760 1032 1792 beneti-

900 268 1042 292 [Rssxxrs

281 323 310 351 et
333 318 474 359 honesta,
501 318 672 361 apostolica
692 317 888 357 auctoritate,
915 320 1041 359 tenore}

280 370 503 415 praesentium,
517 376 671 414 perpetuo
681 371 894 413 approbamus
911 376 940 403 et
954 381 1025 402 con—
1040 367 1042 411 ζ

281 425 454 464 firmamus,
478 424 602 467 illisque
623 424 812 456 inviolabilis
832 424 1022 467 apostolicae

281 477 438 510 firmitatis
462 477 561 510 robur
585 477 768 517 adiicimus,
797 488 970 520 omnesque
995 483 1024 509 et

282 530 422 573 singulos
454 535 518 562 tam
554 529 632 562 iuris
667 540 762 573 quam
793 530 865 563 sacti
901 540 1024 562 necnon

282 583 518 617 solemnitatum
538 593 810 626 quarumcumque
823 583 917 615 etiam
931 593 1026 625 quan-

282 636 397 669 tumvis
413 635 664 668 necessariarum
689 641 719 668 et
743 636 966 678 requisitarum
995 641 1025 667 et

283 689 361 722 alios
385 689 479 722 etiam
504 689 704 732 quantumvis
729 689 950 722 substantiales
971 688 1025 721 de-

283 743 392 782 sectus,
407 742 500 785 siqui
517 741 653 786 desuper
666 741 904 786 quomodolibet
933 741 1026 774 inter-

283 795 427 829 venerint
445 800 499 828 aut
516 795 721 828 intervenisse
745 795 806 828 dici
831 795 879 827 vel
903 795 1024 828 censeri

283 850 414 894 possint,
439 850 632 894 supplemus.

328 903 343 947 ἓ
367 903 397 936 5.
413 903 552 944 Necnon,
569 903 606 936 de
624 902 810 936 venerabilis,
827 901 934 934 fratris
951 902 1027 935 Lau-

284 956 377 989 rentii
391 957 533 1001 episcopi
549 955 755 996 Hieracensis,
772 955 890 988 iurium
907 960 937 988 et
957 966 1027 999 spo-

284 1010 400 1044 liorum
431 1010 464 1043 in
495 1010 613 1043 eisdem
637 1009 744 1052 regnis
767 1019 911 1042 camerae
935 1019 1027 1052 apos-

285 1064 413 1097 stolicae
443 1063 622 1098 debitorum
658 1062 836 1096 collectoris
860 1063 1027 1106 generalis,

285 1118 437 1161 singulari
458 1117 531 1160 fide,
556 1116 734 1161 prudentia,
758 1116 947 1160 integritate,
972 1117 1028 1150 do-

285 1171 386 1204 ctrina
409 1176 440 1204 et
462 1181 571 1204 rerum
596 1170 806 1214 gerendarum
839 1181 898 1203 usu
929 1171 1028 1214 pluri-

285 1236 372 1258 mum
395 1225 428 1258 in
444 1225 577 1258 Domino
591 1224 712 1265 confisi,
736 1224 838 1258 eidem
860 1225 1029 1258 Laurentio

286 1278 440 1312 moderno
469 1283 499 1311 et
522 1288 580 1322 pro
605 1283 749 1321 tempore
774 1278 917 1310 existenti
934 1279 1030 1311 colle-

286 1332 365 1366 ctori
378 1331 568 1372 huiusmodi,
586 1336 620 1365 ut
636 1331 812 1375 praefatum
831 1337 1028 1364 contractum

287 1390 317 1418 et
333 1385 535 1419 concordiam
558 1385 637 1418 iuris
658 1390 689 1417 et
713 1385 786 1418 facti
810 1385 960 1417 remediis
979 1385 1031 1418 ob-

288 1439 417 1479 servari,
442 1444 473 1472 et
496 1449 554 1483 per
585 1439 676 1478 illos,
709 1438 748 1470 ad
782 1449 861 1482 quos
889 1443 1030 1482 spectat,

288 1492 455 1536 adimpleri
464 1492 565 1532 faciat;
577 1502 781 1535 summaeque
792 1492 920 1535 triginta
935 1493 1030 1525 trium

289 1546 423 1578 millium
440 1546 652 1578 cruciatorum
665 1545 854 1585 huiusmodi,
869 1556 905 1578 ac
919 1556 1032 1589 expen-

288 1609 394 1632 sarum
412 1599 663 1632 necessariarum
684 1598 820 1641 desuper
836 1600 988 1631 laetarum
1002 1603 1031 1632 et

288 1653 512 1694 faciendarum⁷
530 1652 709 1685 reddituum
728 1652 846 1684 scilicet
866 1653 1030 1685 ecclesias-

288 1707 433 1748 ticorum,
458 1706 786 1750 archiepiscopatuum
811 1711 841 1738 et
866 1706 1030 1750 episcopa-

289 1815 410 1847 ciorum
434 1813 696 1858 praesentationis
727 1823 783 1846 seu
806 1813 1031 1846 nominationis

289 1867 429 1900 eiusdem
441 1867 526 1910 regis
543 1867 728 1900 divisionem
746 1877 801 1899 seu
818 1867 1031 1910 partitionem,

289 1921 402 1954 auditis
426 1920 662 1965 possessoribus
683 1926 713 1953 et
737 1921 889 1954 interesse
914 1921 1031 1953 haben-

288 1975 371 2008 tibus
396 1975 567 2020 (respectu
593 1985 666 2008 vero
691 1975 866 2009 litterarum
891 1976 1032 2008 eiusdem

290 2029 434 2072 Gregorii
450 2029 704 2073 praedecessoris
717 2029 877 2061 dumtaxat
890 2040 947 2073 pro
964 2031 1032 2061 rata

290 2094 521 2127 quemcumque
538 2083 845 2127 archiepiscopatum
866 2088 894 2115 et
913 2083 1033 2127 episco-

290 2142 409 2181 patum,
423 2137 742 2180 archiepiscoposque
762 2142 789 2169 et
809 2137 982 2180 episcopos⁷
998 2148 1033 2170 ac

291 2191 428 2234 capitula
441 2190 565 2223 sedibus
582 2190 903 2234 archiepiscopalibus
917 2196 943 2223 et
957 2191 1034 2234 epis-

291 2244 454 2287 copalibus
469 2244 650 2276 vacantibus
667 2245 826 2287 tangente)
850 2244 1032 2277 auctoritate
1050 2244 1051 2259 ¹

289 2299 399 2331 nostra
415 2297 516 2337 saciat3
533 2309 591 2341 pro
609 2298 732 2341 reliquo
749 2302 851 2331 aulem
866 2299 944 2331 alios
960 2298 1035 2331 obfi-
1050 2313 1051 2327 i

291 2358 380 2395 gatos
398 2356 554 2395 tangente,
573 2362 630 2395 per
649 2352 903 2396 archiepiscopos
925 2358 954 2385 et
974 2353 1051 2396 epi-1

292 2416 424 2450 scopos,
450 2405 639 2449 sedibusque
664 2404 873 2446 vacantibus¹⁷
896 2406 1051 2449 capitula*

292 2459 531 2499 etsscanonicos,
555 2458 601 2493 uti
633 2469 651 2491 a
679 2459 770 2492 nobis
794 2465 825 2492 et
849 2459 928 2492 Sede
952 2461 1033 2503 Apo-

292 2514 413 2554 stolica,
439 2523 595 2557 quemque
620 2512 651 2545 in
676 2515 731 2546 sua
756 2513 878 2548 civitate
902 2518 932 2548 et
948 2514 1035 2547 dioe-

330 2596 341 2620 1
363 2594 482 2621 Prorsus
508 2593 629 2620 delemus
651 2593 809 2628 particulam
834 2596 860 2621 et
881 2593 1034 2629 importune

292 2638 490 2675 interpositam.
512 2638 603 2665 Potius
623 2642 775 2674 opportune
794 2638 838 2666 hic
857 2638 1035 2667 interiiciere-

293 2688 337 2711 tur
351 2692 446 2720 praep.
463 2691 520 2719 per
539 2685 578 2719 (a.
595 2684 644 2718 T.).

1064 267 1118 291 vni
1140 269 1188 292 rr.
1698 256 1762 290 ’143
1809 268 1857 292 An.
1879 266 1907 292 c.
1930 266 1998 294 1630

1058 317 1142 356 cesi,
1168 316 1347 357 delegatos,
1374 315 1443 355 fiat,
1469 321 1498 348 et
1524 315 1591 347 t'ieri
1617 320 1647 346 ct
1671 316 1800 358 exequi,

1058 370 1143 402 ouini
1168 370 1376 413 appellatione
1403 369 1545 409 remota,
1572 368 1703 407 dcl›eat;
1729 379 1800 400 cuin

1059 424 1256 455 tacultatibus
1281 423 1464 456 necessariis
1490 427 1519 456 ct
1550 423 1747 466 opportunis,
1772 429 1798 455 et

1059 488 1128 510 cum
1148 477 1217 516 hoc,
1237 483 1280 516 ut,
1299 477 1323 508 si
1339 477 1444 519 aliqua
1463 477 1559 509 dubia
1573 487 1678 509 coram
1697 477 1802 519 aliquo

1059 531 1273 574 praefatorum
1299 531 1623 574 archiepiscoporum,
1644 531 1803 574 cpiscopo-

1058 594 1140 623 rum,
1160 584 1206 616 rel
1227 584 1438 627 capitulorum
1460 595 1554 628 super
1579 585 1748 628 partitione
1772 590 1799 616 et

1059 637 1219 669 exactione
1236 637 1417 670 huiusmodi
1435 638 1571 681 desuper
1592 637 1711 671 moveri
1729 648 1802 670 con—

1059 690 1174 732 tigerit,
1195 690 1233 722 ad
1259 690 1405 723 eumdem
1430 691 1643 731 collectorem,
1670 691 1735 723 sine
1761 697 1802 723 ta-

1060 754 1131 776 men
1154 743 1366 776 retardatione
1399 744 1563 777 solutionis
1578 771 1585 784 ,
1610 750 1801 785 recurratur,

1060 803 1090 830 et
1113 797 1266 840 quidquid
1283 797 1321 829 ab
1339 808 1376 830 eo
1397 797 1427 830 in
1452 798 1635 841 praemissis
1652 798 1802 839 decisum,

1061 850 1284 891 terminatum⁷
1309 861 1364 883 seu
1388 851 1464 883 alias
1490 851 1666 884 ordinatum
1693 852 1802 891 suerit,

1051 904 1155 943 illud,
1187 903 1272 936 omni
1305 909 1335 936 et
1366 914 1564 947 quaerunque
1595 906 1803 948 appellatione

1060 959 1194 997 remota,
1219 956 1342 989 debitae
1370 957 1570 1000 exequutioni
1588 957 1801 991 demandetur.

1106 1012 1121 1054 g
1141 1010 1170 1043 6.
1195 1009 1348 1049 Quoniam
1366 1021 1441 1043 vero
1460 1011 1479 1042 ii
1494 1011 1655 1044 dumtaxat
1672 1013 1804 1056 praelati
1884 1025 2003 1047 Eut-usus.

1062 1067 1091 1095 et
1121 1073 1274 1107 personae
1304 1063 1555 1105 ecclesiasticae,
1581 1064 1634 1107 qui
1666 1070 1695 1096 et
1725 1054 2003 1108 quae11‘0'1¹3?3{-5.2't1‘;25i5

1061 1117 1229 1158 ecclesias,
1255 1117 1446 1150 monasteria
1478 1121 1507 1151 et
1533 1117 1684 1150 beneficia
1709 1112 1875 1157 eccle-{2252
1897 1111 2003 1157 «μέλω-ιζ

1063 1171 1185 1204 siastica
1210 1171 1248 1203 de
1273 1171 1525 1214 iurepatrouatus
1550 1171 1647 1215 ipsius
1672 1172 1804 1216 Philippi
1820 1165 1877 1205 [ζῖἶᾷἷῖ
1906 1167 1913 1178 i

1064 1225 1147 1266 regis
1172 1225 1202 1256 in
1229 1224 1345 1257 eisdem
1363 1225 1574 1267 Portugalliae
1591 1230 1620 1257 et
1641 1226 1805 1268 Aigai-bio-

1064 1288 1133 1309 rum
1158 1278 1265 1320 regnis
1289 1277 1460 1321 possident,
1478 1278 1515 1310 ad
1541 1278 1805 1311 contributionem

1064 1341 1119 1363 seu
1136 1331 1325 1363 solutionem
1339 1331 1477 1363 donativi
1492 1331 1618 1374 triginta
1633 1333 1726 1365 trium
1741 1333 1807 1364 mil-

1064 1384 1141 1416 lium
1167 1385 1380 1417 cruciatorum
1415 1389 1578 1426 tenentur⁷
1609 1386 1753 1418 volumus
1777 1391 1807 1418 ct

1065 1438 1175 1471 eadem
1200 1438 1385 1470 auctoritate
1410 1438 1605 1480 mandamus,
1623 1444 1665 1480 ut⁷
1691 1440 1731 1472 ob
1757 1439 1807 1472 de-

1065 1492 1236 1524 sistentium
1262 1502 1319 1535 per
1335 1491 1481 1524 eumdem
1503 1492 1681 1536 Philippum
1699 1504 1807 1536 regem

1064 1546 1177 1577 factam
1195 1545 1233 1577 ab
1252 1545 1461 1589 exequutione
1480 1546 1748 1589 praeinsertarum
1764 1547 1808 1580 tit-

1066 1603 1204 1632 terarum
1222 1604 1402 1632 nostrarum
1418 1599 1609 1640 huiusmodi,
1623 1600 1653 1640 ii,
1671 1611 1807 1644 quorum

1065 1653 1294 1686 ecclesiasticae
1308 1653 1474 1696 dignitates
1492 1664 1546 1686 seu
1563 1654 1716 1687 beneficia
1739 1661 1809 1698 post

1066 1706 1303 1740 concessionem
1336 1707 1602 1750 praeinsertarum
1632 1708 1807 1741 litterarum

1066 1766 1245 1794 nostrarum
1271 1761 1451 1793 huiusmodi
1477 1767 1627 1794 vacarunt
1653 1763 1807 1805 (attento,

1066 1814 1149 1857 quod
1167 1814 1294 1847 eaedem
1319 1815 1530 1857 praeinsertae
1547 1815 1668 1848 litterae
1684 1820 1809 1849 nostrae

1066 1869 1212 1901 omnibus
1236 1868 1407 1907 intimatae,
1433 1872 1462 1902 et
1486 1879 1559 1900 cum
1584 1869 1726 1902 mulctis¹
1751 1881 1808 1914 per

1066 1923 1279 1961 collectorem,
1294 1922 1325 1954 in
1342 1922 1459 1954 eisdem
1477 1922 1679 1965 praeinsertis
1697 1924 1809 1957 litteris

1066 1976 1181 2009 nostris
1195 1975 1363 2019 praedictis
1375 1981 1600 2019 exequutorem
1615 1976 1808 2020 deputatum,

1067 2030 1269 2073 exequutioni
1294 2029 1497 2062 demandatae
1522 2030 1660 2073 suerint),
1687 2031 1807 2074 integre

1067 2083 1245 2126 persolvant
1275 2083 1427 2126 quidquid
1452 2083 1513 2115 iam
1538 2084 1658 2116 ratione
1683 2095 1809 2117 earum-

1068 2136 1138 2169 dem
1153 2137 1420 2179 praeinsertarum
1439 2137 1615 2169 litterarum
1629 2143 1810 2170 nostrarum

1049 2229 1051 2239 4
1068 2191 1189 2223 solvere
1203 2190 1347 2229 debeant,
1365 2194 1404 2229 et,
1426 2191 1578 2235 quidquid
1601 2202 1657 2234 pro
1676 2193 1811 2236 comple-

1069 2250 1174 2277 mento
1185 2255 1325 2276 summae
1337 2245 1466 2287 triginta
1480 2244 1587 2278 trium²
1597 2246 1729 2278 millium
1744 2257 1811 2278 cru-

1069 2299 1221 2331 ciatorum
1241 2298 1422 2331 huiusmodi
1447 2298 1592 2338 desuerit,
1610 2299 1646 2330 iis
1671 2299 1764 2331 modo
1782 2304 1811 2333 et

1069 2353 1169 2385 forma
1188 2363 1243 2395 per
1261 2352 1406 2385 eumdem
1425 2353 1626 2385 collectorem
1644 2353 1811 2393 dirimitur,

1069 2405 1121 2449 qui
1138 2405 1285 2437 iustiores
1310 2405 1355 2437 illi
1380 2405 1588 2441 ridebuntur2
1607 2406 1811 2438 decernentes

1069 2460 1331 2499 collectorem‚ac
1356 2459 1611 2502 archiepiscopos
1636 2465 1663 2491 et
1689 2459 1810 2502 episco-

1068 2524 1135 2556 pos,
1157 2523 1279 2545 necnon
1304 2513 1474 2556 capitulum
1494 2517 1523 2544 et
1540 2512 1707 2545 canonicos
1725 2523 1812 2555 prae-

1069 2568 1157 2609 fatos,
1174 2573 1335 2610 tamquam
1348 2572 1473 2599 nostros
1486 2572 1515 2598 et
1531 2566 1618 2599 Sedis
1632 2566 1812 2610 praedictae

1107 2639 1116 2663 1
1135 2636 1238 2663 Clarius
1249 2636 1363 2671 legimus
1379 2635 1492 2662 mulctis
1508 2644 1588 2671 quam
1604 2637 1703 2663 multis
1717 2637 1755 2670 (a.
1771 2637 1809 2671 T).

1104 2682 1120 2709 2
1135 2681 1205 2709 Edit.
1223 2681 1300 2709 Maio.
1319 2681 1383 2716 legit
1399 2685 1455 2708 tres
1473 2682 1508 2717 (a.
1526 2682 1573 2716 T.).
