2248 3229
228 224 274 250 Λη.
292 225 320 251 C.
344 225 409 252 1637
456 217 519 251 61ss
1008 230 1184 253 BULLARIUM
1212 230 1363 254 ROMANUM

2239 129 2248 164 Ε,

2238 166 2241 212 l

1945 234 1994 259 An.
2011 235 2039 261 c.
2060 234 2124 261 1637
2238 213 2242 274 i

282 2362 351 2382 Reti-rt
382 2365 406 2378 6‘51

225 2392 406 2416 quaept½1‹·*¹·¹¹t)*

223 2418 279 2437 §rial
297 2415 367 2435 smus
379 2412 388 2430 N
401 2429 405 2435 .

424 276 471 307 vel
489 276 518 307 in
540 274 651 318 specie,
673 286 706 307 ac
727 276 811 315 alias,
827 276 856 307 in
875 277 1066 308 contrarium
1086 287 1160 319 quo-
1193 278 1389 320 Apostolicae
1406 277 1602 311 subditorum
1620 281 1845 314 conservationi
1861 292 1929 325 pro-

425 329 595 361 modolibet
620 328 785 368 concessis,
808 329 1000 362 confirmatis
1018 335 1047 361 et
1064 329 1156 362 inno-

425 382 514 420 vatis:
539 381 652 424 quibus
670 381 815 413 omuibus
832 387 861 413 et
879 382 1020 424 singulis,
1039 383 1158 415 etiamsi

423 445 480 477 pro
499 434 623 466 illorum
642 434 804 466 sufficienti
828 434 1031 477 derogatione
1045 435 1081 468 (le
1100 435 1159 467 illis

423 497 595 529 corumque
620 486 692 519 totis
718 487 878 520 tenoribus
901 488 1065 531 specialis,
1091 499 1159 531 spe-

423 538 520 578 citica,
545 549 693 582 expressa
713 545 743 571 et
765 539 932 582 individua,
953 551 988 573 ae
1009 541 1045 572 de.
1065 541 1159 573 verbo

422 591 459 622 ad
474 591 614 633 verbum,
629 601 691 624 non
705 595 808 625 autem
826 603 881 636 per
894 593 1049 625 clausulas
1067 603 1159 636 gene-

421 644 502 676 rales
516 644 597 676 idem
621 644 834 688 importantes,
858 646 974 678 mentio
995 657 1048 679 seu
1070 657 1160 690 quae-

422 697 466 729 vis
491 697 550 729 alia
567 698 727 741 expressio
747 698 889 731 habenda
908 704 960 731 aut
980 699 1081 743 aliqua
1100 700 1159 732 alia

422 750 574 793 exquisita
600 750 699 783 forma
725 751 761 783 ad
787 751 847 784 hoc
877 752 1029 784 servanda
1059 753 1159 792 soret,

421 802 546 835 illorum
581 808 704 836 tenores
740 805 958 848 praesentibus
989 816 1047 849 pro
1076 806 1159 838 suffi-

421 856 538 889 cienter
569 858 725 900 expressis
753 857 919 899 hahentes,
946 858 1005 891 illis
1029 859 1104 892 alias
1130 860 1159 891 in

421 920 476 943 suo
490 910 606 943 robore
619 912 843 954 permansuris,
855 912 913 945 liae
923 913 988 945 vice
1002 912 1157 946 dumtaxat

421 962 598 1006 specialiter
623 969 650 996 et
674 974 819 1008 expresse
846 965 1053 1008 derogamus3
1083 972 1160 999 cete-

420 1016 525 1060 risque
542 1018 707 1050 contrariis
721 1018 982 1062 quibuscumque.

464 1070 575 1103 Datum
603 1072 738 1111 Romae,
761 1072 842 1115 apud
864 1073 892 1106 S.
918 1072 1044 1105 Mariam
1071 1073 1160 1106 Maio—

421 1134 486 1156 rem
502 1151 509 1163 ,
537 1123 595 1156 sub
621 1125 736 1157 annulo
762 1125 950 1167 Piscator-is,
979 1125 1028 1158 die
1049 1126 1158 1158 ultima

420 1178 559 1212 octobris
571 1189 755 1221 uncxxxvu,
773 1180 974 1224 pontificatus
994 1181 1092 1214 nostri
1110 1191 1159 1214 an-

420 1242 460 1264 no
486 1242 537 1265 xv.

455 1293 512 1321 Dat.
531 1293 572 1322 die
589 1295 618 1322 31
638 1295 757 1323 octobris
775 1295 851 1331 1637,
870 1296 963 1331 pontis.
980 1304 1048 1323 anno
1066 1305 1109 1325 xv.

706 1413 872 1446 DLXXXY.

423 1483 644 1526 Confirmatio,
672 1485 813 1516 extensio
838 1489 865 1516 et
890 1483 1067 1516 declaratio
1092 1494 1160 1516 cou-

464 1537 669 1569 stitntiomtm
697 1537 962 1580 apiostolicarztm,
980 1537 1155 1580 prohiben-

466 1590 546 1621 tium
562 1590 716 1631 civitates,
731 1594 836 1622 castra
851 1594 878 1621 et
892 1590 961 1622 alia
977 1594 1040 1622 tam
1063 1591 1160 1622 iuris-

466 1642 659 1675 dictionalia
672 1653 771 1686 quam
788 1653 850 1675 7107?
867 1643 1156 1680 iurisdictionatia,

465 1695 600 1727 stabilia
626 1700 732 1728 tamen.
757 1696 846 1734 bona,
874 1696 911 1728 in
933 1695 1027 1729 Statu
1048 1695 1157 1729 Eccle-

466 1749 594 1780 siastico
620 1749 847 1785 consistentia,
880 1749 1024 1781 alienari
1048 1749 1084 1781 in.
1107 1749 1157 1790 fo-

465 1812 571 1834 renses
596 1803 716 1845 absque
733 1802 824 1836 Sectis
844 1802 1047 1845 Apostoticae
1066 1803 1161 1834 liceu-

466 1855 523 1891 mi,-
544 1859 571 1886 οἰ
597 1855 751 1887 revocatio
768 1866 1047 1898 quarumcumque
1068 1855 1161 1887 licen-

467 1908 587 1939 tiarum
614 1912 642 1940 et
665 1908 858 1950 facultatum
891 1908 1043 1941 adversus
1072 1919 1161 1951 prae-

465 1960 568 1992 dictas
585 1962 827 1994 0021stz't1.1ti022es
845 1972 1063 1994 concessarun‘z
1079 1961 1096 1994 ¹.

625 2032 762 2058 Urbanus
784 2032 862 2065 Papa
882 2033 958 2065 VIII,

551 2075 587 2102 ad
604 2078 778 2109 perpetuam
798 2076 840 2103 rei
861 2077 1042 2103 memoriam.

634 2131 716 2157 Motu
736 2130 864 2164 proprio,
887 2133 944 2157 etc.

466 2191 545 2224 Olim
562 2191 658 2224 felicis
674 2191 900 2224 recordationis
920 2191 1023 2224 Sixtus
1038 2192 1059 2222 Υ
1074 2201 1161 2235 prae-

423 2244 568 2277 decessor
593 2250 708 2285 noster,
734 2250 765 2277 ut
792 2250 865 2278 tunc
882 2255 1010 2278 suorum
1027 2250 1052 2277 et
1073 2244 1160 2277 Sedis

461 2365 469 2390 1
493 2363 688 2391 Alienatiouem
712 2363 843 2390 honorum
867 2362 956 2390 Status
981 2362 1159 2389 Ecclesizistici

422 2410 447 2435 in
469 2418 521 2436 non
543 2408 663 2435 subditos
687 2412 712 2434 et
737 2408 857 2434 forenses
873 2407 1011 2443 prohibuit
1035 2407 1122 2434 Sixtus
1142 2407 1159 2431 V

422 2454 448 2479 in
469 2462 516 2480 sua
536 2454 626 2480 (Tonst.
640 2459 684 2485 ru,
702 2452 881 2486 Sollicitudo,
898 2456 963 2478 tom.
980 2458 1036 2484 viu,
1055 2460 1070 2486 p
1097 2451 1158 2478 580.

423 2498 505 2528 Quam
535 2502 627 2532 postea
650 2497 810 2532 approbavit
834 2496 957 2523 Clemens
981 2496 1036 2523 vul
1061 2497 1087 2522 in
1113 2497 1158 2522 sua

424 2543 513 2568 Coust.
525 2548 603 2568 cem
617 2543 665 2576 tat.
677 2542 741 2575 25⁰)
753 2544 921 2573 Romanum,
933 2545 998 2568 tom.
1014 2548 1041 2574 x,
1054 2550 1080 2576 p.
1094 2541 1159 2573 7·11;

425 2592 450 2612 et
470 2587 605 2621 ampliauit
626 2586 723 2613 Paulus
744 2586 760 2612 V
781 2586 924 2612 Constitut.
946 2592 1002 2613 cccl
1028 2588 1076 2619 gat.
1099 2586 1160 2618 281)

424 2631 590 2664 Paslomle,
612 2634 675 2657 tom.
697 2637 743 2661 xu,
765 2638 824 2665 pag.
846 2630 907 2657 4133.

1193 330 1341 373 spiceret‚
1367 330 1521 371 civitates,
1546 337 1663 373 castra,
1688 334 1811 377 oppida,
1837 334 1928 367 iuris-

1193 382 1355 423 dictiones,
1381 383 1472 416 feuda
1490 389 1519 416 et
1534 384 1617 417 hona
1640 395 1855 430 quaecumque
1873 393 1929 420 sta-

1194 434 1268 466 bilia
1293 446 1346 468 seu
1371 435 1562 476 immobilia,
1588 437 1618 468 in
1643 437 1725 470 dleto
1750 437 1836 471 Statu
1868 440 1924 472 Ee-

1194 487 1366 521 clesiastico
1387 489 1596 529 consistentia,
1614 500 1670 533 per
1689 501 1929 536 quemeumque,

1193 540 1329 572 cuiusvis
1354 546 1460 581 status,
1481 541 1606 584 gradus,
1628 542 1757 584 ordmis,
1775 543 1930 586 qualitatis

1194 599 1223 625 et
1248 593 1434 626 conditionis
1455 594 1607 636 existeret,
1626 595 1745 627 etiamsi
1765 595 1929 639 imperiali,

1194 646 1307 689 regali,
1332 646 1432 679 ducali
1459 647 1504 679 vel
1531 647 1589 680 alia
1615 647 1722 691 quavis
1747 649 1930 682 auctoritate

1193 710 1226 731 ac
1248 699 1408 742 dignitate,
1426 700 1518 732 etiam
1536 701 1744 734 ecclesiastica
1760 712 1838 745 quae
1863 713 1932 746 spo-

1194 753 1303 786 cialem
1330 757 1357 786 et
1384 753 1575 786 individuam
1606 755 1796 789 mentionem
1827 756 1930 799 requi-

1194 812 1287 845 reret,
1312 806 1472 850 praeditus
1497 811 1586 846 esset,
1612 807 1719 848 vendi,
1745 808 1929 852 permutari,

1194 860 1274 893 ultra
1300 859 1468 892 triennium
1494 860 1608 900 locari,
1634 860 1664 892 in
1688 861 1929 905 emphyteusim,

1194 913 1331 953 seudum,
1357 913 1512 955 livellum,
1534 914 1648 957 pignus
1673 925 1727 947 seu
1752 915 1930 958 precarium

1194 966 1321 999 concedi
1343 966 1425 999 sine¹
1445 965 1499 1000 sua
1524 973 1553 999 et
1577 967 1664 1000 Sedis
1681 968 1877 1011 Apostolicae
1894 969 1930 1001 li-

1193 1020 1294 1053 centia
1312 1019 1341 1052 in
1359 1020 1494 1063 aliquam
1521 1020 1787 1061 communitatem,
1811 1021 1931 1053 univer-

1193 1072 1333 1113 sitatem,
1359 1073 1526 1116 collegium
1557 1073 1604 1106 vel
1635 1084 1801 1117 personam
1828 1078 1929 1106 extra-

1193 1136 1283 1158 neam
1302 1136 1355 1158 seu
1377 1126 1543 1167 forensem,
1561 1127 1654 1159 etiam
1671 1131 1705 1161 ut
1719 1127 1931 1171 praemittitur

1194 1179 1433 1221 quomodolibet
1463 1179 1695 1222 qualificatam,
1722 1190 1802 1224 quae
1830 1180 1928 1213 dietae

1194 1231 1265 1264 Sedi
1286 1231 1315 1263 in
1341 1232 1565 1275 temporalibus
1580 1232 1703 1265 subdita
1720 1238 1749 1265 et
1767 1233 1931 1277 supposita

1192 1294 1254 1317 non
1279 1289 1370 1325 esset,
1395 1286 1443 1317 vel
1467 1295 1546 1328 quae
1570 1285 1600 1317 in
1626 1285 1708 1318 dicto
1729 1286 1815 1320 Statu
1834 1286 1931 1320 domi-

1193 1337 1299 1370 cilium
1318 1337 1457 1381 legitime
1481 1348 1544 1372 non
1568 1339 1789 1379 contraxisset;
1808 1340 1929 1383 praedi-

1194 1396 1258 1423 ctas
1283 1401 1357 1424 vero
1383 1391 1541 1431 civitates,
1567 1396 1685 1432 castra,
1707 1392 1840 1436 oppida,
1866 1393 1931 1425 sor-

1195 1443 1290 1476 talitia
1304 1450 1331 1476 et
1349 1444 1408 1476 alia
1425 1454 1641 1487 quaecumque
1663 1444 1931 1486 iurisdictionatia,

1195 1497 1378 1541 praesertim
1398 1497 1540 1538 feudalia,
1555 1502 1615 1531 tam
1633 1497 1664 1530 in
1681 1498 1820 1531 forenses
1837 1493 1930 1542 qua'm

1195 1550 1224 1582 in
1233 1550 1374 1583 subditos
1383 1561 1601 1595 quoscumque
1614 1551 1850 1594 quomodolibet
1860 1562 1932 1595 qua-

1196 1603 1326 1636 lificatos
1351 1603 1452 1645 vendi,
1477 1604 1650 1647 permutari
1675 1615 1710 1637 ae
1727 1604 1848 1645 donari,
1872 1605 1930 1637 nisi

1195 1657 1402 1700 praecedente
1426 1657 1565 1701 praefata
1594 1657 1718 1690 licentia
1741 1657 1930 1702 apostolica,

1194 1710 1375 1753 prohibuit,
1401 1710 1457 1742 sub
1490 1712 1592 1754 poena
1625 1710 1775 1744 nullitatis
1807 1717 1930 1744 contra-

1195 1769 1311 1803 ctuum,
1329 1763 1525 1807 aliorumque
1546 1769 1724 1806 gestorum,
1743 1764 1773 1796 in
1794 1765 1931 1808 praefata

1196 1822 1297 1849 tamen
1323 1817 1535 1861 prohibitione
1560 1828 1660 1861 neque
1685 1828 1810 1858 census,
1831 1828 1932 1862 neque

1195 1870 1306 1909 officia,
1321 1880 1420 1913 neque
1435 1869 1607 1914 portiones,
1617 1881 1670 1902 seu
1686 1870 1838 1903 montium
1853 1871 1930 1912 loca,

1195 1934 1252 1955 nec
1273 1923 1439 1955 mulierum
1465 1923 1564 1963 dotes,
1583 1933 1639 1955 nec
1665 1923 1780 1956 almam
1805 1923 1931 1963 Urbem,

1195 1976 1237 2008 uti
1254 1987 1453 2009 communem
1472 1976 1616 2020 patriam,
1631 1987 1701 2009 cum
1716 1977 1782 2009 eius
1799 1977 1932 2010 circuitu

1195 2030 1231 2062 ad
1254 2029 1360 2062 decem
1384 2029 1480 2062 millia
1495 2040 1655 2073 passuum,
1674 2029 1771 2062 votuit
1791 2041 1933 2074 compre—

1196 2083 1306 2123 hendi,
1333 2082 1414 2116 filios
1439 2088 1541 2115 tamen
1572 2088 1601 2115 et
1633 2083 1784 2115 haeredes
1808 2083 1931 2126 praedi-

1195 2141 1316 2168 ctarum
1341 2136 1520 2176 mulierum,
1545 2135 1647 2169 soluto
1669 2135 1881 2176 matrimonio,
1907 2136 1931 2168 si

1195 2189 1292 2222 exteri
1318 2189 1428 2229 forent,
1453 2188 1618 2221 adstrictos
1643 2199 1708 2221 esse
1738 2188 1818 2221 infra
1842 2189 1934 2221 trien-

1194 2243 1280 2275 nium
1312 2243 1418 2275 venire
1451 2242 1487 2274 ad
1522 2242 1724 2276 habitandum
1757 2242 1788 2274 in
1822 2242 1931 2275 eodem

1195 2297 1279 2331 Statu
1295 2323 1302 2336 ,
1332 2296 1378 2328 vel
1412 2295 1493 2328 bona
1517 2295 1674 2339 praedicta
1702 2295 1732 2327 iu
1757 2295 1852 2328 alium
1878 2307 1933 2329 seu

1195 2351 1272 2383 alios
1298 2349 1490 2382 habitatores
1522 2360 1556 2382 ac
1590 2349 1730 2382 subditos
1763 2350 1932 2382 transferre

1194 2404 1308 2438 statuit.

1239 2458 1252 2501 ἓ
1277 2458 1305 2490 ⁶2.
1332 2457 1448 2490 Deinde
1467 2456 1650 2490 recolendae
1674 2456 1843 2490 memoriae
1865 2456 1931 2490 Cle-

1195 2523 1281 2545 mens
1293 2512 1374 2555 Papa
1385 2511 1459 2552 vul,
1471 2511 1563 2543 etiam
1578 2509 1800 2554 praedecessor
1814 2514 1929 2552 noster,

1194 2565 1336 2597 eamdem
1358 2564 1431 2598 Sixti
1453 2563 1701 2608 prohibitionem
1726 2573 1760 2595 ac
1781 2566 1930 2596 statutum

1232 2629 1239 2653 t
1265 2627 1410 2662 Perperam
1428 2626 1470 2652 ed.
1483 2625 1560 2652 Main.
1573 2625 1637 2660 legit
1655 2626 1682 2651 in
1700 2633 1746 2660 pro
1758 2624 1868 2659 sineta.
1881 2625 1930 2659 τ.).

1969 2465 2063 2485 cinni-ms
2074 2465 2129 2488 VIII.
