2248 3229
883 211 982 237 mna-x
1002 212 1157 238 munus
1681 205 1742 240 781

249 261 338 302 Cum,
359 261 442 295 sicut
462 271 499 296 ex
518 261 633 297 litteris
652 262 759 298 dilecti
782 263 849 306 filii,
870 264 944 298 247.

250 315 340 357 Cum,
363 316 447 350 sicut
466 326 525 361 pro
545 324 636 362 parte
657 318 861 361 dilectorum,
882 318 956 353 538.

248 368 338 410 Cum,
361 369 444 404 sicut
463 371 556 404 nobis
578 371 727 412 innotuit,
757 372 808 406 75».

249 421 341 463 Cum,
364 424 446 457 sicut
463 424 556 458 nobis
576 434 680 469 nuper
701 427 826 470 exponi,
847 427 922 461 198.

249 476 338 517 Cum,
362 477 443 510 sicut
463 478 556 511 nobis
577 488 682 522 nuper
703 480 830 523 exponi,
856 479 930 513 224.

248 530 339 570 Cum,
362 531 446 564 sicut
465 532 559 565 nobis
578 542 684 576 nuper
703 534 832 577 exponi.
855 533 928 566 2:33.

248 584 339 624 Cum,
363 584 445 617 sicut
462 585 556 618 nobis
577 595 682 630 nuper
701 587 828 631 exponi,
851 587 925 620 348.

247 636 337 677 Cum,
359 637 444 671 sicut
464 638 558 671 nobis
578 649 682 683 nuper
704 641 832 684 exponi,
855 640 931 674 607.

247 689 337 731 Cum,
360 691 443 724 sicut
463 692 558 725 nobis
582 702 687 736 nuper
702 693 894 737 expositum,
914 692 988 726 692.

246 744 336 785 Cum,

246 798 336 837 (lum,
352 797 435 831 sicut
448 798 585 832 dilectus
606 798 692 832 filius
709 800 855 839 loannes,
880 800 953 833 750.

246 850 335 888 Cum,
355 850 436 884 sieut
453 861 558 895 nuper
574 852 690 896 exponi
707 852 821 891 fecisti,
841 853 917 886 443.

245 904 334 945 Cum,
361 903 789 950 superioribus'mensibus,
816 907 892 940 485.

246 958 322 990 Cum
351 959 433 993 vices
460 959 554 1001 illius,
583 959 637 1004 qui
664 966 791 1003 regnat,·
817 960 892 994 674.

607 1039 632 1074 D

249 1119 396 1153 Debitum
421 1119 590 1164 pastoralis
615 1120 711 1153 officii
737 1120 841 1159 nobis,
869 1122 921 1154 63.

249 1174 342 1206 Decet
367 1174 549 1206 Romanum
575 1173 776 1213 Pontificem,
805 1175 858 1208 16.

247 1226 342 1259 Decet
367 1226 549 1260 Romanum
576 1226 777 1267 Pontificem,
805 1227 880 1261 200.

358 744 441 777 sicut
466 755 536 785 nos,
564 755 629 778 non
653 746 722 780 sine
750 747 848 789 gravi,
873 747 904 780 2.

245 1279 341 1313 Decet
357 1289 416 1313 nos
433 1289 470 1313 ex
487 1280 657 1324 pastoralis
674 1281 771 1314 oflicii
790 1282 902 1318 nostri,
918 1281 990 1316 748.

246 1334 289 1367 De
314 1333 440 1368 iuribus
464 1335 688 1377 ecclesiarum,
711 1335 787 1369 457.

607 1416 631 1449 F.

247 1496 288 1529 Ex
315 1495 466 1530 clementi
491 1495 583 1530 Sedis
606 1496 822 1540 Apostolicae,
850 1497 902 1529 24.

246 1549 288 1582 Ex
302 1550 466 1583 commissi
480 1549 574 1583 nobis
588 1560 645 1594 per
657 1550 901 1590 abundantiam,
915 1549 990 1583 :to-2.

246 1602 289 1635 Ex
315 1602 424 1636 debito
449 1603 619 1647 pastoralis
643 1603 741 1637 officii
767 1603 874 1644 saluti,
894 1603 970 1637 5320.

245 1655 288 1690 Ex
314 1656 419 1699 dignis
444 1663 474 1690 et
499 1656 712 1690 rationalibus
737 1657 852 1697 causis,
879 1656 954 1689 311.

246 1707 395 1743 Exhibita
418 1719 438 1743 a
461 1709 556 1743 nobis
575 1720 679 1754 nuper
703 1720 762 1754 pro
786 1716 889 1754 parte,
912 1709 988 1743 487.

245 1761 388 1796 Eximius
409 1763 585 1796 maiestatis
610 1769 684 1797 tuae
707 1763 917 1805 orthodoxae,
935 1763 987 1796 :3:3.

246 1815 288 1848 Ex
314 1815 512 1850 incumbenti
538 1816 631 1850 nobis
655 1817 838 1860 apostolici,
866 1817 940 1850 ‘12:3.

246 1867 291 1901 Ex
318 1868 517 1902 incumbenti
544 1869 637 1902 nobis
662 1870 844 1913 apostolici,
869 1869 943 1903 567.

246 1921 289 1954 Ex
316 1921 515 1956 incumbenti
540 1922 634 1955 nobis
659 1923 809 1966 desuper,
837 1922 912 1955 230.

245 1975 288 2007 Ex
304 1975 438 2009 iniuncti
456 1975 551 2009 nobis
564 1975 733 2019 apostolici
747 1975 903 2015 muneris,
917 1976 989 2009 724.

247 2028 368 2072 Exponi
394 2029 487 2063 nobis
512 2040 618 2073 nuper
642 2029 798 2070 fecerunt,
827 2028 879 2062 42.

245 2081 368 2126 Exponi
393 2083 486 2116 nobis
510 2093 615 2127 nuper
639 2083 795 2122 fecerunt,
823 2082 876 2115 50.

246 2135 368 2180 Exponi
393 2136 488 2170 nobis
513 2147 618 2180 nuper
643 2136 801 2175 fecerunt,
824 2135 898 2168 147.

245 2188 367 2233 Exponi
392 2190 485 2223 nobis
509 2200 614 2234 nuper
639 2190 794 2228 fecerunt,
823 2188 898 2222 ⁹2:30.

246 2242 367 2286 Exponi
393 2243 488 2277 nobis
512 2253 618 2287 nuper
643 2243 797 2283 fecerunt,
826 2243 900 2276 ⁶2:3⁸.

245 2295 366 2340 Exponi
392 2297 486 2330 nohis
511 2307 614 2341 nuper
639 2297 794 2337 fecerunt,
824 2296 897 2328 278.

244 2349 367 2394 Exponi
392 2351 486 2384 nobis
511 2361 615 2395 nuper
639 2351 796 2390 fecerunt,
824 2349 898 2382 282).

245 2403 367 2447 Exponi
393 2404 486 2437 nobis
511 2414 615 2448 nuper
639 2404 794 2441 fecerunt,
822 2402 897 2435 451.

245 2457 365 2501 Exponi
392 2457 484 2490 nobis
509 2467 613 2501 nuper
637 2458 791 2493 fecerunt,
819 2456 895 2488 482.

246 2510 368 2554 Exponi
394 2511 488 2544 nobis
511 2521 615 2554 nuper
639 2511 794 2546 fecerunt,
820 2508 894 2541 558.

246 2563 367 2608 Exponi
393 2564 486 2597 nobis
510 2574 614 2608 nuper
640 2564 794 2602 fecerunt,
822 2562 896 2595 5⁸⁸.

247 2617 367 2661 Exponi
395 2618 488 2651 nobis
512 2627 617 2661 nuper
641 2617 796 2652 fecerunt,
825 2615 898 2648 600.

1017 1397 1019 1441 j
1044 1389 1165 1432 Exponi
1190 1390 1284 1423 nobis
1307 1399 1412 1434 nuper
1436 1390 1520 1430 fecit,

1017 1527 1019 1550 ,ἢ
1044 1495 1167 1539 Exponi
1192 1496 1286 1530 nobis
1310 1506 1414 1540 nuper
1438 1496 1522 1536 fecit,

1047 266 1167 311 Exponi
1194 266 1287 300 nobis
1311 276 1416 312 nuper
1439 267 1593 309 fecerunt,
1620 266 1696 302 635.

1047 320 1168 365 Exponi
1192 320 1285 355 nobis
1301 331 1406 366 nuper
1423 322 1498 355 secit
1514 321 1733 363 charissimus,
1751 322 1784 356 4.

1048 373 1170 418 Exponi
1188 374 1282 409 nobis
1299 385 1404 420 nuper
1424 375 1497 409 fecit
1516 375 1720 416 venerabilis,
1736 375 1788 408 23.

1047 427 1168 471 Exponi
1194 428 1288 462 nobis
1313 439 1416 473 nuper
1442 429 1516 462 fecit
1540 429 1686 470 dilectus,
1709 428 1764 462 41.

1046 479 1168 524 Exponi
1183 481 1276 515 nobis
1293 492 1397 526 nuper
1411 482 1484 515 fecit
1498 481 1716 523 charissimus,
1732 481 1786 515 43.

1046 533 1167 578 Exponi
1185 535 1278 568 nobis
1295 545 1401 580 nuper
1417 536 1489 569 feeit
1506 535 1709 577 venerabilis,
1731 534 1786 570 50.

1046 587 1167 631 Exponi
1193 588 1288 621 nobis
1312 598 1418 632 nuper
1442 589 1516 623 fecit
1540 589 1687 629 dilectus,
1715 588 1768 623 55.

1047 641 1167 685 Exponi
1194 642 1287 676 nobis
1312 653 1418 687 nuper
1442 643 1527 684 fecit,
1555 642 1608 677 68.

1046 694 1166 738 Exponi
1192 696 1285 729 nobis
1310 706 1416 740 nuper
1441 696 1526 736 serit,
1555 696 1608 730 71.

1046 749 1168 793 Exponi
1193 750 1288 784 nobis
1311 760 1417 794 nuper
1441 751 1526 792 fecit,
1549 750 1627 784 103.

1046 802 1166 846 Exponi
1192 803 1285 837 nobis
1310 813 1415 848 nuper
1439 804 1522 843 fecit,
1552 804 1627 838 187.

1045 855 1166 899 Exponi
1192 857 1285 890 nobis
1310 867 1414 901 nuper
1438 857 1521 897 feeit,

1045 908 1165 953 Exponi
1191 910 1285 944 nobis
1309 920 1414 955 nuper
1438 911 1521 950 feeit,

1046 961 1167 1005 Exponi
1193 963 1286 998 nobis
1310 973 1415 1007 nuper
1439 964 1524 1005 fecit,

1046 1014 1167 1059 Exponi
1193 1016 1288 1060 nopis
1311 1026 1416 1061 nuper
1441 1017 1525 1057 fecit,

1046 1068 1166 1113 Exponi
1192 1070 1285 1103 nobis
1310 1079 1414 1114 nuper
1440 1071 1522 1110 fecit,

1046 1122 1166 1166 leponi
1192 1123 1286 1157 nobis
1309 1134 1414 1167 nuper
1438 1124 1524 1165 fecit,

1045 1175 1167 1219 Exponi
1191 1176 1285 1210 nobis
1309 1187 1414 1220 nuper
1438 1177 1523 1217 fecit,

1045 1229 1167 1273 Exponi
1192 1230 1286 1263 nobis
1310 1241 1414 1274 nuper
1438 1231 1523 1271 fecit,

1045 1282 1166 1326 Exponi
1192 1283 1285 1317 nobis
1309 1293 1413 1328 nuper
1436 1284 1521 1324 fecit,

1044 1335 1166 1379 Exponi
1192 1337 1286 1370 nobis
1310 1347 1414 1381 nuper
1438 1337 1522 1378 feeit,

1550 856 1625 891 225.

1549 910 1626 944 287.

1551 963 1626 998 318.

1553 1016 1628 1051 352.

1550 1070 1625 1104 456.

1551 1124 1626 1157 406.

1550 1176 1626 1210 409.

1551 1229 1624 1263 526.

1548 1282 1624 1317 5:35.

1550 1336 1627 1371 565.

1549 1389 1625 1423 605.

1549 1442 1625 1476 6-25.

1550 1496 1626 1530 593.

1045 1548 1166 1592 Exponi
1192 1549 1286 1583 nobis
1310 1559 1415 1593 nuper
1439 1549 1525 1589 fecit,
1554 1548 1629 1584 634.

1045 1603 1166 1646 Exponi
1192 1603 1285 1636 nobis
1309 1613 1413 1647 nuper
1437 1603 1522 1644 fecit,
1550 1603 1626 1637 661.

1045 1656 1166 1700 Exponi
1192 1656 1284 1689 nobis
1308 1667 1412 1701 nuper
1436 1657 1521 1697 fecit,
1550 1657 1624 1690 717.

1044 1442 1166 1486 Exponi
1191 1443 1284 1477 nobis
1309 1453 1413 1488 nuper
1438 1443 1521 1483 fecit,

1044 1709 1229 1753 Expositum
1256 1709 1349 1744 nobis
1374 1719 1479 1754 nuper
1505 1710 1572 1752 suit,
1597 1709 1673 1743 344.

1044 1762 1198 1806 Exposuit
1222 1762 1316 1796 nobis
1341 1762 1558 1803 charissimus,
1586 1762 1661 1796 301.

1045 1815 1198 1859 Exposuit
1221 1815 1315 1849 nobis
1338 1825 1444 1860 nuper
1468 1816 1615 1856 dilectus,
1642 1815 1717 1849 5-27.

1044 1868 1197 1912 Exposuit
1222 1868 1314 1902 nobis
1339 1879 1443 1913 nuper
1467 1869 1614 1909 dilectus,
1642 1868 1718 1902 566.

1045 1922 1085 1954 Ex
1107 1932 1171 1965 quo
1193 1922 1336 1965 regimen
1358 1922 1497 1956 univers.
1518 1922 1688 1960 Ecclesiae,
1708 1921 1783 1955 519.

1405 2001 1427 2034 F

1045 2080 1140 2114 Felici
1166 2090 1203 2114 ae
1227 2091 1385 2125 prospero
1411 2081 1550 2124 collegii,
1578 2080 1654 2114 ⁴102.

1045 2133 1139 2167 Felici
1165 2144 1201 2167 ac
1226 2144 1384 2178 prospero
1408 2134 1629 2175 ecclesiarum,
1656 2133 1731 2168 ⁴105.

1402 2214 1426 2248 G

1043 2295 1154 2334 Greeis
1179 2295 1337 2329 Dominici
1362 2295 1543 2329 animarum
1567 2295 1678 2337 saluti,
1705 2295 1780 2330 61-2.

1042 2349 1154 2389 Greeis
1179 2349 1335 2383 Dominici
1361 2360 1438 2383 cura
1462 2360 1480 2383 a
1503 2349 1677 2391 Sati-aiore,
1704 2349 1780 2383 178.

1399 2430 1423 2463 ΙΙ

1016 2491 1017 2496 ¹
1043 2509 1154 2549 llodie,
1179 2519 1237 2553 per
1262 2509 1339 2542 alias
1364 2514 1489 2543 nostras
1516 2510 1547 2542 in
1571 2509 1680 2550 simili,
1704 2509 1779 2543 199.

1042 2563 1143 2596 llodie
1168 2572 1227 2606 pro
1252 2568 1342 2607 parte
1367 2562 1559 2604 charissimi,
1587 2562 1661 2597 327.

1014 2603 1017 2639 l
1042 2616 1143 2650 nodie
1169 2626 1228 2659 pro
1253 2622 1343 2659 parte.
1368 2616 1572 2657 dilectorum,
1600 2615 1674 2651 483.
