2248 3229
215 245 267 273 An.
285 245 313 273 c.
331 245 399 273 1634
443 236 508 271 380

270 572 397 599 Deponunt

216 605 275 620 onus.

288 891 398 912 Contran-

215 918 295 938 cientes
330 918 397 943 poena

215 949 395 965 exeommunica—

214 971 278 992 tionis
292 972 386 992 mulctat,

261 2011 404 2033 Conductores

220 2038 249 2060 ad
279 2038 404 2059 solutionem

220 2065 339 2092 adstringit.

414 295 578 337 obligatos,
604 294 684 326 intra
708 293 790 326 diem
815 292 926 325 festum
947 292 976 326 S.
995 291 1154 325 Michaelis

413 347 595 390 archangeli
621 345 787 379 cuiuslibet
810 345 882 378 anni
902 345 976 378 dicti
1001 344 1152 386 decennii,

413 411 430 433 a
443 401 585 444 proxime
598 404 730 432 venturo
744 398 933 443 incipiendo,
946 397 996 431 ac¹
1012 407 1154 431 camerae

413 453 591 497 praedictae
605 457 635 486 et
656 453 740 486 illius
753 452 945 496 depositario
959 452 1097 495 generali
1116 451 1153 483 ad

413 506 443 538 id
457 505 674 539 constituendo
689 506 816 539 omnino
829 506 974 539 volumus
987 505 1123 549 persolvi
1134 504 1152 537 ².

457 559 473 602 g
496 559 526 591 4.
551 559 698 592 Eiusdem
729 569 803 592 vero
829 558 1012 602 depositarii
1041 568 1154 591 munus

414 611 473 644 erit
496 612 604 645 sedulo
629 623 752 653 curare,
781 617 814 645 ut
837 611 988 656 quidquid
1012 612 1156 655 pecunia-

415 675 485 698 rum
503 675 539 698 ex
564 667 667 698 annu-St
693 661 847 698 solutiOne
873 665 1053 698 huiusmodi
1071 665 1155 698 colli-

414 723 515 761 getur,
534 719 564 751 id
584 719 751 761 diligenter
768 729 804 752 ac
820 718 955 751 fideliter
968 722 1154 759 asservetur,

414 771 451 804 de
468 771 614 805 mandato
639 777 747 806 nostro
772 772 899 816 speciali
926 772 957 804 in
980 771 1156 815 praedictos

413 835 489 857 usus
513 825 688 868 dumtaxat,
714 836 772 859 nec
796 826 880 868 alias,
907 826 1110 869 erogandum.

459 878 473 921 ἓ
487 877 515 911 5.
527 878 721 922 Quicumque
734 889 810 912 vero
820 889 956 912 annuam
968 879 1155 912 solutionem

414 932 595 966 huiusmodi
614 933 701 966 nullo
726 933 831 973 modo,
849 933 897 966 vel
922 943 985 966 non
1015 933 1155 976 integre,

415 985 557 1026 scienter,
568 990 692 1019 autnon
706 985 879 1019 secundum
893 996 1002 1019 verum
1018 996 1156 1019 annuum

415 1039 572 1081 valorem,
599 1040 769 1081 fructuum,
797 1039 987 1079 reddituum,
1013 1050 1153 1083 proven-

414 1098 512 1135 tuum,
533 1093 661 1134 iurium,
690 1094 935 1133 obventionum,
961 1093 1156 1127 distributio-

414 1157 490 1179 num
522 1152 552 1180 et
582 1147 891 1190 emolumentorum,
925 1147 1018 1180 etiam
1052 1147 1156 1180 medio

414 1199 604 1242 iuramento,
625 1199 711 1232 iuxta
734 1200 766 1232 id
790 1199 875 1243 quod
898 1210 916 1232 a
940 1200 1157 1244 quinquennio

414 1252 501 1293 citra,
519 1253 544 1285 si
567 1263 624 1297 per
649 1257 768 1286 tantum
796 1257 916 1296 tempus
941 1252 1057 1285 fuerint
1082 1263 1156 1297 pos-

414 1317 562 1348 sessores,
580 1307 627 1339 sin
644 1307 757 1348 minus,
777 1317 835 1350 pro
849 1312 992 1350 tempore
1010 1317 1072 1350 quo
1089 1317 1158 1350 pos-

414 1360 552 1394 sederint
574 1360 837 1402 denunciandum,
860 1371 923 1393 non
948 1365 1052 1393 autem
1073 1360 1157 1393 iuxta

415 1417 517 1447 taxam
530 1413 681 1446 hactenus
696 1413 892 1447 observatam
903 1413 1156 1457 exprimendum,

414 1467 462 1499 vel
476 1466 677 1500 concordiam
688 1460 759 1500 cum
772 1469 896 1500 camera
909 1466 1069 1510 praedicta
1085 1477 1156 1500 eum

414 1520 591 1553 interventu
616 1520 720 1553 dilecti
748 1520 803 1553 filii
836 1520 920 1553 illius
948 1520 1157 1553 commissarii

415 1574 592 1617 ineundam,
608 1574 639 1606 in
656 1574 860 1618 praescriptis
874 1574 1017 1607 terminis
1031 1584 1095 1607 non
1109 1584 1158 1607 ex-

414 1626 584 1668 hibuerint,
606 1637 661 1660 seu
684 1627 716 1659 in
738 1627 865 1660 illorum
883 1627 1074 1660 exhibitione
1092 1638 1157 1660 ma-

415 1680 512 1713 litiam
531 1681 748 1714 commiserint
766 1681 815 1713 vei
839 1680 994 1721 fraudem,
1013 1681 1158 1714 ecclesia-

415 1745 486 1780 rum
504 1734 656 1768 antistites
674 1734 894 1778 suspendimus
907 1746 924 1766 a
937 1734 1059 1776 divinis,
1075 1734 1159 1778 capi-

416 1781 580 1830 tulavero,
599 1794 770 1821 conventus
791 1793 821 1820 et
837 1787 970 1830 collegia
988 1798 1157 1830 quaecum-

416 1851 477 1884 que
502 1841 713 1874 ecclesiastico
738 1840 904 1874 interdicto
929 1841 1158 1884 supponimus,

417 1905 454 1928 ac
470 1894 645 1937 singulares
662 1904 812 1938 personas
832 1894 968 1927 antistite
994 1894 1159 1928 inferiores

420 1949 752 1982 excommunicationis
770 1949 920 1982 sententia
941 1948 1137 1982 innodamus.

465 2001 522 2046 gf).
537 2002 680 2036 Ceterum
694 2002 732 2034 ad
746 2002 939 2046 praedictam
955 2010 1092 2035 annuam
1110 2013 1160 2035 so-

419 2056 571 2090 lutionem
581 2056 832 2100 consequendam
843 2057 1054 2100 praecipimus
1067 2056 1159 2089 etiam

420 2111 566 2144 omnibus
580 2111 834 2152 conductoribus,
849 2110 1021 2143 censuariis
1038 2116 1068 2143 et
1082 2111 1162 2144 loca-

420 2165 507 2197 tariis
534 2164 775 2208 proprietatum,
803 2164 962 2197 fructuum
987 2169 1017 2196 et
1044 2164 1160 2197 iurium

419 2218 665 2262 praedictorum,
683 2218 776 2251 etiam
800 2217 981 2251 huiusmodi
1004 2217 1161 2262 pensioni-

419 2271 478 2304 bus
509 2276 733 2311 oneratorum,
762 2276 796 2304 ut
826 2276 994 2314 utramque
1025 2280 1161 2303 annuam

420 2325 609 2359 solutionem
632 2324 759 2358 nomine
783 2324 985 2358 dominorum
1014 2335 1050 2358 ac
1079 2334 1159 2368 pen-

419 2379 642 2421 sionariorum,
659 2378 698 2411 ad
722 2382 905 2422 computum
932 2388 1005 2411 suae
1030 2378 1162 2422 quisque

419 2432 605 2473 locationis,
630 2431 776 2465 omnibus
800 2442 875 2465 vero
904 2431 1162 2475 possessoribus,

420 2485 661 2518 usufructuariis
685 2490 715 2518 et
739 2485 807 2518 aliis
842 2485 1008 2529 pensiones
1042 2485 1162 2518 solvere

421 2538 615 2581 debentibus,
635 2544 670 2572 ut
686 2539 745 2583 ipsi
762 2539 854 2573 etiam
875 2539 1041 2583 pensiones
1060 2538 1163 2572 liuius-

458 2611 470 2637 1
488 2610 645 2638 coniunctio
660 2619 693 2639 ac
708 2610 823 2638 delenda
839 2611 876 2647 (a.
894 2612 944 2644 T.).

456 2653 473 2682 Ξ
486 2655 581 2684 Potius
594 2655 654 2691 tege
664 2656 843 2691 persolvisse,
860 2659 889 2683 ut
902 2663 963 2692 pag.
976 2655 1027 2683 194
1038 2663 1054 2683 a
1066 2656 1156 2691 (ΜΕ).

994 243 1173 268 BULLARIUM
1195 243 1351 267 ROMANUM

1187 290 1295 324 modi¹
1319 290 1447 323 nomine
1478 291 1750 334 pensionariorum
1783 300 1925 325 camerae

1188 349 1218 377 et
1242 343 1465 377 collectoribus
1495 354 1550 376 scu
1574 344 1853 378 subcollectoribus
1877 344 1928 377 de-

1187 398 1302 441 putatis
1322 407 1378 430 seu
1394 397 1580 441 deputandis
1600 397 1722 440 integre
1738 397 1926 440 persolvant.

1232 451 1247 494 g
1278 451 1306 483 7.
1339 451 1548 484 Decernentes
1576 460 1710 483 annuam
1740 450 1926 484 solutionem

1188 622 1259 644 rum
1277 616 1307 644 et
1323 611 1439 644 realem
1460 612 1598 644 valorem
1622 621 1761 643 annuum
1780 614 1815 643 ut
1842 619 1930 653 prae·

1188 666 1287 698 fertur
1311 664 1548 707 verificandum,
1571 665 1619 698 vel
1639 665 1747 697 saltem
1773 664 1858 697 iuxta
1886 666 1929 697 ta-

1189 729 1256 751 xam
1278 718 1316 751 de
1330 728 1391 761 qua
1405 728 1476 751 cum
1493 717 1614 751 dilectis
1627 717 1700 751 filiis
1717 717 1833 750 nostris
1854 716 1929 760 Hip-

1188 773 1294 816 polyto
1306 771 1334 805 S.
1343 767 1502 805 Eustachii
1512 771 1644 804 diacono
1654 770 1804 804 cardinali
1813 770 1842 804 S.
1850 770 1884 803 R.
1895 769 1927 802 E.

1190 825 1364 859 camerario
1390 836 1425 858 ac
1448 829 1557 859 nostro
1582 830 1612 858 et
1637 834 1780 858 camerae
1804 823 1929 867 praedi-

1189 884 1256 912 ctae
1274 879 1470 912 thesaurario
1490 878 1630 922 generali
1650 888 1722 911 cum
1752 877 1929 910 interventu

1190 933 1398 966 commissarii
1417 937 1449 965 ut
1465 932 1642 976 praefertur
1661 929 1929 972 concordaverint,

1190 996 1310 1019 annuae
1342 985 1506 1019 solutionis
1534 985 1716 1018 huiusmodi
1745 984 1928 1018 collectores

1190 1051 1244 1073 seu
1276 1040 1523 1073 subcollectores
1553 1039 1731 1083 praedictos
1765 1048 1782 1071 a
1816 1037 1930 1082 quibus

1190 1093 1317 1126 libuerit
1341 1093 1463 1136 integre
1487 1092 1631 1135 exigendi
1655 1091 1815 1136 optionem
1839 1091 1932 1124 facul-

1190 1151 1349 1190 tatemque
1372 1146 1499 1187 habere,
1525 1156 1626 1189 neque
1650 1145 1730 1178 ullas
1755 1145 1932 1178 immunita-

1190 1204 1236 1233 tes
1261 1204 1290 1234 et
1314 1199 1538 1244 exemptiones,
1563 1199 1655 1232 etiam
1681 1210 1718 1232 ex
1739 1200 1832 1232 causa
1856 1199 1932 1232 resi-

1190 1253 1357 1295 gnationis,
1376 1252 1525 1286 cessionis
1539 1252 1627 1294 iuris,
1645 1252 1842 1294 concordiae,
1861 1261 1932 1285 con-

1191 1306 1354 1347 ventionis,
1380 1306 1628 1350 compositionis,
1656 1312 1709 1339 aut
1732 1316 1931 1350 quacumque

1190 1360 1250 1393 alia
1274 1360 1361 1403 gravi
1387 1365 1417 1393 et
1442 1362 1576 1394 onerosa
1600 1360 1764 1393 occasione
1784 1370 1934 1403 quocum-

1191 1424 1251 1457 que
1276 1413 1370 1447 modo
1396 1423 1561 1446 concessas
1591 1418 1621 1446 et
1654 1413 1780 1446 interim
1814 1422 1929 1446 conce-

1191 1467 1307 1500 dendas
1324 1495 1332 1509 ,
1357 1467 1511 1510 integram
1538 1466 1726 1499 solutionem
1752 1465 1932 1499 huiusmodi

1192 1521 1335 1554 minuere
1352 1521 1400 1554 vel
1424 1520 1588 1564 impedire,
1605 1530 1708 1564 neque
1724 1529 1933 1563 possessores,

1192 1574 1451 1614 usufructuarios,
1469 1578 1522 1607 aut
1545 1573 1620 1606 alias
1644 1583 1795 1617 personas
1814 1572 1935 1617 pensio-

1192 1638 1246 1660 nes
1270 1627 1452 1661 huiusmodi
1478 1628 1599 1660 solvere
1625 1626 1784 1667 debentes,
1813 1626 1933 1659 etiamsi

1193 1681 1251 1725 ipsi
1276 1681 1337 1714 iuri
1354 1686 1384 1714 et
1400 1681 1515 1714 actioni
1538 1680 1691 1725 petendae
1706 1680 1755 1713 vel
1768 1680 1935 1714 detrahen-

1193 1735 1250 1767 dae
1270 1735 1318 1768 vel
1338 1734 1518 1768 retinendae
1543 1734 1698 1778 portionis
1715 1739 1745 1766 et
1762 1739 1848 1767 ratae
1867 1744 1936 1778 par-

1194 1788 1232 1820 tis
1255 1787 1473 1831 pensionarios
1498 1787 1708 1830 contingentis
1732 1786 1935 1820 iureiurando

1194 1842 1447 1874 renunciaverint
1466 1846 1559 1884 atque
1582 1851 1620 1874 ex
1643 1841 1745 1874 forma
1765 1841 1865 1874 dictae
1889 1850 1936 1874 ca-

1195 1906 1300 1929 merae
1325 1895 1519 1939 amplissima
1535 1895 1684 1936 caverint,
1709 1894 1804 1928 modo
1828 1894 1934 1938 aliquo

1195 1950 1340 1993 obligari,
1359 1960 1462 1994 neque
1487 1949 1525 1982 ad
1549 1949 1581 1982 id
1604 1959 1663 1994 pro
1687 1949 1770 1983 dicto
1792 1952 1936 1992 tempore

1195 2003 1365 2045 constringi
1384 2013 1493 2047 posse;

1240 2058 1254 2100 ξ
1279 2056 1307 2090 8.
1333 2057 1447 2090 Omnes
1463 2067 1538 2090 vero
1559 2056 1770 2090 confessiones
1793 2061 1824 2089 et
1847 2056 1935 2100 quie-

1195 2111 1306 2143 tantias
1320 2110 1510 2154 receptionis
1523 2120 1643 2143 annuae
1660 2109 1824 2143 solutionis
1837 2120 1854 2142 a
1865 2120 1937 2154 pro-

1196 2163 1394 2196 curatoribus
1420 2169 1450 2195 et
1474 2163 1627 2196 ministris
1651 2172 1794 2196 camerae
1816 2162 1937 2206 praedi-

1196 2222 1272 2259 ctae,
1283 2222 1345 2249 tam
1359 2216 1614 2257 conductoribus,
1628 2216 1800 2249 censuariis
1814 2221 1845 2249 et
1857 2216 1937 2249 loca-

1196 2270 1283 2303 tariis
1299 2270 1426 2303 nomine
1445 2281 1574 2303 suorum
1592 2270 1826 2315 principalium,
1843 2281 1937 2314 quam

1196 2324 1289 2357 etiam
1313 2324 1399 2367 ipsiS,
1417 2335 1539 2357 necnon
1556 2324 1799 2368 possessoribus,
1817 2324 1938 2357 usufru-

1196 2378 1334 2419 ctuariis,
1354 2383 1383 2410 et
1403 2378 1470 2411 aliis
1494 2379 1662 2422 pensiones
1686 2378 1807 2412 solvere
1827 2378 1939 2412 deben-

1197 2429 1278 2462 tibus
1302 2429 1430 2462 nornine
1454 2430 1727 2473 pensionariorum
1760 2429 1937 2469 faciendas,

1196 2483 1327 2527 perinde
1351 2483 1465 2526 valere,
1486 2488 1579 2527 atque
1602 2483 1635 2516 in
1659 2483 1774 2517 iudicio
1799 2487 1829 2517 et
1852 2487 1938 2516 extra

1232 2565 1245 2590 1
1266 2564 1356 2591 Potius
1379 2564 1524 2599 legendum
1543 2564 1670 2592 decimas
1687 2563 1863 2598 pensionum
1882 2563 1937 2591 hu-

1196 2608 1339 2644 iusmodi,
1362 2612 1392 2636 ut
1410 2617 1492 2645 supra
1510 2616 1571 2644 pag.
1594 2608 1643 2636 194
1664 2607 1693 2643 b,
1714 2610 1741 2635 et
1760 2606 1834 2642 alibi,
1856 2615 1888 2635 ex
1908 2614 1934 2642 g.

1198 2657 1262 2681 tom.
1282 2661 1331 2689 xii,
1351 2662 1412 2690 pag.
1429 2654 1478 2682 461
1495 2655 1533 2690 (n.
1550 2654 1600 2689 τ.).

1942 242 1992 269 An.
2009 241 2039 270 C.
2056 241 2125 271 1634

1996 462 2055 483 quta
2070 462 2127 482 valo-

1187 504 1357 546 sructuum,
1372 504 1562 544 reddituum,
1576 508 1786 548 proventuum
1807 508 1836 536 et
1849 503 1926 536 alio·
1942 495 1985 536 (2¹1⁰
2001 490 2129 537 vssinfflii'i'!

1188 568 1256 590 runi
1287 557 1404 590 iurium
1434 557 1668 601 praedictorum
1690 556 1862 590 secundum
1881 567 1928 589 ve·
1943 545 1986 590 '2¹35‘
2005 542 2128 564 ”mmm

2001 2061 2134 2087 Quietauuae

1951 2089 2049 2117 probant.
