<?xml version="1.0" encoding="UTF-8"?>
<!DOCTYPE html PUBLIC "-//W3C//DTD XHTML 1.0 Transitional//EN"
    "http://www.w3.org/TR/xhtml1/DTD/xhtml1-transitional.dtd">
<html xmlns="http://www.w3.org/1999/xhtml" xml:lang="en" lang="en">
 <head>
  <title>
</title>
<meta http-equiv="Content-Type" content="text/html;charset=utf-8" />
  <meta name='ocr-system' content='tesseract 3.04.00' />
  <meta name='ocr-capabilities' content='ocr_page ocr_carea ocr_par ocr_line ocrx_word'/>
</head>
<body>
  <div class='ocr_page' id='page_1' title='image "./bullarumdiplomat14cath_0512.png"; bbox 0 0 2248 3229; ppageno 0'>
   <div class='ocr_carea' id='block_1_1' title="bbox 262 223 556 261">
    <p class='ocr_par' dir='ltr' id='par_1_1' title="bbox 262 223 556 261">
     <span class='ocr_line' id='line_1_1' title="bbox 262 223 556 261; baseline 0 -3"><span class='ocrx_word' id='word_1_1' title='bbox 262 230 312 259; x_wconf 81' lang='lat' dir='ltr'>An.</span> <span class='ocrx_word' id='word_1_2' title='bbox 329 232 358 259; x_wconf 85' lang='lat' dir='ltr'>c.</span> <span class='ocrx_word' id='word_1_3' title='bbox 377 232 446 261; x_wconf 83' lang='lat'><strong>1634</strong></span> <span class='ocrx_word' id='word_1_4' title='bbox 490 223 556 258; x_wconf 70' lang='lat'>430</span> 
     </span>
    </p>
   </div>
   <div class='ocr_carea' id='block_1_2' title="bbox 261 506 445 612">
    <p class='ocr_par' dir='ltr' id='par_1_2' title="bbox 301 506 390 533">
     <span class='ocr_line' id='line_1_2' title="bbox 301 506 390 533; baseline -0.011 -6"><span class='ocrx_word' id='word_1_5' title='bbox 301 506 352 533; x_wconf 74' lang='lat' dir='ltr'>Cap.</span> <span class='ocrx_word' id='word_1_6' title='bbox 367 506 390 526; x_wconf 68' lang='lat' dir='ltr'>ll⁴</span> 
     </span>
    </p>

    <p class='ocr_par' dir='ltr' id='par_1_3' title="bbox 261 532 445 612">
     <span class='ocr_line' id='line_1_3' title="bbox 308 532 445 553; baseline 0 -1"><span class='ocrx_word' id='word_1_7' title='bbox 308 540 317 552; x_wconf 81' lang='lat' dir='ltr'>e</span> <span class='ocrx_word' id='word_1_8' title='bbox 338 532 445 553; x_wconf 58' lang='lat' dir='ltr'>sodalibus</span> 
     </span>
     <span class='ocr_line' id='line_1_4' title="bbox 264 560 430 580; baseline -0.006 -1"><span class='ocrx_word' id='word_1_9' title='bbox 264 560 283 579; x_wconf 89' lang='lat' dir='ltr'>in</span> <span class='ocrx_word' id='word_1_10' title='bbox 302 560 354 580; x_wconf 74' lang='lat' dir='ltr'>hanc</span> <span class='ocrx_word' id='word_1_11' title='bbox 375 566 430 578; x_wconf 53' lang='lat' dir='ltr'>suu-ie</span> 
     </span>
     <span class='ocr_line' id='line_1_5' title="bbox 261 588 444 612; baseline 0 -7"><span class='ocrx_word' id='word_1_12' title='bbox 261 588 326 607; x_wconf 62' lang='lat' dir='ltr'>taum</span> <span class='ocrx_word' id='word_1_13' title='bbox 346 588 444 612; x_wconf 64' lang='lat' dir='ltr'>cooptan-</span> 
     </span>
    </p>
   </div>
   <div class='ocr_carea' id='block_1_3' title="bbox 435 279 1201 2450">
    <p class='ocr_par' dir='ltr' id='par_1_4' title="bbox 461 279 1199 420">
     <span class='ocr_line' id='line_1_6' title="bbox 461 279 1199 325; baseline -0.001 -11"><span class='ocrx_word' id='word_1_14' title='bbox 461 281 514 325; x_wconf 88' lang='lat' dir='ltr'>qui</span> <span class='ocrx_word' id='word_1_15' title='bbox 539 291 652 324; x_wconf 84' lang='lat' dir='ltr'>nempe</span> <span class='ocrx_word' id='word_1_16' title='bbox 677 290 735 323; x_wconf 91' lang='lat' dir='ltr'>pro</span> <span class='ocrx_word' id='word_1_17' title='bbox 760 280 842 311; x_wconf 83' lang='lat' dir='ltr'>virili</span> <span class='ocrx_word' id='word_1_18' title='bbox 860 279 926 312; x_wconf 86' lang='lat' dir='ltr'>eius</span> <span class='ocrx_word' id='word_1_19' title='bbox 950 279 1199 313; x_wconf 80' lang='lat' dir='ltr'>disseminandae</span> 
     </span>
     <span class='ocr_line' id='line_1_7' title="bbox 461 333 1198 378; baseline 0 -11"><span class='ocrx_word' id='word_1_20' title='bbox 461 334 582 378; x_wconf 82' lang='lat' dir='ltr'>gloriae</span> <span class='ocrx_word' id='word_1_21' title='bbox 606 338 676 366; x_wconf 90' lang='lat' dir='ltr'>sunt</span> <span class='ocrx_word' id='word_1_22' title='bbox 696 338 846 374; x_wconf 87' lang='lat' dir='ltr'>amantes,</span> <span class='ocrx_word' id='word_1_23' title='bbox 866 338 1025 366; x_wconf 73' lang='lat' dir='ltr'>aeternam</span> <span class='ocrx_word' id='word_1_24' title='bbox 1050 333 1143 366; x_wconf 79' lang='lat' dir='ltr'>vitam</span> <span class='ocrx_word' id='word_1_25' title='bbox 1162 334 1198 367; x_wconf 85' lang='lat' dir='ltr'>fi-</span> 
     </span>
     <span class='ocr_line' id='line_1_8' title="bbox 461 386 948 420; baseline -0.002 0"><span class='ocrx_word' id='word_1_26' title='bbox 461 398 531 420; x_wconf 87' lang='lat' dir='ltr'>nem</span> <span class='ocrx_word' id='word_1_27' title='bbox 551 387 690 419; x_wconf 84' lang='lat' dir='ltr'>futurum</span> <span class='ocrx_word' id='word_1_28' title='bbox 708 396 770 420; x_wconf 90' lang='lat' dir='ltr'>non</span> <span class='ocrx_word' id='word_1_29' title='bbox 785 386 948 419; x_wconf 75' lang='lat' dir='ltr'>dicemus?</span> 
     </span>
    </p>

    <p class='ocr_par' dir='ltr' id='par_1_5' title="bbox 435 438 1201 1182">
     <span class='ocr_line' id='line_1_9' title="bbox 504 438 1197 482; baseline 0 -10"><span class='ocrx_word' id='word_1_30' title='bbox 504 438 545 473; x_wconf 91' lang='lat' dir='ltr'>Ii¹</span> <span class='ocrx_word' id='word_1_31' title='bbox 564 449 660 482; x_wconf 90' lang='lat' dir='ltr'>porro</span> <span class='ocrx_word' id='word_1_32' title='bbox 685 445 756 472; x_wconf 90' lang='lat' dir='ltr'>sunt</span> <span class='ocrx_word' id='word_1_33' title='bbox 781 439 810 471; x_wconf 91' lang='lat' dir='ltr'>in</span> <span class='ocrx_word' id='word_1_34' title='bbox 836 439 915 472; x_wconf 87' lang='lat' dir='ltr'>hanc</span> <span class='ocrx_word' id='word_1_35' title='bbox 941 439 1121 473; x_wconf 84' lang='lat' dir='ltr'>societatem</span> <span class='ocrx_word' id='word_1_36' title='bbox 1147 439 1197 472; x_wconf 90' lang='lat' dir='ltr'>ad-</span> 
     </span>
     <span class='ocr_line' id='line_1_10' title="bbox 461 492 1200 537; baseline 0 -12"><span class='ocrx_word' id='word_1_37' title='bbox 461 492 622 533; x_wconf 84' lang='lat' dir='ltr'>mittendi,</span> <span class='ocrx_word' id='word_1_38' title='bbox 648 492 701 537; x_wconf 79' lang='lat' dir='ltr'>qui</span> <span class='ocrx_word' id='word_1_39' title='bbox 734 493 837 526; x_wconf 91' lang='lat' dir='ltr'>idonei</span> <span class='ocrx_word' id='word_1_40' title='bbox 862 493 900 525; x_wconf 89' lang='lat' dir='ltr'>ad</span> <span class='ocrx_word' id='word_1_41' title='bbox 925 493 1020 526; x_wconf 63' lang='lat' dir='ltr'>finem</span> <span class='ocrx_word' id='word_1_42' title='bbox 1045 493 1200 526; x_wconf 82' lang='lat' dir='ltr'>societatis</span> 
     </span>
     <span class='ocr_line' id='line_1_11' title="bbox 435 545 1201 590; baseline 0 -12"><span class='ocrx_word' id='word_1_43' title='bbox 435 570 444 573; x_wconf 94' lang='lat'>-</span> <span class='ocrx_word' id='word_1_44' title='bbox 460 545 690 588; x_wconf 82' lang='lat' dir='ltr'>assequendum</span> <span class='ocrx_word' id='word_1_45' title='bbox 716 552 954 589; x_wconf 76' lang='lat' dir='ltr'>cognoscantur,</span> <span class='ocrx_word' id='word_1_46' title='bbox 973 552 1003 580; x_wconf 90' lang='lat' dir='ltr'>et</span> <span class='ocrx_word' id='word_1_47' title='bbox 1027 547 1064 579; x_wconf 91' lang='lat' dir='ltr'>de</span> <span class='ocrx_word' id='word_1_48' title='bbox 1088 547 1201 590; x_wconf 88' lang='lat' dir='ltr'>quibus</span> 
     </span>
     <span class='ocr_line' id='line_1_12' title="bbox 461 599 1200 644; baseline 0.003 -13"><span class='ocrx_word' id='word_1_49' title='bbox 461 609 532 643; x_wconf 88' lang='lat' dir='ltr'>spes</span> <span class='ocrx_word' id='word_1_50' title='bbox 557 599 605 638; x_wconf 85' lang='lat' dir='ltr'>sit,</span> <span class='ocrx_word' id='word_1_51' title='bbox 631 610 684 632; x_wconf 86' lang='lat' dir='ltr'>eos</span> <span class='ocrx_word' id='word_1_52' title='bbox 709 600 791 632; x_wconf 89' lang='lat' dir='ltr'>serio</span> <span class='ocrx_word' id='word_1_53' title='bbox 816 600 854 632; x_wconf 88' lang='lat' dir='ltr'>ad</span> <span class='ocrx_word' id='word_1_54' title='bbox 875 605 936 632; x_wconf 86' lang='lat' dir='ltr'>tam</span> <span class='ocrx_word' id='word_1_55' title='bbox 964 600 1097 633; x_wconf 87' lang='lat' dir='ltr'>sublime</span> <span class='ocrx_word' id='word_1_56' title='bbox 1121 610 1200 644; x_wconf 89' lang='lat' dir='ltr'>opus</span> 
     </span>
     <span class='ocr_line' id='line_1_13' title="bbox 460 652 1199 696; baseline 0.001 -12"><span class='ocrx_word' id='word_1_57' title='bbox 460 652 599 685; x_wconf 88' lang='lat' dir='ltr'>animum</span> <span class='ocrx_word' id='word_1_58' title='bbox 631 653 829 696; x_wconf 84' lang='lat' dir='ltr'>appulsuros.</span> <span class='ocrx_word' id='word_1_59' title='bbox 862 653 906 686; x_wconf 73' lang='lat' dir='ltr'>Ne</span> <span class='ocrx_word' id='word_1_60' title='bbox 937 663 1011 686; x_wconf 87' lang='lat' dir='ltr'>vero</span> <span class='ocrx_word' id='word_1_61' title='bbox 1037 663 1073 686; x_wconf 86' lang='lat' dir='ltr'>ex</span> <span class='ocrx_word' id='word_1_62' title='bbox 1102 653 1199 685; x_wconf 76' lang='lat' dir='ltr'>nimia</span> 
     </span>
     <span class='ocr_line' id='line_1_14' title="bbox 460 706 1201 751; baseline 0.003 -12"><span class='ocrx_word' id='word_1_63' title='bbox 460 706 613 740; x_wconf 79' lang='lat' dir='ltr'>sodalium</span> <span class='ocrx_word' id='word_1_64' title='bbox 640 708 815 750; x_wconf 79' lang='lat' dir='ltr'>frequentia</span> <span class='ocrx_word' id='word_1_65' title='bbox 836 707 962 751; x_wconf 72' lang='lat' dir='ltr'>aliqua⁹</span> <span class='ocrx_word' id='word_1_66' title='bbox 986 708 1107 741; x_wconf 84' lang='lat' dir='ltr'>oriatur</span> <span class='ocrx_word' id='word_1_67' title='bbox 1131 719 1201 741; x_wconf 89' lang='lat' dir='ltr'>con-</span> 
     </span>
     <span class='ocr_line' id='line_1_15' title="bbox 459 759 1199 804; baseline 0.004 -12"><span class='ocrx_word' id='word_1_68' title='bbox 459 759 540 793; x_wconf 86' lang='lat' dir='ltr'>fusio</span> <span class='ocrx_word' id='word_1_69' title='bbox 572 771 608 793; x_wconf 91' lang='lat' dir='ltr'>ac</span> <span class='ocrx_word' id='word_1_70' title='bbox 639 761 857 804; x_wconf 87' lang='lat' dir='ltr'>perturbatio,</span> <span class='ocrx_word' id='word_1_71' title='bbox 883 761 1004 794; x_wconf 85' lang='lat' dir='ltr'>sodales</span> <span class='ocrx_word' id='word_1_72' title='bbox 1032 772 1199 795; x_wconf 90' lang='lat' dir='ltr'>numerum</span> 
     </span>
     <span class='ocr_line' id='line_1_16' title="bbox 460 813 1200 858; baseline 0.004 -13"><span class='ocrx_word' id='word_1_73' title='bbox 460 813 569 857; x_wconf 81' lang='lat' dir='ltr'>viginti</span> <span class='ocrx_word' id='word_1_74' title='bbox 594 815 732 858; x_wconf 88' lang='lat' dir='ltr'>quinque</span> <span class='ocrx_word' id='word_1_75' title='bbox 757 824 819 848; x_wconf 92' lang='lat' dir='ltr'>non</span> <span class='ocrx_word' id='word_1_76' title='bbox 844 815 1014 856; x_wconf 89' lang='lat' dir='ltr'>excedent,</span> <span class='ocrx_word' id='word_1_77' title='bbox 1039 816 1098 848; x_wconf 88' lang='lat' dir='ltr'>nisi</span> <span class='ocrx_word' id='word_1_78' title='bbox 1120 816 1200 849; x_wconf 83' lang='lat' dir='ltr'>sorte</span> 
     </span>
     <span class='ocr_line' id='line_1_17' title="bbox 460 867 1201 912; baseline 0.004 -13"><span class='ocrx_word' id='word_1_79' title='bbox 460 867 572 910; x_wconf 87' lang='lat' dir='ltr'>aliquis</span> <span class='ocrx_word' id='word_1_80' title='bbox 596 878 653 911; x_wconf 89' lang='lat' dir='ltr'>per</span> <span class='ocrx_word' id='word_1_81' title='bbox 677 868 859 910; x_wconf 74' lang='lat' dir='ltr'>dignitatem</span> <span class='ocrx_word' id='word_1_82' title='bbox 879 868 925 901; x_wconf 86' lang='lat' dir='ltr'>vel</span> <span class='ocrx_word' id='word_1_83' title='bbox 948 879 1023 912; x_wconf 83' lang='lat' dir='ltr'>opes</span> <span class='ocrx_word' id='word_1_84' title='bbox 1043 869 1074 902; x_wconf 92' lang='lat' dir='ltr'>in</span> <span class='ocrx_word' id='word_1_85' title='bbox 1095 869 1201 902; x_wconf 88' lang='lat' dir='ltr'>haere-</span> 
     </span>
     <span class='ocr_line' id='line_1_18' title="bbox 460 920 1199 965; baseline 0.003 -12"><span class='ocrx_word' id='word_1_86' title='bbox 460 920 594 954; x_wconf 88' lang='lat' dir='ltr'>ticorum</span> <span class='ocrx_word' id='word_1_87' title='bbox 613 922 816 955; x_wconf 77' lang='lat' dir='ltr'>conversione</span> <span class='ocrx_word' id='word_1_88' title='bbox 842 921 1077 965; x_wconf 53' lang='lat' dir='ltr'>impendendas</span> <span class='ocrx_word' id='word_1_89' title='bbox 1094 923 1141 955; x_wconf 89' lang='lat' dir='ltr'>vel</span> <span class='ocrx_word' id='word_1_90' title='bbox 1160 923 1199 955; x_wconf 89' lang='lat' dir='ltr'>ob</span> 
     </span>
     <span class='ocr_line' id='line_1_19' title="bbox 460 973 1198 1024; baseline 0.005 -18"><span class='ocrx_word' id='word_1_91' title='bbox 460 973 543 1007; x_wconf 87' lang='lat' dir='ltr'>aliud</span> <span class='ocrx_word' id='word_1_92' title='bbox 577 975 736 1008; x_wconf 83' lang='lat' dir='ltr'>excelsum</span> <span class='ocrx_word' id='word_1_93' title='bbox 769 976 822 1008; x_wconf 90' lang='lat' dir='ltr'>Dei</span> <span class='ocrx_word' id='word_1_94' title='bbox 858 975 986 1017; x_wconf 89' lang='lat' dir='ltr'>donum,</span> <span class='ocrx_word' id='word_1_95' title='bbox 1011 976 1049 1024; x_wconf 79' lang='lat' dir='ltr'>ad</span> <span class='ocrx_word' id='word_1_96' title='bbox 1081 976 1198 1010; x_wconf 86' lang='lat' dir='ltr'>dictum</span> 
     </span>
     <span class='ocr_line' id='line_1_20' title="bbox 460 1029 1198 1073; baseline 0.005 -13"><span class='ocrx_word' id='word_1_97' title='bbox 460 1037 538 1071; x_wconf 89' lang='lat' dir='ltr'>opus</span> <span class='ocrx_word' id='word_1_98' title='bbox 555 1029 691 1061; x_wconf 82' lang='lat' dir='ltr'>maxime</span> <span class='ocrx_word' id='word_1_99' title='bbox 710 1033 800 1072; x_wconf 88' lang='lat' dir='ltr'>aptus</span> <span class='ocrx_word' id='word_1_100' title='bbox 825 1029 996 1070; x_wconf 83' lang='lat' dir='ltr'>videretur;</span> <span class='ocrx_word' id='word_1_101' title='bbox 1015 1035 1089 1064; x_wconf 89' lang='lat' dir='ltr'>tunc</span> <span class='ocrx_word' id='word_1_102' title='bbox 1105 1031 1198 1073; x_wconf 91' lang='lat' dir='ltr'>enim,</span> 
     </span>
     <span class='ocr_line' id='line_1_21' title="bbox 460 1081 1196 1125; baseline 0.005 -11"><span class='ocrx_word' id='word_1_103' title='bbox 460 1081 552 1115; x_wconf 82' lang='lat' dir='ltr'>etiam</span> <span class='ocrx_word' id='word_1_104' title='bbox 578 1081 660 1114; x_wconf 88' lang='lat' dir='ltr'>ultra</span> <span class='ocrx_word' id='word_1_105' title='bbox 679 1092 859 1125; x_wconf 84' lang='lat' dir='ltr'>numerum,</span> <span class='ocrx_word' id='word_1_106' title='bbox 885 1082 915 1114; x_wconf 91' lang='lat' dir='ltr'>in</span> <span class='ocrx_word' id='word_1_107' title='bbox 940 1084 1120 1117; x_wconf 89' lang='lat' dir='ltr'>societatem</span> <span class='ocrx_word' id='word_1_108' title='bbox 1146 1084 1196 1117; x_wconf 91' lang='lat' dir='ltr'>in-</span> 
     </span>
     <span class='ocr_line' id='line_1_22' title="bbox 459 1135 1127 1182; baseline 0 -14"><span class='ocrx_word' id='word_1_109' title='bbox 459 1145 587 1178; x_wconf 80' lang='lat' dir='ltr'>gressus</span> <span class='ocrx_word' id='word_1_110' title='bbox 602 1145 665 1169; x_wconf 91' lang='lat' dir='ltr'>non</span> <span class='ocrx_word' id='word_1_111' title='bbox 683 1141 729 1168; x_wconf 89' lang='lat' dir='ltr'>est</span> <span class='ocrx_word' id='word_1_112' title='bbox 745 1135 955 1179; x_wconf 81' lang='lat' dir='ltr'>denegandus.</span> <span class='ocrx_word' id='word_1_113' title='bbox 1119 1175 1127 1182; x_wconf 94' lang='lat'><em>.</em></span> 
     </span>
    </p>

    <p class='ocr_par' dir='ltr' id='par_1_6' title="bbox 458 1189 1200 1606">
     <span class='ocr_line' id='line_1_23' title="bbox 502 1189 1200 1232; baseline 0.003 -10"><span class='ocrx_word' id='word_1_114' title='bbox 502 1190 676 1232; x_wconf 77' lang='lat' dir='ltr'>Antequam</span> <span class='ocrx_word' id='word_1_115' title='bbox 702 1189 814 1232; x_wconf 84' lang='lat' dir='ltr'>aliquis</span> <span class='ocrx_word' id='word_1_116' title='bbox 839 1189 869 1221; x_wconf 90' lang='lat' dir='ltr'>iu</span> <span class='ocrx_word' id='word_1_117' title='bbox 894 1190 1073 1223; x_wconf 84' lang='lat' dir='ltr'>societatem</span> <span class='ocrx_word' id='word_1_118' title='bbox 1092 1190 1200 1225; x_wconf 85' lang='lat' dir='ltr'>admit-</span> 
     </span>
     <span class='ocr_line' id='line_1_24' title="bbox 460 1242 1197 1286; baseline 0.003 -11"><span class='ocrx_word' id='word_1_119' title='bbox 460 1244 559 1283; x_wconf 82' lang='lat' dir='ltr'>tatur,</span> <span class='ocrx_word' id='word_1_120' title='bbox 585 1242 741 1275; x_wconf 84' lang='lat' dir='ltr'>societatis</span> <span class='ocrx_word' id='word_1_121' title='bbox 766 1242 860 1275; x_wconf 87' lang='lat' dir='ltr'>totius</span> <span class='ocrx_word' id='word_1_122' title='bbox 885 1243 1023 1286; x_wconf 82' lang='lat' dir='ltr'>roganda</span> <span class='ocrx_word' id='word_1_123' title='bbox 1048 1249 1094 1276; x_wconf 90' lang='lat' dir='ltr'>est</span> <span class='ocrx_word' id='word_1_124' title='bbox 1122 1254 1197 1277; x_wconf 88' lang='lat' dir='ltr'>sen-</span> 
     </span>
     <span class='ocr_line' id='line_1_25' title="bbox 460 1295 1199 1341; baseline 0.004 -14"><span class='ocrx_word' id='word_1_125' title='bbox 460 1295 564 1327; x_wconf 89' lang='lat' dir='ltr'>tentia:</span> <span class='ocrx_word' id='word_1_126' title='bbox 583 1295 622 1328; x_wconf 91' lang='lat' dir='ltr'>ob</span> <span class='ocrx_word' id='word_1_127' title='bbox 638 1295 722 1338; x_wconf 87' lang='lat' dir='ltr'>quod</span> <span class='ocrx_word' id='word_1_128' title='bbox 742 1295 773 1327; x_wconf 92' lang='lat' dir='ltr'>in</span> <span class='ocrx_word' id='word_1_129' title='bbox 798 1301 941 1339; x_wconf 89' lang='lat' dir='ltr'>tempore</span> <span class='ocrx_word' id='word_1_130' title='bbox 965 1297 1120 1337; x_wconf 84' lang='lat' dir='ltr'>absentes,</span> <span class='ocrx_word' id='word_1_131' title='bbox 1145 1298 1199 1341; x_wconf 89' lang='lat' dir='ltr'>qui</span> 
     </span>
     <span class='ocr_line' id='line_1_26' title="bbox 459 1347 1199 1394; baseline 0.005 -15"><span class='ocrx_word' id='word_1_132' title='bbox 459 1347 549 1380; x_wconf 84' lang='lat' dir='ltr'>facile</span> <span class='ocrx_word' id='word_1_133' title='bbox 563 1353 721 1392; x_wconf 86' lang='lat' dir='ltr'>poterunt,</span> <span class='ocrx_word' id='word_1_134' title='bbox 738 1348 889 1382; x_wconf 74' lang='lat' dir='ltr'>certiores</span> <span class='ocrx_word' id='word_1_135' title='bbox 902 1349 986 1389; x_wconf 86' lang='lat' dir='ltr'>fient,</span> <span class='ocrx_word' id='word_1_136' title='bbox 1001 1355 1034 1382; x_wconf 90' lang='lat' dir='ltr'>ut</span> <span class='ocrx_word' id='word_1_137' title='bbox 1051 1350 1081 1382; x_wconf 88' lang='lat' dir='ltr'>in</span> <span class='ocrx_word' id='word_1_138' title='bbox 1095 1351 1199 1394; x_wconf 86' lang='lat' dir='ltr'>primo</span> 
     </span>
     <span class='ocr_line' id='line_1_27' title="bbox 460 1402 1199 1438; baseline 0.003 -3"><span class='ocrx_word' id='word_1_139' title='bbox 460 1412 606 1435; x_wconf 85' lang='lat' dir='ltr'>consessu</span> <span class='ocrx_word' id='word_1_140' title='bbox 617 1402 627 1418; x_wconf 81' lang='lat'>⁸</span> <span class='ocrx_word' id='word_1_141' title='bbox 639 1402 746 1435; x_wconf 85' lang='lat' dir='ltr'>adesse</span> <span class='ocrx_word' id='word_1_142' title='bbox 762 1409 791 1435; x_wconf 91' lang='lat' dir='ltr'>et</span> <span class='ocrx_word' id='word_1_143' title='bbox 808 1414 896 1436; x_wconf 81' lang='lat' dir='ltr'>suam</span> <span class='ocrx_word' id='word_1_144' title='bbox 915 1405 1099 1437; x_wconf 85' lang='lat' dir='ltr'>sententiam</span> <span class='ocrx_word' id='word_1_145' title='bbox 1117 1405 1199 1438; x_wconf 84' lang='lat' dir='ltr'>serre</span> 
     </span>
     <span class='ocr_line' id='line_1_28' title="bbox 458 1456 1198 1500; baseline 0.003 -12"><span class='ocrx_word' id='word_1_146' title='bbox 458 1457 588 1500; x_wconf 85' lang='lat' dir='ltr'>possint.</span> <span class='ocrx_word' id='word_1_147' title='bbox 619 1456 707 1495; x_wconf 82' lang='lat' dir='ltr'>Quod</span> <span class='ocrx_word' id='word_1_148' title='bbox 737 1457 762 1489; x_wconf 91' lang='lat' dir='ltr'>si</span> <span class='ocrx_word' id='word_1_149' title='bbox 794 1457 873 1490; x_wconf 88' lang='lat' dir='ltr'>duae</span> <span class='ocrx_word' id='word_1_150' title='bbox 902 1457 1013 1490; x_wconf 81' lang='lat' dir='ltr'>tertiae</span> <span class='ocrx_word' id='word_1_151' title='bbox 1044 1458 1198 1491; x_wconf 80' lang='lat' dir='ltr'>sodalium</span> 
     </span>
     <span class='ocr_line' id='line_1_29' title="bbox 459 1509 1199 1555; baseline 0.004 -13"><span class='ocrx_word' id='word_1_152' title='bbox 459 1515 565 1553; x_wconf 85' lang='lat' dir='ltr'>partes</span> <span class='ocrx_word' id='word_1_153' title='bbox 581 1509 808 1544; x_wconf 85' lang='lat' dir='ltr'>admittendum</span> <span class='ocrx_word' id='word_1_154' title='bbox 830 1521 892 1545; x_wconf 92' lang='lat' dir='ltr'>non</span> <span class='ocrx_word' id='word_1_155' title='bbox 907 1512 1094 1555; x_wconf 79' lang='lat' dir='ltr'>censuerint,</span> <span class='ocrx_word' id='word_1_156' title='bbox 1113 1512 1199 1545; x_wconf 91' lang='lat' dir='ltr'>nullo</span> 
     </span>
     <span class='ocr_line' id='line_1_30' title="bbox 458 1563 760 1606; baseline -0.003 -10"><span class='ocrx_word' id='word_1_157' title='bbox 458 1569 550 1606; x_wconf 86' lang='lat' dir='ltr'>pacto</span> <span class='ocrx_word' id='word_1_158' title='bbox 569 1563 760 1596; x_wconf 78' lang='lat' dir='ltr'>admittatur.</span> 
     </span>
    </p>

    <p class='ocr_par' dir='ltr' id='par_1_7' title="bbox 458 1616 1200 2450">
     <span class='ocr_line' id='line_1_31' title="bbox 502 1616 1199 1662; baseline 0.004 -14"><span class='ocrx_word' id='word_1_159' title='bbox 502 1616 720 1649; x_wconf 87' lang='lat' dir='ltr'>Admittendus</span> <span class='ocrx_word' id='word_1_160' title='bbox 741 1627 815 1650; x_wconf 85' lang='lat' dir='ltr'>vero</span> <span class='ocrx_word' id='word_1_161' title='bbox 833 1623 878 1650; x_wconf 86' lang='lat' dir='ltr'>est</span> <span class='ocrx_word' id='word_1_162' title='bbox 902 1628 1005 1658; x_wconf 89' lang='lat' dir='ltr'>nemo,</span> <span class='ocrx_word' id='word_1_163' title='bbox 1023 1618 1113 1651; x_wconf 87' lang='lat' dir='ltr'>cuius</span> <span class='ocrx_word' id='word_1_164' title='bbox 1131 1629 1199 1662; x_wconf 89' lang='lat' dir='ltr'>spe-</span> 
     </span>
     <span class='ocr_line' id='line_1_32' title="bbox 459 1670 1199 1714; baseline 0.004 -13"><span class='ocrx_word' id='word_1_165' title='bbox 459 1673 540 1702; x_wconf 86' lang='lat' dir='ltr'>ctata</span> <span class='ocrx_word' id='word_1_166' title='bbox 564 1670 626 1702; x_wconf 83' lang='lat' dir='ltr'>vita</span> <span class='ocrx_word' id='word_1_167' title='bbox 650 1675 680 1703; x_wconf 92' lang='lat' dir='ltr'>et</span> <span class='ocrx_word' id='word_1_168' title='bbox 704 1681 809 1703; x_wconf 89' lang='lat' dir='ltr'>mores</span> <span class='ocrx_word' id='word_1_169' title='bbox 834 1671 958 1714; x_wconf 89' lang='lat' dir='ltr'>probati</span> <span class='ocrx_word' id='word_1_170' title='bbox 983 1682 1046 1704; x_wconf 92' lang='lat' dir='ltr'>non</span> <span class='ocrx_word' id='word_1_171' title='bbox 1063 1671 1134 1712; x_wconf 88' lang='lat' dir='ltr'>sint,</span> <span class='ocrx_word' id='word_1_172' title='bbox 1152 1672 1199 1704; x_wconf 80' lang='lat' dir='ltr'>vel</span> 
     </span>
     <span class='ocr_line' id='line_1_33' title="bbox 459 1721 1199 1768; baseline 0.004 -13"><span class='ocrx_word' id='word_1_173' title='bbox 459 1721 497 1755; x_wconf 91' lang='lat' dir='ltr'>de</span> <span class='ocrx_word' id='word_1_174' title='bbox 514 1724 603 1756; x_wconf 87' lang='lat' dir='ltr'>cuius</span> <span class='ocrx_word' id='word_1_175' title='bbox 616 1723 758 1756; x_wconf 75' lang='lat' dir='ltr'>doctrina</span> <span class='ocrx_word' id='word_1_176' title='bbox 771 1724 873 1756; x_wconf 73' lang='lat' dir='ltr'>nulla⁴</span> <span class='ocrx_word' id='word_1_177' title='bbox 894 1735 1044 1768; x_wconf 88' lang='lat' dir='ltr'>umquam</span> <span class='ocrx_word' id='word_1_178' title='bbox 1061 1725 1199 1768; x_wconf 86' lang='lat' dir='ltr'>suspicio</span> 
     </span>
     <span class='ocr_line' id='line_1_34' title="bbox 459 1776 1200 1820; baseline 0.004 -12"><span class='ocrx_word' id='word_1_179' title='bbox 459 1781 567 1809; x_wconf 83' lang='lat' dir='ltr'>exorta</span> <span class='ocrx_word' id='word_1_180' title='bbox 591 1776 646 1808; x_wconf 90' lang='lat' dir='ltr'>sit:</span> <span class='ocrx_word' id='word_1_181' title='bbox 664 1777 739 1820; x_wconf 86' lang='lat' dir='ltr'>quin</span> <span class='ocrx_word' id='word_1_182' title='bbox 759 1777 823 1810; x_wconf 90' lang='lat' dir='ltr'>imo</span> <span class='ocrx_word' id='word_1_183' title='bbox 848 1777 872 1809; x_wconf 88' lang='lat' dir='ltr'>si</span> <span class='ocrx_word' id='word_1_184' title='bbox 897 1778 966 1820; x_wconf 86' lang='lat' dir='ltr'>quis</span> <span class='ocrx_word' id='word_1_185' title='bbox 991 1784 1081 1811; x_wconf 84' lang='lat' dir='ltr'>antea</span> <span class='ocrx_word' id='word_1_186' title='bbox 1102 1778 1132 1810; x_wconf 91' lang='lat' dir='ltr'>in</span> <span class='ocrx_word' id='word_1_187' title='bbox 1151 1789 1200 1811; x_wconf 88' lang='lat' dir='ltr'>so-</span> 
     </span>
     <span class='ocr_line' id='line_1_35' title="bbox 459 1827 1199 1873; baseline 0.003 -12"><span class='ocrx_word' id='word_1_188' title='bbox 459 1827 569 1862; x_wconf 85' lang='lat' dir='ltr'>cietate</span> <span class='ocrx_word' id='word_1_189' title='bbox 606 1829 720 1861; x_wconf 76' lang='lat' dir='ltr'>virtute</span> <span class='ocrx_word' id='word_1_190' title='bbox 750 1830 957 1873; x_wconf 86' lang='lat' dir='ltr'>conspicuus,</span> <span class='ocrx_word' id='word_1_191' title='bbox 984 1830 1086 1873; x_wconf 91' lang='lat' dir='ltr'>(quod</span> <span class='ocrx_word' id='word_1_192' title='bbox 1119 1830 1199 1863; x_wconf 86' lang='lat' dir='ltr'>Deus</span> 
     </span>
     <span class='ocr_line' id='line_1_36' title="bbox 459 1881 1199 1926; baseline 0.003 -13"><span class='ocrx_word' id='word_1_193' title='bbox 459 1882 591 1925; x_wconf 83' lang='lat' dir='ltr'>avertat)</span> <span class='ocrx_word' id='word_1_194' title='bbox 616 1881 754 1925; x_wconf 77' lang='lat' dir='ltr'>flagitiis,</span> <span class='ocrx_word' id='word_1_195' title='bbox 777 1883 1010 1926; x_wconf 72' lang='lat' dir='ltr'>sceleribusque</span> <span class='ocrx_word' id='word_1_196' title='bbox 1037 1894 1068 1916; x_wconf 86' lang='lat' dir='ltr'>se</span> <span class='ocrx_word' id='word_1_197' title='bbox 1094 1883 1199 1926; x_wconf 87' lang='lat' dir='ltr'>impli-</span> 
     </span>
     <span class='ocr_line' id='line_1_37' title="bbox 460 1935 1199 1979; baseline 0.003 -12"><span class='ocrx_word' id='word_1_198' title='bbox 460 1939 561 1977; x_wconf 80' lang='lat' dir='ltr'>caret⁷</span> <span class='ocrx_word' id='word_1_199' title='bbox 587 1935 664 1968; x_wconf 83' lang='lat' dir='ltr'>adeo</span> <span class='ocrx_word' id='word_1_200' title='bbox 696 1940 729 1968; x_wconf 90' lang='lat' dir='ltr'>ut</span> <span class='ocrx_word' id='word_1_201' title='bbox 761 1935 884 1979; x_wconf 72' lang='lat' dir='ltr'>perdita</span> <span class='ocrx_word' id='word_1_202' title='bbox 910 1936 972 1969; x_wconf 71' lang='lat' dir='ltr'>vita</span> <span class='ocrx_word' id='word_1_203' title='bbox 997 1947 1032 1970; x_wconf 88' lang='lat' dir='ltr'>ac</span> <span class='ocrx_word' id='word_1_204' title='bbox 1057 1936 1199 1969; x_wconf 88' lang='lat' dir='ltr'>moribus</span> 
     </span>
     <span class='ocr_line' id='line_1_38' title="bbox 459 1988 1198 2033; baseline 0.001 -12"><span class='ocrx_word' id='word_1_205' title='bbox 459 1988 599 2021; x_wconf 84' lang='lat' dir='ltr'>societati</span> <span class='ocrx_word' id='word_1_206' title='bbox 630 1988 805 2032; x_wconf 84' lang='lat' dir='ltr'>ceterisque</span> <span class='ocrx_word' id='word_1_207' title='bbox 830 1990 912 2022; x_wconf 80' lang='lat' dir='ltr'>malo</span> <span class='ocrx_word' id='word_1_208' title='bbox 938 1995 1018 2022; x_wconf 85' lang='lat' dir='ltr'>esset</span> <span class='ocrx_word' id='word_1_209' title='bbox 1043 1990 1198 2033; x_wconf 79' lang='lat' dir='ltr'>exemplo,</span> 
     </span>
     <span class='ocr_line' id='line_1_39' title="bbox 459 2041 1200 2086; baseline 0.003 -13"><span class='ocrx_word' id='word_1_210' title='bbox 459 2046 489 2073; x_wconf 87' lang='lat' dir='ltr'>et</span> <span class='ocrx_word' id='word_1_211' title='bbox 512 2041 560 2073; x_wconf 91' lang='lat' dir='ltr'>bis</span> <span class='ocrx_word' id='word_1_212' title='bbox 592 2047 678 2074; x_wconf 81' lang='lat' dir='ltr'>terve</span> <span class='ocrx_word' id='word_1_213' title='bbox 712 2041 890 2074; x_wconf 88' lang='lat' dir='ltr'>admonitus</span> <span class='ocrx_word' id='word_1_214' title='bbox 916 2042 1061 2086; x_wconf 87' lang='lat' dir='ltr'>incoepto</span> <span class='ocrx_word' id='word_1_215' title='bbox 1086 2043 1200 2086; x_wconf 82' lang='lat' dir='ltr'>persis-</span> 
     </span>
     <span class='ocr_line' id='line_1_40' title="bbox 459 2095 1198 2138; baseline 0.003 -11"><span class='ocrx_word' id='word_1_216' title='bbox 459 2099 556 2134; x_wconf 86' lang='lat' dir='ltr'>teret,</span> <span class='ocrx_word' id='word_1_217' title='bbox 579 2105 637 2138; x_wconf 90' lang='lat' dir='ltr'>per</span> <span class='ocrx_word' id='word_1_218' title='bbox 667 2100 769 2128; x_wconf 86' lang='lat' dir='ltr'>certos</span> <span class='ocrx_word' id='word_1_219' title='bbox 800 2095 945 2129; x_wconf 86' lang='lat' dir='ltr'>homines</span> <span class='ocrx_word' id='word_1_220' title='bbox 969 2096 1042 2129; x_wconf 89' lang='lat' dir='ltr'>huic</span> <span class='ocrx_word' id='word_1_221' title='bbox 1075 2096 1198 2129; x_wconf 88' lang='lat' dir='ltr'>muneri</span> 
     </span>
     <span class='ocr_line' id='line_1_41' title="bbox 459 2147 1199 2193; baseline 0.004 -13"><span class='ocrx_word' id='word_1_222' title='bbox 459 2147 628 2182; x_wconf 86' lang='lat' dir='ltr'>destinatos</span> <span class='ocrx_word' id='word_1_223' title='bbox 652 2149 695 2181; x_wconf 91' lang='lat' dir='ltr'>illi</span> <span class='ocrx_word' id='word_1_224' title='bbox 720 2150 825 2193; x_wconf 84' lang='lat' dir='ltr'>palam</span> <span class='ocrx_word' id='word_1_225' title='bbox 845 2150 908 2191; x_wconf 80' lang='lat' dir='ltr'>siat,</span> <span class='ocrx_word' id='word_1_226' title='bbox 934 2161 1004 2183; x_wconf 89' lang='lat' dir='ltr'>eum</span> <span class='ocrx_word' id='word_1_227' title='bbox 1031 2150 1148 2183; x_wconf 87' lang='lat' dir='ltr'>diutius</span> <span class='ocrx_word' id='word_1_228' title='bbox 1168 2151 1199 2183; x_wconf 90' lang='lat' dir='ltr'>in</span> 
     </span>
     <span class='ocr_line' id='line_1_42' title="bbox 458 2200 1197 2247; baseline 0.005 -14"><span class='ocrx_word' id='word_1_229' title='bbox 458 2200 518 2234; x_wconf 86' lang='lat' dir='ltr'>hac</span> <span class='ocrx_word' id='word_1_230' title='bbox 542 2202 700 2242; x_wconf 81' lang='lat' dir='ltr'>societate,</span> <span class='ocrx_word' id='word_1_231' title='bbox 725 2203 777 2235; x_wconf 87' lang='lat' dir='ltr'>ubi</span> <span class='ocrx_word' id='word_1_232' title='bbox 803 2203 881 2236; x_wconf 76' lang='lat' dir='ltr'>vitae</span> <span class='ocrx_word' id='word_1_233' title='bbox 907 2214 1096 2247; x_wconf 85' lang='lat' dir='ltr'>morumque</span> <span class='ocrx_word' id='word_1_234' title='bbox 1121 2204 1197 2237; x_wconf 92' lang='lat' dir='ltr'>inte-</span> 
     </span>
     <span class='ocr_line' id='line_1_43' title="bbox 459 2255 1199 2301; baseline 0.005 -14"><span class='ocrx_word' id='word_1_235' title='bbox 459 2255 572 2298; x_wconf 84' lang='lat' dir='ltr'>gritate</span> <span class='ocrx_word' id='word_1_236' title='bbox 606 2256 804 2299; x_wconf 73' lang='lat' dir='ltr'>praefulgere</span> <span class='ocrx_word' id='word_1_237' title='bbox 835 2258 967 2301; x_wconf 88' lang='lat' dir='ltr'>quisque</span> <span class='ocrx_word' id='word_1_238' title='bbox 1000 2258 1110 2299; x_wconf 83' lang='lat' dir='ltr'>debet,</span> <span class='ocrx_word' id='word_1_239' title='bbox 1136 2268 1199 2291; x_wconf 91' lang='lat' dir='ltr'>non</span> 
     </span>
     <span class='ocr_line' id='line_1_44' title="bbox 459 2310 1198 2355; baseline 0.005 -14"><span class='ocrx_word' id='word_1_240' title='bbox 459 2319 552 2353; x_wconf 90' lang='lat' dir='ltr'>posse</span> <span class='ocrx_word' id='word_1_241' title='bbox 581 2310 758 2352; x_wconf 86' lang='lat' dir='ltr'>persistere,</span> <span class='ocrx_word' id='word_1_242' title='bbox 783 2316 813 2344; x_wconf 88' lang='lat' dir='ltr'>et</span> <span class='ocrx_word' id='word_1_243' title='bbox 847 2311 941 2344; x_wconf 80' lang='lat' dir='ltr'>satius</span> <span class='ocrx_word' id='word_1_244' title='bbox 973 2322 1057 2354; x_wconf 81' lang='lat' dir='ltr'>esse,</span> <span class='ocrx_word' id='word_1_245' title='bbox 1082 2312 1108 2344; x_wconf 91' lang='lat' dir='ltr'>si</span> <span class='ocrx_word' id='word_1_246' title='bbox 1132 2311 1198 2355; x_wconf 87' lang='lat' dir='ltr'>ipse</span> 
     </span>
     <span class='ocr_line' id='line_1_45' title="bbox 460 2362 1199 2409; baseline 0.005 -14"><span class='ocrx_word' id='word_1_247' title='bbox 460 2362 518 2395; x_wconf 89' lang='lat' dir='ltr'>sibi</span> <span class='ocrx_word' id='word_1_248' title='bbox 540 2364 691 2405; x_wconf 88' lang='lat' dir='ltr'>consulat,</span> <span class='ocrx_word' id='word_1_249' title='bbox 716 2374 810 2409; x_wconf 87' lang='lat' dir='ltr'>seque</span> <span class='ocrx_word' id='word_1_250' title='bbox 835 2365 873 2398; x_wconf 86' lang='lat' dir='ltr'>ab</span> <span class='ocrx_word' id='word_1_251' title='bbox 897 2366 964 2409; x_wconf 75' lang='lat' dir='ltr'>ipsa</span> <span class='ocrx_word' id='word_1_252' title='bbox 985 2366 1133 2400; x_wconf 80' lang='lat' dir='ltr'>societate</span> <span class='ocrx_word' id='word_1_253' title='bbox 1152 2376 1199 2399; x_wconf 87' lang='lat' dir='ltr'>re-</span> 
     </span>
     <span class='ocr_line' id='line_1_46' title="bbox 460 2421 591 2450; baseline 0 0"><span class='ocrx_word' id='word_1_254' title='bbox 460 2421 591 2450; x_wconf 85' lang='lat' dir='ltr'>moveat.</span> 
     </span>
    </p>
   </div>
   <div class='ocr_carea' id='block_1_4' title="bbox 494 2506 1195 2677">
    <p class='ocr_par' dir='ltr' id='par_1_8' title="bbox 494 2506 1195 2633">
     <span class='ocr_line' id='line_1_47' title="bbox 494 2506 1194 2543; baseline 0.006 -11"><span class='ocrx_word' id='word_1_255' title='bbox 494 2506 507 2532; x_wconf 82' lang='lat' dir='ltr'>‘l</span> <span class='ocrx_word' id='word_1_256' title='bbox 523 2506 680 2542; x_wconf 84' lang='lat' dir='ltr'>Perperam,</span> <span class='ocrx_word' id='word_1_257' title='bbox 692 2510 721 2534; x_wconf 86' lang='lat' dir='ltr'>ut</span> <span class='ocrx_word' id='word_1_258' title='bbox 731 2511 806 2543; x_wconf 80' lang='lat' dir='ltr'>puto,</span> <span class='ocrx_word' id='word_1_259' title='bbox 819 2507 881 2535; x_wconf 88' lang='lat' dir='ltr'>edit.</span> <span class='ocrx_word' id='word_1_260' title='bbox 892 2508 969 2535; x_wconf 76' lang='lat' dir='ltr'>Mam,</span> <span class='ocrx_word' id='word_1_261' title='bbox 982 2509 1064 2536; x_wconf 85' lang='lat' dir='ltr'>habet</span> <span class='ocrx_word' id='word_1_262' title='bbox 1075 2508 1194 2543; x_wconf 52' lang='lat' dir='ltr'>Situs).</span> 
     </span>
     <span class='ocr_line' id='line_1_48' title="bbox 494 2550 1195 2588; baseline 0.004 -11"><span class='ocrx_word' id='word_1_263' title='bbox 494 2550 511 2576; x_wconf 72' lang='lat'><strong>2</strong></span> <span class='ocrx_word' id='word_1_264' title='bbox 526 2551 672 2586; x_wconf 83' lang='lat' dir='ltr'>Perperam</span> <span class='ocrx_word' id='word_1_265' title='bbox 688 2552 752 2579; x_wconf 80' lang='lat' dir='ltr'>edit.</span> <span class='ocrx_word' id='word_1_266' title='bbox 767 2553 850 2579; x_wconf 87' lang='lat' dir='ltr'>Main.</span> <span class='ocrx_word' id='word_1_267' title='bbox 868 2552 948 2580; x_wconf 82' lang='lat' dir='ltr'>habet</span> <span class='ocrx_word' id='word_1_268' title='bbox 963 2553 1080 2588; x_wconf 76' lang='lat' dir='ltr'>aliaque</span> <span class='ocrx_word' id='word_1_269' title='bbox 1094 2556 1132 2588; x_wconf 77' lang='lat' dir='ltr'>(n.</span> <span class='ocrx_word' id='word_1_270' title='bbox 1147 2553 1195 2587; x_wconf 59' lang='lat'>⁶12).</span> 
     </span>
     <span class='ocr_line' id='line_1_49' title="bbox 496 2594 1125 2633; baseline 0.006 -12"><span class='ocrx_word' id='word_1_271' title='bbox 496 2594 512 2621; x_wconf 88' lang='lat'><strong>3</strong></span> <span class='ocrx_word' id='word_1_272' title='bbox 531 2595 600 2622; x_wconf 87' lang='lat' dir='ltr'>Male</span> <span class='ocrx_word' id='word_1_273' title='bbox 615 2597 680 2623; x_wconf 86' lang='lat' dir='ltr'>edit.</span> <span class='ocrx_word' id='word_1_274' title='bbox 699 2596 776 2623; x_wconf 84' lang='lat' dir='ltr'>Main.</span> <span class='ocrx_word' id='word_1_275' title='bbox 793 2597 858 2632; x_wconf 80' lang='lat' dir='ltr'>legit</span> <span class='ocrx_word' id='word_1_276' title='bbox 871 2606 1006 2626; x_wconf 76' lang='lat' dir='ltr'>consensu</span> <span class='ocrx_word' id='word_1_277' title='bbox 1024 2599 1059 2633; x_wconf 77' lang='lat' dir='ltr'>(R.</span> <span class='ocrx_word' id='word_1_278' title='bbox 1076 2598 1125 2632; x_wconf 72' lang='lat' dir='ltr'><strong>T.)-</strong></span> 
     </span>
    </p>

    <p class='ocr_par' dir='ltr' id='par_1_9' title="bbox 496 2638 958 2677">
     <span class='ocr_line' id='line_1_50' title="bbox 496 2638 958 2677; baseline 0.006 -11"><span class='ocrx_word' id='word_1_279' title='bbox 496 2638 511 2665; x_wconf 80' lang='lat'>4</span> <span class='ocrx_word' id='word_1_280' title='bbox 526 2639 620 2668; x_wconf 84' lang='lat' dir='ltr'>Potius</span> <span class='ocrx_word' id='word_1_281' title='bbox 635 2641 771 2677; x_wconf 82' lang='lat' dir='ltr'>legeretur</span> <span class='ocrx_word' id='word_1_282' title='bbox 786 2642 845 2670; x_wconf 78' lang='lat' dir='ltr'>ulla</span> <span class='ocrx_word' id='word_1_283' title='bbox 861 2643 898 2677; x_wconf 75' lang='lat' dir='ltr'>(a.</span> <span class='ocrx_word' id='word_1_284' title='bbox 911 2644 958 2676; x_wconf 80' lang='grc' dir='ltr'>Τ,).</span> 
     </span>
    </p>
   </div>
   <div class='ocr_carea' id='block_1_5' title="bbox 1214 1727 1218 2300">
    <p class='ocr_par' dir='ltr' id='par_1_10' title="bbox 1214 1727 1218 2300">
     <span class='ocr_line' id='line_1_51' title="bbox 1214 1727 1218 2300; baseline 0 0"><span class='ocrx_word' id='word_1_285' title='bbox 1214 1727 1218 2300; x_wconf 95' lang='lat' dir='ltr'> </span> 
     </span>
    </p>
   </div>
   <div class='ocr_carea' id='block_1_6' title="bbox 1045 233 1404 258">
    <p class='ocr_par' dir='ltr' id='par_1_11' title="bbox 1045 233 1404 258">
     <span class='ocr_line' id='line_1_52' title="bbox 1045 233 1404 258; baseline 0.003 -2"><span class='ocrx_word' id='word_1_286' title='bbox 1045 233 1224 257; x_wconf 76' lang='lat' dir='ltr'>BULLARIUM</span> <span class='ocrx_word' id='word_1_287' title='bbox 1248 233 1404 258; x_wconf 74' lang='lat' dir='ltr'><strong>ROMANUM</strong></span> 
     </span>
    </p>
   </div>
   <div class='ocr_carea' id='block_1_7' title="bbox 1232 280 1975 2356">
    <p class='ocr_par' dir='ltr' id='par_1_12' title="bbox 1234 280 1971 538">
     <span class='ocr_line' id='line_1_53' title="bbox 1277 280 1969 316; baseline 0.006 -3"><span class='ocrx_word' id='word_1_288' title='bbox 1277 280 1408 313; x_wconf 84' lang='lat' dir='ltr'>Ministri</span> <span class='ocrx_word' id='word_1_289' title='bbox 1421 281 1653 315; x_wconf 84' lang='lat' dir='ltr'>haereticorum</span> <span class='ocrx_word' id='word_1_290' title='bbox 1668 282 1700 315; x_wconf 93' lang='lat' dir='ltr'>in</span> <span class='ocrx_word' id='word_1_291' title='bbox 1713 282 1892 316; x_wconf 87' lang='lat' dir='ltr'>societatem</span> <span class='ocrx_word' id='word_1_292' title='bbox 1904 291 1969 316; x_wconf 89' lang='lat' dir='ltr'>non</span> 
     </span>
     <span class='ocr_line' id='line_1_54' title="bbox 1234 333 1969 378; baseline 0.004 -13"><span class='ocrx_word' id='word_1_293' title='bbox 1234 333 1448 376; x_wconf 85' lang='lat' dir='ltr'>admittantur,</span> <span class='ocrx_word' id='word_1_294' title='bbox 1473 333 1533 366; x_wconf 89' lang='lat' dir='ltr'>nisi</span> <span class='ocrx_word' id='word_1_295' title='bbox 1557 333 1770 378; x_wconf 88' lang='lat' dir='ltr'>quinquennio</span> <span class='ocrx_word' id='word_1_296' title='bbox 1794 336 1833 369; x_wconf 87' lang='lat' dir='ltr'>ab</span> <span class='ocrx_word' id='word_1_297' title='bbox 1858 346 1969 370; x_wconf 89' lang='lat' dir='ltr'>eorum</span> 
     </span>
     <span class='ocr_line' id='line_1_55' title="bbox 1235 387 1971 433; baseline 0.004 -13"><span class='ocrx_word' id='word_1_298' title='bbox 1235 387 1440 421; x_wconf 88' lang='lat' dir='ltr'>conversione</span> <span class='ocrx_word' id='word_1_299' title='bbox 1457 387 1573 432; x_wconf 87' lang='lat' dir='ltr'>elapso,</span> <span class='ocrx_word' id='word_1_300' title='bbox 1591 387 1762 422; x_wconf 89' lang='lat' dir='ltr'>dummodo</span> <span class='ocrx_word' id='word_1_301' title='bbox 1778 399 1835 433; x_wconf 89' lang='lat' dir='ltr'>per</span> <span class='ocrx_word' id='word_1_302' title='bbox 1851 389 1883 423; x_wconf 90' lang='lat' dir='ltr'>id</span> <span class='ocrx_word' id='word_1_303' title='bbox 1894 394 1971 423; x_wconf 85' lang='lat' dir='ltr'>tem-</span> 
     </span>
     <span class='ocr_line' id='line_1_56' title="bbox 1235 440 1971 484; baseline 0.005 -11"><span class='ocrx_word' id='word_1_304' title='bbox 1235 451 1292 484; x_wconf 88' lang='lat' dir='ltr'>pus</span> <span class='ocrx_word' id='word_1_305' title='bbox 1328 440 1359 473; x_wconf 90' lang='lat' dir='ltr'>in</span> <span class='ocrx_word' id='word_1_306' title='bbox 1383 440 1562 474; x_wconf 87' lang='lat' dir='ltr'>christianis</span> <span class='ocrx_word' id='word_1_307' title='bbox 1590 440 1731 475; x_wconf 89' lang='lat' dir='ltr'>moribus</span> <span class='ocrx_word' id='word_1_308' title='bbox 1761 446 1792 475; x_wconf 85' lang='lat' dir='ltr'>et</span> <span class='ocrx_word' id='word_1_309' title='bbox 1817 443 1971 477; x_wconf 73' lang='lat' dir='ltr'>catholica</span> 
     </span>
     <span class='ocr_line' id='line_1_57' title="bbox 1236 494 1610 538; baseline 0.003 -12"><span class='ocrx_word' id='word_1_310' title='bbox 1236 494 1387 537; x_wconf 82' lang='lat' dir='ltr'>religione</span> <span class='ocrx_word' id='word_1_311' title='bbox 1406 494 1610 538; x_wconf 83' lang='lat' dir='ltr'>perstiterint.</span> 
     </span>
    </p>

    <p class='ocr_par' dir='ltr' id='par_1_13' title="bbox 1233 547 1974 1288">
     <span class='ocr_line' id='line_1_58' title="bbox 1279 547 1972 584; baseline 0.004 -3"><span class='ocrx_word' id='word_1_312' title='bbox 1279 548 1312 581; x_wconf 91' lang='lat' dir='ltr'>ln</span> <span class='ocrx_word' id='word_1_313' title='bbox 1337 548 1495 581; x_wconf 88' lang='lat' dir='ltr'>sociorum</span> <span class='ocrx_word' id='word_1_314' title='bbox 1513 549 1636 582; x_wconf 88' lang='lat' dir='ltr'>delectu</span> <span class='ocrx_word' id='word_1_315' title='bbox 1653 547 1789 582; x_wconf 83' lang='lat' dir='ltr'>maxime</span> <span class='ocrx_word' id='word_1_316' title='bbox 1809 552 1854 583; x_wconf 90' lang='lat' dir='ltr'>est</span> <span class='ocrx_word' id='word_1_317' title='bbox 1877 550 1972 584; x_wconf 87' lang='lat' dir='ltr'>socie-</span> 
     </span>
     <span class='ocr_line' id='line_1_59' title="bbox 1236 599 1972 646; baseline 0.004 -13"><span class='ocrx_word' id='word_1_318' title='bbox 1236 601 1289 633; x_wconf 86' lang='lat' dir='ltr'>tati</span> <span class='ocrx_word' id='word_1_319' title='bbox 1311 599 1553 644; x_wconf 80' lang='lat' dir='ltr'>invigilandum;</span> <span class='ocrx_word' id='word_1_320' title='bbox 1577 612 1649 634; x_wconf 88' lang='lat' dir='ltr'>nam</span> <span class='ocrx_word' id='word_1_321' title='bbox 1677 607 1712 635; x_wconf 91' lang='lat' dir='ltr'>ut</span> <span class='ocrx_word' id='word_1_322' title='bbox 1739 602 1910 646; x_wconf 91' lang='lat' dir='ltr'>plurimum</span> <span class='ocrx_word' id='word_1_323' title='bbox 1934 613 1972 636; x_wconf 83' lang='lat' dir='ltr'>ex</span> 
     </span>
     <span class='ocr_line' id='line_1_60' title="bbox 1235 654 1974 699; baseline 0.003 -12"><span class='ocrx_word' id='word_1_324' title='bbox 1235 654 1356 688; x_wconf 82' lang='lat' dir='ltr'>Lutetia</span> <span class='ocrx_word' id='word_1_325' title='bbox 1373 655 1502 699; x_wconf 87' lang='lat' dir='ltr'>eiusque</span> <span class='ocrx_word' id='word_1_326' title='bbox 1522 655 1683 689; x_wconf 85' lang='lat' dir='ltr'>suburbiis</span> <span class='ocrx_word' id='word_1_327' title='bbox 1707 666 1744 689; x_wconf 78' lang='lat' dir='ltr'>ex</span> <span class='ocrx_word' id='word_1_328' title='bbox 1768 656 1853 689; x_wconf 89' lang='lat' dir='ltr'>omni</span> <span class='ocrx_word' id='word_1_329' title='bbox 1874 656 1974 690; x_wconf 86' lang='lat' dir='ltr'>homi-</span> 
     </span>
     <span class='ocr_line' id='line_1_61' title="bbox 1234 708 1974 752; baseline 0.003 -11"><span class='ocrx_word' id='word_1_330' title='bbox 1234 718 1309 741; x_wconf 89' lang='lat' dir='ltr'>num</span> <span class='ocrx_word' id='word_1_331' title='bbox 1335 718 1450 751; x_wconf 83' lang='lat' dir='ltr'>genere</span> <span class='ocrx_word' id='word_1_332' title='bbox 1475 714 1505 741; x_wconf 90' lang='lat' dir='ltr'>et</span> <span class='ocrx_word' id='word_1_333' title='bbox 1527 708 1627 752; x_wconf 84' lang='lat' dir='ltr'>gradu</span> <span class='ocrx_word' id='word_1_334' title='bbox 1653 713 1724 742; x_wconf 88' lang='lat' dir='ltr'>sunt</span> <span class='ocrx_word' id='word_1_335' title='bbox 1753 709 1915 752; x_wconf 79' lang='lat' dir='ltr'>seligendi,</span> <span class='ocrx_word' id='word_1_336' title='bbox 1939 712 1974 744; x_wconf 85' lang='lat' dir='ltr'>ut</span> 
     </span>
     <span class='ocr_line' id='line_1_62' title="bbox 1235 762 1972 807; baseline 0.003 -13"><span class='ocrx_word' id='word_1_337' title='bbox 1235 762 1378 807; x_wconf 86' lang='lat' dir='ltr'>quisque,</span> <span class='ocrx_word' id='word_1_338' title='bbox 1396 762 1661 806; x_wconf 87' lang='lat' dir='ltr'>quemadmodum</span> <span class='ocrx_word' id='word_1_339' title='bbox 1686 763 1775 796; x_wconf 88' lang='lat' dir='ltr'>initio</span> <span class='ocrx_word' id='word_1_340' title='bbox 1799 762 1972 803; x_wconf 83' lang='lat' dir='ltr'>dicebatur,</span> 
     </span>
     <span class='ocr_line' id='line_1_63' title="bbox 1235 815 1974 860; baseline 0.001 -12"><span class='ocrx_word' id='word_1_341' title='bbox 1235 825 1308 848; x_wconf 86' lang='lat' dir='ltr'>suae</span> <span class='ocrx_word' id='word_1_342' title='bbox 1323 816 1416 849; x_wconf 86' lang='lat' dir='ltr'>sortis</span> <span class='ocrx_word' id='word_1_343' title='bbox 1433 815 1611 849; x_wconf 86' lang='lat' dir='ltr'>hominibus</span> <span class='ocrx_word' id='word_1_344' title='bbox 1628 815 1802 857; x_wconf 83' lang='lat' dir='ltr'>haereticis,</span> <span class='ocrx_word' id='word_1_345' title='bbox 1819 826 1891 849; x_wconf 88' lang='lat' dir='ltr'>cum</span> <span class='ocrx_word' id='word_1_346' title='bbox 1908 815 1974 860; x_wconf 83' lang='lat' dir='ltr'>qui-</span> 
     </span>
     <span class='ocr_line' id='line_1_64' title="bbox 1234 868 1973 914; baseline 0.001 -12"><span class='ocrx_word' id='word_1_347' title='bbox 1234 869 1292 903; x_wconf 85' lang='lat' dir='ltr'>bus</span> <span class='ocrx_word' id='word_1_348' title='bbox 1315 880 1409 913; x_wconf 81' lang='lat' dir='ltr'>agere</span> <span class='ocrx_word' id='word_1_349' title='bbox 1433 870 1556 914; x_wconf 88' lang='lat' dir='ltr'>saepius</span> <span class='ocrx_word' id='word_1_350' title='bbox 1580 868 1758 912; x_wconf 79' lang='lat' dir='ltr'>contigerit,</span> <span class='ocrx_word' id='word_1_351' title='bbox 1777 879 1871 913; x_wconf 90' lang='lat' dir='ltr'>opem</span> <span class='ocrx_word' id='word_1_352' title='bbox 1890 869 1973 903; x_wconf 86' lang='lat' dir='ltr'>ferre</span> 
     </span>
     <span class='ocr_line' id='line_1_65' title="bbox 1234 922 1972 967; baseline 0 -12"><span class='ocrx_word' id='word_1_353' title='bbox 1234 922 1346 966; x_wconf 82' lang='lat' dir='ltr'>possit;</span> <span class='ocrx_word' id='word_1_354' title='bbox 1365 922 1446 955; x_wconf 91' lang='lat' dir='ltr'>unde</span> <span class='ocrx_word' id='word_1_355' title='bbox 1467 933 1520 956; x_wconf 90' lang='lat' dir='ltr'>eos</span> <span class='ocrx_word' id='word_1_356' title='bbox 1544 922 1604 956; x_wconf 88' lang='lat' dir='ltr'>sibi</span> <span class='ocrx_word' id='word_1_357' title='bbox 1628 922 1764 955; x_wconf 88' lang='lat' dir='ltr'>studebit</span> <span class='ocrx_word' id='word_1_358' title='bbox 1788 932 1972 967; x_wconf 81' lang='lat' dir='ltr'>aggregare,</span> 
     </span>
     <span class='ocr_line' id='line_1_66' title="bbox 1234 974 1973 1020; baseline -0.001 -11"><span class='ocrx_word' id='word_1_359' title='bbox 1234 987 1312 1020; x_wconf 89' lang='lat' dir='ltr'>quos</span> <span class='ocrx_word' id='word_1_360' title='bbox 1336 976 1374 1009; x_wconf 89' lang='lat' dir='ltr'>ad</span> <span class='ocrx_word' id='word_1_361' title='bbox 1399 976 1497 1010; x_wconf 87' lang='lat' dir='ltr'>solam</span> <span class='ocrx_word' id='word_1_362' title='bbox 1521 975 1575 1009; x_wconf 87' lang='lat' dir='ltr'>Dei</span> <span class='ocrx_word' id='word_1_363' title='bbox 1599 975 1735 1019; x_wconf 78' lang='lat' dir='ltr'>gloriam</span> <span class='ocrx_word' id='word_1_364' title='bbox 1765 974 1812 1009; x_wconf 81' lang='lat' dir='ltr'>et¹</span> <span class='ocrx_word' id='word_1_365' title='bbox 1836 975 1973 1013; x_wconf 80' lang='lat' dir='ltr'>haereti-</span> 
     </span>
     <span class='ocr_line' id='line_1_67' title="bbox 1234 1029 1972 1073; baseline -0.001 -10"><span class='ocrx_word' id='word_1_366' title='bbox 1234 1041 1344 1063; x_wconf 89' lang='lat' dir='ltr'>corum</span> <span class='ocrx_word' id='word_1_367' title='bbox 1376 1030 1614 1063; x_wconf 85' lang='lat' dir='ltr'>conversionem</span> <span class='ocrx_word' id='word_1_368' title='bbox 1652 1034 1741 1073; x_wconf 89' lang='lat' dir='ltr'>aptos</span> <span class='ocrx_word' id='word_1_369' title='bbox 1773 1029 1972 1063; x_wconf 81' lang='lat' dir='ltr'>existimabit.</span> 
     </span>
     <span class='ocr_line' id='line_1_68' title="bbox 1233 1082 1974 1128; baseline 0 -12"><span class='ocrx_word' id='word_1_370' title='bbox 1233 1084 1359 1117; x_wconf 85' lang='lat' dir='ltr'>Curabit</span> <span class='ocrx_word' id='word_1_371' title='bbox 1384 1094 1509 1128; x_wconf 87' lang='lat' dir='ltr'>quoque</span> <span class='ocrx_word' id='word_1_372' title='bbox 1533 1083 1666 1117; x_wconf 88' lang='lat' dir='ltr'>societas</span> <span class='ocrx_word' id='word_1_373' title='bbox 1689 1083 1768 1116; x_wconf 89' lang='lat' dir='ltr'>duos</span> <span class='ocrx_word' id='word_1_374' title='bbox 1791 1083 1840 1116; x_wconf 93' lang='lat' dir='ltr'>vel</span> <span class='ocrx_word' id='word_1_375' title='bbox 1866 1082 1974 1127; x_wconf 87' lang='lat' dir='ltr'>plures</span> 
     </span>
     <span class='ocr_line' id='line_1_69' title="bbox 1234 1136 1974 1180; baseline -0.001 -10"><span class='ocrx_word' id='word_1_376' title='bbox 1234 1138 1336 1171; x_wconf 86' lang='lat' dir='ltr'>socios</span> <span class='ocrx_word' id='word_1_377' title='bbox 1354 1138 1386 1170; x_wconf 90' lang='lat' dir='ltr'>in</span> <span class='ocrx_word' id='word_1_378' title='bbox 1402 1137 1636 1177; x_wconf 84' lang='lat' dir='ltr'>controversiis,</span> <span class='ocrx_word' id='word_1_379' title='bbox 1653 1136 1832 1180; x_wconf 83' lang='lat' dir='ltr'>linguisque</span> <span class='ocrx_word' id='word_1_380' title='bbox 1852 1136 1974 1170; x_wconf 88' lang='lat' dir='ltr'>hebrai-</span> 
     </span>
     <span class='ocr_line' id='line_1_70' title="bbox 1234 1189 1973 1235; baseline -0.001 -11"><span class='ocrx_word' id='word_1_381' title='bbox 1234 1193 1271 1224; x_wconf 75' lang='lat' dir='ltr'>ca</span> <span class='ocrx_word' id='word_1_382' title='bbox 1295 1197 1325 1224; x_wconf 90' lang='lat' dir='ltr'>et</span> <span class='ocrx_word' id='word_1_383' title='bbox 1347 1193 1461 1234; x_wconf 77' lang='lat' dir='ltr'>graeca</span> <span class='ocrx_word' id='word_1_384' title='bbox 1482 1191 1599 1235; x_wconf 87' lang='lat' dir='ltr'>optime</span> <span class='ocrx_word' id='word_1_385' title='bbox 1616 1194 1756 1224; x_wconf 88' lang='lat' dir='ltr'>versatos</span> <span class='ocrx_word' id='word_1_386' title='bbox 1777 1190 1905 1232; x_wconf 88' lang='lat' dir='ltr'>habere,</span> <span class='ocrx_word' id='word_1_387' title='bbox 1919 1189 1973 1234; x_wconf 89' lang='lat' dir='ltr'>qui</span> 
     </span>
     <span class='ocr_line' id='line_1_71' title="bbox 1233 1243 1913 1288; baseline -0.003 -11"><span class='ocrx_word' id='word_1_388' title='bbox 1233 1255 1296 1286; x_wconf 86' lang='lat' dir='ltr'>eos,</span> <span class='ocrx_word' id='word_1_389' title='bbox 1313 1255 1392 1288; x_wconf 85' lang='lat' dir='ltr'>quos</span> <span class='ocrx_word' id='word_1_390' title='bbox 1408 1244 1594 1288; x_wconf 89' lang='lat' dir='ltr'>oportuerit,</span> <span class='ocrx_word' id='word_1_391' title='bbox 1610 1243 1732 1288; x_wconf 88' lang='lat' dir='ltr'>possint</span> <span class='ocrx_word' id='word_1_392' title='bbox 1747 1243 1913 1276; x_wconf 89' lang='lat' dir='ltr'>instruere.</span> 
     </span>
    </p>

    <p class='ocr_par' dir='ltr' id='par_1_14' title="bbox 1233 1295 1975 1651">
     <span class='ocr_line' id='line_1_72' title="bbox 1276 1295 1973 1332; baseline -0.001 -2"><span class='ocrx_word' id='word_1_393' title='bbox 1276 1297 1503 1332; x_wconf 85' lang='lat' dir='ltr'>Adscribantur</span> <span class='ocrx_word' id='word_1_394' title='bbox 1527 1296 1668 1331; x_wconf 85' lang='lat' dir='ltr'>societati</span> <span class='ocrx_word' id='word_1_395' title='bbox 1686 1295 1865 1330; x_wconf 87' lang='lat' dir='ltr'>sacerdotes</span> <span class='ocrx_word' id='word_1_396' title='bbox 1889 1306 1973 1330; x_wconf 89' lang='lat' dir='ltr'>secu-</span> 
     </span>
     <span class='ocr_line' id='line_1_73' title="bbox 1233 1349 1973 1394; baseline -0.001 -11"><span class='ocrx_word' id='word_1_397' title='bbox 1233 1351 1315 1388; x_wconf 82' lang='lat' dir='ltr'>lares</span> <span class='ocrx_word' id='word_1_398' title='bbox 1342 1357 1372 1384; x_wconf 90' lang='lat' dir='ltr'>et</span> <span class='ocrx_word' id='word_1_399' title='bbox 1399 1351 1562 1394; x_wconf 78' lang='lat' dir='ltr'>regulares</span> <span class='ocrx_word' id='word_1_400' title='bbox 1585 1349 1700 1390; x_wconf 90' lang='lat' dir='ltr'>idonei,</span> <span class='ocrx_word' id='word_1_401' title='bbox 1720 1349 1758 1382; x_wconf 90' lang='lat' dir='ltr'>de</span> <span class='ocrx_word' id='word_1_402' title='bbox 1775 1359 1905 1383; x_wconf 88' lang='lat' dir='ltr'>suorum</span> <span class='ocrx_word' id='word_1_403' title='bbox 1926 1354 1973 1382; x_wconf 88' lang='lat' dir='ltr'>ta-</span> 
     </span>
     <span class='ocr_line' id='line_1_74' title="bbox 1235 1403 1975 1450; baseline -0.003 -12"><span class='ocrx_word' id='word_1_404' title='bbox 1235 1415 1307 1438; x_wconf 88' lang='lat' dir='ltr'>men</span> <span class='ocrx_word' id='word_1_405' title='bbox 1331 1405 1530 1449; x_wconf 89' lang='lat' dir='ltr'>superiorum</span> <span class='ocrx_word' id='word_1_406' title='bbox 1555 1404 1693 1445; x_wconf 80' lang='lat' dir='ltr'>licentia,</span> <span class='ocrx_word' id='word_1_407' title='bbox 1717 1404 1771 1450; x_wconf 85' lang='lat' dir='ltr'>qui</span> <span class='ocrx_word' id='word_1_408' title='bbox 1795 1403 1835 1437; x_wconf 86' lang='lat' dir='ltr'>ab</span> <span class='ocrx_word' id='word_1_409' title='bbox 1859 1403 1908 1437; x_wconf 90' lang='lat' dir='ltr'>his</span> <span class='ocrx_word' id='word_1_410' title='bbox 1933 1403 1975 1436; x_wconf 89' lang='lat' dir='ltr'>ad</span> 
     </span>
     <span class='ocr_line' id='line_1_75' title="bbox 1233 1456 1975 1503; baseline -0.001 -12"><span class='ocrx_word' id='word_1_411' title='bbox 1233 1469 1311 1503; x_wconf 88' lang='lat' dir='ltr'>quos</span> <span class='ocrx_word' id='word_1_412' title='bbox 1325 1465 1443 1503; x_wconf 87' lang='lat' dir='ltr'>spectat</span> <span class='ocrx_word' id='word_1_413' title='bbox 1458 1459 1594 1493; x_wconf 85' lang='lat' dir='ltr'>habeant</span> <span class='ocrx_word' id='word_1_414' title='bbox 1609 1459 1786 1493; x_wconf 79' lang='lat' dir='ltr'>facultatem</span> <span class='ocrx_word' id='word_1_415' title='bbox 1793 1456 1975 1491; x_wconf 85' lang='lat' dir='ltr'>absolvendi</span> 
     </span>
     <span class='ocr_line' id='line_1_76' title="bbox 1233 1510 1974 1556; baseline -0.001 -11"><span class='ocrx_word' id='word_1_416' title='bbox 1233 1513 1271 1545; x_wconf 86' lang='lat' dir='ltr'>ab</span> <span class='ocrx_word' id='word_1_417' title='bbox 1296 1513 1429 1554; x_wconf 84' lang='lat' dir='ltr'>haeresi,</span> <span class='ocrx_word' id='word_1_418' title='bbox 1447 1513 1612 1546; x_wconf 88' lang='lat' dir='ltr'>schismate</span> <span class='ocrx_word' id='word_1_419' title='bbox 1633 1517 1663 1546; x_wconf 90' lang='lat' dir='ltr'>et</span> <span class='ocrx_word' id='word_1_420' title='bbox 1682 1511 1838 1556; x_wconf 81' lang='lat' dir='ltr'>apostasia</span> <span class='ocrx_word' id='word_1_421' title='bbox 1859 1521 1878 1544; x_wconf 85' lang='lat' dir='ltr'>a</span> <span class='ocrx_word' id='word_1_422' title='bbox 1901 1510 1974 1552; x_wconf 88' lang='lat' dir='ltr'>fide,</span> 
     </span>
     <span class='ocr_line' id='line_1_77' title="bbox 1234 1565 1974 1610; baseline -0.003 -11"><span class='ocrx_word' id='word_1_423' title='bbox 1234 1567 1357 1609; x_wconf 80' lang='lat' dir='ltr'>legendi</span> <span class='ocrx_word' id='word_1_424' title='bbox 1390 1566 1447 1600; x_wconf 72' lang='lat' dir='ltr'>iis‘3</span> <span class='ocrx_word' id='word_1_425' title='bbox 1468 1567 1567 1599; x_wconf 90' lang='lat' dir='ltr'>libros</span> <span class='ocrx_word' id='word_1_426' title='bbox 1590 1565 1768 1610; x_wconf 88' lang='lat' dir='ltr'>prohibitos</span> <span class='ocrx_word' id='word_1_427' title='bbox 1795 1565 1974 1610; x_wconf 77' lang='lat' dir='ltr'>Apostolica</span> 
     </span>
     <span class='ocr_line' id='line_1_78' title="bbox 1233 1618 1600 1651; baseline -0.005 0"><span class='ocrx_word' id='word_1_428' title='bbox 1233 1618 1311 1651; x_wconf 89' lang='lat' dir='ltr'>Sede</span> <span class='ocrx_word' id='word_1_429' title='bbox 1329 1618 1376 1651; x_wconf 78' lang='lat' dir='ltr'>vel</span> <span class='ocrx_word' id='word_1_430' title='bbox 1395 1618 1461 1651; x_wconf 90' lang='lat' dir='ltr'>eius</span> <span class='ocrx_word' id='word_1_431' title='bbox 1481 1618 1600 1650; x_wconf 90' lang='lat' dir='ltr'>nuntio.</span> 
     </span>
    </p>

    <p class='ocr_par' dir='ltr' id='par_1_15' title="bbox 1233 1667 1975 2034">
     <span class='ocr_line' id='line_1_79' title="bbox 1277 1667 1973 1714; baseline -0.003 -11"><span class='ocrx_word' id='word_1_432' title='bbox 1277 1670 1484 1713; x_wconf 80' lang='lat' dir='ltr'>Congregatio</span> <span class='ocrx_word' id='word_1_433' title='bbox 1509 1680 1567 1703; x_wconf 86' lang='lat' dir='ltr'>nec</span> <span class='ocrx_word' id='word_1_434' title='bbox 1591 1669 1724 1714; x_wconf 88' lang='lat' dir='ltr'>saepius,</span> <span class='ocrx_word' id='word_1_435' title='bbox 1749 1679 1842 1713; x_wconf 88' lang='lat' dir='ltr'>quam</span> <span class='ocrx_word' id='word_1_436' title='bbox 1867 1668 1916 1702; x_wconf 90' lang='lat' dir='ltr'>bis</span> <span class='ocrx_word' id='word_1_437' title='bbox 1941 1667 1973 1701; x_wconf 89' lang='lat' dir='ltr'>in</span> 
     </span>
     <span class='ocr_line' id='line_1_80' title="bbox 1233 1722 1971 1767; baseline 0 -12"><span class='ocrx_word' id='word_1_438' title='bbox 1233 1723 1432 1756; x_wconf 78' lang='lat' dir='ltr'>hebdomada</span> <span class='ocrx_word' id='word_1_439' title='bbox 1446 1723 1609 1764; x_wconf 83' lang='lat' dir='ltr'>habeatur,</span> <span class='ocrx_word' id='word_1_440' title='bbox 1619 1733 1677 1756; x_wconf 90' lang='lat' dir='ltr'>nec</span> <span class='ocrx_word' id='word_1_441' title='bbox 1693 1723 1777 1756; x_wconf 90' lang='lat' dir='ltr'>ultra</span> <span class='ocrx_word' id='word_1_442' title='bbox 1792 1722 1971 1767; x_wconf 87' lang='lat' dir='ltr'>quindecim</span> 
     </span>
     <span class='ocr_line' id='line_1_81' title="bbox 1233 1775 1974 1820; baseline 0 -12"><span class='ocrx_word' id='word_1_443' title='bbox 1233 1776 1299 1809; x_wconf 86' lang='lat' dir='ltr'>dies</span> <span class='ocrx_word' id='word_1_444' title='bbox 1316 1777 1538 1820; x_wconf 80' lang='lat' dir='ltr'>protrahatur3</span> <span class='ocrx_word' id='word_1_445' title='bbox 1564 1777 1659 1810; x_wconf 85' lang='lat' dir='ltr'>satius</span> <span class='ocrx_word' id='word_1_446' title='bbox 1679 1786 1754 1810; x_wconf 65' lang='lat' dir='ltr'>vero</span> <span class='ocrx_word' id='word_1_447' title='bbox 1777 1781 1868 1816; x_wconf 88' lang='lat' dir='ltr'>esset,</span> <span class='ocrx_word' id='word_1_448' title='bbox 1884 1775 1909 1808; x_wconf 92' lang='lat' dir='ltr'>si</span> <span class='ocrx_word' id='word_1_449' title='bbox 1926 1785 1974 1808; x_wconf 89' lang='lat' dir='ltr'>se-</span> 
     </span>
     <span class='ocr_line' id='line_1_82' title="bbox 1234 1828 1975 1864; baseline -0.001 -2"><span class='ocrx_word' id='word_1_450' title='bbox 1234 1830 1295 1863; x_wconf 88' lang='lat' dir='ltr'>mel</span> <span class='ocrx_word' id='word_1_451' title='bbox 1317 1830 1347 1862; x_wconf 92' lang='lat' dir='ltr'>in</span> <span class='ocrx_word' id='word_1_452' title='bbox 1366 1830 1564 1864; x_wconf 76' lang='lat' dir='ltr'>hebdomada</span> <span class='ocrx_word' id='word_1_453' title='bbox 1585 1830 1772 1862; x_wconf 84' lang='lat' dir='ltr'>haberetur:</span> <span class='ocrx_word' id='word_1_454' title='bbox 1790 1839 1853 1862; x_wconf 90' lang='lat' dir='ltr'>non</span> <span class='ocrx_word' id='word_1_455' title='bbox 1870 1829 1902 1861; x_wconf 91' lang='lat' dir='ltr'>in</span> <span class='ocrx_word' id='word_1_456' title='bbox 1919 1828 1975 1862; x_wconf 91' lang='lat' dir='ltr'>do-</span> 
     </span>
     <span class='ocr_line' id='line_1_83' title="bbox 1235 1882 1974 1925; baseline -0.001 -9"><span class='ocrx_word' id='word_1_457' title='bbox 1235 1884 1356 1916; x_wconf 83' lang='lat' dir='ltr'>minicis</span> <span class='ocrx_word' id='word_1_458' title='bbox 1371 1911 1378 1925; x_wconf 89' lang='lat'>‚</span> <span class='ocrx_word' id='word_1_459' title='bbox 1404 1884 1451 1916; x_wconf 79' lang='lat' dir='ltr'>vel</span> <span class='ocrx_word' id='word_1_460' title='bbox 1475 1883 1543 1916; x_wconf 87' lang='lat' dir='ltr'>aliis</span> <span class='ocrx_word' id='word_1_461' title='bbox 1577 1882 1826 1916; x_wconf 84' lang='lat' dir='ltr'>solemnitatibus</span> <span class='ocrx_word' id='word_1_462' title='bbox 1850 1882 1974 1916; x_wconf 89' lang='lat' dir='ltr'>Domini</span> 
     </span>
     <span class='ocr_line' id='line_1_84' title="bbox 1233 1935 1975 1980; baseline -0.003 -10"><span class='ocrx_word' id='word_1_463' title='bbox 1233 1937 1343 1978; x_wconf 90' lang='lat' dir='ltr'>nostri,</span> <span class='ocrx_word' id='word_1_464' title='bbox 1367 1937 1569 1970; x_wconf 87' lang='lat' dir='ltr'>Beatissimae</span> <span class='ocrx_word' id='word_1_465' title='bbox 1593 1936 1740 1980; x_wconf 76' lang='lat' dir='ltr'>Virginis,</span> <span class='ocrx_word' id='word_1_466' title='bbox 1764 1935 1896 1980; x_wconf 89' lang='lat' dir='ltr'>aliisque</span> <span class='ocrx_word' id='word_1_467' title='bbox 1912 1935 1975 1969; x_wconf 91' lang='lat' dir='ltr'>die-</span> 
     </span>
     <span class='ocr_line' id='line_1_85' title="bbox 1233 1990 1626 2034; baseline 0 -10"><span class='ocrx_word' id='word_1_468' title='bbox 1233 1991 1291 2024; x_wconf 90' lang='lat' dir='ltr'>bus</span> <span class='ocrx_word' id='word_1_469' title='bbox 1308 1991 1393 2024; x_wconf 82' lang='lat' dir='ltr'>sestis</span> <span class='ocrx_word' id='word_1_470' title='bbox 1411 1996 1457 2024; x_wconf 90' lang='lat' dir='ltr'>est</span> <span class='ocrx_word' id='word_1_471' title='bbox 1477 1990 1626 2034; x_wconf 82' lang='lat' dir='ltr'>cogenda.</span> 
     </span>
    </p>

    <p class='ocr_par' dir='ltr' id='par_1_16' title="bbox 1232 2042 1975 2356">
     <span class='ocr_line' id='line_1_86' title="bbox 1276 2042 1975 2087; baseline -0.001 -10"><span class='ocrx_word' id='word_1_472' title='bbox 1276 2044 1344 2077; x_wconf 80' lang='lat' dir='ltr'>Sit³</span> <span class='ocrx_word' id='word_1_473' title='bbox 1369 2055 1444 2078; x_wconf 82' lang='lat' dir='ltr'>vero</span> <span class='ocrx_word' id='word_1_474' title='bbox 1467 2044 1528 2077; x_wconf 88' lang='lat' dir='ltr'>hoc</span> <span class='ocrx_word' id='word_1_475' title='bbox 1551 2043 1583 2076; x_wconf 91' lang='lat' dir='ltr'>in</span> <span class='ocrx_word' id='word_1_476' title='bbox 1608 2042 1905 2087; x_wconf 80' lang='lat' dir='ltr'>congregationibus</span> <span class='ocrx_word' id='word_1_477' title='bbox 1927 2053 1975 2076; x_wconf 91' lang='lat' dir='ltr'>so-</span> 
     </span>
     <span class='ocr_line' id='line_1_87' title="bbox 1233 2096 1974 2141; baseline -0.001 -11"><span class='ocrx_word' id='word_1_478' title='bbox 1233 2098 1346 2139; x_wconf 88' lang='lat' dir='ltr'>lemne,</span> <span class='ocrx_word' id='word_1_479' title='bbox 1363 2103 1396 2131; x_wconf 87' lang='lat' dir='ltr'>ut</span> <span class='ocrx_word' id='word_1_480' title='bbox 1413 2098 1545 2141; x_wconf 87' lang='lat' dir='ltr'>quisque</span> <span class='ocrx_word' id='word_1_481' title='bbox 1561 2096 1636 2141; x_wconf 89' lang='lat' dir='ltr'>quid</span> <span class='ocrx_word' id='word_1_482' title='bbox 1644 2097 1691 2129; x_wconf 78' lang='lat' dir='ltr'>‘ab</span> <span class='ocrx_word' id='word_1_483' title='bbox 1714 2096 1825 2130; x_wconf 78' lang='lat' dir='ltr'>ultima</span> <span class='ocrx_word' id='word_1_484' title='bbox 1843 2106 1974 2140; x_wconf 80' lang='lat' dir='ltr'>congre-</span> 
     </span>
     <span class='ocr_line' id='line_1_88' title="bbox 1233 2150 1973 2194; baseline -0.001 -9"><span class='ocrx_word' id='word_1_485' title='bbox 1233 2151 1357 2194; x_wconf 80' lang='lat' dir='ltr'>gatione</span> <span class='ocrx_word' id='word_1_486' title='bbox 1378 2151 1462 2184; x_wconf 86' lang='lat' dir='ltr'>circa</span> <span class='ocrx_word' id='word_1_487' title='bbox 1479 2151 1711 2184; x_wconf 88' lang='lat' dir='ltr'>haereticorum</span> <span class='ocrx_word' id='word_1_488' title='bbox 1734 2150 1973 2184; x_wconf 90' lang='lat' dir='ltr'>conversionem</span> 
     </span>
     <span class='ocr_line' id='line_1_89' title="bbox 1233 2203 1974 2248; baseline -0.001 -11"><span class='ocrx_word' id='word_1_489' title='bbox 1233 2205 1332 2248; x_wconf 80' lang='lat' dir='ltr'>egerit</span> <span class='ocrx_word' id='word_1_490' title='bbox 1348 2205 1474 2245; x_wconf 86' lang='lat' dir='ltr'>reserat,</span> <span class='ocrx_word' id='word_1_491' title='bbox 1489 2214 1568 2248; x_wconf 88' lang='lat' dir='ltr'>quos</span> <span class='ocrx_word' id='word_1_492' title='bbox 1582 2204 1701 2238; x_wconf 89' lang='lat' dir='ltr'>scilicet</span> <span class='ocrx_word' id='word_1_493' title='bbox 1717 2203 1755 2237; x_wconf 90' lang='lat' dir='ltr'>ad</span> <span class='ocrx_word' id='word_1_494' title='bbox 1772 2203 1867 2237; x_wconf 87' lang='lat' dir='ltr'>fidem</span> <span class='ocrx_word' id='word_1_495' title='bbox 1884 2203 1974 2237; x_wconf 90' lang='lat' dir='ltr'>redu-</span> 
     </span>
     <span class='ocr_line' id='line_1_90' title="bbox 1234 2257 1972 2302; baseline 0 -12"><span class='ocrx_word' id='word_1_496' title='bbox 1234 2258 1322 2298; x_wconf 83' lang='lat' dir='ltr'>xerit,</span> <span class='ocrx_word' id='word_1_497' title='bbox 1340 2258 1564 2302; x_wconf 89' lang='lat' dir='ltr'>quoquomodo</span> <span class='ocrx_word' id='word_1_498' title='bbox 1579 2257 1707 2292; x_wconf 79' lang='lat' dir='ltr'>affectus</span> <span class='ocrx_word' id='word_1_499' title='bbox 1732 2257 1810 2291; x_wconf 88' lang='lat' dir='ltr'>alios</span> <span class='ocrx_word' id='word_1_500' title='bbox 1831 2257 1972 2296; x_wconf 79' lang='lat' dir='ltr'>habeat⁴;</span> 
     </span>
     <span class='ocr_line' id='line_1_91' title="bbox 1232 2312 1970 2356; baseline -0.001 -11"><span class='ocrx_word' id='word_1_501' title='bbox 1232 2312 1346 2356; x_wconf 91' lang='lat' dir='ltr'>quibus</span> <span class='ocrx_word' id='word_1_502' title='bbox 1364 2312 1569 2347; x_wconf 89' lang='lat' dir='ltr'>relationibus</span> <span class='ocrx_word' id='word_1_503' title='bbox 1597 2312 1636 2345; x_wconf 89' lang='lat' dir='ltr'>ab</span> <span class='ocrx_word' id='word_1_504' title='bbox 1661 2321 1852 2356; x_wconf 87' lang='lat' dir='ltr'>unoquoque</span> <span class='ocrx_word' id='word_1_505' title='bbox 1875 2321 1970 2355; x_wconf 85' lang='lat' dir='ltr'>pera-</span> 
     </span>
    </p>
   </div>
   <div class='ocr_carea' id='block_1_8' title="bbox 1229 2418 1974 2677">
    <p class='ocr_par' dir='ltr' id='par_1_17' title="bbox 1268 2418 1805 2454">
     <span class='ocr_line' id='line_1_92' title="bbox 1268 2418 1805 2454; baseline 0 -9"><span class='ocrx_word' id='word_1_506' title='bbox 1268 2419 1278 2445; x_wconf 85' lang='lat' dir='ltr'>t</span> <span class='ocrx_word' id='word_1_507' title='bbox 1297 2418 1437 2446; x_wconf 84' lang='lat' dir='ltr'>Couiuuct.</span> <span class='ocrx_word' id='word_1_508' title='bbox 1455 2421 1481 2447; x_wconf 78' lang='lat' dir='ltr'>et</span> <span class='ocrx_word' id='word_1_509' title='bbox 1496 2426 1545 2446; x_wconf 88' lang='lat' dir='ltr'>nos</span> <span class='ocrx_word' id='word_1_510' title='bbox 1560 2418 1684 2446; x_wconf 84' lang='lat' dir='ltr'>addimus</span> <span class='ocrx_word' id='word_1_511' title='bbox 1698 2418 1738 2454; x_wconf 77' lang='lat' dir='ltr'>(n.</span> <span class='ocrx_word' id='word_1_512' title='bbox 1754 2419 1805 2453; x_wconf 80' lang='grc' dir='ltr'>τ.).</span> 
     </span>
    </p>

    <p class='ocr_par' dir='ltr' id='par_1_18' title="bbox 1230 2462 1974 2542">
     <span class='ocr_line' id='line_1_93' title="bbox 1265 2462 1974 2499; baseline -0.001 -9"><span class='ocrx_word' id='word_1_513' title='bbox 1265 2463 1281 2489; x_wconf 78' lang='lat'><strong>2</strong></span> <span class='ocrx_word' id='word_1_514' title='bbox 1296 2463 1398 2490; x_wconf 70' lang='lat' dir='ltr'>Vocem</span> <span class='ocrx_word' id='word_1_515' title='bbox 1414 2463 1451 2490; x_wconf 73' lang='lat' dir='ltr'>iis</span> <span class='ocrx_word' id='word_1_516' title='bbox 1465 2467 1573 2498; x_wconf 85' lang='lat' dir='ltr'>praeter</span> <span class='ocrx_word' id='word_1_517' title='bbox 1588 2471 1645 2490; x_wconf 90' lang='lat' dir='ltr'>rem</span> <span class='ocrx_word' id='word_1_518' title='bbox 1660 2471 1719 2490; x_wconf 88' lang='lat' dir='ltr'>esse</span> <span class='ocrx_word' id='word_1_519' title='bbox 1734 2462 1849 2499; x_wconf 84' lang='lat' dir='ltr'>quisque</span> <span class='ocrx_word' id='word_1_520' title='bbox 1861 2468 1974 2498; x_wconf 82' lang='lat' dir='ltr'>persen-</span> 
     </span>
     <span class='ocr_line' id='line_1_94' title="bbox 1230 2507 1686 2542; baseline 0 -8"><span class='ocrx_word' id='word_1_521' title='bbox 1230 2507 1280 2539; x_wconf 82' lang='lat' dir='ltr'>sit;</span> <span class='ocrx_word' id='word_1_522' title='bbox 1296 2507 1386 2534; x_wconf 88' lang='lat' dir='ltr'>forsan</span> <span class='ocrx_word' id='word_1_523' title='bbox 1402 2508 1572 2542; x_wconf 76' lang='lat' dir='ltr'>leyendique</span> <span class='ocrx_word' id='word_1_524' title='bbox 1586 2511 1626 2541; x_wconf 76' lang='lat' dir='ltr'>(R.</span> <span class='ocrx_word' id='word_1_525' title='bbox 1638 2509 1686 2542; x_wconf 81' lang='grc' dir='ltr'>Τ.).</span> 
     </span>
    </p>

    <p class='ocr_par' dir='ltr' id='par_1_19' title="bbox 1266 2551 1865 2587">
     <span class='ocr_line' id='line_1_95' title="bbox 1266 2551 1865 2587; baseline 0.002 -9"><span class='ocrx_word' id='word_1_526' title='bbox 1266 2552 1281 2579; x_wconf 92' lang='grc'><strong>3</strong></span> <span class='ocrx_word' id='word_1_527' title='bbox 1297 2551 1443 2587; x_wconf 76' lang='lat' dir='ltr'>perperam</span> <span class='ocrx_word' id='word_1_528' title='bbox 1457 2551 1523 2579; x_wconf 87' lang='lat' dir='ltr'>edit.</span> <span class='ocrx_word' id='word_1_529' title='bbox 1539 2551 1620 2579; x_wconf 86' lang='lat' dir='ltr'>Main.</span> <span class='ocrx_word' id='word_1_530' title='bbox 1636 2551 1701 2586; x_wconf 85' lang='lat' dir='ltr'>legit</span> <span class='ocrx_word' id='word_1_531' title='bbox 1715 2551 1749 2580; x_wconf 76' lang='lat' dir='ltr'>si</span> <span class='ocrx_word' id='word_1_532' title='bbox 1763 2552 1802 2587; x_wconf 72' lang='lat' dir='ltr'>(n.</span> <span class='ocrx_word' id='word_1_533' title='bbox 1818 2551 1865 2587; x_wconf 61' lang='lat'>12).</span> 
     </span>
    </p>

    <p class='ocr_par' dir='ltr' id='par_1_20' title="bbox 1229 2596 1972 2677">
     <span class='ocr_line' id='line_1_96' title="bbox 1266 2596 1972 2633; baseline 0.001 -9"><span class='ocrx_word' id='word_1_534' title='bbox 1266 2597 1281 2623; x_wconf 72' lang='lat'><strong>4</strong></span> <span class='ocrx_word' id='word_1_535' title='bbox 1297 2597 1397 2624; x_wconf 82' lang='lat' dir='ltr'>Forsan</span> <span class='ocrx_word' id='word_1_536' title='bbox 1419 2597 1578 2632; x_wconf 80' lang='lat' dir='ltr'>legendum:</span> <span class='ocrx_word' id='word_1_537' title='bbox 1604 2605 1785 2633; x_wconf 81' lang='lat' dir='ltr'>quonamque</span> <span class='ocrx_word' id='word_1_538' title='bbox 1800 2596 1884 2625; x_wconf 81' lang='lat' dir='ltr'>modo</span> <span class='ocrx_word' id='word_1_539' title='bbox 1903 2597 1972 2632; x_wconf 81' lang='lat' dir='ltr'>affe-</span> 
     </span>
     <span class='ocr_line' id='line_1_97' title="bbox 1229 2642 1612 2677; baseline 0 -9"><span class='ocrx_word' id='word_1_540' title='bbox 1229 2645 1285 2670; x_wconf 74' lang='lat' dir='ltr'>ctos</span> <span class='ocrx_word' id='word_1_541' title='bbox 1301 2642 1374 2670; x_wconf 72' lang='lat' dir='ltr'>alios</span> <span class='ocrx_word' id='word_1_542' title='bbox 1389 2643 1494 2671; x_wconf 79' lang='lat' dir='ltr'>habeat</span> <span class='ocrx_word' id='word_1_543' title='bbox 1511 2643 1548 2677; x_wconf 79' lang='lat' dir='ltr'>(R.</span> <span class='ocrx_word' id='word_1_544' title='bbox 1562 2642 1612 2675; x_wconf 83' lang='lat' dir='ltr'>T.).</span> 
     </span>
    </p>
   </div>
   <div class='ocr_carea' id='block_1_9' title="bbox 1984 233 2167 263">
    <p class='ocr_par' dir='ltr' id='par_1_21' title="bbox 1984 233 2167 263">
     <span class='ocr_line' id='line_1_98' title="bbox 1984 233 2167 263; baseline 0 0"><span class='ocrx_word' id='word_1_545' title='bbox 1984 233 2035 263; x_wconf 79' lang='lat' dir='ltr'>An.</span> <span class='ocrx_word' id='word_1_546' title='bbox 2050 234 2082 263; x_wconf 80' lang='lat' dir='ltr'>G.</span> <span class='ocrx_word' id='word_1_547' title='bbox 2100 233 2167 263; x_wconf 67' lang='lat'>¹631</span> 
     </span>
    </p>
   </div>
   <div class='ocr_carea' id='block_1_10' title="bbox 1988 1676 2174 1779">
    <p class='ocr_par' dir='ltr' id='par_1_22' title="bbox 2030 1676 2129 1705">
     <span class='ocr_line' id='line_1_99' title="bbox 2030 1676 2129 1705; baseline 0 -6"><span class='ocrx_word' id='word_1_548' title='bbox 2030 1676 2129 1705; x_wconf 81' lang='lat' dir='ltr'>Cap.1u.</span> 
     </span>
    </p>

    <p class='ocr_par' dir='ltr' id='par_1_23' title="bbox 1988 1705 2174 1779">
     <span class='ocr_line' id='line_1_100' title="bbox 2014 1705 2174 1731; baseline 0.006 -6"><span class='ocrx_word' id='word_1_549' title='bbox 2014 1705 2045 1725; x_wconf 78' lang='lat' dir='ltr'>Do</span> <span class='ocrx_word' id='word_1_550' title='bbox 2058 1710 2174 1731; x_wconf 76' lang='lat' dir='ltr'>congrega-</span> 
     </span>
     <span class='ocr_line' id='line_1_101' title="bbox 1989 1731 2173 1752; baseline 0 0"><span class='ocrx_word' id='word_1_551' title='bbox 1989 1731 2080 1752; x_wconf 80' lang='lat' dir='ltr'>tionibus</span> <span class='ocrx_word' id='word_1_552' title='bbox 2099 1733 2121 1752; x_wconf 81' lang='lat' dir='ltr'>iu</span> <span class='ocrx_word' id='word_1_553' title='bbox 2139 1737 2173 1752; x_wconf 80' lang='lat' dir='ltr'>so-</span> 
     </span>
     <span class='ocr_line' id='line_1_102' title="bbox 1988 1757 2174 1779; baseline 0.005 -1"><span class='ocrx_word' id='word_1_554' title='bbox 1988 1758 2066 1779; x_wconf 78' lang='lat' dir='ltr'>cietate</span> <span class='ocrx_word' id='word_1_555' title='bbox 2094 1757 2174 1779; x_wconf 80' lang='lat' dir='ltr'>haben·</span> 
     </span>
    </p>
   </div>
   <div class='ocr_carea' id='block_1_11' title="bbox 2242 1799 2248 1944">
    <p class='ocr_par' dir='ltr' id='par_1_24' title="bbox 2242 1799 2248 1944">
     <span class='ocr_line' id='line_1_103' title="bbox 2245 1799 2248 1808; baseline 0 0"><span class='ocrx_word' id='word_1_556' title='bbox 2245 1799 2248 1808; x_wconf 72' lang='grc'><strong><em>,</em></strong></span> 
     </span>
     <span class='ocr_line' id='line_1_104' title="bbox 2242 1852 2248 1894; baseline 0 0"><span class='ocrx_word' id='word_1_557' title='bbox 2242 1852 2248 1894; x_wconf 81' lang='lat' dir='ltr'>l</span> 
     </span>
     <span class='ocr_line' id='line_1_105' title="bbox 2242 1937 2244 1944; baseline 0 0"><span class='ocrx_word' id='word_1_558' title='bbox 2242 1937 2244 1944; x_wconf 77' lang='grc'>,</span> 
     </span>
    </p>
   </div>
   <div class='ocr_carea' id='block_1_12' title="bbox 2230 1961 2248 2744">
    <p class='ocr_par' dir='ltr' id='par_1_25' title="bbox 2230 1961 2248 2744">
     <span class='ocr_line' id='line_1_106' title="bbox 2230 1961 2248 2744; baseline 0 485"><span class='ocrx_word' id='word_1_559' title='bbox 2230 1961 2248 2744; x_wconf 95' lang='lat' dir='ltr'> </span> 
     </span>
    </p>
   </div>
  </div>
 </body>
</html>
