2248 3229
0 2533 20 3229 mnam-*⁸⁴20
0 2475 2 2484 “

72 234 122 273 Aii.
143 245 259 274 &1638

135 2333 264 2360 Approhaiio

81 2360 214 2386 protectum.

892 248 1032 274 URBANUS
1054 248 1110 273 vin
1131 249 1177 273 ri‘.

276 301 448 329 conventus
480 295 511 328 in
546 296 670 330 civitate
700 296 905 341 Neapolitana
937 307 1015 331 con-

277 348 428 389 struendi,
448 349 513 382 sive
530 349 591 382 iam
616 350 787 383 constructi
811 350 947 394 petendi,
968 343 1019 394 pa*—

276 405 401 445 tresque
426 402 540 436 Terrae
566 402 695 436 Laboris
730 403 790 436 tria
820 403 1018 446 insi-ascripta

275 455 478 498 exequutioni
496 456 696 489 mandarent:
715 462 745 489 et
758 457 872 501 primo,
890 463 923 490 ut
943 467 1018 500 quo-

276 507 333 541 ties
349 509 470 552 aegroti
495 510 655 543 custodiae
681 510 878 554 Principatus
898 521 956 554 pro
977 511 1019 543 in-

274 561 479 596 firmitatibus
503 563 647 603 insolitis,
673 568 703 597 et
726 563 799 596 alibi
824 564 929 596 curari
955 574 1018 597 non

276 615 458 656 valentibus,
483 617 652 660 praecipue
676 617 717 650 ob
743 617 947 660 indigentiam
974 628 1019 650 rc-

277 668 464 709 medioriim,
487 670 606 703 Puteoli
631 670 792 714 Neapolim
819 671 1016 714 perveniunt,

276 721 458 756 charitative
475 734 492 756 a
510 723 659 756 frati-ibus
683 725 798 757 Terrae
823 724 952 758 Laboris
974 734 1019 756 re-

276 775 443 820 cipiantur,
463 787 498 810 ae
524 777 606 810 iuxta
627 776 785 821 seraphici
810 777 908 822 patris
933 786 1018 810 man-

277 828 385 862 datum
411 830 457 863 eis
481 830 678 872 inserviatur,
703 831 783 864 sicut
814 832 927 865 vellent
958 831 1017 864 sibi

276 882 408 915 serviri:
426 883 564 917 secundo
589 895 674 926 vero,
692 890 725 917 iit
748 884 871 928 quotics
890 894 949 928 pro
969 894 1019 917 no-

277 936 421 969 cessariis
441 940 470 971 et
488 937 627 971 honestis
652 938 785 980 negotiis
802 939 914 971 fratres
934 937 1019 971 Prin-

276 989 398 1033 cipatus
417 991 578 1035 Neapolim
604 991 798 1034 confugiunt,
811 991 850 1024 ab
866 991 941 1034 ipsis
959 996 1019 1024 tra-

277 1043 398 1077 ctandis
424 1045 552 1078 minime
578 1045 809 1089 impediantur,
837 1045 890 1078 sed
916 1045 1019 1089 potius

276 1095 321 1129 eis
338 1097 468 1130 faveant:
484 1103 512 1130 et
527 1097 796 1142 tandem,quoties
809 1108 866 1141 pro
877 1098 1017 1131 eiusdem

277 1149 437 1183 custodiae
461 1151 700 1185 occurrentibus
716 1151 851 1194 negotiis
875 1151 1017 1184 eamdem

277 1202 434 1237 civitatem
459 1204 695 1249 Neapolitanam
713 1205 838 1246 adeunt,
861 1205 944 1238 iuxta
965 1206 1019 1239 nc-

276 1256 485 1290 formatorum
511 1263 697 1291 consuetum
726 1269 847 1292 moreni
877 1263 1018 1302 patrum·

276 1319 337 1353 que
361 1310 478 1353 gradus
503 1316 532 1344 et
557 1311 763 1350 conditiones,
781 1311 818 1344 de
843 1312 921 1344 cella
941 1317 1019 1345 cete-

278 1363 384 1407 risque
397 1363 574 1408 hospitibus
590 1365 776 1398 necessariis
796 1364 930 1407 benigne
949 1375 1019 1408 pro-

278 1415 446 1458 videram-¹,
463 1428 499 1450 ac
519 1418 545 1451 si
564 1418 713 1462 propriae
730 1417 890 1452 custodiae
906 1418 1019 1451 fratres

277 1480 314 1503 ac
330 1469 386 1503 filii
411 1476 532 1512 essent,
556 1477 596 1512 et,
625 1482 663 1505 ne
692 1471 732 1504 ob
759 1472 1017 1506 concurrentium

277 1522 411 1557 fratrum
437 1524 669 1558 multitudinem
696 1525 871 1558 confusioni
907 1536 942 1558 ac
967 1525 1019 1558 lio·

278 1577 412 1621 spitandi
429 1578 672 1622 impossibilitati
689 1579 781 1612 detur
801 1579 900 1621 locus,
913 1584 1018 1612 custos

276 1640 335 1674 pro
356 1634 498 1675 tempore
515 1632 757 1666 Resormationis
771 1633 967 1677 Principatus
980 1632 1018 1665 sit

277 1682 541 1728 circumspectus,
566 1695 605 1718 nc
630 1685 756 1729 plures,
781 1696 875 1730 quam
900 1685 1018 1726 deceat,

277 1735 369 1770 simul
389 1737 553 1781 Neapolim
575 1738 687 1772 fratres
709 1739 818 1772 mittat.

321 1790 388 1833 Ego
404 1791 501 1824 l'rater
517 1792 702 1825 Laurentius
719 1803 737 1825 a
753 1793 855 1826 Monte
872 1792 1017 1833 Corvino,

277 1848 382 1877 custos
414 1844 656 1878 Reformationis
688 1846 868 1889 provinciae
893 1846 1016 1879 Princi-

278 1901 379 1940 patus,
405 1897 570 1938 contirmo,
590 1903 623 1931 ut
648 1909 752 1943 supra.

322 1950 388 1994 Ego
414 1951 508 1984 frater
521 1952 684 1985 Marcellus
702 1963 719 1985 a
739 1952 877 1992 Summa,
895 1962 911 1985 a
931 1957 1019 1996 patre

278 2003 406 2037 custode
424 2010 453 2037 et
470 2015 486 2037 a
504 2005 647 2049 patribus
665 2016 751 2038 meae
778 2005 1019 2039 Reformationis

277 2056 316 2090 ad
340 2057 400 2091 hoc
426 2058 540 2091 missus
564 2062 593 2093 el
617 2058 788 2102 delegatus,
803 2057 965 2098 confiteor,
987 2063 1019 2091 ut

279 2121 384 2154 supra.

322 2164 390 2208 Ego
415 2165 510 2199 frater
545 2165 674 2199 loannes
699 2165 834 2209 Baptista
859 2176 875 2198 a
900 2165 1018 2208 Dongo,

278 2221 465 2262 procurator
478 2219 634 2261 generalis
649 2219 911 2260 Reformatorum,
927 2218 1020 2250 inter-

280 2271 333 2312 sui,
357 2282 393 2305 ac
417 2282 476 2315 pro
498 2272 581 2306 bono
605 2272 732 2316 publico
757 2277 787 2304 et
813 2282 888 2316 pace
914 2271 1018 2304 annui.

324 2324 384 2357 Pro
409 2325 506 2358 nostri
533 2325 672 2358 muneris
702 2325 822 2358 ratione
855 2324 1019 2368 utriusque

281 2377 440 2411 custodiae
464 2378 531 2422 paci
557 2383 587 2412 et
610 2378 706 2422 quieti
739 2378 944 2418 consulentes,
970 2388 1020 2410 su-

281 2431 454 2475 pradictam
487 2431 727 2465 conventionem
759 2436 789 2464 et
818 2431 1018 2464 concordiam

281 2490 433 2529 perpetuo
447 2485 610 2518 valituram
637 2484 793 2529 praesenti
811 2484 937 2517 decreto
951 2495 1021 2517 con-

282 2539 444 2572 firmamus
461 2544 490 2572 et
510 2539 733 2583 approbamus,
751 2539 790 2572 ab
812 2539 1020 2583 omnibusque

318 2612 328 2636 ¹
349 2609 449 2638 Forsan
474 2610 618 2645 legendum
640 2611 867 2646 provideantur,
890 2610 930 2638 rel
952 2610 1021 2646 ipsis

278 2655 470 2689 provideatur
488 2658 521 2690 [n.
538 2656 586 2690 τ,).

1700 235 1764 271 669

1052 302 1082 330 et
1098 296 1230 340 singulis
1243 294 1485 330 Reformationis
1503 304 1562 340 pro
1580 298 1720 339 tempore
1734 294 1794 328 exi-

1052 350 1206 383 stentibus
1231 349 1449 394 superioribus
1466 353 1496 382 et
1520 347 1722 382 inferioribus
1738 347 1793 381 ob-

1052 404 1170 437 servari
1195 403 1349 445 volumus,
1369 402 1568 436 decernimus
1587 406 1617 436 et
1641 401 1794 446 praecipi-

1053 468 1140 497 mtlS,
1165 457 1224 490 sub
1256 456 1366 500 poenis
1390 455 1636 497 inobedientiae,
1660 455 1793 498 aliisque

1052 510 1183 543 arbitrio
1209 510 1396 553 infligendis.
1418 510 1527 543 Datum
1546 510 1673 549 Romae,
1690 519 1727 542 ex
1743 518 1794 552 pa-

1053 563 1126 596 latio
1151 569 1277 596 nostrae
1303 563 1412 596 solitae
1437 562 1634 603 residentiae,
1651 562 1701 595 die
1718 571 1792 595 xxix

1053 616 1156 649 martii
1181 626 1333 650 iiocxriii.

1118 687 1288 721 Fanmrius
1305 687 1390 720 card.
1409 688 1584 729 X'Eniittus,
1604 690 1773 731 protector.

1096 777 1111 819 ξ
1135 776 1163 809 2.
1189 777 1264 810 Cum
1285 782 1400 817 autem,
1419 777 1510 810 sicuti
1535 776 1645 810 eadem
1669 776 1791 820 exposi-

1053 829 1094 862 tio
1112 830 1331 873 subiungebat‚
1348 830 1448 864 dictus
1474 831 1604 864 Ioannes
1621 830 1793 874 praemissa

1052 894 1110 926 pro
1135 883 1269 916 firmiori
1294 884 1421 916 illorum
1446 884 1647 917 subsistentia
1668 889 1792 927 aposto-

1053 936 1111 969 lica
1124 937 1308 970 auctoritate
1322 937 1523 981 comprobari
1541 937 1711 970 desideret:
1725 947 1792 978 nos,

1053 989 1154 1033 ipsum
1180 990 1328 1023 loannem
1361 990 1550 1034 specialibus
1580 991 1739 1023 favoribus
1763 995 1794 1024 et

1052 1043 1161 1086 gratiis
1185 1043 1335 1087 prosequi
1360 1044 1514 1084 volentes,
1539 1048 1569 1078 et
1592 1054 1609 1076 a
1633 1043 1794 1088 quibusvis

1052 1096 1396 1138 excommunicationis,
1414 1097 1628 1140 suspensionis
1652 1102 1682 1130 et
1702 1097 1795 1130 inter·

1052 1150 1136 1191 dicti,
1152 1151 1284 1194 aliisque
1300 1150 1519 1184 ecclesiasticis
1536 1151 1708 1191 sententiis,
1727 1160 1795 1184 cen-

1052 1203 1134 1236 suris
1159 1208 1189 1237 et
1213 1204 1341 1248 poenis,
1365 1214 1383 1237 a
1407 1204 1476 1237 iure
1507 1204 1553 1236 rel
1585 1203 1624 1236 ab
1656 1203 1793 1245 homine,

1051 1257 1161 1300 quavis
1178 1257 1342 1290 occasione
1360 1257 1407 1290 vel
1424 1259 1518 1290 causa
1535 1257 1615 1299 latis,
1633 1256 1658 1290 si
1681 1256 1795 1300 quibus

1051 1310 1290 1353 quomodolibet
1315 1310 1481 1344 innodatus
1510 1310 1636 1350 existit,
1660 1310 1699 1343 ad
1723 1309 1796 1343 esse-

1051 1368 1135 1396 etum
1164 1363 1376 1407 praesentium
1411 1364 1572 1397 dumtaxat
1600 1373 1794 1407 consequen-

1051 1416 1138 1457 dum,
1164 1417 1277 1450 haruin
1303 1417 1384 1450 serie
1411 1417 1608 1451 absolventes
1625 1421 1655 1449 et
1674 1416 1795 1450 absolu-

1053 1475 1117 1502 tum
1142 1470 1208 1503 sore
1227 1476 1402 1511 censentes,
1420 1469 1700 1514 supplicationibus
1717 1469 1795 1502 eius-

1051 1523 1122 1556 dem
1148 1524 1271 1557 Ioannis
1292 1523 1418 1557 nomine
1432 1524 1522 1557 nobis
1538 1534 1632 1568 super
1656 1523 1716 1556 hoe
1735 1523 1794 1556 hu-

1052 1576 1168 1610 militer
1201 1577 1356 1621 porrectis
1392 1577 1569 1619 inclinati,⁴
1591 1577 1793 1611 concordiam

1053 1630 1256 1674 praedictam,
1273 1641 1343 1664 cum
1362 1631 1508 1664 omnibus
1526 1631 1557 1663 in
1574 1632 1609 1664 ea
1629 1631 1792 1672 contentis,

1052 1684 1223 1727 apostolica
1236 1684 1432 1725 auctoritate,
1447 1689 1555 1718 tenore
1568 1684 1792 1728 praesentium,

1052 1737 1266 1780 approbamus
1292 1743 1321 1770 ct
1346 1738 1587 1778 confirmamus,
1609 1737 1716 1780 illique
1742 1737 1792 1769 in-

1053 1790 1206 1824 violabilis
1223 1791 1413 1835 apostolicae
1430 1790 1586 1824 firmitatis
1607 1790 1705 1824 robur
1721 1790 1795 1823 adii-

1052 1843 1171 1885 cimus,
1196 1855 1231 1877 ac
1262 1855 1372 1878 omnes
1397 1849 1426 1879 ct
1457 1844 1597 1887 singulos
1629 1849 1692 1877 tam
1717 1844 1794 1877 iuris

1052 1907 1146 1940 quain
1173 1897 1243 1930 sacti
1268 1897 1416 1938 descetus,
1437 1897 1462 1930 si
1487 1897 1539 1941 qiii
1566 1897 1701 1941 desuper
1720 1907 1795 1940 quo-

1053 1950 1223 1983 modolibet
1248 1951 1483 1991 intervenerint,
1502 1951 1695 1994 supplemus.

1096 2002 1152 2046 {3-
1168 2004 1377 2037 Decernentcs
1392 2003 1595 2036 concordiam
1612 2003 1794 2036 huiusmodi

1053 2066 1174 2089 necnon
1199 2062 1381 2100 praesentes
1405 2057 1524 2090 litteras
1542 2056 1668 2098 validas,
1687 2056 1794 2089 sirmas

1053 2114 1082 2142 et
1107 2109 1248 2142 efficaces
1276 2110 1408 2143 existere
1429 2114 1459 2142 et
1484 2109 1560 2150 sore,
1577 2119 1713 2153 suosque
1731 2109 1795 2152 ple—

1052 2163 1158 2195 narios
1182 2168 1211 2195 et
1236 2163 1375 2205 integros
1399 2163 1528 2197 effectus
1553 2163 1660 2196 sortiri
1685 2168 1715 2196 et
1735 2163 1794 2196 ob-

1053 2217 1164 2256 tinere,
1184 2227 1219 2250 ac
1244 2227 1261 2249 a
1285 2217 1441 2250 dictarum
1466 2216 1679 2251 custodiarum
1705 2227 1794 2260 supe-

1054 2269 1191 2303 rioribus
1208 2275 1238 2303 ct
1258 2270 1417 2310 fratribus,
1435 2275 1464 2303 et
1484 2270 1646 2313 quibusvis
1666 2269 1734 2302 aliis
1755 2269 1793 2302 ad

1053 2334 1131 2367 quos
1156 2328 1275 2366 spectat
1295 2328 1325 2356 et
1347 2323 1378 2356 in
1399 2324 1539 2356 futurum
1566 2322 1729 2367 spectabit,
1750 2322 1794 2355 in-

1054 2377 1241 2410 violabiliter
1266 2377 1428 2410 observari
1454 2376 1586 2416 debere;
1608 2387 1643 2410 ac
1668 2376 1794 2408 irritum

1053 2435 1082 2462 et
1102 2430 1203 2470 inane,
1232 2430 1256 2462 si
1285 2440 1374 2463 secus
1398 2440 1492 2473 super
1516 2429 1564 2462 his
1589 2440 1606 2462 a
1623 2439 1793 2473 quoquam,

1054 2483 1162 2526 quavis
1187 2483 1393 2523 auctoritate,
1418 2482 1552 2516 scienter
1577 2482 1622 2516 vel
1649 2482 1795 2525 ignoran-

1055 2540 1112 2576 ter,
1130 2535 1295 2578 contigerit
1313 2535 1466 2569 attentari.

1098 2590 1113 2634 g
1137 2589 1167 2622 4.
1193 2590 1260 2623 Nori
1289 2590 1484 2623 obstantibus
1520 2588 1794 2624 constitutionibus

1054 2647 1085 2677 et
1109 2643 1359 2678 ordinationibus
1377 2643 1568 2688 apostolicis,
1589 2643 1725 2688 dictique
1741 2642 1794 2677 Or-

1810 246 1858 274 Λη.
1876 246 1906 275 C.
1926 245 1991 274 ¹638

1856 785 1990 807 Confirmatio

1807 813 1922 842 pontificia.
1931 815 1993 839 prout

1808 845 1827 859 in
1843 841 1935 860 rubi-ica.

1840 2010 1952 2031 necmium
1967 2010 1993 2030 ii·-

1809 2038 1882 2058 ritaiis.

1880 2594 1992 2624 Duoroflatio

1809 2623 1969 2644 conti-ariorum.
