2248 3229
125 223 174 251 Au.
191 222 218 250 C.
242 223 310 251 1636

152 1193 272 1214 stanuum.

942 225 1042 251 t'itBAN
1048 226 1082 252 L'S
1109 227 1121 251 Υ
1128 227 1162 252 tn
1186 228 1234 252 Μ’.

1747 220 1810 255 513

323 271 416 314 sivae,
441 271 510 315 ipso
528 272 617 315 sacto,
635 272 751 317 absque
769 273 827 307 alia
845 274 1064 318 declaratione,
1099 287 1170 310 cum
1189 277 1310 311 decenti
1328 277 1547 312 ministrorum
1564 278 1714 311 numero'
1741 276 1841 311 fideli-

325 325 495 358 incurrant.

1100 335 1146 362 ter
1163 330 1220 374 ipsi
1239 331 1269 363 in
1283 331 1448 367 devotione
1464 330 1678 375 persistentes,
1693 342 1729 365 ac
1746 331 1840 365 etiam

367 380 479 413 Datum
497 381 624 419 Romae,
642 381 692 414 die
710 392 726 414 v
743 383 874 416 ianuarii
894 393 1063 431 uncxxxvt.
1080 369 1083 426 i
1099 383 1273 417 devotionis
1298 385 1480 418 huiusmodi
1509 391 1713 428 augmentum
1742 385 1840 418 susci-

501 461 532 493 F.
558 460 645 494 Cat-d.
675 462 860 496 l'ERosrirs.

367 521 564 557 mectsccs
590 524 777 566 l'Avrrrirs,
795 525 823 557 S.
836 525 865 559 C.
880 526 910 558 C.
929 526 1042 559 Secret.

623 683 777 717 Dxxxvt.

326 761 455 806 Oppida
474 763 582 796 Casiri
605 763 766 797 Durantis
788 768 817 797 et
835 763 866 797 S.
886 763 1008 808 Anqeli
1032 754 1068 796 ι”η

369 815 523 856 cit-itam,
543 821 572 849 ct
587 827 697 850 eorum
710 818 900 861 colleqiatue
913 818 950 850 in
966 818 1068 851 cathe-

370 869 478 902 drales
495 870 672 913 eri-quillto·
683 871 741 904 sub
757 871 853 904 titulo
866 872 1068 915 episcopatus

373 921 536 956 Urbaniae
547 922 564 955 ¹.

529 1005 664 1033 Urbanus
683 1006 841 1039 episeopus
853 1027 860 1039 ,

503 1062 606 1082 servus
635 1061 790 1082 servorum
816 1054 868 1082 Dei
881 1076 888 1086 ,

453 1101 489 1126 ad
505 1090 680 1133 perpetuam
695 1100 739 1127 rei
754 1100 936 1127 memoriam.

369 1180 430 1213 Pro
440 1181 602 1214 excellenti
616 1180 876 1225 praeeminentia2
887 1180 975 1213 Sedis
988 1181 1067 1224 Apo—

325 1234 462 1277 stolicae,
478 1235 508 1268 in
526 1236 598 1279 qua,
624 1239 694 1279 post
711 1235 835 1270 beatum
855 1236 981 1268 Petrum
995 1246 1066 1279 apo-

325 1290 479 1322 stolorum
492 1290 680 1334 principem,
689 1299 881 1334 quamquam
894 1290 1066 1334 imparibus

325 1343 455 1386 meritis,
480 1344 549 1388 pari
567 1348 671 1376 tamen
692 1344 888 1385 auctoritate,
907 1344 1065 1377 constituti

324 1397 462 1437 suimus³,
473 1397 502 1430 in
517 1397 638 1440 irriguo
650 1397 811 1431 militantis
822 1398 978 1431 Ecclesiae
987 1408 1066 1441 agro

325 1451 500 1485 Romanum
532 1442 713 1484 Pontificem
743 1462 839 1484 novas
871 1452 1066 1496 episcopales

324 1505 413 1538 sedes
436 1505 646 1549 ecclesiasque
672 1506 812 1548 plantare
837 1505 968 1548 dignum
986 1505 1065 1538 arbi-

323 1565 454 1600 namur,
479 1565 512 1592 ut
536 1570 593 1603 per
618 1559 797 1593 huiusmodi
818 1570 930 1592 novam
948 1560 1065 1603 planta-

323 1613 439 1646 tionem
464 1613 656 1657 populorum
681 1617 834 1656 augeatur
858 1613 992 1655 devotio,
1018 1613 1064 1645 di-

321 1666 413 1700 vinus
437 1667 539 1699 cultus
556 1666 707 1707 effloreat,
733 1671 762 1699 et
787 1667 962 1699 animarum
981 1667 1064 1699 salus

323 1720 542 1764 subsequatur,
568 1720 746 1765 oppidaque
776 1726 805 1753 ct
832 1721 901 1755 loca
917 1721 1062 1764 insignia,

322 1779 450 1806 nostrae
475 1774 660 1817 praesertim
691 1779 720 1806 et
749 1779 872 1807 sanctae
905 1774 1063 1808 Romanae

324 1827 480 1861 Ecclesiae
491 1827 600 1861 ditioni
614 1826 748 1868 subdita,
759 1827 956 1871 dignioribus
966 1827 1063 1861 titulis

323 1880 506 1914 attollantur
530 1886 559 1913 et
584 1881 758 1914 maioribus
778 1881 953 1915 honoribus
970 1881 1063 1915 deco-

323 1939 443 1974 rentur,
462 1939 495 1967 ut
513 1934 741 1978 propagatione
753 1934 763 1951 ⁴
787 1944 885 1967 novae
903 1934 995 1975 sedis,
1012 1935 1066 1968 lio-

323 1988 490 2032 noratique
503 1988 656 2032 praesulis
670 1987 845 2022 assistentia
864 1994 893 2021 et
911 1988 1065 2032 regimine

362 2107 370 2133 l
391 2105 428 2133 Ex
445 2105 551 2141 Regest.
569 2105 596 2132 in
612 2105 713 2132 Secret.
736 2105 869 2132 Brevium.

359 2150 376 2177 ξ).
391 2150 466 2178 Bulla
481 2150 531 2177 ista
546 2149 664 2177 refertur
681 2150 761 2177 etiam
781 2150 814 2177 ab
832 2150 952 2186 tssghellio
973 2150 1000 2177 in
1021 2158 1068 2177 sua

326 2195 415 2224 Italia
429 2203 523 2227 sacra,
540 2199 604 2222 tom.
622 2202 649 2229 11,
666 2195 716 2222 col.
734 2195 785 2222 884
801 2202 871 2230 seq„
884 2195 948 2222 edit.
962 2195 1066 2230 venet„

1080 429 1227 491 [pientes
1252 444 1396 470 aeternae
1421 438 1576 471 felicitatis
1600 438 1777 483 praemium
1799 439 1843 471 sa-

1099 489 1188 521 cilius
1213 490 1335 523 valeant
1359 491 1498 534 adipisci,
1520 492 1698 536 dignaque*
1730 502 1841 525 eorum

1101 542 1258 576 veteribus
1286 544 1354 577 aliis
1387 544 1498 578 cadere
1523 545 1643 589 possint
1673 546 1704 578 in
1734 556 1841 578 exem-

1100 597 1197 641 plum.
1307 598 1310 601 “

1145 651 1159 693 g
1188 651 1212 683 l.
1239 651 1331 693 Sane,
1358 662 1429 685 cum
1455 651 1545 686 nobis
1570 653 1645 686 alias
1669 663 1728 698 pro
1754 657 1842 697 parte

1100 704 1340 737 universitatum
1365 711 1395 737 et
1419 705 1584 738 hominum
1610 711 1768 740 terrarum
1787 717 1842 740 scu

1101 757 1290 801 oppidorum
1306 758 1404 792 Castri
1422 758 1567 792 Durantis
1588 765 1617 793 ct
1633 760 1662 793 S.
1682 760 1792 803 Angeli
1811 760 1841 794 in

1102 809 1197 852 Vado,
1215 811 1351 844 nullius⁸
1367 811 1529 853 dioecesis,
1551 813 1733 857 provinciae
1757 813 1843 846 Urbi-

1101 864 1248 904 natensis,
1275 863 1501 898 iurisdictionis
1527 876 1584 909 pro
1609 871 1753 910 tempore
1782 866 1843 899 exi-

1101 917 1210 949 stentis
1231 917 1353 951 abbatis
1378 919 1560 952 monasterii
1577 918 1606 952 S.
1623 919 1843 964 Christophori

1100 975 1204 1003 terrae
1229 980 1284 1004 scu
1309 971 1417 1016 oppidi
1442 971 1539 1006 Castri
1565 972 1712 1006 Durantis
1737 972 1843 1006 huius-

1102 1024 1196 1066 modi,
1211 1024 1309 1057 sancti
1323 1024 1482 1058 Benedicti
1496 1036 1550 1058 seu
1563 1025 1692 1059 alterius
1706 1023 1842 1066 Ordinis,

1101 1078 1263 1111 humiliter
1276 1077 1486 1122 supplicatum
1500 1078 1619 1121 suisset,
1630 1083 1664 1111 ut
1676 1084 1843 1123 utramque

1101 1137 1233 1174 terram,
1264 1142 1318 1165 seu
1345 1132 1532 1166 alterutrum
1557 1133 1712 1177 oppidum
1737 1133 1844 1168 huius-

1101 1185 1195 1226 modi,
1213 1185 1244 1218 in
1265 1185 1435 1227 civitatem,
1456 1197 1491 1219 ae
1508 1186 1734 1221 monasterium
1755 1198 1842 1231 prae-

1099 1239 1240 1272 dictum⁴
1264 1245 1294 1272 et
1319 1240 1483 1273 matricem
1507 1250 1562 1273 seu
1587 1240 1740 1274 maiorem
1756 1268 1763 1282 ‚
1797 1252 1844 1274 ar-

1099 1293 1403 1338 chipresbyteratum
1424 1298 1640 1338 nuncupatum
1661 1294 1689 1328 S.
1713 1295 1844 1328 Michae-

1100 1347 1137 1380 lis
1161 1347 1361 1390 Archangeli,
1376 1352 1478 1380 terrae
1492 1358 1548 1381 seu
1561 1347 1667 1392 oppidi
1685 1348 1714 1381 S.
1733 1349 1844 1392 Angcli

1100 1402 1130 1434 in
1155 1401 1239 1434 Vado
1263 1401 1446 1434 huiusmodi
1471 1401 1630 1442 ecclesias
1647 1401 1787 1446 alioquin
1804 1402 1843 1435 ad

1100 1455 1130 1488 id
1155 1465 1285 1499 capaces
1310 1460 1339 1488 et
1364 1455 1502 1496 idoneas,
1527 1465 1701 1499 earumque
1730 1456 1844 1489 alteru-

1099 1514 1200 1550 tram,
1231 1508 1262 1540 in
1294 1508 1489 1542 cathedrales
1521 1508 1671 1541 ecclesias
1695 1509 1842 1552 erigere,

1098 1562 1221 1606 aliaque·
1245 1562 1275 1594 in
1300 1561 1479 1606 praedicta⁵
1503 1563 1605 1595 facere
1623 1567 1652 1595 et
1669 1563 1780 1607 exequi
1806 1563 1842 1596 de

1097 1616 1290 1658 benignitate
1314 1616 1487 1660 apostolica
1512 1615 1737 1659 dignaremur;

1142 1670 1156 1713 g
1173 1670 1202 1703 ⁶2.
1221 1671 1283 1703 Nos
1300 1680 1374 1703 vcro
1392 1670 1555 1713 negotium
1573 1670 1753 1704 huiusmodi
1771 1681 1842 1705 con-

1078 1724 1272 1767 2gi·egationi
1298 1723 1524 1757 venerabilium
1554 1724 1687 1757 fratrum
1716 1729 1840 1758 nostro-

1097 1788 1167 1811 rum
1197 1782 1322 1810 sanctae
1357 1778 1516 1811 Romanae
1548 1777 1706 1811 Ecclesiae
1739 1779 1838 1812 cardi-

1096 1832 1215 1865 nalium
1241 1832 1523 1866 consultationibus
1552 1837 1581 1865 et
1610 1833 1705 1866 rebus
1737 1833 1839 1867 consi-

1098 1886 1278 1919 storialibus
1307 1886 1566 1930 praepositorum
1598 1887 1840 1920 examinandum

1098 1939 1426 1980 demandavissemus3
1453 1945 1483 1973 et
1508 1940 1578 1984 ipsi,
1599 1941 1690 1984 capta
1707 1940 1843 1985 desuper

1137 2023 1146 2047 1
1166 2021 1209 2047 lta
1221 2020 1302 2048 etiam
1316 2020 1345 2047 in
1359 2020 1486 2047 hocloco
1506 2020 1570 2055 legit
1591 2020 1744 2056 Ughellius;
1767 2023 1793 2047 at
1813 2029 1844 2047 ex

1100 2065 1185 2092 altero
1201 2064 1272 2100 apud
1287 2064 1438 2100 Ugliellium
1451 2064 1602 2100 diplomate
1616 2068 1643 2091 et.
1657 2072 1689 2092 ex
1704 2068 1845 2093 contextus

1101 2109 1237 2145 exigentia
1252 2108 1313 2136 heic
1328 2109 1482 2136 addendum
1499 2109 1604 2137 videtur
1618 2110 1731 2145 suffulti
1745 2110 1842 2145 (n.·1·.).

1137 2156 1152 2180 2
1168 2154 1213 2180 Sic
1228 2153 1311 2181 habet
1327 2153 1465 2189 Ugliellius
1481 2162 1605 2190 quoque3
1627 2154 1673 2182 sed
1690 2154 1730 2182 vel
1750 2154 1844 2190 legen-

1101 2199 1164 2226 dum
1180 2198 1328 2233 cliynctque
1343 2206 1444 2225 eorum
1462 2198 1602 2227 veteribus
1618 2199 1674 2226 vitri
1691 2198 1733 2226 vel
1748 2199 1846 2234 dique-

326 2240 372 2267 ubi
392 2241 472 2268 etiam
492 2240 590 2276 legitur
610 2240 695 2268 altera
712 2241 855 2276 persimilis
870 2241 932 2268 data
952 2241 1002 2268 suh
1022 2249 1067 2269 eo·
1084 2248 1086 2274 t
1102 2253 1156 2279 que
1167 2252 1268 2272 eorum
1278 2244 1420 2272 veteribus
1429 2243 1568 2271 viventes:
1583 2245 1664 2280 paulo
1675 2247 1736 2280 post
1746 2243 1847 2279 Ughel-

325 2286 386 2313 dem
406 2285 449 2312 die
465 2290 491 2313 et
506 2294 576 2312 anno
595 2293 644 2320 pro
664 2286 800 2313 erectione
820 2286 892 2313 sedis
911 2285 1069 2322 episcopalis

325 2330 351 2357 S.
369 2330 461 2365 Angeli
476 2330 504 2357 in
520 2330 605 2363 vado,
620 2329 686 2357 ibid.
704 2330 754 2357 col.
768 2330 829 2357 806.
845 2330 992 2367 Utramque
1008 2339 1069 2358 con-

326 2374 460 2402 suluimus
475 2374 508 2402 ad
525 2375 669 2403 lectionem
685 2374 883 2412 emendandam
899 2375 939 2410 (n.
952 2376 1001 2409 T.).

361 2420 377 2447 3
394 2419 493 2455 Aptius
508 2420 534 2446 in
551 2423 665 2456 utroque
685 2419 830 2455 diplomate
846 2419 986 2456 Ughellius
1006 2420 1069 2456 legit

325 2474 425 2492 sumus
438 2466 477 2499 (R.
492 2466 539 2497 τ.).

362 2512 377 2538 4
393 2510 432 2537 lta
448 2510 527 2537 etiam
544 2510 607 2545 legit
624 2509 773 2544 Ughellius,
789 2511 836 2538 sed
858 2512 948 2539 nescio
969 2520 1001 2540 an
1021 2520 1070 2540 vox

322 2556 536 2590 propaqatione
554 2555 711 2589 conveniat;
732 2555 823 2583 forsan
844 2555 988 2592 legendum
1008 2565 1070 2585 ere-

1084 2278 1086 2292 *
1103 2289 1153 2316 lius
1168 2289 1233 2323 legit
1244 2289 1335 2323 possit
1350 2296 1399 2324 pro
1411 2288 1524 2323 possint
1537 2290 1578 2324 (R.
1590 2291 1640 2323 Τ.).

1137 2334 1153 2360 3
1178 2333 1328 2368 Perperam
1355 2332 1492 2368 Ughellius
1515 2333 1579 2368 legit
1606 2334 1774 2361 nullatenus
1798 2341 1847 2369 pro

1103 2378 1215 2405 nullius
1229 2378 1267 2412 (n.
1284 2376 1331 2412 T.).

1138 2423 1155 2448 4
1174 2421 1288 2449 Omnino
1303 2430 1334 2448 ex
1352 2421 1472 2458 Ugliellio
1487 2426 1513 2449 et
1528 2425 1670 2450 contextus
1686 2423 1790 2452 ratione
1807 2424 1847 2452 le-

1102 2466 1220 2502 gendum
1240 2466 1412 2494 monasterii
1427 2467 1585 2501 praedicti,
1602 2467 1671 2494 idest
1685 2469 1846 2504 ecclesiam,

1103 2519 1165 2538 nam
1180 2514 1275 2546 postea
1293 2510 1418 2546 sequitur
1432 2510 1574 2546 pluraliter
1593 2511 1726 2539 ecclesias
1740 2512 1779 2547 (n.
1797 2513 1846 2547 τ.).

1139 2557 1155 2584 5
1170 2556 1212 2583 Sic
1226 2556 1253 2583 in
1270 2556 1321 2583 hoc
1335 2556 1395 2583 loco
1411 2555 1476 2591 legit
1491 2555 1573 2583 etiam
1589 2555 1742 2591 Ughellius,
1757 2557 1805 2585 sed
1819 2557 1847 2585 in

326 2599 418 2628 ctione
437 2602 484 2627 aut
501 2599 694 2634 plantatione,
711 2600 781 2627 sicut
800 2605 880 2628 antea
900 2601 964 2629 dixit
983 2611 1071 2629 novas
1104 2602 1162 2629 loco
1178 2600 1307 2637 parallelo
1323 2599 1436 2628 alterius
1451 2600 1542 2628 Bullae
1557 2600 1591 2628 ab
1605 2600 1663 2637 ipso
1679 2601 1767 2630 editae
1784 2602 1848 2638 legi-

326 2644 500 2680 episcopales
513 2644 592 2672 sedes
607 2645 794 2680 ecclesiasque
807 2646 946 2680 plantare
957 2649 994 2681 (n.
1007 2648 1055 2681 τ.).

389 2697 467 2726 Bull.
489 2697 572 2728 Rom.
595 2714 627 2718 —
652 2698 708 2730 Vol.
735 2697 812 2729 XIV.
960 2701 994 2730 65

1104 2649 1147 2676 tur
1162 2647 1355 2683 infrascripta
1371 2654 1418 2682 pro
1434 2646 1465 2674 in
1477 2646 1629 2683 praedicta
1643 2649 1682 2683 (n.
1705 2646 1751 2683 r.).

1857 231 1905 258 An.
1927 231 1954 258 C.
1974 231 2040 259 1636

1909 665 2042 692 Supplicatio

1855 692 2003 714 ..niversitatis
2023 695 2042 712 e!

1858 721 1961 740 terrarum
2006 724 2043 739 sou

1858 746 1981 772 oppidorum
2005 745 2043 765 Ca-

1857 775 1895 794 stri
1910 772 2010 792 Durantis
2023 774 2045 792 ot.

1858 799 1881 820 S.
1915 798 1989 826 Augen
2023 797 2042 819 in

1859 825 1926 846 vad-³*

1889 1679 2007 1705 Negocium
2024 1684 2045 1699 e-

1856 1707 1934 1727 xamini
1952 1706 2043 1731 Congre-

1855 1733 1945 1758 gationis
1969 1732 2045 1754 const,

1854 1760 1948 1780 storiatus
1961 1759 2002 1780 suit
2011 1765 2033 1779 ro

1853 1787 1945 1809 missum.
2038 1788 2044 1792 ·
