2248 3229
226 241 313 269 Aac.
336 242 405 270 1635

450 234 515 268 45ss

1003 241 1182 266 BULLARIUM
1207 241 1360 270 ROMANUM

426 292 575 335 quamdiu
601 292 631 322 in
656 290 803 323 humanis
825 295 941 332 ageret,
959 292 988 323 et
1008 288 1166 333 quondam
1202 289 1233 322 in
1264 289 1532 333 primogenitum,
1559 293 1729 325 masculum
1763 298 1882 326 tantum
1910 298 1937 326 et

427 347 520 379 Besso
538 345 634 389 ipsius
652 344 812 377 philiberti
838 343 1060 388 primogenito,
1078 349 1107 377 et
1124 344 1168 378 sic

427 400 464 432 de
489 403 603 437 cetero,
625 397 662 430 de
687 397 898 441 primogenito
924 398 954 430 in
979 398 1169 441 primogeni-

428 458 510 492 tum,
536 456 566 483 et
598 450 658 483 illis
691 450 908 484 deficientibus
932 461 990 494 pro
1015 451 1167 484 secundo-

427 504 532 548 genito
558 508 587 536 et
612 503 678 536 eius
702 503 925 547 primogenito,
946 514 982 537 ac
1007 514 1167 538 successo-

426 558 513 590 ribus
536 557 775 601 primogenitis,
801 562 888 590 motu
917 558 1048 601 proprio
1076 562 1105 591 et
1133 568 1167 591 ex

427 610 493 643 eius
517 611 603 643 certa
628 609 756 642 scientia
782 609 881 642 erexit
904 614 934 642 et
958 609 1108 651 instituit,
1134 621 1169 643 ac

426 663 570 708 perpetui
596 668 625 696 et
649 662 763 696 nobilis
784 663 1017 696 marchionatus
1042 663 1169 697 nomine

427 722 457 750 et
474 717 564 750 titulo
581 716 750 757 decoravit,
767 716 1038 759 philibertumque
1056 721 1083 749 et
1102 716 1169 749 Bes-

428 782 496 804 sum
522 781 557 804 ac
581 780 779 804 successores
807 771 962 814 praefatos
993 770 1022 802 in
1051 781 1166 814 perpe-

428 832 497 859 tuos
523 824 722 858 marchiones
739 824 908 857 Masserani
925 825 1052 864 creavit,
1071 835 1105 857 ac
1126 824 1169 857 eis

428 885 454 912 et
481 890 540 923 pro
565 884 706 923 tempore
734 878 877 911 existenti
910 878 1085 911 marchioni
1110 879 1168 911 liu-

428 932 581 973 iusmodi,
606 932 690 976 quod
716 932 931 966 iurisdictione
947 960 954 973 ,
980 932 1115 976 imperio
1141 937 1171 965 et

428 985 523 1030 gladii
554 990 726 1030 potestate,
751 996 872 1019 necnon
896 986 1091 1030 privilegiis,
1117 985 1171 1018 im-

429 1040 644 1082 munitatibus,
670 1039 930 1083 exemptionibus,
955 1039 1169 1080 facultatibus,

429 1092 636 1133 libertatibus,
652 1092 918 1136 praeeminentiis,
932 1092 1169 1136 praerogativis,

430 1147 557 1180 indultis
583 1151 612 1180 et
637 1146 762 1189 gratiis,
787 1146 948 1190 signisque
973 1151 1002 1178 et
1027 1146 1170 1189 insigniis

428 1200 586 1245 praefatis,
600 1209 722 1233 necnon
739 1200 883 1233 facultate
901 1199 1034 1232 cudendi
1052 1205 1082 1232 et
1099 1199 1170 1232 cudi

429 1253 560 1287 faciendi
585 1256 746 1296 monetas,
773 1253 873 1286 modis
905 1258 934 1286 et
963 1253 1072 1287 formis
1098 1259 1171 1287 tunc

431 1306 595 1351 expressis,
620 1306 675 1347 uti,
699 1306 793 1351 potiri
818 1312 848 1339 et
869 1306 1027 1350 gaudere,
1052 1317 1088 1340 ac
1111 1307 1169 1339 alia

430 1370 486 1404 per
507 1360 584 1393 alios
604 1360 803 1393 marchiones
829 1360 859 1393 in
884 1370 993 1393 eorum
1019 1360 1172 1393 marchio-

430 1413 555 1447 natibus
579 1413 649 1446 sieri
675 1414 776 1455 solita,
800 1417 834 1448 ut
857 1414 1045 1458 praefertur,
1070 1414 1171 1447 facere

432 1473 460 1500 et
485 1478 633 1501 exercere
657 1467 756 1501 libere
781 1473 808 1500 et
835 1467 917 1501 licite
944 1468 1075 1509 valeret,
1101 1478 1172 1501 con-

432 1521 524 1555 cessit
540 1526 570 1554 et
588 1520 730 1561 indulsit3
748 1527 777 1555 et
794 1521 914 1564 deinde⁷
932 1521 978 1555 et¹
994 1521 1086 1554 certis
1104 1521 1171 1554 aliis

432 1581 506 1608 tunc
530 1575 686 1619 expressis
707 1575 817 1617 causis,
833 1575 1020 1620 Crepacorii,
1041 1575 1170 1618 Quirini,

432 1629 595 1663 Flecchiae
619 1633 649 1663 et
673 1629 752 1663 Rino
777 1635 899 1671 castra,
926 1635 1025 1663 terras
1050 1634 1079 1662 et
1104 1630 1172 1663 loca

433 1683 533 1716 dictae
558 1682 720 1724 dioecesis,
742 1683 773 1716 in
798 1683 925 1717 seudum
951 1694 968 1716 a
992 1683 1076 1716 dicta
1094 1683 1172 1717 Sede

434 1737 532 1770 teneri
557 1736 664 1777 solita,
691 1747 762 1769 cum
788 1737 934 1769 omnibus
958 1736 1084 1769 illorum
1110 1742 1172 1769 ter-

433 1789 568 1830 ritoriis,
593 1789 797 1831 districtibus,
823 1789 913 1831 villis,
939 1790 1094 1830 vassallis,
1119 1790 1173 1823 ho-

433 1843 579 1885 minibus,
605 1842 716 1876 incolis
741 1847 771 1876 et
797 1843 1034 1883 habitatoribus,
1061 1843 1174 1876 fortali—

434 1897 500 1937 tiis,
526 1895 699 1929 sranchitiis
725 1899 754 1930 et
778 1896 951 1939 homagiis,
977 1896 1107 1940 aliisque
1132 1897 1174 1930 iu<

434 1949 521 1983 ribus
547 1954 576 1982 et
600 1949 806 1993 pertinentiis,
831 1959 867 1982 ac
891 1949 1084 1990 omnimoda,
1102 1950 1173 1991 alta,

435 2003 536 2044 bassa,
555 2002 637 2036 civili
663 2007 692 2035 et
717 2001 871 2035 criminali
892 2002 1173 2044 iurisdictionibus,

435 2068 523 2091 mero
549 2062 577 2089 et
604 2056 701 2090 mixto
727 2057 870 2101 imperio,
889 2067 923 2090 ac
949 2057 1053 2100 gladii,
1072 2063 1101 2090 et
1125 2067 1175 2090 ne-

435 2110 498 2144 cis⁹
521 2116 684 2155 potestate,
708 2111 839 2154 aliisque
864 2111 1051 2153 honoribus,
1076 2112 1175 2145 oneri-

434 2165 503 2205 bus,
520 2164 640 2197 salariis
657 2169 686 2197 et
705 2164 864 2207 regalibus
884 2165 1051 2207 consuetis,
1070 2171 1175 2209 quate-

435 2229 494 2252 nus
518 2219 555 2251 ad
580 2218 855 2263 praedecessorem
881 2223 911 2251 et
928 2219 1039 2252 Sedem
1057 2218 1175 2263 praesa-

435 2278 498 2305 tam
523 2283 559 2306 ac
584 2282 741 2305 cameram
767 2272 969 2316 apostolicam
988 2277 1174 2317 spectarent,

436 2326 609 2360 philiberto
638 2331 711 2359 tunc
741 2326 936 2369 marchioni,
962 2326 1112 2370 quamdiu
1144 2326 1175 2359 in

435 2381 581 2414 humanis
603 2385 721 2423 ageret,
742 2385 772 2413 et
792 2379 904 2413 deinde
925 2380 1018 2414 Besso
1040 2384 1068 2415 et
1093 2380 1175 2414 dicto

436 2434 603 2467 Francisco
617 2433 789 2467 Pliiliberto
806 2433 945 2467 eiusdem
962 2434 1045 2467 Bessi
1061 2433 1176 2478 primo-

437 2488 542 2531 genito
567 2488 626 2531 (ita
650 2487 734 2532 quod
755 2498 789 2521 ex
815 2492 888 2521 tunc
912 2488 1079 2521 de-cetero
1104 2498 1174 2532 per-

438 2541 539 2584 petuis
560 2542 673 2575 suturis
694 2542 888 2586 temporibus
908 2542 946 2577 de
966 2542 1175 2586 primogenito

476 2614 484 2638 1
504 2611 605 2640 Forsan
621 2612 764 2647 legendum
779 2621 815 2640 ecc
829 2621 879 2649 pro
895 2616 921 2641 et
936 2613 973 2649 (a.
989 2613 1038 2648 T.)⁴

473 2655 488 2682 2
504 2656 649 2692 Perperam
665 2657 707 2685 ed.
725 2656 758 2684 M.
770 2657 836 2693 legit
847 2666 882 2685 ne
893 2658 933 2686 eis
945 2666 992 2693 pro
1004 2658 1078 2685 necis
1089 2658 1125 2692 (a.
1138 2659 1174 2691 T).

1202 342 1240 376 de
1257 342 1398 386 legitimo
1417 343 1619 377 matrimonio
1635 350 1847 388 procreatum,
1860 350 1940 379 tran-

1202 394 1286 438 siret,
1304 406 1349 436 ac,
1370 396 1582 440 primogenito
1602 396 1775 439 deficiente,
1793 399 1940 433 secundo-

1202 448 1343 491 genitus,
1370 454 1403 482 ut
1427 450 1613 493 praefertur,
1637 449 1728 482 etiam
1755 450 1786 482 in
1810 452 1938 494 castris,

1202 502 1295 535 terris
1320 506 1350 536 ct
1372 503 1449 536 locis
1470 503 1651 536 huiusmodi
1671 503 1890 547 succederent)
1910 504 1940 537 in

1203 554 1330 587 feudum
1355 555 1470 597 nobile,
1491 555 1702 589 honorificum
1728 562 1757 589 ct
1780 556 1939 600 antiquum

1203 618 1261 651 pro
1285 618 1389 641 annuo
1414 619 1509 642 censu
1533 609 1625 642 unius
1649 609 1778 642 crateris
1802 611 1940 653 argentei

1203 662 1350 706 ponderis
1374 663 1466 696 unius
1491 663 1591 696 librae
1616 663 1715 697 dietae
1743 674 1886 697 camerae
1910 664 1941 697 in

1204 715 1308 759 vigilia
1333 726 1387 749 seu
1412 717 1489 750 sesto
1512 716 1678 750 beatorum
1698 717 1781 750 Petri
1806 722 1835 750 et
1855 717 1941 750 Pauli

1204 770 1418 813 apostolorum
1451 770 1480 802 in
1510 770 1593 803 Urbe
1623 771 1788 813 solvendo,
1814 776 1843 804 et
1867 771 1942 804 alias

1204 823 1311 855 editis¹
1330 823 1424 857 modo
1441 829 1471 856 et
1491 824 1590 858 forma
1608 828 1679 858 tunc
1700 825 1856 868 expressis
1873 835 1943 858 con-

1204 876 1296 909 cessit
1321 881 1351 909 et
1374 876 1556 919 assignavit3
1575 888 1610 910 ac
1628 882 1727 910 terras
1752 881 1781 911 et
1802 878 1870 912 loca
1886 878 1943 912 hu-

1205 930 1339 963 iusmodi
1357 941 1426 963 cum
1445 930 1605 974 praedicto
1625 931 1853 973 marchionatu,
1871 943 1944 976 pro-

1204 988 1238 1018 ut
1262 989 1351 1017 antea
1377 984 1543 1018 comitatus
1564 985 1731 1018 Masserani
1754 984 1946 1026 erat⁹,1‘ein-

1206 1037 1340 1080 tegravit
1349 1049 1355 1077 ;
1370 1037 1485 1081 illaque
1498 1037 1536 1070 ad
1550 1038 1756 1071 Philibertum
1773 1044 1803 1072 et
1818 1039 1944 1072 Bessum

1205 1090 1430 1131 marchionem,
1449 1101 1622 1135 eorumque
1643 1092 1765 1125 futuros
1789 1103 1946 1126 successo-

1205 1154 1255 1177 res
1280 1145 1447 1188 praefatos,
1465 1145 1632 1186 transtulit,
1651 1150 1680 1178 et
1704 1146 1742 1179 de
1767 1146 1827 1179 illis
1852 1146 1945 1179 etiam

1205 1196 1368 1230 investivit.

1250 1252 1264 1295 ξ
1288 1251 1317 1284 02.
1339 1251 1609 1296 Ercctionemque,
1631 1253 1856 1295 investituram,
1875 1265 1944 1288 con—

1206 1306 1393 1348 cessionem,
1420 1306 1697 1349 reintegrationem
1719 1311 1749 1341 et
1773 1308 1945 1342 translatio-

1954 245 2004 272 An.
2018 245 2046 272 C.
2066 245 2136 273 1635

1986 1321 2046 1344 Quod
2060 1325 2143 1341 sueces-

1959 1353 2018 1367 sores
2032 1347 2144 1368 Pontifices

1206 1369 1279 1392 nem
1303 1359 1484 1392 huiusmodi
1502 1360 1571 1403 piae
1588 1360 1759 1394 memoriae
1781 1361 1877 1394 lulius
1894 1362 1945 1403 III,
1960 1374 2141 1395 confirmaverunt.

1206 1413 1318 1446 Paulus
1343 1413 1390 1455 IV,
1417 1412 1489 1446 Pius
1517 1412 1610 1446 etiam
1635 1413 1683 1454 IV,
1716 1414 1787 1447 Pius
1812 1415 1844 1457 V,
1870 1415 1945 1448 Gre-

1205 1467 1313 1510 gorius
1336 1466 1401 1499 Xlll
1420 1471 1449 1499 et
1474 1466 1577 1500 Sixtus
1590 1467 1612 1499 V
1631 1467 1763 1501 Romani
1780 1468 1945 1502 Pontifices

1206 1521 1298 1553 etiam
1324 1520 1584 1564 praedecessores
1609 1521 1707 1555 nostri
1732 1532 1791 1566 per
1808 1531 1879 1555 suas
1897 1522 1946 1556 de-

1206 1585 1299 1618 super
1324 1575 1478 1609 confcctas
1509 1575 1628 1609 litteras
1658 1576 1833 1620 respective
1865 1586 1943 1610 con-

1205 1629 1411 1662 firmaverunt
1449 1634 1480 1662 et
1513 1630 1790 1673 approbaverunt,
1825 1630 1946 1674 ipsique

1206 1683 1278 1716 Pius
1307 1684 1344 1716 IV
1374 1688 1403 1716 et
1438 1683 1510 1717 Pius
1534 1684 1557 1715 V
1586 1683 1702 1727 potiori
1733 1694 1792 1727 pro
1826 1684 1946 1717 cautela

1207 1742 1317 1777 castra,
1344 1742 1442 1770 terras
1460 1742 1489 1769 et
1506 1737 1574 1770 loca
1600 1737 1738 1781 praefata
1756 1737 1848 1770 Besso
1865 1748 1946 1770 mar-

1207 1790 1330 1831 chioni,
1355 1790 1483 1834 eiusque
1513 1790 1775 1824 descendentibus
1799 1791 1947 1824 masculis

1208 1842 1371 1886 praefatis,
1397 1848 1426 1875 et
1451 1843 1533 1876 idem
1555 1843 1658 1876 Sixtus
1683 1843 1706 1875 V
1731 1843 1824 1876 etiam
1851 1854 1947 1889 quon-

1207 1896 1278 1928 dam
1304 1896 1470 1929 Francisco
1489 1896 1669 1940 Philiberto,
1688 1897 1782 1930 modo
1803 1902 1833 1930 et
1845 1897 1947 1932 forma
1965 1923 1968 1927 .

1207 1951 1398 1994 praemissis,
1413 1956 1635 1985 concesserunt
1652 1956 1680 1984 et
1698 1952 1944 1995 assignaverunt.

1253 2004 1267 2048 ξ
1291 2003 1320 2037 3.
1347 2005 1398 2046 Et,
1425 2015 1496 2037 cum
1521 2005 1698 2049 Crepacorii
1725 2010 1754 2038 et
1779 2005 1946 2040 comitatus

1208 2057 1468 2101 pertinentiarum
1484 2058 1645 2102 praesat0³
1660 2057 1760 2091 bonae
1775 2060 1947 2094 memoriae

2033 2070 2146 2096 Gregorius

1209 2111 1360 2144 Emanucl
1393 2111 1581 2145 philibertus
1612 2111 1785 2145 Sabaudiae
1820 2113 1881 2147 dux
1918 2119 1947 2147 et
1962 2096 2008 2144 312¹ss
2024 2099 2145 2153 ἆῖἒῇἓὲὲὲῗῖ

1209 2165 1445 2198 Pedemontium
1467 2165 1613 2210 princeps
1638 2166 1868 2210 possessionem
1893 2167 1946 2201 diu
1961 2149 2145 2197 iifiiz‘r'tefffflisgeinri

1209 2223 1408 2262 occupasset,
1434 2219 1556 2252 iuribus
1581 2219 1680 2264 ipsius
1698 2220 1853 2254 Francisci
1878 2220 1947 2254 Phi·
1961 2203 2144 2250 sbaacligiiidm‘igisscu‘i

1209 2272 1311 2305 liberti
1332 2278 1361 2305 et
1378 2283 1508 2306 suorum
1526 2278 1761 2307 antecessorum
1774 2274 1947 2318 praedicto-

1208 2336 1279 2359 rum
1305 2326 1377 2359 visis
1402 2332 1431 2360 ct
1456 2326 1598 2370 cognitis,
1616 2327 1761 2371 Gregorii
1777 2327 1844 2360 XIII
1861 2338 1946 2371 prae-

1208 2380 1384 2414 decessoris
1409 2380 1540 2424 praefati
1558 2390 1686 2414 assensu
1704 2386 1733 2414 et
1749 2381 1946 2426 beneplacitu

1208 2433 1391 2476 accedente,
1418 2434 1502 2466 illam
1532 2433 1614 2468 dicto
1645 2434 1739 2468 Besso
1773 2434 1946 2469 marchioni

1208 2487 1325 2521 dimisit
1347 2493 1377 2521 et
1401 2487 1559 2521 relaxavit.

1244 2570 1253 2595 1
1274 2569 1343 2596 Puto
1359 2569 1444 2596 certis
1460 2576 1509 2603 pro
1523 2568 1609 2596 editis
1625 2567 1768 2603 legendum
1782 2568 1819 2602 (a.
1838 2568 1886 2601 T.).

1242 2612 1258 2639 ἱ)
1274 2613 1373 2640 Forsan
1390 2613 1533 2648 legendum
1549 2616 1634 2641 erant
1650 2614 1688 2648 (a.
1704 2612 1753 2647 T.).

1242 2658 1257 2685 3
1272 2657 1389 2693 Legend.
1402 2657 1490 2692 potius
1501 2656 1849 2692 videreturpraefatarnm
1857 2657 1946 2692 (am).

1960 2256 2042 2277 habuit.
