2226 3235
59 218 110 244 ΑΒ.
128 218 156 244 C.
179 215 247 244 1628

93 1444 250 1466 Conventioncs

66 1472 87 1492 in
112 1471 249 1492 instrumen*c

64 1503 164 1524 expresse
179 1498 249 1519 obser*

63 1524 156 1545 rudae.

79 2426 82 2429 ῃ
93 2398 208 2420 Decretum
224 2398 251 2418 ir-

64 2428 140 2446 rizans.

875 213 1016 237 ramses
1044 213 1096 236 viu
1122 213 1169 236 rr.
1735 202 1751 234 7

466 238 476 250 .

261 263 380 304 tentiis,
402 262 544 296 censuris
569 267 599 295 et
622 261 744 306 poenis,
767 272 785 294 a
806 262 875 294 iure
900 262 948 294 vel
965 260 1004 294 ab

256 316 401 357 homine,
425 316 535 359 quavis
554 315 720 348 occasione
737 315 785 348 vel
805 316 901 348 causa
923 314 1003 355 latis,

262 370 289 402 si
302 369 418 413 quibus
431 368 669 413 quomodolibet
681 368 848 402 innodatae
859 368 1004 408 existunt,

261 423 301 456 ad
325 422 472 456 effectum
497 421 712 466 praesentium
743 422 905 454 dumtaxat
928 431 1004 453 con-

262 476 474 520 sequendum,
498 476 613 508 harum
637 475 719 522 serie
744 475 951 513 absolventes,
976 479 1006 506 et

262 529 421 562 absolutas
441 529 508 562 fore
533 534 707 567 censentes,
725 527 1006 572 supplicationibus

263 582 338 615 dicti
363 582 469 615 Didaci
494 582 622 615 nomine
646 581 737 615 nobis
762 591 857 624 super
873 581 934 613 hoc
951 580 1006 612 hu-

263 635 381 668 militer
393 635 549 679 porrectis
564 635 714 675 inclinati,
725 634 764 667 de
777 632 1004 666 venerabilium

261 688 398 721 fratrum
422 688 646 732 episcoporum
664 698 700 721 ac
715 687 901 720 dilectorum
926 686 1006 719 silio-

262 752 333 774 rum
347 742 563 785 praelatorum
576 740 847 784 Congregationis,
860 739 1007 772 visitatio·
1023 759 1025 772 ς

263 794 312 827 nis
328 795 518 838 apostolicae
540 795 615 827 alias
628 805 686 838 per
701 804 759 826 nos
780 792 914 827 indictae
931 802 1006 825 con·

264 848 346 889 silio,
367 848 605 882 concessionem
630 857 704 880 usus
729 847 830 880 dictae
855 845 1006 879 ecclesiae

263 901 414 934 fratribus
442 901 589 945 praefatis
620 906 653 933 ut
686 910 780 944 supra
811 899 946 939 factam,
971 909 1025 932 εις.1

264 955 400 998 desuper
425 955 601 988 consectum
626 954 802 997 praefatum
820 953 1008 986 instrumen-

264 1013 331 1040 tum
356 1006 548 1050 huiusmodi,
574 1017 647 1038 cum
664 1006 811 1039 omnibus
835 1011 865 1039 et
882 1006 1008 1049 quibus-

264 1071 400 1104 cumque
423 1061 456 1092 in
480 1070 518 1093 eo
546 1060 716 1101 contentis,
745 1059 919 1104 apostolica
946 1069 1004 1092 au-

264 1113 409 1147 ctoritate
421 1140 428 1154 ,
451 1119 562 1146 tenore
592 1113 807 1157 praesentium
822 1140 829 1151 ,
853 1118 1008 1156 perpetuo
1024 1138 1026 1143 .

264 1167 480 1211 approbamus
505 1173 536 1200 et
559 1167 795 1206 confirmamus,
816 1166 941 1210 illisque
960 1166 1008 1198 in-

265 1219 420 1253 violabilis
438 1220 628 1264 apostolicae
645 1219 803 1252 firmitatis
820 1219 919 1252 robur
936 1218 1010 1251 adii-

265 1273 384 1314 eimus,
411 1284 445 1306 ac
471 1283 581 1306 omnes
615 1279 645 1306 et
677 1272 819 1315 singulos
843 1278 907 1304 tam
931 1271 1009 1304 iuris

265 1338 358 1370 quam
384 1328 455 1360 sacti
481 1327 631 1367 defectus,
657 1327 682 1359 si
706 1326 760 1370 qui
778 1326 914 1369 desuper
931 1335 1009 1368 quo-

265 1380 438 1413 modolibet
463 1380 701 1421 intervenerint,
723 1380 919 1423 supplemus.

311 1433 325 1476 g
344 1434 373 1466 ¹2.
390 1434 425 1466 Et
442 1426 659 1473 nibilominus,
672 1444 731 1477 pro
744 1433 860 1477 potiori
878 1433 1008 1472 cautela,

265 1492 295 1518 ct
319 1486 358 1518 ad
382 1486 589 1519 minuendum
614 1487 688 1519 dicti
713 1486 884 1519 monasteri
904 1486 932 1519 S.
952 1486 1010 1519 Sil-

266 1540 360 1573 vestri
392 1544 557 1584 sumptus,
587 1541 706 1573 eisdem
737 1540 888 1572 fratribus
915 1549 1008 1572 usum

265 1593 415 1626 ecclesiae
442 1598 471 1626 et
496 1593 610 1626 domus
635 1593 664 1626 S.
690 1593 805 1626 Mariae
822 1593 854 1625 in
871 1593 899 1625 S.
918 1593 1008 1625 Ioan-

263 1646 337 1680 nino
362 1646 555 1687 huiusmodi,
569 1647 608 1679 ad
625 1646 744 1680 dictum
768 1646 1008 1686 monasterium,

263 1705 297 1731 ut
321 1700 510 1743 praefertur,
531 1699 754 1744 spectantium,
771 1700 860 1733 cuius
877 1699 1009 1743 sumpti-

262 1753 322 1785 bus
338 1752 377 1785 de
393 1753 563 1797 praesenti,
574 1758 609 1785 ut
626 1753 788 1793 asseritur,
802 1752 1008 1796 gubernatur¹

264 1805 352 1847 (cum
375 1807 473 1849 pactis
498 1811 528 1838 et
551 1806 810 1839 conventionibus
827 1806 860 1838 in
881 1805 1008 1849 praein-

264 1864 348 1892 scrto
373 1853 584 1893 instrumento
607 1859 791 1893 huiusmodi
809 1860 962 1893 contentis
979 1864 1009 1892 et.

267 1913 442 1956 expressis,

308 1966 323 2009 ξ
347 1965 376 1998 3.
395 1967 433 1999 Et
451 1967 595 2007 ulterius,
623 1967 708 2010 quod
736 1967 849 2000 fratres
877 1966 1006 2010 praedi-

263 2019 316 2059 cti,
329 2023 393 2052 tam
417 2026 599 2063 praesentes
617 2031 711 2063 quam
731 2021 839 2061 futuri,
858 2020 1007 2053 fabricam

263 2072 365 2104 dictae
389 2072 540 2105 ecclesiae
564 2073 593 2105 S.
619 2073 733 2105 Mariae
748 2100 755 2113 ‚
785 2073 915 2116 eiusque
939 2083 1008 2105 mo-

263 2125 436 2158 nasterium
454 2126 546 2158 altius
567 2126 702 2169 erigere,
719 2127 784 2159 sive
801 2126 941 2159 eiusdem
959 2136 1010 2159 ec-

264 2177 379 2210 clesiae
404 2178 526 2219 faciem,
547 2179 651 2212 invitis
672 2179 829 2212 abbatissa
846 2185 877 2212 et
894 2179 1010 2213 monia-

264 2230 346 2263 libus
378 2232 568 2275 praedictis,
593 2233 762 2265 immutare
792 2243 867 2277 non
888 2233 1010 2277 possint

264 2293 323 2317 nec
345 2284 491 2327 valeant),
507 2286 694 2318 auctoritate
706 2291 737 2319 et
755 2291 865 2319 tenore
885 2286 1010 2330 praedi-

266 2337 334 2376 ctis,
360 2343 513 2381 perpetuo
534 2338 736 2372 concedimus
753 2345 783 2372 et
800 2339 1008 2382 assignamus.

312 2391 326 2433 ξ
351 2389 380 2422 4..
399 2391 798 2436 Decernentcs*praemissa
817 2393 923 2426 omnia
941 2403 1012 2426 nec-

236 2478 241 2481 ·
266 2453 331 2475 non
355 2450 536 2487 praesentes
560 2445 679 2479 litteras
702 2452 857 2490 perpetuo
888 2446 1009 2486 valida,

264 2557 267 2560 Α
306 2528 316 2552 1
335 2525 382 2552 Vel
397 2525 476 2561 paulo
492 2529 553 2552 ante
567 2524 712 2560 legendum
723 2529 781 2553 erat
794 2526 949 2560 spectantis
963 2533 1011 2561 pro

267 2570 467 2605 spectantium,
484 2569 526 2596 vel
541 2577 613 2596 nunc
629 2570 830 2605 qubernantur
845 2579 893 2606 pro
913 2571 1013 2605 yuber-

268 2617 360 2641 natur
379 2613 522 2649 legendum
544 2620 579 2643 (a.
596 2619 643 2639 TA.

1039 260 1133 293 firma
1157 266 1187 293 et
1212 260 1350 293 etlicacia
1382 270 1450 292 csse
1475 264 1505 292 et
1534 259 1622 300 sore,
1647 269 1783 302 suosque.

1039 314 1198 358 plenarios
1229 319 1259 346 ct
1289 313 1432 356 integros
1465 312 1594 345 effectus
1622 312 1730 345 sortiri
1755 318 1782 343 ct

1040 366 1192 408 obtinere,
1219 370 1248 400 ct
1273 366 1312 399 ab
1339 366 1388 407 iis,
1410 365 1449 398 ad
1473 375 1552 409 quos
1569 370 1691 409 spectat
1706 370 1737 398 ct
1754 366 1783 397 iu

1039 420 1180 452 futurum
1214 420 1384 463 spectabit,
1416 418 1639 452 inviolabiliter
1670 418 1781 451 obser-

1041 473 1126 512 vari3
1152 479 1245 516 atque
1270 473 1311 506 ita
1336 483 1392 516 per
1417 483 1633 516 quoscumque
1667 472 1785 505 iudicis

1040 526 1219 559 ordinarios
1244 532 1274 559 et
1298 527 1469 569 delegatos,
1495 527 1589 560 etiam
1618 536 1784 559 causarum

1041 579 1148 623 palatii
1165 579 1330 623 apostolici
1348 580 1518 621 auditores,
1537 579 1670 612 iudicari
1688 584 1718 611 ct
1735 579 1786 611 de-

1040 633 1124 666 liniri
1150 633 1289 673 debere,
1314 643 1349 665 ac
1375 633 1500 665 irritum
1526 637 1556 666 et
1580 633 1671 665 inane
1696 632 1786 676 quid-

1041 686 1118 730 quid
1143 697 1232 719 secus
1258 696 1354 730 super
1378 686 1427 719 his
1445 696 1463 718 a
1479 697 1651 730 quoquam,
1676 686 1786 730 quavi<

1041 740 1237 780 auctoritate,
1263 740 1398 773 scienter
1422 740 1470 772 vel
1496 739 1690 782 ignoranter,
1715 748 1787 772 con-

1042 793 1150 835 tigerit
1173 792 1328 825 attentari.

1086 848 1100 890 §
1125 846 1154 879 5.
1180 847 1249 883 Non
1281 845 1478 879 obstantibus
1510 846 1787 885 constitutionibus

1042 905 1072 931 et
1092 899 1344 932 ordinationibus
1361 898 1553 942 apostolicis,
1571 909 1616 939 ac,
1634 904 1788 942 quatenus

1042 963 1122 996 opus
1147 953 1194 994 sit,
1220 952 1405 986 monasterii
1430 957 1460 984 et
1482 951 1607 985 Ordinis
1625 952 1787 995 praedicti,

1043 1006 1136 1040 etiam
1154 1006 1344 1046 iuramento,
1359 1005 1600 1038 confirmatione
1613 1005 1786 1049 apostolica

1042 1060 1091 1104 rel
1108 1059 1217 1103 quavis
1233 1059 1383 1092 firmitate
1399 1058 1461 1090 alia
1481 1057 1649 1098 roboratis,
1668 1058 1789 1091 statutis

1043 1117 1073 1147 et
1090 1112 1383 1153 consuetudinibus,
1403 1111 1577 1155 privilegiis
1595 1121 1732 1155 quoque,
1746 1111 1790 1143 in-

1043 1166 1137 1199 dultis
1163 1171 1192 1199 et
1216 1165 1328 1199 litteris
1345 1165 1527 1209 apostolicis
1545 1165 1576 1197 in
1594 1164 1788 1199 contrarium

1044 1221 1315 1263 praemissorum,
1341 1219 1582 1262 quomodolibet
1614 1218 1790 1255 concessis,

1045 1273 1239 1306 confirmatis
1255 1278 1284 1306 et
1301 1273 1466 1314 innovatis,
1481 1272 1630 1316 quodque
1647 1272 1791 1315 benepla-

1045 1319 1310 1359 citunrnostrum
1344 1325 1526 1358 huiusmodi
1551 1325 1637 1357 iuxta
1661 1330 1787 1368 pactum

1045 1390 1117 1411 cum
1150 1379 1306 1411 abbatissa
1338 1382 1367 1411 et
1398 1377 1589 1410 monialibus
1618 1378 1789 1420 praedictis

1043 1432 1156 1466 initum
1174 1433 1212 1465 de
1229 1431 1306 1464 illud
1331 1431 1501 1464 obtinendo
1521 1431 1602 1464 infra
1623 1437 1685 1464 tres
1705 1441 1790 1464 men-

1044 1495 1104 1525 ses,
1128 1490 1162 1518 ut
1186 1485 1375 1528 praefertur⁷
1401 1484 1567 1517 obtentum
1591 1493 1655 1516 non
1675 1484 1725 1523 sit,
1743 1495 1790 1517 cv-

1043 1538 1183 1581 terisque
1201 1537 1368 1571 contrariis
1386 1537 1655 1581 quibuscumque:
1675 1537 1789 1582 quibus

1043 1591 1190 1625 omnibus
1208 1597 1238 1624 et
1255 1591 1398 1634 singulis,
1416 1591 1544 1624 illorum
1562 1595 1687 1624 tenores
1700 1601 1790 1634 ‘prac-

1043 1645 1183 1678 sentibus
1208 1655 1266 1688 pro
1287 1644 1381 1688 plene
1401 1648 1431 1677 et
1451 1643 1643 1677 sufficienter
1660 1654 1788 1687 expres-

1043 1698 1085 1731 sis
1110 1698 1271 1738 habentes,
1286 1697 1347 1730 illis
1372 1697 1447 1730 alias
1465 1697 1496 1729 in
1517 1708 1574 1730 suo
1592 1697 1708 1730 robore
1722 1707 1790 1740 per-

1044 1752 1212 1792 mansuris,
1228 1751 1286 1784 hac
1303 1751 1371 1784 vice
1389 1751 1552 1785 dumtaxat
1566 1750 1743 1794 specialiter
1760 1757 1787 1783 et

1043 1815 1190 1849 expresse
1216 1805 1417 1847 derogamus.

1088 1858 1103 1901 ξ
1127 1858 1156 1891 (i.
1179 1858 1328 1891 Volumus
1341 1863 1459 1896 autem,
1473 1857 1559 1900 quod
1576 1857 1688 1890 fratres
1702 1867 1790 1900 prae-

1042 1911 1128 1952 dicti,
1143 1911 1168 1943 si
1185 1917 1215 1943 et
1230 1915 1399 1954 postquam
1416 1921 1475 1954 pro
1493 1914 1582 1953 parte
1600 1910 1788 1943 dilectorum

1043 1965 1184 1998 liliorum
1201 1965 1425 2008 deputatorum
1443 1964 1517 1997 dicti
1535 1964 1717 1997 monasterii
1735 1975 1790 1997 seu

1043 2019 1173 2052 maioris
1197 2018 1296 2062 partis
1322 2018 1460 2059 illorum,
1477 2023 1531 2050 aut
1550 2029 1608 2061 per
1623 2019 1788 2062 episcopos

1044 2077 1073 2105 et
1108 2073 1267 2116 praelatos
1307 2071 1567 2114 Congregationis
1604 2071 1789 2104 visitationis

1042 2125 1221 2169 praedictae
1235 2125 1274 2158 ad
1291 2125 1351 2158 hoc
1364 2124 1482 2157 fuerint
1498 2124 1653 2168 requisiti,
1674 2124 1787 2158 dictam

1043 2189 1180 2212 annuam
1197 2174 1438 2222 responsionem
1451 2183 1614 2211 scutorum
1629 2179 1789 2221 sexaginta

1044 2231 1153 2266 solutis
1173 2231 1270 2264 scutis
1292 2231 1345 2264 bis
1370 2231 1457 2264 mille
1481 2230 1638 2264 redimere
1662 2237 1788 2263 tenean-

1024 2293 1028 2299 '
1044 2290 1104 2326 tur,
1130 2295 1191 2329 qua
1208 2285 1426 2329 redemptione
1445 2286 1591 2328 sequuta,
1610 2285 1739 2318 ecclesia
1760 2290 1790 2317 et

1044 2340 1157 2372 domus
1186 2338 1367 2371 huiusmodi
1400 2338 1438 2370 ad
1468 2338 1584 2370 fratres
1610 2337 1789 2381 praedictos

1044 2394 1137 2436 pleno
1163 2393 1231 2425 iure
1255 2397 1374 2435 spectet
1389 2396 1419 2424 et
1435 2391 1607 2434 pertineat;
1633 2396 1661 2423 et
1678 2390 1790 2424 nihilo-

1045 2446 1148 2479 minus
1177 2446 1209 2478 in
1242 2455 1315 2478 casu
1347 2444 1572 2488 redemptionis
1607 2443 1790 2477 huiusmodi

1045 2499 1177 2533 ccclesia
1200 2505 1230 2532 et
1251 2499 1364 2532 domus
1389 2498 1427 2530 ad
1448 2497 1672 2531 monasterium
1691 2497 1790 2542 depu-

1045 2558 1127 2598 tatae
1152 2562 1207 2585 seu
1231 2551 1444 2595 deputandae,
1469 2549 1659 2584 monialibus
1684 2550 1788 2583 invitis

1029 2617 1081 2649 ¹ae
1108 2606 1166 2638 ni=i
1192 2605 1319 2648 praevia
1344 2604 1448 2637 dilecti
1466 2604 1522 2636 filii
1540 2604 1638 2636 nostri
1658 2604 1688 2635 in
1705 2604 1788 2635 alma

1801 211 1848 237 An.
1865 209 1892 237 C.
1917 210 1983 237 1628

1874 857 1988 881 [lerogatio

1804 895 1805 898 =
1831 884 1965 905 ulrarioruui⁴

1832 1864 1919 1885 Cautela
1935 1865 1991 1885 redi·

1805 1892 1875 1911 mendi
1890 1891 1989 1912 ecetesia-

1805 1924 1865 1939 siam-
