2248 3229
108 224 157 252 An.
177 223 207 251 C.
226 223 296 252 1634

132 712 163 734 Do
178 717 229 734 cura
247 714 290 734 aui·

107 745 192 761 marum.

106 1677 136 1698 De
145 1682 220 1704 poena,
227 1682 290 1703 qnam

106 1705 213 1725 incurrent
236 1710 290 1724 niur-

105 1733 224 1752 murator-es
241 1736 290 1751 con-

106 1760 138 1778 tra
166 1760 290 1783 praesentes

106 1785 274 1805 constitutiones.

118 2159 219 2186 neceptto
229 2161 249 2180 et
258 2165 291 2186 ap-

108 2186 207 2212 probatio
230 2193 291 2216 prae-

107 2216 197 2234 sentium
214 2216 292 2234 consti-

107 2240 210 2260 tutionum
255 2246 293 2266 per

108 2267 227 2291 generalem
236 2267 293 2294 capi·

108 2294 172 2313 tulum
189 2293 250 2315 sacta.

922 226 1064 252 URBANUS
1089 227 1145 251 vm
1169 227 1216 252 PP-

307 272 465 316 superiori
489 272 603 307 domus
620 283 675 307 seu
694 275 853 318 praefecto
873 275 1047 320 hospitalis,

308 324 355 359 et¹
377 331 498 360 mature
515 332 544 360 et
569 328 699 371 provide
724 329 913 363 conveniens
936 334 966 363 et
990 340 1047 374 op-

306 383 477 422 portunum
513 380 699 414 adhibeatur
730 382 929 424 remedium,
963 382 1047 415 iuxta

306 433 433 478 antiqua
458 435 620 479 hospitalis
646 437 745 470 nostri
771 442 894 478 statuta,
912 448 991 481 qnae
1016 438 1047 470 in

306 487 366 522 hoc
390 493 419 523 ct
443 489 474 522 in
499 491 610 524 ceteris
636 491 666 523 in
692 491 735 525 eis
768 491 851 525 ηοιιξ
876 492 1045 534 contentis,

306 543 585 588 praesentibusque
616 554 678 578 non
710 545 895 587 contrariis,
925 546 956 578 in
980 556 1046 579 om-

306 595 398 629 uibus
423 599 453 630 et
476 607 534 640 per
559 598 664 630 omnia
681 598 843 632 observari
862 599 1046 633 mandamus

307 653 337 680 et
360 649 583 693 praecipimus.

350 701 426 740 Quia
451 702 481 734 in
506 704 741 747 parochialilms
760 705 900 739 ecclesiis
924 711 954 739 et
978 705 1046 738 aliis

306 754 380 788 huic
405 756 550 800 religioni
567 768 624 801 per
645 758 763 792 litteras
780 759 968 803 apostolicas
982 759 1047 792 uni-

307 807 345 841 tis
369 807 495 850 aderat,
521 816 616 853 prout
639 811 676 844 de
701 812 858 856 praesenti
884 816 1045 854 remanet,

306 862 399 895 etiam
425 873 499 897 cura
519 864 694 898 animarum
713 866 978 910 parochianorum
995 866 1047 898 lai-

305 926 427 958 corum,
442 922 471 950 et
485 928 543 962 pro
568 918 630 960 illa,
652 924 684 952 ut
702 919 856 960 convenit,
871 918 1045 953 exercenda

307 970 390 1014 ipsae
426 970 548 1005 litterae
584 973 774 1017 apostolicae
808 973 977 1014 mandent,
1014 979 1047 1006 ut

306 1034 459 1068 personae
484 1036 613 1070 capaces
638 1033 667 1060 et
694 1027 834 1069 idoneae,
858 1038 894 1061 ac
919 1038 954 1060 ex
979 1038 1048 1071 gre-

306 1078 369 1112 mio
409 1079 587 1123 praedictae
623 1079 882 1123 Congregationis
920 1086 1047 1115 nostrae

305 1131 476 1176 dumtaxat,
502 1133 533 1166 in
557 1133 641 1167 illius
667 1135 803 1179 capitulo
828 1135 967 1178 generali
993 1135 1047 1169 eli-

305 1191 427 1229 gantur3
442 1187 618 1229 statuimus,
633 1188 717 1232 quod
731 1188 872 1232 quilibet,
886 1188 924 1221 ad
938 1199 1046 1222 curam

305 1240 486 1274 earumdem
507 1241 684 1275 animarum
705 1243 971 1286 parochianorum
989 1243 1047 1276 ele-

305 1300 382 1336 ctus,
395 1295 507 1328 debeat
520 1306 577 1340 per
590 1296 791 1330 Ordinarium
811 1297 992 1340 examinari,
1007 1303 1046 1338 et,

304 1349 330 1382 si
344 1355 490 1393 repertus
503 1350 596 1384 fuerit
612 1351 753 1394 idoneus,
768 1352 948 1396 approbari,
962 1357 1046 1385 ante-

305 1412 398 1446 quam
417 1403 446 1435 in
465 1404 615 1437 exercitio
632 1404 810 1448 praedictae
828 1416 922 1439 curae
942 1416 974 1438 se
992 1405 1046 1438 ali-

305 1466 368 1499 quo
385 1456 480 1490 modo
498 1458 633 1500 ingerat;
651 1457 808 1502 quodque,
826 1458 869 1492 sic
889 1458 1046 1502 approba-

307 1515 364 1552 tus,
382 1520 444 1544 non
461 1511 569 1554 possit,
587 1511 764 1545 inconsulto
786 1513 852 1556 ipso
869 1512 1046 1553 Ordinario,

305 1568 335 1595 et
355 1563 422 1596 sine
443 1566 537 1597 causa
561 1564 712 1607 legitima,
729 1575 838 1597 senex
863 1566 953 1609 lapsu
974 1570 1048 1598 tem-

305 1616 400 1660 poris,
418 1617 491 1660 quia
508 1623 660 1661 perpetuo
675 1618 732 1651 fuit
749 1618 875 1661 electus,
897 1619 1046 1653 amoveri.

349 1669 544 1714 Quicumque
558 1670 690 1704 fratrum
705 1671 753 1704 his
771 1672 1047 1707 constitutionibus

305 1733 378 1758 cum
403 1735 605 1769 quocumque
628 1725 797 1760 detrahere
827 1732 855 1760 et
888 1727 956 1760 illas
985 1737 1046 1761 non

305 1778 516 1812 observandas
537 1790 737 1813 murmurare
751 1791 846 1814 ausus
861 1780 964 1822 suerit,
978 1786 1047 1825 post

305 1831 440 1875 primam
473 1838 503 1866 et
534 1833 702 1866 secundam
727 1834 995 1877 admonitionem,
1020 1835 1046 1868 si

306 1890 494 1929 perseveret,
519 1897 576 1930 per
600 1897 655 1920 sex
680 1898 778 1921 annos
802 1889 902 1922 activa
927 1894 957 1922 et
979 1899 1047 1933 pas-

305 1939 370 1972 siva
395 1950 471 1973 voce
496 1946 620 1981 careat,
646 1951 682 1974 ac
706 1942 799 1974 ctiam
823 1953 882 1986 pro
910 1942 1046 1976 obstina-

307 1992 399 2027 tionis
424 1994 517 2028 modo
541 1994 610 2028 aliis
634 1995 833 2037 gravioribus
853 1995 962 2039 poenis
979 1996 1047 2029 sub-

305 2046 419 2088 iaceat,
440 2048 493 2091 qui
518 2058 594 2082 vero
611 2048 734 2082 vocales
758 2059 820 2082 non
844 2055 932 2090 sunt,
958 2060 975 2082 a
998 2060 1048 2082 su-

307 2100 433 2144 periore
456 2112 516 2145 pro
539 2101 692 2144 gravitate
715 2102 826 2145 culpae
843 2102 1023 2146 puniantur.

351 2154 413 2187 Nos
438 2154 607 2198 subscripti
625 2160 654 2188 et
672 2154 849 2198 subsignati
874 2165 983 2189 omnes
1001 2166 1046 2189 re-

308 2207 410 2250 ligiosi
431 2207 607 2252 presbyteri
621 2219 657 2242 ac
670 2208 777 2242 clerici
802 2209 833 2242 in
858 2209 956 2243 sacris
976 2220 1047 2243 con-

307 2261 406 2294 stituti
431 2262 564 2306 professi
589 2261 714 2296 Ordinis
735 2268 765 2296 et
786 2263 1046 2307 Congregationis

308 2314 494 2348 reformatae
520 2316 618 2349 sancti
650 2316 775 2349 Antonii
801 2316 984 2350 Viennensis
1016 2316 1046 2349 in

307 2368 444 2412 capitulo
468 2369 606 2413 generali
631 2371 825 2414 congregati,
843 2371 986 2414 vidimus,
1007 2371 1047 2404 le-

307 2422 411 2465 gimus
425 2428 453 2456 et
467 2423 712 2458 examinavimus
730 2425 959 2469 suprascriptas
977 2435 1048 2458 con-

307 2477 483 2511 stitutiones
509 2488 568 2522 per
598 2479 897 2512 reverendissimum
925 2484 1046 2523 patrem

307 2529 338 2563 in
361 2530 484 2564 Christo
515 2531 678 2565 dominum
702 2532 735 2566 D.
768 2533 937 2567 Antonium
970 2533 1047 2567 Bru-

342 2603 355 2630 1
375 2603 466 2630 Potius
480 2606 511 2631 ut
525 2612 607 2639 quam
622 2607 648 2631 et
663 2604 716 2639 leg.
733 2606 771 2639 (R.
787 2605 834 2639 au).

343 2647 359 2674 :2
374 2647 508 2679 Particula
523 2656 579 2678 non
596 2647 710 2678 delenda
726 2648 831 2677 videtur
845 2649 886 2684 (a.
904 2650 952 2684 r.>.

1080 276 1130 309 nel
1148 276 1186 309 de
1203 275 1347 318 Graneon
1365 275 1438 309 dicti
1457 276 1582 310 Ordinis
1598 281 1628 310 et
1644 276 1820 320 Congrega—

1082 329 1174 363 tionis
1199 329 1342 365 abbatem
1363 335 1393 364 et
1417 330 1613 375 superiorem
1640 331 1819 375 generalem

1081 383 1232 425 conditas,
1258 390 1287 417 et
1311 384 1350 418 ab
1375 395 1411 418 co
1436 385 1520 417 iuxta
1540 390 1682 418 tenorem
1707 384 1821 418 littera-

1082 448 1151 470 rum
1176 438 1421 481 apostolicarum
1444 438 1500 471 sibi
1522 450 1580 483 pro
1598 439 1820 473 reformatione

1081 490 1210 533 praefati
1234 490 1358 524 Ordinis
1384 502 1603 525 concessarum
1629 492 1713 526 dicto
1737 492 1820 536 capi-

1081 543 1146 576 tulo
1166 544 1304 585 generali
1325 545 1548 578 examinandas
1561 550 1590 580 et
1603 546 1821 590 approbandas

1081 597 1233 630 exhibitas
1259 603 1288 630 et
1313 597 1447 638 oblatas;
1472 610 1548 643 quas
1562 599 1688 642 quidem
1706 600 1821 633 consti-

1081 651 1216 684 tutiones
1230 652 1484 696 approbavimus,
1506 653 1694 697 recepimus,
1711 664 1821 698 appro-

1081 703 1192 737 bamus
1217 710 1246 738 et
1270 705 1440 749 recipimus
1462 706 1520 739 sub
1537 706 1733 751 beneplacito
1751 707 1821 741 San-

1081 757 1210 790 ctissimi
1221 758 1343 791 Domini
1357 760 1455 793 nostri
1472 760 1581 804 Papae,
1593 761 1644 804 qui
1660 761 1820 795 humiliter

1080 811 1319 855 supplicabitur‚
1344 819 1497 857 quatenus
1516 814 1673 857 dignetur,
1693 825 1745 848 eas
1765 818 1820 849 sua

1080 864 1265 897 auctoritate
1290 866 1461 908 apostolica
1490 866 1678 900 confirmare
1703 878 1737 900 ac
1763 878 1817 900 ro—

1080 916 1210 950 borare:
1237 918 1419 952 mandantes
1439 931 1473 952 ac
1499 920 1726 964 praecipientes
1753 931 1819 954 om-

1081 970 1173 1004 nibus
1200 977 1229 1005 et
1254 972 1386 1016 singulis
1411 979 1535 1007 nostrae
1560 974 1818 1018 Congregationis

1080 1026 1321 1068 superioribus,
1352 1027 1508 1070 religiosis
1532 1029 1681 1072 professis
1705 1033 1734 1063 et
1758 1040 1817 1062 no-

1083 1078 1174 1119 vitiis,
1184 1090 1219 1113 ae
1236 1080 1382 1114 omnibus
1400 1082 1563 1125 utriusque
1581 1093 1673 1115 sexus
1688 1082 1820 1116 infirmis

1080 1142 1170 1165 sacro
1194 1133 1266 1176 igne
1292 1144 1345 1167 seu
1372 1133 1443 1178 igne
1468 1134 1633 1178 gehennali
1660 1135 1764 1177 tactis,
1790 1136 1820 1168 in

1081 1185 1288 1230 hospitalibus
1313 1187 1428 1221 nostris
1453 1193 1515 1220 tam
1546 1189 1576 1221 in
1607 1189 1706 1233 capite
1726 1199 1819 1233 quam

1081 1239 1111 1272 in
1137 1240 1287 1274 membris
1312 1241 1507 1285 degentibus,
1525 1248 1679 1286 quatenus
1696 1243 1819 1276 easdem

1081 1294 1320 1329 constitutiones
1344 1295 1494 1336 libenter,
1519 1296 1642 1329 interim
1668 1302 1697 1329 et
1721 1297 1820 1330 donec

1081 1357 1098 1379 a
1123 1350 1228 1381 sancta
1254 1348 1332 1381 Sede
1356 1349 1535 1393 Apostolica
1572 1350 1819 1390 confirmentur,

1081 1401 1251 1445 suscipiant
1274 1412 1309 1435 ac
1335 1402 1555 1436 inviolabiliter
1580 1404 1756 1437 observent.
1776 1405 1820 1437 ln-

1082 1454 1245 1498 iungentes
1270 1460 1433 1500 praeterea
1457 1457 1605 1490 omnibus
1630 1463 1816 1501 praecepto-

1083 1509 1199 1542 riarum
1214 1513 1243 1543 et
1256 1509 1426 1543 domorum
1446 1516 1626 1544 nostrarum
1648 1512 1820 1555 superiori-

1081 1563 1149 1603 bus,
1167 1569 1200 1596 ut
1218 1563 1298 1596 intra
1317 1574 1467 1607 mensem,
1479 1570 1644 1608 postquam
1660 1565 1697 1598 ad
1710 1565 1820 1598 domos

1082 1616 1140 1649 sibi
1166 1617 1196 1649 in
1220 1617 1280 1650 hoc
1300 1618 1438 1661 generali
1460 1618 1598 1662 capitulo
1617 1629 1674 1663 per
1698 1619 1820 1652 canoni*

1081 1681 1149 1703 cam
1175 1671 1360 1705 electionem
1386 1672 1569 1705 commissas
1598 1673 1819 1716 pervenerint,

1081 1736 1132 1758 eas
1156 1725 1334 1769 publicare,
1360 1731 1389 1759 et
1415 1727 1494 1760 intra
1519 1736 1658 1760 mensem
1685 1727 1818 1759 alterurn

1080 1784 1150 1823 post
1170 1789 1280 1812 earum
1304 1779 1550 1824 publicationem
1576 1780 1745 1814 observare
1770 1782 1816 1814 fa-

1081 1832 1162 1866 ciant
1181 1838 1211 1866 et
1231 1833 1408 1874 observent,
1428 1834 1521 1867 liuius
1539 1839 1641 1867 tamen
1660 1836 1819 1879 praecepti

1082 1887 1130 1919 vi¹
1153 1886 1218 1921 uon
1243 1887 1431 1921 intendimus
1450 1888 1606 1922 dictarum
1625 1889 1819 1922 constitutio-

1080 1952 1155 1974 num
1176 1941 1360 1975 infractores
1385 1942 1453 1975 aliis
1478 1943 1603 1986 poenis,
1626 1953 1720 1987 quam
1741 1954 1820 1986 quae

1081 1995 1111 2027 in
1136 1995 1226 2028 dietis
1259 1996 1534 2029 constitutionibus
1567 1997 1818 2038 comminantur,

1081 2048 1236 2082 subiicere
1256 2058 1357 2092 neque
1374 2049 1525 2092 obligare.
1539 2050 1622 2083 Haec
1636 2050 1820 2084 confirmata

1081 2101 1207 2134 fuerunt
1220 2101 1251 2134 in
1264 2102 1402 2145 praefato
1416 2102 1555 2145 generali
1571 2103 1706 2146 capitulo
1720 2103 1820 2136 dictae

1080 2154 1338 2197 Congregationis
1360 2156 1547 2190 reformatae
1571 2157 1669 2190 sancti
1694 2158 1819 2191 Antonii

1081 2207 1238 2241 celebrato
1258 2208 1289 2241 in
1314 2210 1506 2243 monasterio
1530 2209 1558 2243 S.
1585 2210 1710 2244 Antonii
1732 2209 1820 2243 Vien-

1080 2260 1185 2293 nensis
1202 2271 1283 2294 anno
1298 2261 1422 2295 Domini
1439 2272 1579 2303 mdxxx,
1597 2263 1646 2295 die
1666 2273 1720 2296 v111
1736 2273 1822 2296 men-

1080 2315 1121 2348 sis
1146 2315 1337 2357 novembris,
1355 2317 1494 2350 sessione
1514 2317 1645 2361 praefati
1666 2317 1821 2360 generalis

1080 2369 1206 2413 capituli
1231 2379 1340 2403 vam.
1371 2370 1407 2403 Et
1439 2376 1472 2403 ut
1501 2370 1719 2415 praesentibus
1744 2370 1820 2403 fides

1080 2422 1172 2466 plena
1192 2422 1356 2464 habeatur,
1370 2423 1480 2466 sigillis
1501 2423 1753 2457 reverendissimi
1771 2423 1822 2457 do-

1082 2477 1157 2509 mini
1182 2475 1304 2509 abbatis
1317 2482 1347 2509 et
1358 2477 1484 2520 capituli
1510 2477 1722 2510 conventualis
1742 2477 1822 2510 eius-

1081 2530 1152 2564 dem
1178 2530 1358 2564 monasterii
1384 2540 1436 2563 eas
1460 2530 1576 2564 muniri
1603 2531 1734 2564 fecimus
1762 2541 1819 2575 per

1082 2584 1285 2618 secretarium
1310 2584 1473 2628 praelibati
1500 2584 1626 2628 capituli
1653 2585 1819 2628 generalis.
1849 2602 1852 2604 v

1119 2651 1129 2675 t
1148 2647 1217 2676 Edit.
1234 2647 1312 2677 Μαίη,
1331 2647 1396 2683 legit
1408 2649 1588 2684 praeceptivt'
1602 2649 1637 2685 (R,
1653 2650 1700 2684 r.).

1723 220 1783 253 491
1834 229 1883 256 An.
1900 229 1927 257 c.
1950 230 2019 258 1634
