2221 3224
214 241 262 268 An.
284 242 311 269 c.
331 243 397 270 1629
444 234 485 267 86

224 2214 355 2245 „Huiusmodi
366 2221 389 2235 u-

208 2247 290 2261 nionem
304 2244 390 2261 revocat

207 2268 318 2293 Gregorius
329 2268 372 2289 XV.

410 301 442 324 se
467 298 660 335 receperant,
681 293 803 336 plures¹
830 303 903 325 vero
928 293 1070 326 eamdem
1096 304 1145 326 re-

410 345 629 378 formationem
659 351 870 388 susceperant,
896 350 935 387 et,
961 351 994 378 ut
1020 357 1055 379 ex
1080 347 1146 390 ipsa

410 398 631 431 reformatione
655 399 769 441 sperati
794 399 914 431 fructus
938 400 1058 443 percipi
1076 410 1146 443 pos-

410 456 487 491 sent,
505 451 637 494 operae²
653 451 789 494 pretium
815 456 845 484 et
869 451 957 484 valde
977 452 1146 496 expediens

409 504 476 536 fore
500 505 700 545 noscebatur,
725 510 759 537 ut
787 506 1012 539 monasterium
1037 507 1066 540 S.
1086 507 1147 540 Sal-

410 558 525 590 vatoris
557 563 586 590 et
613 558 773 601 prioratus
804 555 985 593 huiusmodi
1013 560 1146 603 Congre-

409 611 526 652 gationi
558 611 732 644 Cassinensi
768 614 1030 657 aggregarentur)
1062 613 1144 646 idern

409 663 522 703 Paulus
553 664 775 707 praedecessor
806 671 895 698 motu
926 677 983 699 suo
1013 667 1144 710 proprio

409 722 470 748 tam
511 718 739 750 monasterium
777 718 805 751 S.
842 719 1011 752 Salvatoris
1050 731 1143 763 quam

408 769 564 812 prioratus
584 770 773 811 huiusmodi,
792 782 863 804 cum
883 772 947 804 suis
972 773 1144 816 respective

408 823 569 863 membris,
583 823 683 865 bonis,
702 825 982 868 iurisdictionibus⁷
1000 826 1144 870 proprie-

409 875 531 917 tatibus,
548 877 686 920 annexis,
703 879 902 921 pertinentiis
922 884 952 912 et
965 879 1144 923 dependen-

409 928 457 961 tiis
482 928 744 974 quibuscumque,
769 930 869 964 dictae
893 932 1143 975 Congregationi,

407 992 464 1024 per
481 992 560 1024 eam,
579 982 978 1027 illiusque,praesidentem
1000 990 1029 1017 et
1052 995 1144 1028 supe-

406 1036 507 1069 riores
537 1041 611 1070 tunc
643 1043 673 1070 et
696 1049 755 1082 pro
787 1044 929 1082 tempore
961 1039 1142 1081 existentes,

406 1089 491 1122 iuxta
515 1089 598 1123 illius
623 1101 745 1132 more5‚
777 1092 1018 1125 consuetudines
1043 1097 1073 1125 et
1097 1092 1143 1124 in-

406 1143 510 1176 stituta
534 1145 701 1187 regularia,
723 1146 870 1188 regenda,
888 1146 1093 1188 gubernanda
1113 1150 1143 1178 ct

406 1196 653 1229 administranda
666 1208 701 1230 ac
712 1199 910 1231 reformanda
924 1198 1027 1241 (titulo
1040 1203 1143 1231 tamen

406 1254 435 1281 et
455 1249 707 1283 denominatione
727 1251 846 1283 abbatis
868 1251 1048 1284 monasterii
1072 1252 1144 1284 Far-

405 1302 509 1343 fensis,
527 1295 672 1346 illiusque
698 1303 859 1346 dignitate,
878 1306 995 1346 mensa,
1013 1304 1142 1337 aedibus

404 1354 620 1397 abbatialibus,
635 1366 670 1388 ac
688 1366 962 1400 quorumcumque
977 1356 1142 1390 beneficio-

406 1419 475 1440 rum
501 1409 787 1442 ecclesiasticorum
813 1410 996 1451 collatione,
1021 1410 1142 1444 iurisdi-

406 1462 571 1503 ctionibus,
589 1463 690 1503 bonis,
707 1464 964 1507 proprietatibus,
978 1464 1141 1505 fructibus,

405 1516 544 1558 decimis,
562 1523 591 1550 et
610 1517 678 1550 aliis
705 1517 959 1561 quibuscumque
984 1518 1078 1551 rebus
1103 1519 1141 1551 ad

405 1580 544 1603 mensam
558 1571 743 1604 abbatialem
762 1572 942 1605 Farfcnsem
960 1573 1140 1606 huiusmodi

404 1623 641 1666 quomodolibet
664 1625 887 1668 spectantibus,
912 1626 1051 1669 praefato
1076 1626 1142 1658 Ale-

405 1676 523 1710 xandro
545 1677 694 1721 episcopo
713 1683 742 1710 et
762 1678 912 1711 cardinali
929 1689 965 1711 ac
992 1689 1049 1722 pro
1068 1684 1142 1712 tem-

404 1740 480 1773 pore
504 1731 647 1764 existenti
673 1732 779 1764 abbati
804 1742 859 1764 seu
882 1737 1035 1775 perpetuo
1060 1743 1142 1765 com-

405 1783 598 1816 mendatario
616 1785 797 1817 monasterii
811 1785 966 1817 Farfensis
984 1785 1142 1818 huiusmo-

404 1836 434 1868 di
451 1837 542 1869 salvis
563 1842 592 1869 et
612 1837 726 1870 illaesis
743 1838 988 1880 remanentibus,
1000 1838 1139 1871 eiusdem

404 1889 570 1922 Alexandri
588 1891 728 1935 episcopi
753 1897 782 1924 et
806 1891 972 1923 cardinalis
993 1901 1140 1935 expresso

404 1941 443 1974 ad
467 1942 497 1974 id
522 1943 688 1976 accedente
719 1954 889 1984 consensu,
915 1949 944 1976 et
968 1944 1141 1977 dummodo

404 1996 534 2038 praefati
546 1996 705 2039 prioratus
719 1997 855 2030 collativi
868 2007 931 2030 non
941 2002 1053 2038 essent,
1067 2008 1140 2041 apo-

404 2049 513 2081 stolica
537 2050 739 2091 auctoritate,
764 2055 938 2094 perpetuo,
963 2051 1021 2083 sub
1047 2051 1141 2083 certis

405 2103 497 2136 modo
515 2109 544 2137 et
559 2105 660 2138 forma
677 2110 751 2137 tunc
768 2105 934 2148 expressis,
949 2105 1140 2149 aggregavit,

404 2157 512 2197 univit,
537 2158 685 2190 annexuit
709 2163 739 2190 et
764 2158 985 2201 incorporavit.

448 2210 463 2253 ξ
486 2209 515 2242 3.
541 2210 720 2243 Successivc
744 2221 828 2250 vcro,
847 2221 904 2253 per
927 2211 996 2254 piae
1021 2222 1140 2244 memo-

404 2262 469 2295 riae
493 2263 681 2306 Gregorium
707 2264 821 2307 Papam
839 2264 888 2296 XV
907 2265 998 2296 etiam
1016 2264 1141 2307 praede-

405 2326 561 2349 cessorem
578 2322 722 2350 nostrum
740 2316 884 2349 similiter
900 2322 1038 2360 accepto,
1057 2318 1140 2361 quod

404 2369 578 2402 Alexander
603 2370 770 2413 episcopus
796 2374 826 2402 et
853 2370 1019 2403 cardinalis
1043 2381 1136 2414 prae-

404 2422 504 2463 fatus,
536 2423 589 2467 qui
626 2427 699 2457 tunc
734 2424 885 2467 temporis
919 2424 1075 2457 Farsensis
1110 2429 1141 2458 et

404 2477 433 2508 S.
462 2476 630 2510 Salvatoris
661 2477 927 2510 monasteriorum
959 2478 1139 2511 huiusmodi

405 2530 608 2564 commendae
633 2531 671 2563 ad
694 2531 833 2564 favorem
851 2531 955 2564 dilecti
976 2531 1031 2564 filii
1049 2532 1141 2565 Fran-

442 2602 451 2627 1
476 2601 541 2628 Male
564 2602 627 2629 edit.
649 2602 726 2629 Main.
748 2603 812 2638 legit
832 2603 937 2638 pluries
953 2608 989 2637 tn.
1007 2603 1055 2638 T.)-

441 2646 457 2673 2
471 2645 562 2681 Inepte
578 2647 672 2675 eadem
686 2648 768 2676 habet
784 2657 867 2684 opere
885 2649 920 2684 (n.
937 2649 984 2683 ix).

986 246 1165 270 BULLARIUM
1189 246 1343 271 ROMANUM

1181 293 1254 326 eisci
1287 294 1389 327 Ursini
1426 294 1531 328 clerici
1564 296 1684 328 romani
1718 302 1862 338 cesserat,
1889 300 1918 330 et

1181 347 1365 379 eorumdem
1402 348 1665 381 monasteriorum
1700 349 1858 382 fructuum
1888 355 1917 382 et

1181 399 1315 432 aliorum
1333 399 1567 443 praedictorum
1589 402 1813 434 reservatarius
1830 402 1917 434 dum—

1182 456 1264 486 taxat
1292 452 1456 494 existebat,
1482 464 1669 487 consensum
1701 454 1916 497 aggregationi

1181 510 1210 538 et
1245 505 1313 538 aliis
1343 506 1490 549 praefatis
1522 507 1554 539 in
1585 507 1660 540 dicti
1692 507 1848 540 Francisci
1880 517 1916 540 ac

1180 558 1246 591 eius
1263 559 1294 591 in
1318 559 1458 593 Farsensi
1475 565 1505 593 et
1524 561 1552 593 S.
1575 560 1742 593 Salvatoris
1764 565 1917 593 monaste-

1181 613 1234 646 riis
1259 613 1439 646 huiusmodi
1472 624 1688 648 successorum
1714 613 1862 646 damnum
1887 619 1917 646 et

1181 666 1409 709 praeiudicium
1435 666 1550 699 valide¹
1568 673 1727 711 praestare
1743 677 1805 700 non
1825 672 1917 711 potu-

1180 725 1256 759 erat,
1269 724 1362 762 atque
1376 719 1445 753 idco
1455 730 1625 753 consensus
1636 720 1815 753 huiusmodi
1826 720 1916 753 datus

1179 773 1307 805 omnino
1324 773 1429 805 nullus
1446 777 1475 805 et
1496 773 1648 806 invalidus
1668 774 1769 806 fuerat
1785 777 1815 806 et
1835 779 1914 812 erat;

1180 826 1309 869 ipseque
1329 826 1525 867 Franciscus,
1544 826 1576 859 in
1600 826 1659 860 hoc
1684 826 1916 869 aggregationis

1179 879 1305 922 negotio
1341 879 1378 912 de
1414 879 1600 912 alienatione
1635 882 1787 923 perpetua
1823 884 1915 923 atque

1179 932 1271 965 etiam
1296 932 1334 966 de
1359 944 1415 966 suo
1440 933 1570 977 proprio
1595 933 1746 965 interesse
1771 937 1800 965 et
1824 932 1916 964 detri-

1179 991 1283 1019 mento
1307 986 1358 1029 agi
1383 990 1412 1020 et
1436 987 1564 1019 tractari
1590 986 1716 1027 videns,
1741 985 1796 1026 illi,
1821 991 1915 1029 prout

1178 1039 1320 1080 debebat,
1344 1049 1516 1082 numquam
1535 1038 1625 1072 facile
1643 1039 1690 1072 vel
1707 1049 1854 1082 expresse
1871 1049 1917 1071 as-

1178 1092 1303 1132 sentire,
1329 1092 1425 1125 immo
1450 1103 1533 1133 vero,
1559 1097 1709 1136 quantum
1735 1092 1814 1124 inse
1839 1096 1914 1134 erat,

1178 1145 1329 1188 refragari
1343 1156 1467 1188 semper
1481 1145 1672 1186 intendebat,
1688 1150 1718 1178 et
1738 1144 1914 1189 supradicta

1178 1198 1358 1232 reformatio
1379 1199 1596 1232 tantummodo
1615 1199 1645 1230 in
1662 1198 1745 1232 dicto
1763 1204 1915 1231 monaste-

1177 1251 1224 1284 rio
1242 1252 1270 1285 S.
1290 1251 1468 1292 Salvatoris‚
1483 1262 1518 1285 ac
1535 1252 1566 1284 in
1586 1262 1648 1284 uno
1670 1262 1705 1284 ex
1723 1251 1914 1295 prioratibus

1177 1304 1356 1338 huiusmodi
1382 1305 1592 1349 subsequuta,
1616 1315 1717 1348 neque
1742 1305 1801 1338 hoc
1824 1308 1914 1348 pacto

1176 1358 1366 1400 posteriores
1383 1358 1504 1390 litterae
1525 1369 1616 1390 suum
1633 1358 1808 1401 plenarium
1826 1363 1855 1390 et
1872 1357 1914 1390 in-

1177 1416 1301 1453 tegrum
1319 1411 1464 1444 effectum
1482 1412 1609 1444 sortitae
1627 1412 1760 1452 fuerant,
1776 1421 1834 1444 nec
1851 1421 1916 1444 mo-

1176 1464 1267 1497 nachi
1292 1464 1425 1508 praefati
1450 1465 1706 1497 reformationem
1728 1464 1759 1496 in
1783 1464 1914 1508 reliquis

1176 1528 1285 1550 eorum
1303 1518 1495 1561 prioratibus
1516 1518 1676 1561 suscipere
1697 1517 1913 1557 intende-:bane

1175 1577 1415 1615 proptereaque,
1428 1577 1504 1604 etex
1516 1572 1583 1604 aliis
1597 1571 1832 1604 rationabilibus
1846 1582 1915 1604 cau-

1175 1625 1216 1657 sis
1229 1625 1390 1669 praedicto
1403 1625 1557 1667 Gregorio
1571 1624 1805 1668 praedecessori
1822 1625 1912 1667 notis,

1175 1679 1372 1722 suppressio,
1400 1678 1482 1719 unio,
1507 1678 1640 1711 annexio
1665 1684 1693 1711 et
1719 1679 1922 1725 aggregatioy>

1175 1742 1210 1764 ac
1227 1732 1363 1776 desuper
1380 1732 1538 1765 consectae
1555 1731 1677 1764 litterae
1696 1731 1807 1764 merito
1828 1741 1913 1763 revo-

1175 1785 1301 1827 candae,
1320 1786 1443 1829 ipsique
1465 1785 1610 1818 monacbi
1624 1784 1662 1816 ad
1679 1784 1845 1827 pristinum
1865 1795 1913 1817 eo-

1176 1849 1246 1870 rum
1271 1842 1383 1872 statum
1409 1838 1592 1870 restituendi
1616 1837 1723 1870 erant?
1738 1837 1820 1870 unde
1846 1838 1912 1881 ipse

1175 1892 1346 1934 Gregorius
1371 1891 1602 1935 praedecessor,
1621 1891 1714 1924 etiam
1736 1898 1823 1925 motu
1843 1903 1914 1936 pro-

1176 1946 1264 1989 prio,
1289 1945 1452 1987 unionem⁷
1478 1945 1684 1978 annexionem
1710 1950 1739 1978 et
1764 1945 1912 1988 incorpo-

1176 1998 1327 2031 rationem
1351 1998 1549 2042 praedictas,
1574 2009 1646 2031 cum
1672 1998 1817 2031 omnibus
1841 1997 1911 2030 inde

1175 2051 1323 2094 sequutis,
1349 2051 1522 2094 apostolica
1547 2050 1733 2083 auctoritate
1760 2050 1910 2094 praefata,

1175 2104 1267 2136 etiam
1298 2104 1415 2146 absque
1445 2103 1508 2136 ullo
1532 2103 1789 2146 Congregationis
1813 2103 1911 2136 Cassi-

1175 2157 1290 2198 nensis,
1308 2157 1453 2200 illiusque
1473 2156 1690 2200 praesidentis,
1709 2155 1911 2199 superiorum

1175 2216 1204 2243 et
1228 2211 1455 2243 monachorum
1480 2210 1616 2253 desuper
1644 2209 1788 2242 habendo
1813 2213 1843 2243 et
1866 2220 1913 2243 re-

1174 2264 1327 2307 quirendo
1352 2274 1517 2304 consensu,
1541 2267 1705 2307 perpetuo,
1731 2264 1856 2307 penitus
1881 2269 1911 2296 et

1175 2317 1302 2350 omuino
1326 2317 1501 2356 revocarit,
1528 2316 1667 2358 cassavit,
1695 2316 1837 2356 irritavit,
1861 2326 1912 2349 an-

1174 2370 1313 2411 nullavit,
1327 2369 1470 2412 abolevit⁷
1483 2369 1663 2414 viribusque
1676 2375 1705 2403 et
1719 2370 1831 2403 effectu
1845 2380 1911 2403 eva·

1174 2425 1285 2466 enavit,
1303 2427 1332 2457 ct
1356 2424 1430 2456 alias
1454 2428 1549 2467 prout
1568 2424 1599 2456 in
1616 2423 1748 2457 diversis
1773 2423 1859 2456 Pauli
1879 2429 1908 2456 et

1174 2477 1316 2519 Gregorii
1335 2476 1614 2520 lin‘aedecessorum
1631 2478 1844 2521 praefatorum
1862 2476 1911 2510 de-

1174 2541 1267 2574 super
1280 2530 1429 2563 confcctis
1441 2530 1553 2564 litteris
1567 2530 1690 2574 plenius
1703 2530 1879 2564 continetur
1888 2529 1908 2562 ².

1212 2604 1221 2628 1
1240 2601 1310 2628 Edit.
1327 2601 1405 2628 Maia.
1422 2602 1487 2637 legit
1501 2601 1582 2629 valde
1598 2610 1646 2637 pro
1661 2602 1756 2629 valide
1772 2601 1807 2636 (R.
1825 2602 1873 2635 Τ.).

1208 2647 1224 2673 2
1239 2647 1298 2674 Non
1313 2650 1378 2682 puto
1397 2654 1442 2675 eas
1457 2655 1515 2675 esse
1524 2647 1554 2674 'in
1570 2647 1704 2675 Bullarz'o
1720 2652 1755 2682 (a.
1770 2647 1814 2681 τ.).

1930 248 1979 276 An.
1999 249 2029 276 C.
2047 249 2115 277 1629
