2248 3229
217 244 264 272 An.
283 244 312 271 C.
332 244 399 272 1639

276 1955 398 1976 Punitioncs

215 1982 265 2003 nani
283 1986 327 2009 pusi
344 1983 398 2003 cele-

215 2009 333 2030 brationem
365 2015 398 2030 ea·

214 2035 283 2060 pituli.

370 685 373 695 1
413 669 443 696 et
467 675 525 707 pro
550 670 694 708 tempore
728 666 895 700 existentes
929 673 1100 701 conventus
1125 674 1154 701 et

447 235 508 270 732

414 295 552 338 possint;
571 294 718 338 quodque
735 294 865 337 praelati
889 295 1051 336 generales
1075 295 1157 328 eius-

415 348 484 381 dem
519 348 642 381 Ordinis
679 348 858 380 huiusmodi
896 349 1157 391 congregationes

414 401 629 444 particulares,
641 400 832 440 definitores,
845 406 898 433 aut
911 411 1019 434 earum
1034 402 1157 435 electio-

415 464 478 493 nes,
503 464 558 485 seu
583 452 789 494 definitiones,
815 454 861 486 vel
886 454 1011 487 decreta
1036 460 1066 488 et
1090 466 1156 488 sen-

415 506 525 538 tentias
549 516 746 549 nequaquam
773 506 946 550 impedire,
972 508 1154 550 immutare,

413 568 470 591 nec
494 558 625 591 dilatare
649 559 786 599 valeant3

459 611 515 654 ἐϋ.
533 611 621 650 Quod
638 611 720 645 dicta
735 613 908 656 provincia,
921 614 1050 658 eiusque
1070 625 1154 648 nunc

413 718 534 760 fratres,
555 718 613 751 nisi
638 730 695 763 per
719 720 831 753 fratres
855 721 1032 754 visitatores
1057 722 1153 755 alicu-

413 771 460 804 ius
477 772 657 816 provinciae
677 773 942 807 Discalceatorum
963 775 1153 816 huiusmodi,

412 834 429 856 a
446 825 593 868 praelatis
609 829 710 859 tamen
728 827 930 869 generalibus
947 828 1153 872 deputandos,
1170 838 1172 844 ·

411 878 590 911 nullatenus
615 879 733 912 visitari
759 886 812 913 aut
836 880 990 925 syndicari
1016 882 1153 925 possint;

412 931 560 975 quodque
577 932 757 966 huiusmodi
779 933 954 967 visitatores
971 934 1153 968 Discalceati
1171 942 1172 950 ¹

411 984 443 1017 in
467 985 581 1018 dictam
606 986 801 1030 provinciam
827 987 960 1030 ingredi,
986 994 1038 1020 aut
1062 989 1092 1021 in
1118 991 1153 1021 ea

412 1037 548 1081 aliquam
575 1038 823 1073 iurisdictionem
845 1051 993 1074 exercere
1017 1052 1080 1075 non
1106 1053 1154 1075 va-

411 1091 515 1131 leant,
541 1092 601 1125 nisi
633 1098 776 1138 tempore
812 1098 926 1127 statuto
951 1094 1034 1133 eirca
1058 1095 1153 1128 finem

411 1144 537 1178 triennii
563 1146 697 1180 ministri
718 1147 929 1192 provincialis,
952 1158 1067 1192 nempe
1084 1154 1173 1193 post>

413 1196 491 1231 duos
517 1208 615 1232 annos
635 1205 665 1233 et
691 1205 810 1243 septem
834 1210 958 1234 menses
982 1201 1155 1244 provincia-

411 1251 491 1284 latus
517 1252 661 1286 cuislibet
689 1253 825 1286 ministri
851 1255 1053 1297 provincialis
1078 1255 1156 1288 eius-

411 1305 483 1338 dem
508 1306 689 1350 provinciae
713 1313 897 1350 transactos
915 1314 944 1341 et
960 1319 1022 1342 non
1047 1314 1154 1349 antea,

413 1358 488 1392 tales
509 1365 612 1393 autem
636 1360 813 1394 visitatores
830 1362 936 1395 omnia
954 1367 1067 1395 statuta
1084 1373 1156 1406 pro-

412 1412 556 1446 xincialia
573 1414 714 1448 eiusdem
731 1416 912 1459 provinciae
929 1416 1108 1457 observare,
1126 1422 1156 1450 et

412 1465 497 1499 iuxta
530 1467 656 1501 illorum
694 1474 837 1502 tenorem
871 1475 900 1503 et
924 1471 1153 1514 praescriptum

411 1520 605 1562 provinciam
632 1521 756 1556 visitare
778 1528 805 1555 et
824 1523 1002 1566 gubernare
1022 1523 1155 1557 debeant

413 1578 443 1605 et
458 1577 630 1615 teneantur,
644 1585 701 1608 nec
718 1575 747 1608 in
763 1576 879 1609 eisdem
898 1578 1031 1618 statutis,
1044 1578 1102 1610 nisi
1117 1578 1154 1611 de

413 1637 567 1660 consensu
592 1628 722 1662 maioris
745 1630 843 1673 partis
863 1630 1044 1672 delinitorii‚
1064 1633 1155 1676 plene

413 1679 595 1724 dispensare
621 1683 753 1723 valeant,
771 1684 914 1726 quamvis
938 1685 997 1718 hoc
1022 1685 1105 1718 idem
1124 1686 1173 1718 ini

413 1733 524 1767 litteris
550 1736 728 1779 patentibus
746 1742 776 1769 et
800 1738 988 1772 authenticis
1006 1749 1022 1772 a
1036 1740 1155 1783 praela-

414 1786 451 1819 tis
472 1789 682 1830 generalibus,
702 1790 808 1823 aliisve
830 1792 1061 1835 superioribus,
1082 1803 1154 1836 spe-

413 1840 535 1874 cialiter
567 1841 676 1876 iisdem
712 1843 868 1878 indultum
904 1851 934 1879 et
970 1856 1152 1879 eoncessum

414 1893 525 1934 suerit;

459 1947 474 1990 g
499 1947 526 1980 7.
553 1947 591 1981 Ut
615 1955 717 1982 autem
735 1961 845 1984 omnes
862 1951 1041 1985 ambitionis
1062 1958 1091 1985 et
1112 1953 1173 1985 in-›

414 2000 549 2034 iustitiae
579 2004 779 2044 occasiones,
805 2015 885 2048 quae
916 2006 974 2038 sub
1007 2006 1154 2039 simulato

414 2065 449 2087 ac
473 2057 653 2098 apparentis
677 2059 883 2092 correctionis
909 2064 937 2093 et
963 2060 1155 2093 reformatio·

413 2107 461 2140 nis
485 2109 551 2140 zelo
576 2109 730 2153 obrepere
755 2111 876 2152 solent,
902 2123 918 2144 e
943 2113 1046 2146 medio
1071 2114 1155 2157 peni-

414 2166 462 2193 tus
487 2163 669 2201 evellantur,
688 2170 853 2208 postquam
872 2166 1022 2209 praedicti
1049 2167 1153 2200 visita-

415 2220 498 2249 tores
523 2218 731 2250 commissarii
750 2230 838 2252 suain
863 2220 1112 2254 iurisdictionem
1126 2227 1155 2254 et

416 2269 623 2303 visitationem
650 2271 681 2303 in
705 2274 867 2316 provincia
887 2274 1067 2308 huiusmodi
1085 2286 1154 2308 coe-

415 2323 518 2366 perint
543 2335 701 2365 exercere,
718 2327 795 2358 nulli
821 2328 997 2369 guardiam,
1015 2328 1156 2371 nullique
1172 2354 1174 2378 Ι

416 2377 554 2418 vocales,
585 2379 697 2421 quibus
723 2390 895 2413 concursus
919 2381 956 2414 ad
985 2382 1174 2425 capitulum}

416 2431 559 2473 proxime
584 2433 723 2466 suturuni
750 2434 788 2467 de
812 2435 879 2468 iure
905 2437 1068 2479 competit,
1087 2436 1174 2480 pos-⁴

417 2483 478 2515 sint
495 2491 563 2518 ante
590 2486 693 2530 ipsum
715 2488 906 2521 celebratum
926 2489 1098 2533 capitulum
1117 2489 1156 2522 ob
1173 2500 1174 2506 ¹

417 2537 553 2580 aliquam
584 2550 636 2572 scu
662 2542 782 2585 aliquas
808 2554 916 2576 causas
933 2544 971 2576 ab
988 2544 1091 2577 officio
1109 2555 1157 2576 re·
1173 2583 1175 2588 Ι

417 2593 538 2624 moveri
560 2604 617 2626 nec
641 2605 716 2628 voce
743 2596 843 2629 activa
867 2602 920 2629 aut
945 2598 1068 2640 passiva
1093 2597 1158 2641 pri-

416 2645 497 2685 vari,
518 2645 544 2679 si
567 2652 672 2682 autem
697 2648 730 2682 in
754 2649 823 2694 ipsa
848 2650 1025 2685 visitatione
1051 2651 1159 2696 aliqui-

1002 247 1180 271 BULLARIUM
1205 247 1359 272 ROMANUM

1191 295 1249 328 bus
1269 296 1391 328 delictis
1408 301 1437 329 et
1457 297 1556 340 culpis
1573 298 1700 342 quidam
1717 301 1928 342 praefatorum

1190 349 1390 393 reperiantur
1421 350 1569 391 obnoxii,
1594 351 1645 384 vel
1676 362 1785 385 eorum
1809 354 1928 397 punitio

1190 408 1219 435 et
1244 404 1399 437 correctio
1423 410 1494 448 post
1517 415 1626 439 omnes
1651 406 1819 440 electiones
1844 409 1928 452 capi-

1190 456 1244 490 tuli
1269 457 1364 490 saetas
1389 457 1573 499 differatur,
1606 459 1653 491 vel
1679 459 1746 492 aliis
1771 461 1928 494 canonicis

1171 515 1219 542 ,et
1243 511 1441 553 regularibus
1464 512 1593 555 poenis,
1618 518 1743 556 praeter
1774 514 1925 557 privatio-

1188 573 1259 596 nem
1285 565 1380 597 offieii
1404 575 1440 598 ae
1464 565 1549 599 vocis
1573 566 1690 599 activae
1715 572 1745 599 et
1769 568 1928 610 passivae,

1187 617 1319 650 arbitrio
1343 619 1542 662 superiorum
1569 619 1673 663 puniri
1698 619 1851 661 debeant,

1232 670 1300 714 §8-
1337 672 1491 716 Insuper,
1522 673 1606 716 quod
1641 673 1754 706 fratres
1790 674 1927 708 eiusdem

1188 725 1369 768 provinciae
1404 726 1434 760 S.
1464 727 1588 759 loannis
1617 727 1771 771 Baptistae
1800 728 1837 760 ab
1862 729 1929 772 ipsa

1189 780 1243 810 sua
1262 779 1425 822 provincia
1442 791 1498 824 per
1516 791 1733 824 quoscumque
1750 782 1929 826 superiores

1189 832 1327 865 abstrahi
1360 840 1516 876 nequeant
1544 840 1578 867 ut
1602 835 1640 867 ad
1665 835 1756 868 Indos
1781 836 1829 868 vel
1853 836 1929 869 alias

1188 892 1293 929 partes
1318 892 1349 919 et
1371 888 1549 930 provincias
1574 889 1783 929 remittantur,
1807 889 1868 922 nisi
1892 889 1929 922 de

1188 949 1342 973 consensu
1368 941 1494 984 capituli
1519 942 1721 986 provincialis
1752 943 1799 975 vel
1824 942 1930 975 defini-

1190 992 1261 1025 lorii
1287 993 1373 1037 pleni
1406 994 1545 1027 eiusdem
1570 996 1766 1039 provinciae;
1792 1001 1820 1028 et
1846 995 1930 1040 quod

1189 1045 1371 1080 huiusmodi
1385 1049 1576 1091 superiores,
1590 1050 1781 1093 quicumque
1799 1049 1842 1081 illi
1859 1049 1929 1089 sint,

1188 1109 1251 1132 non
1275 1101 1397 1144 possint
1419 1101 1532 1135 fratres
1561 1103 1719 1146 praefatos
1746 1103 1929 1142 licentiare,

1188 1158 1222 1185 ut
1242 1153 1274 1185 in
1294 1153 1439 1188 domibus
1465 1156 1655 1189 secularium
1674 1167 1729 1190 seu
1746 1162 1833 1189 extra
1850 1156 1931 1188 clau-

1189 1211 1259 1239 stra,
1281 1206 1441 1250 habitent,
1472 1208 1532 1241 nisi
1566 1211 1687 1242 servata
1720 1209 1757 1242 ad
1791 1219 1928 1251 unguem

1188 1259 1291 1292 forma
1308 1270 1325 1292 a
1342 1260 1499 1293 Clemente
1525 1262 1771 1305 praedecessore
1790 1262 1930 1306 praefato

1189 1313 1383 1356 praescripta
1412 1313 1443 1346 in
1467 1314 1556 1348 Bulla
1585 1325 1640 1348 seu
1668 1315 1780 1348 litteris
1809 1315 1847 1348 de
1874 1325 1927 1347 re-

1189 1366 1375 1400 formatione
1401 1367 1596 1409 regularium
1614 1367 1835 1411 incipientibus
1853 1367 1933 1400 Nui-

1191 1418 1241 1452 lus
1266 1420 1398 1452 omnino
1420 1425 1590 1464 praetextu
1615 1421 1846 1465 cuiuscumque
1862 1421 1932 1464 pri-

1189 1473 1303 1516 vilegii
1316 1472 1335 1513 ¹,
1354 1474 1411 1506 sub
1436 1484 1517 1508 anno
1542 1484 1662 1508 iinxcni
1676 1473 1696 1514 ²,
1715 1484 1828 1518 nempe
1848 1473 1931 1518 quod

1190 1526 1265 1558 tales
1290 1526 1435 1560 licentiae
1458 1528 1518 1560 nisi
1539 1539 1575 1561 ex
1593 1527 1779 1570 gravissima
1803 1529 1895 1560 causa
1915 1537 1931 1559 a

1190 1579 1268 1612 Sede
1301 1581 1480 1624 Apostolica
1516 1581 1719 1626 approbanda
1754 1581 1930 1614 nullatenus

1171 1633 1422 1675 iconcedaniuig
1446 1646 1525 1678 quae
1550 1646 1624 1668 vero
1649 1635 1740 1668 aliter
1765 1644 1930 1668 concessae

1189 1687 1258 1728 sint⁷
1274 1687 1342 1730 ipso
1356 1687 1436 1720 facto
1452 1687 1557 1721 irritae
1574 1693 1602 1720 et
1616 1688 1719 1720 nullae
1734 1693 1929 1728 censeantur,

1171 1764 1172 1772 i
1189 1743 1218 1773 et
1242 1740 1381 1782 religiosi
1402 1741 1516 1774 talibus
1536 1741 1669 1775 licentiis
1686 1746 1807 1776 utentes
1825 1741 1928 1775 statim

1171 1793 1226 1828 tad
1252 1794 1388 1826 claustra
1412 1801 1619 1834 revocentur;

1235 1848 1250 1888 ἓ
1284 1845 1313 1879 9.
1349 1847 1500 1890 Quodque
1535 1848 1656 1891 possint
1687 1847 1781 1881 iidem
1818 1848 1930 1881 fratres

1189 1899 1371 1932 Discalccati
1404 1901 1484 1934 intra
1517 1908 1604 1944 septa
1636 1901 1747 1934 domus
1777 1902 1930 1944 regularis

1189 1964 1262 1986 suae
1283 1953 1382 1986 libros
1396 1965 1412 1986 a
1426 1954 1626 1987 bibliothecis
1643 1954 1680 1987 de
1701 1955 1826 1988 licentia
1844 1966 1932 1999 prae-

1189 2007 1241 2039 lati
1262 2007 1435 2040 abstractos
1456 2008 1590 2048 habere,
1616 2014 1643 2041 ct
1666 2009 1726 2041 illis
1751 2010 1813 2050 uti,
1839 2009 1931 2042 dum-

1191 2061 1294 2101 modo,
1322 2068 1487 2105 postquam
1510 2063 1570 2094 illis
1596 2063 1643 2094 usi
1669 2063 1793 2103 suerint,
1815 2063 1931 2097 eisdem

1172 2115 1390 2148 ¹bibliothecis
1415 2116 1484 2148 illos
1510 2117 1676 2148 restituere
1697 2122 1878 2159 procurent3
1896 2127 1932 2149 ac,

1190 2168 1317 2201 demum
1344 2169 1486 2201 ministro
1504 2169 1700 2212 provinciali,
1715 2170 1846 2207 custodi,
1861 2179 1933 2202 nec-

1172 2232 1251 2255 ;non
1277 2222 1473 2264 guardianis,
1499 2223 1704 2255 conventibus
1728 2228 1758 2255 et
1784 2223 1932 2256 fratribus

1190 2275 1347 2308 universis
1372 2276 1473 2308 dictae
1497 2272 1678 2319 provinciae
1713 2287 1795 2309 nunc
1821 2282 1851 2308 et
1875 2287 1932 2319 pro

1191 2334 1333 2371 tempore
1359 2330 1574 2369 existentibus,
1600 2335 1630 2361 ut
1651 2331 1796 2362 omnibus
1817 2335 1846 2362 et
1864 2331 1929 2362 sin-

1191 2383 1272 2425 gulis
1297 2382 1416 2424 gratiis,
1443 2383 1571 2415 indultis
1588 2389 1613 2415 el
1633 2384 1815 2426 privilegiis,
1831 2394 1932 2416 exem-

1191 2435 1349 2479 ptionibus
1364 2463 1371 2476 ,
1409 2436 1679 2476 inimunitatilnis,

1191 2490 1366 2530 favoribus,
1392 2489 1594 2533 indulgentiis
1618 2494 1647 2524 et
1671 2490 1782 2523 litteris
1807 2495 1932 2534 aposto-

1228 2572 1237 2596 1
1262 2569 1322 2597 Illas
1339 2570 1421 2597 habes
1436 2571 1462 2596 in
1478 2574 1542 2597 tom.
1560 2578 1586 2605 x,
1603 2579 1662 2606 pag.
1680 2571 1724 2605 37,
1745 2576 1771 2598 et
1790 2572 1886 2599 iteruin
1906 2570 1932 2597 in

1192 2617 1255 2640 tom.
1273 2621 1328 2647 xm,
1347 2623 1406 2649 pag.
1424 2615 1474 2641 207
1491 2619 1527 2650 (a.
1545 2621 1593 2647 Τ.).

1226 2658 1242 2685 2
1262 2659 1332 2688 Male
1347 2659 1411 2687 edit.
1429 2659 1508 2688 Main.
1524 2659 1607 2688 habet
1624 2660 1695 2690 1599
1710 2663 1750 2696 (a.
1763 2660 1811 2695 T.).

1945 255 1992 280 An.
2010 254 2039 281 C.
2061 253 2127 281 1639

1990 1859 2050 1883 Quod
2078 1864 2130 1883 gau—

1946 1885 2010 1906 deant
2035 1886 2130 1906 omnibus

1946 1913 2061 1939 pulit-»giis
2079 1912 2130 1932 alia-

1947 1945 1990 1959 tum
2015 1939 2131 1965 provincia·

1947 1972 1999 1987 rum.

1713 2437 1911 2470 libertatibus
1924 2452 1946 2477 ,·
