2248 3229
209 258 296 284 me.
322 258 390 285 1634
434 249 498 282 402

410 307 523 339 rationi
541 306 706 344 obnoxius,
724 303 891 337 >trit-*ioris
904 303 1065 345 religionis
1079 308 1151 335 voto

411 360 541 392 solemni
563 368 623 390 non
649 357 825 397 adstrictus,
844 356 973 389 alterius
990 356 1152 398 religionis

412 411 553 442 habitum
579 418 642 441 non
668 407 848 451 portaverit,
874 412 1030 450 turrentes,
1056 407 1153 450 ipsius

412 474 469 506 epe
496 462 632 504 graviter
660 461 845 503 indigentes,
860 470 921 492 non
947 460 1081 501 deserat,
1100 460 1152 492 sesl

413 528 467 548 nee
494 514 562 547 itte¹
588 525 646 547 nec
672 515 730 558 ipsi
764 515 879 546 famam
906 514 1020 547 bonam
1047 513 1153 557 perdi-

412 570 524 609 derint,
537 569 691 601 occultam
707 567 920 600 infirmitatem
932 577 995 600 non
1007 568 1153 611 patiatur.

464 623 507 655 Ne
538 627 703 665 parentum
746 621 967 665 importunitas
1003 620 1153 664 subripiat

413 676 496 719 quod
522 675 684 718 religionis
709 674 873 717 integritas
898 683 960 707 non
992 673 1156 713 concedit,

414 729 557 773 superior
583 729 649 773 ipse
674 728 841 772 generalis,
866 727 958 761 etiam
983 738 1056 760 cum
1080 727 1156 760 deli-

414 783 580 823 nitoribus,
594 783 776 826 dispensare
793 792 856 814 non
876 781 976 825 possit,
996 792 1066 814 cum
1087 781 1157 821 illis,

416 837 469 880 qui
488 847 561 869 suae
586 835 696 869 aetatis
716 845 834 868 annum
853 834 1156 878 decimumquintum

415 901 478 923 non
503 890 706 929 excesserim,
727 899 828 933 neque
852 899 923 921 cum
945 888 1015 928 illis,
1035 888 1088 931 qui
1114 887 1158 920 in·

416 943 597 977 tirmitatem
623 942 829 975 incurabilem
848 942 896 974 vel
917 941 1051 974 difficilis
1069 952 1158 974 cura-

418 998 510 1031 tionis
541 995 734 1041 patiuntur2,
761 997 808 1028 vet
840 995 988 1030 haeretiei
1022 995 1159 1035 suerint,

417 1052 469 1084 sed
484 1051 522 1083 ad
536 1050 706 1094 capitulum
721 1050 866 1093 generale
881 1053 1069 1082 reservetur.
1083 1048 1159 1082 Cum

419 1106 478 1138 iltis
502 1111 618 1145 autem,
643 1104 695 1147 qui
721 1101 997 1146 quadragesimum
1016 1112 1090 1135 suae
1114 1112 1161 1134 ae-

419 1159 490 1191 tatis
515 1168 632 1190 anuum
657 1156 857 1197 excesserint,
883 1156 931 1188 vel
955 1155 1008 1198 qui
1032 1155 1161 1189 alterius

419 1212 543 1245 Ordinis
568 1211 707 1244 habitum
734 1209 949 1253 portaverim,
975 1208 1000 1241 si
1029 1208 1161 1241 eximiae

419 1265 554 1309 pietatis,
579 1263 741 1297 doctrinae
766 1268 796 1295 et
816 1261 1051 1306 expectationis,
1072 1272 1161 1305 prae-

421 1320 467 1351 via
486 1318 619 1351 sollicita
638 1317 900 1359 strictissimaque
924 1315 1162 1359 perquisitione,

419 1373 457 1405 «le
482 1372 595 1405 ceteris
620 1370 779 1414 requisitis
808 1370 941 1402 multum
967 1369 1059 1402 utiles
1083 1368 1162 1402 Con-

420 1425 597 1470 {gregatioui
611 1431 735 1458 nostrae
751 1424 915 1457 videantur
928 1424 1004 1465 sere,
1018 1423 1163 1467 superior

422 1479 576 1522 generalis
616 1490 688 1511 cum
729 1477 949 1510 definitoribus
980 1477 1163 1520 dispensare

424 1533 529 1577 pessit,
555 1532 682 1565 ditllcile
707 1537 811 1564 tamen
831 1542 903 1564 cum
926 1531 995 1573 iltis,
1021 1531 1074 1574 qui
1095 1541 1163 1574 pro-

424 1586 588 1619 t'essioncm
614 1585 785 1618 emiserint.

467 1639 555 1672 Serio
582 1644 779 1679 moueantur,
801 1644 862 1671 tam
887 1638 940 1681 qui
966 1638 996 1670 in
1022 1637 1163 1679 clericos,

424 1704 516 1737 quam
543 1693 595 1735 qui
622 1693 651 1725 iu
685 1702 854 1725 couversos
879 1691 1033 1724 voluerint
1058 1690 1165 1734 recipi,

425 1748 493 1780 illos
526 1746 564 1779 ab
596 1746 710 1779 Ordine
746 1744 933 1777 reiieiendos
969 1754 1037 1776 esse
1073 1743 1164 1777 etiam

426 1801 538 1833 imissa
561 1800 755 1844 professione
777 1800 883 1842 (quam
908 1802 1077 1841 propterea
1101 1798 1165 1829 nul-

428 1856 486 1886 lam
512 1864 579 1886 esse
605 1864 639 1885 ev
663 1863 745 1884 nuuc
763 1851 972 1894 declaramus)
990 1850 1015 1882 si
1041 1850 1165 1892 illegiti-

428 1908 606 1946 mationem,
620 1907 774 1939 occultam
795 1905 1017 1945 infirmitatem,
1033 1915 1084 1936 aes
1098 1905 1167 1936 alie-

427 1971 578 2001 nunuseu
588 1960 737 2001 debitum,
753 1959 881 1991 rationis
900 1958 1076 1990 reddendae
1094 1958 1167 1990 obli-

428 2016 596 2057 gationeui,
618 2024 649 2045 se
674 2013 767 2045 fuisse
794 2012 986 2045 haereticum
1001 2011 1020 2051 ³,
1041 2011 1169 2044 alterius

429 2068 552 2100 tlrdiuis
571 2067 710 2099 habitum
734 2066 849 2107 tulisse,
864 2071 891 2097 et
911 2076 942 2097 se
961 2065 1007 2097 rel
1025 2070 1169 2108 parentes

431 2124 593 2154 mt'amatos
611 2131 678 2153 csse
692 2119 872 2159 celaverint„
890 2124 915 2151 ct
934 2119 1009 2151 tales
1030 2119 1169 2151 desectus

431 2186 491 2208 uon
517 2175 632 2207 suerint
656 2173 799 2205 conti-ssi.
827 2173 857 2205 lit
887 2182 1066 2211 conversos,
1091 2182 1168 2215 quo-

432 2230 623 2271 tiescmmpie
644 2227 770 2260 ordines
794 2226 932 2269 aliquos,
956 2225 1051 2257 etiam
1076 2225 1169 2258 cleri-

432 2283 528 2314 ·.dem
563 2288 744 2321 tonsuraiu,
770 2289 971 2322 quo‹j·umspte
1000 2278 1094 2311 modo
1124 2278 1169 2310 vel

434 2341 596 2379 praetextu
617 2334 801 2378 rertqteriut,
821 2333 886 2377 pari
906 2332 998 2366 modo
1017 2332 1170 2376 expellen-

433 2392 487 2423 dos
513 2391 589 2431 sore,
614 2390 806 2433 quicumque
831 2388 1011 2431 superiores
1035 2392 1065 2420 et
1089 2387 1172 2420 novi-

434 2445 547 2476 tiorum
570 2443 721 2486 magistri,
742 2442 780 2474 ad
798 2452 876 2485 quos
896 2443 1096 2481 accesserint,
1114 2440 1171 2472 sin-

434 2509 504 2530 ‹÷=1·e
525 2503 552 2529 ct
571 2502 677 2530 exacte
696 2500 926 2529 couuuoucaut.

473 2580 481 2603 l
500 2577 569 2603 Edit.
587 2577 665 2603 Maiu.
685 2576 746 2611 legit
764 2577 832 2603 ottae
847 2576 884 2610 (n.
902 2575 949 2607 Τ.),

470 2622 484 2648 2
500 2622 569 2648 Edit.
586 2621 665 2648 Main.
682 2621 748 2656 legit
759 2621 923 2656 pariuntur
938 2620 973 2654 (a.
991 2621 1036 2653 T.)‚

471 2666 485 2693 3
500 2666 641 2702 Op‹·1·teret
656 2667 745 2702 legere
761 2666 918 2694 haereticos
933 2668 971 2700 (n.
987 2666 1032 2699 11)⁴

988 255 1167 278 BULLARIUM
1191 254 1346 277 ROMANUM

1230 302 1260 334 Si
1278 303 1347 345 quis
1364 301 1554 334 novitiorum
1573 311 1604 333 se
1621 302 1689 344 ipso
1713 301 1847 335 voluerit
1863 301 1924 334 abi-

1186 364 1219 386 re
1237 360 1267 386 et
1292 354 1438 387 Ordinem
1466 354 1654 396 relinquere,
1675 354 1855 397 superiores
1876 355 1922 387 vel

1187 407 1328 449 magistri
1353 407 1544 440 novitiorum
1562 416 1670 438 causas
1690 406 1802 439 blande
1819 407 1923 440 scisci-

1189 460 1346 499 tabantur,
1358 465 1397 499 et,
1415 460 1439 492 si
1454 465 1583 502 propter
1608 459 1705 491 solam
1724 459 1923 492 tentationem

1189 513 1235 545 vel
1271 513 1407 556 aliquam
1441 513 1611 545 humanam
1644 511 1926 556 apprehensionem

1189 566 1391 606 adverterint,
1417 564 1486 598 illa¹
1507 566 1660 610 repellere
1677 564 1860 598 charitative
1880 575 1928 597 c02

1190 620 1358 662 nabuntur,
1376 620 1440 660 sed,
1450 620 1475 652 si
1491 619 1646 663 persistat,
1660 628 1722 651 non
1735 628 1767 651 se
1781 618 1929 651 molestos

1191 674 1357 707 exhibeant
1381 674 1470 706 illum
1496 672 1671 715 retinendo,
1696 672 1750 705 sed
1775 672 1819 704 illi
1844 672 1930 705 resti-

1192 733 1278 760 tuant
1301 738 1381 771 quae
1405 727 1555 768 attulerit,
1575 726 1634 759 nisi
1659 737 1718 759 usu
1742 730 1929 769 consumpta

1192 783 1262 822 sint,
1289 781 1334 814 vel
1360 781 1388 813 in
1415 781 1482 813 eius
1504 780 1619 813 vietum
1651 784 1681 812 et
1712 779 1856 812 vestitum
1880 790 1930 812 ex-

1192 846 1297 879 pensa,
1317 835 1362 867 vel
1380 834 1418 867 al)
1435 845 1473 868 eo
1490 834 1590 866 libere
1606 833 1833 876 relinquantur.

1238 889 1367 921 Demum
1394 888 1589 932 postulantes
1618 886 1809 930 praenotatis
1834 886 1931 929 (prali-

1195 942 1307 976 tatibus
1331 941 1483 986 praediti,
1501 946 1530 974 et
1550 940 1712 983 religionis
1736 950 1867 984 capaces
1887 950 1932 972 re-

1194 995 1322 1038 cogniti,
1340 995 1449 1028 habitu
1473 998 1622 1038 poterunt
1647 993 1733 1026 indui
1750 998 1780 1026 et
1796 998 1866 1037 post
1882 1003 1933 1025 an-

1193 1060 1269 1082 num
1287 1053 1317 1081 et
1334 1048 1416 1081 diem
1434 1047 1629 1092 probationis
1645 1047 1682 1080 ad
1708 1047 1933 1090 professionem

1195 1101 1315 1134 admitti
1349 1112 1405 1145 per
1438 1100 1540 1144 ipsum
1565 1100 1710 1134 abbatem
1735 1100 1933 1142 generalem,

1195 1166 1251 1198 per
1272 1154 1466 1187 visitatorem
1487 1158 1628 1196 tempore
1645 1163 1719 1185 suae
1739 1152 1934 1193 visitationis,

1196 1220 1252 1253 per
1276 1208 1473 1252 superiorem
1505 1208 1636 1240 localem
1668 1207 1715 1240 vel
1747 1207 1934 1250 magistrum

1196 1262 1399 1302 novitiorum,
1413 1266 1442 1294 et
1460 1266 1546 1294 actus
1564 1261 1753 1304 receptionis
1771 1264 1801 1294 et
1816 1261 1936 1304 profes-

1197 1315 1293 1348 sionis
1311 1315 1342 1348 in
1359 1315 1440 1348 libro
1458 1314 1648 1354 scribentur,
1665 1324 1745 1358 quos
1762 1300 1937 1347 subscribet

1198 1369 1263 1413 ipse
1293 1369 1471 1413 recipiens,
1497 1373 1659 1411 receptus,
1684 1373 1714 1400 et
1738 1367 1800 1400 duo
1825 1372 1933 1400 testes:

1940 253 1990 279 An.
2003 251 2030 279 C.
2051 251 2120 280 1634

1198 1422 1351 1462 conversi,
1377 1422 1478 1464 ignari
1503 1421 1654 1460 seribere,
1679 1420 1805 1463 signum
1825 1419 1954 1461 crucis,-

1198 1476 1245 1508 vel
1270 1475 1295 1508 si
1320 1475 1403 1519 quod
1429 1474 1545 1507 habent
1570 1473 1737 1517 privatum,
1757 1473 1936 1517 depingent.

1243 1529 1418 1571 Antequam
1435 1527 1547 1571 aliquis
1572 1527 1603 1559 in
1627 1537 1794 1559 numerum
1812 1531 1941 1560 converss

1199 1593 1307 1614 sorum
1338 1580 1524 1624 recipiatur,
1556 1591 1614 1624 per
1642 1580 1750 1613 decem
1778 1590 1876 1613 annos
1907 1579 1939 1612 in

1199 1640 1280 1668 statu
1314 1635 1502 1668 donatorum
1530 1634 1771 1677 Congregationi
1804 1633 1939 1666 fideliter

1199 1687 1386 1728 dese1·viat,²
1407 1687 1542 1731 aliquam
1569 1687 1676 1719 utilem
1697 1691 1796 1720 artem
1814 1687 1938 1727 calleat,

1200 1742 1305 1785 elapso
1329 1745 1431 1773 autem
1457 1740 1620 1781 decennio,
1637 1740 1667 1772 in
1695 1740 1805 1774 eodem
1834 1740 1941 1773 habitu

1200 1794 1391 1827 novitiorum
1416 1794 1538 1837 ingredi
1563 1793 1687 1837 poterit,
1704 1799 1743 1836 et,
1766 1804 1820 1837 per
1847 1793 1940 1826 alium

1200 1860 1316 1881 annum
1343 1849 1503 1892 probatus,
1529 1848 1553 1879 si
1579 1848 1710 1881 idoneus
1735 1847 1828 1880 fuerit
1855 1847 1938 1892 iudin

1201 1909 1297 1943 catus,
1315 1902 1353 1934 ad
1373 1901 1599 1946 prothssionem
1617 1901 1739 1935 admitti
1760 1902 1868 1934 valeat.

1246 1956 1369 1988 Fratres
1394 1955 1537 1988 conversi
1563 1960 1593 1987 et
1617 1954 1723 1987 donati
1748 1955 1851 1988 nullos
1884 1965 1942 1987 un-

1201 2020 1294 2052 quam
1317 2009 1414 2041 libros
1439 2008 1551 2041 latinos
1571 2008 1685 2050 legant,
1707 2008 1759 2040 sed
1784 2008 1853 2051 pios
1878 2009 1942 2040 vul-

1202 2063 1286 2106 garis
1304 2063 1460 2095 idiomatis
1479 2062 1631 2106 recipiant
1655 2072 1672 2094 a
1696 2061 1872 2105 superiore,
1890 2062 1942 2105 qui

1203 2118 1264 2151 iltis
1286 2118 1424 2150 officium
1442 2117 1552 2149 Beatae
1574 2116 1686 2149 Mariae
1711 2115 1849 2158 poterint
1869 2126 1943 2148 eon-

1203 2171 1333 2210 cedere3
1358 2170 1411 2203 sed
1437 2170 1579 2202 diurnale
1605 2169 1650 2202 vel
1675 2164 1969 2201 breviarium'illis'

1204 2235 1265 2257 uon
1298 2223 1508 2263 concedatur,
1533 2223 1571 2255 ad
1604 2222 1793 2256 elericorum
1830 2225 1943 2255 statum

1204 2278 1336 2311 transire
1354 2288 1527 2321 numquam
1553 2277 1683 2322 possint,
1700 2277 1784 2321 quod
1802 2277 1827 2310 si
1848 2280 1944 2310 atten-

1205 2337 1270 2364 tare
1288 2332 1566 2375 praesumpserint,
1588 2331 1786 2364 severissime
1810 2330 1943 2374 punian-

1206 2392 1265 2426 tur,
1280 2391 1309 2418 et
1328 2385 1484 2418 vilissimis
1499 2385 1674 2429 quibusque
1694 2384 1805 2418 ossiciis
1821 2393 1945 2427 semper

1206 2440 1434 2483 umueipeutur.

1249 2492 1279 2525 Si
1307 2494 1384 2525 sorte
1409 2492 1521 2535 aliquis
1546 2503 1582 2525 cx
1617 2492 1772 2534 religiosis
1797 2490 1945 2525 Ordinem

1205 2552 1347 2580 nostrum
1369 2552 1441 2579 ante
1460 2546 1622 2579 decretum
1640 2544 1872 2579 reformationis
1889 2554 1944 2577 no-

1243 2619 1252 2644 l
1273 2618 1342 2653 Lege
1359 2618 1425 2646 illas
1442 2618 1482 2645 rel
1498 2618 1580 2645 illam
1594 2618 1633 2652 (R.
1645 2617 1693 2651 T.).

1241 2662 1256 2689 2
1273 2662 1383 2690 videaur
1398 2662 1458 2690 heic
1474 2662 1568 2690 deesse
1584 2660 1679 2696 partic.
1696 2660 1721 2688 εἰ
1735 2660 1771 2695 (a.
1791 2660 1839 2693 T).
