2226 3235
105 225 158 252 An.
175 225 203 252 C.
227 224 293 252 1628

105 287 216 313 poenalem
256 292 289 306 su·

106 313 213 340 pei-addit.

142 1567 262 1588 Exordium.

142 1725 223 1745 Causae
236 1725 298 1745 huius

115 1752 254 1772 inhibitionis.

912 223 1054 247 URBANUS
1079 222 1136 246 vm
1159 222 1208 246 PP.

305 271 385 304 hanc
401 271 547 315 paginam
564 275 690 304 nostrae
704 270 919 311 absolutionis,
935 271 1047 303 confir-

306 325 462 365 mationis,
486 325 622 365 roboris,
649 325 842 365 adiectionis,
867 325 1044 358 defectuum

307 378 521 422 suppletionis,
546 378 674 417 decreti,
700 378 913 421 derogationis
938 383 968 410 et
993 388 1046 411 vo-

306 432 433 465 luntatis
458 432 639 475 infringere,
657 432 703 465 vel
725 432 751 464 ei
777 443 855 466 ausu
879 432 1046 465 temerario

307 486 473 518 contraire.
499 486 530 519 Si
564 485 634 529 quis
666 490 769 518 autem
805 487 864 519 hoc
895 490 1046 519 attentare

307 538 563 582 praesumpserit,
578 539 825 581 indignationem
849 539 1047 582 omnipoten-

308 592 344 626 tis
369 592 422 624 Dei
447 602 482 624 ac
506 592 670 625 beatorum
697 592 779 625 Petri
805 597 835 625 et
858 591 945 624 Pauli
972 602 1046 635 apo-

307 646 459 678 stolorum
484 646 551 678 eius
576 656 608 679 se
632 646 755 679 noverit
779 646 990 679 incursurum.

352 699 461 732 Datum
475 699 601 741 Romae,
612 700 694 743 apud
706 700 734 733 S.
746 700 873 733 Mariam
887 699 1045 740 Maiorem,

306 762 387 785 anno
414 753 640 785 Inearnationis
665 753 845 786 Dominicae
869 762 1045 794 iinoxxvm,

307 815 349 837 vn
362 805 430 838 idus
441 806 588 847 octobris,
598 807 798 850 pontificatus
808 806 905 839 nostri
916 816 997 839 anno
1005 816 1046 839 vi.

342 868 402 894 Dat.
420 869 463 895 die
479 869 495 895 0
510 869 629 896 octobris
646 869 724 903 1628,
741 869 835 905 pontif.
852 877 924 896 anno
939 876 975 896 vi.

604 1021 747 1055 cccxlv.

309 1102 610 1134 Ercommmzz‘catz'o
636 1106 748 1134 conti-a
772 1102 979 1134 e-rtralzentes
1003 1112 1050 1133 sa-

353 1165 424 1187 cras
447 1155 608 1198 reliquias
640 1159 697 1187 aul
731 1155 829 1187 libros
856 1165 896 1186 em
920 1154 1050 1187 ecclesia

354 1213 382 1240 et
407 1208 596 1241 bibliothec&
621 1208 750 1251 colleqii
774 1208 805 1241 S.
824 1208 994 1241 Franctsct·
1014 1207 1051 1240 cle

355 1261 466 1293 Paula
482 1261 525 1293 ad
541 1261 663 1294 Monoes
680 1262 773 1294 Urbis
790 1262 931 1303 fratrum
948 1262 1050 1293 itlim'-

355 1324 480 1347 morum
504 1314 648 1347 nationis
666 1314 826 1346 citerioris
848 1314 1019 1348 Calabriae
1033 1313 1050 1346 ¹.

519 1395 655 1421 Urbanus
675 1394 846 1428 Episcopus,

485 1446 592 1466 servus
625 1446 778 1466 servorum
799 1439 850 1465 Dei
867 1460 875 1472 ,

438 1484 473 1509 ad
493 1486 668 1516 perpetuam
687 1484 733 1510 rei
752 1483 930 1510 memoriam.

360 1553 448 1585 Iustis
474 1559 503 1586 et
528 1554 666 1587 honestis
698 1553 947 1587 christifidelium
974 1552 1052 1586 votis

314 1605 446 1637 libenter
469 1607 648 1646 annuimus,
673 1616 770 1649 eaque
795 1606 955 1638 favoribus
979 1616 1052 1649 pro-

314 1659 476 1701 sequimur
500 1659 695 1703 opportunis,

358 1714 373 1755 ξ
390 1711 418 1744 1.
438 1712 581 1745 Exhibita
599 1712 751 1756 siquidem
769 1712 860 1745 nobis
877 1722 978 1755 nuper
995 1722 1052 1755 pro

313 1769 400 1809 parte
432 1765 618 1799 dilectorum
656 1766 795 1798 tiliorum
827 1765 1051 1799 modernorum

314 1818 421 1851 vicarii
446 1819 584 1861 generali
609 1824 640 1851 et
670 1819 804 1851 fratrum
829 1819 940 1852 domus
961 1830 1054 1862 regu-

314 1871 389 1904 laris
404 1872 539 1906 nationis
564 1872 723 1905 Calabriae
740 1872 778 1904 ad
795 1873 914 1905 Montes
938 1883 1054 1905 nuncu-

315 1931 444 1968 cupatae
468 1926 506 1958 de
530 1925 614 1958 Urbe
638 1925 762 1958 Ordinis
787 1926 816 1959 S.
838 1926 996 1959 Francisci
1017 1926 1053 1958 de

314 1979 407 2011 Paula
431 1979 632 2012 Minimorum
668 1984 920 2022 nuncupatorum
946 1979 1054 2022 petitio

315 2032 512 2074 continebat,
537 2033 621 2076 quod
645 2033 678 2065 in
708 2033 841 2065 ecclesia
865 2043 976 2066 eorum
1001 2033 1056 2065 do-

316 2096 385 2118 mus
410 2085 634 2129 quamplures⁹
654 2086 852 2119 diversorum
882 2091 1055 2130 martyrum

316 2149 350 2171 ac
368 2139 535 2172 beatorum
560 2145 590 2172 et
610 2145 789 2172 sanctorum
807 2139 969 2183 reliquiae,
986 2150 1056 2172 nec-

316 2202 380 2225 non
404 2193 435 2224 in
460 2193 600 2226 eiusdem
627 2193 739 2226 domus
771 2193 900 2226 libraria
921 2203 979 2225 seu
1009 2193 1056 2225 bi-

316 2245 474 2278 bliotheca
498 2246 612 2279 diversi
643 2247 767 2289 generis
791 2247 873 2287 libri,
899 2246 1057 2280 volumina

317 2304 347 2331 et
371 2299 431 2331 alia
454 2300 571 2343 scripta
595 2300 744 2333 ecclesiae
765 2304 795 2332 et
819 2300 926 2333 domui
951 2300 1057 2332 huius-

316 2353 401 2386 modi
426 2353 500 2386 hinc
531 2353 618 2395 inde,
643 2365 702 2397 pro
734 2353 846 2386 maiori
871 2353 967 2385 divini
992 2354 1057 2386 cul-

316 2411 366 2439 tus
391 2412 559 2449 augmento
585 2411 614 2441 et
638 2408 771 2440 fratrum
793 2407 978 2441 eorumdem
999 2407 1058 2450 spi-

316 2460 421 2493 rituali
447 2460 660 2494 consolatione
692 2466 723 2493 et
750 2461 915 2504 prosectu,
945 2461 996 2504 pie
1028 2465 1059 2493 et

351 2541 365 2568 1
386 2541 423 2568 De
443 2540 494 2568 hoc
514 2540 625 2575 collegio
644 2540 704 2568 vide
724 2541 751 2567 in
770 2541 851 2568 huius
870 2541 967 2568 Pontis.
989 2541 1057 2568 Con-

317 2585 406 2613 stitut.
420 2592 475 2618 vui,
492 2585 540 2612 Em
554 2585 694 2619 iniuncto,
711 2588 775 2612 tom.
792 2592 847 2619 xm,
864 2593 925 2621 pag.
942 2585 986 2612 53.

352 2631 369 2658 2
380 2631 501 2659 Erronee
513 2630 556 2659 ed.
568 2630 649 2658 Main.
660 2630 744 2658 habet
754 2630 956 2666 quampluries
970 2629 1058 2666 (Imm).

1748 211 1789 243 ⁶27

1079 275 1109 303 et
1123 270 1261 302 studiose
1278 273 1459 312 comparata
1471 267 1686 311 reperiantur,
1704 273 1734 299 ct
1748 278 1819 310 pro-

1081 328 1205 366 pterea,
1230 332 1269 355 ne
1294 332 1440 355 successu
1472 321 1623 365 temporis
1658 324 1719 354 tam
1745 321 1819 353 reli-

1080 376 1168 419 quias
1187 386 1281 419 qnam
1306 375 1404 408 libros
1429 379 1459 407 et
1482 373 1641 407 volumina
1669 384 1724 406 seu
1749 373 1821 406 scri-

1080 435 1131 472 pta
1159 429 1340 462 huiusmodi
1370 428 1486 472 passim
1519 427 1664 460 distribui
1694 432 1725 459 et
1750 426 1820 459 inde

1080 482 1236 526 asportari
1252 492 1287 515 ac
1305 481 1442 526 disperdi
1468 481 1637 523 contingat,
1654 490 1714 523 pro
1732 484 1821 523 parte

1080 535 1264 569 eorumdem
1294 535 1402 568 vicarii
1435 540 1465 567 ct
1490 535 1622 567 fratrum
1647 533 1737 566 nobis
1764 533 1821 565 fuit

1081 589 1242 621 humiliter
1267 589 1489 632 supplicatum,
1513 593 1667 631 quatenus
1687 587 1718 619 in
1735 596 1821 629 prae-

1081 642 1184 675 missis
1208 647 1384 685 opportune
1417 641 1584 685 providere
1610 641 1648 674 dc
1676 639 1820 682 benigni-

1081 700 1142 727 tate
1167 694 1337 738 apostoliea
1361 694 1577 737 dignaremur.

1125 750 1139 793 ἓ
1164 748 1192 781 2.
1219 750 1281 782 Nos
1306 748 1422 791 igitur,
1449 748 1644 792 praedictum
1669 747 1819 779 vicarium

1081 808 1111 836 ct
1134 803 1268 836 fratrum
1286 802 1466 835 huiusmodi
1481 802 1655 844 singulares
1672 811 1822 844 personas

1081 866 1098 888 a
1121 855 1283 899 quibusvis
1315 854 1666 894 excommunicationis,
1692 864 1822 897 suspen-

1082 909 1176 942 sionis
1201 914 1231 941 et
1255 909 1428 948 interdicti,
1450 909 1580 951 aliisque.
1606 908 1823 940 ecclesiasticis

1082 962 1252 1003 sententiis,
1278 962 1419 995 censuris
1444 967 1474 994 ct
1498 961 1616 1005 poenis,
1642 972 1659 993 a
1684 961 1751 993 iure
1776 961 1823 993 vet

1082 1017 1120 1048 ab
1153 1016 1298 1055 homine,
1327 1015 1434 1059 quavis
1462 1016 1627 1048 occasione
1658 1015 1705 1047 vel
1731 1016 1825 1046 eausa

1082 1070 1161 1107 tatis,
1176 1070 1201 1102 si
1221 1069 1334 1113 quibus
1354 1068 1593 1112 quomodolibet
1609 1067 1748 1100 innodati
1766 1067 1826 1099 cxi-

1084 1128 1183 1160 stunt,
1202 1123 1239 1155 ad
1257 1122 1402 1156 effectum
1425 1122 1638 1166 praesentium
1665 1121 1826 1153 dumtaxat

1084 1176 1351 1220 consequendum,
1374 1177 1487 1209 harum
1511 1176 1592 1208 scric
1618 1175 1825 1211 absolventes,

1085 1236 1113 1263 et
1139 1231 1299 1263 absolutos
1331 1230 1398 1262 sore
1432 1234 1613 1267 censentes,
1646 1228 1826 1261 huiusmodi

1086 1283 1368 1327 supplicationibus
1391 1283 1541 1323 inclinati,
1572 1281 1689 1315 eisdem
1711 1282 1827 1314 vicario

1086 1343 1115 1369 et
1139 1337 1305 1377 fratribus,
1330 1347 1504 1379 eorumque
1529 1336 1772 1373 suecessoribus,
1799 1341 1827 1367 ct

1086 1391 1153 1423 aliis
1173 1390 1318 1434 personis
1343 1389 1604 1432 (piibuseumque,
1625 1395 1685 1421 tam
1711 1389 1828 1421 secula-

1087 1446 1173 1477 ribus
1198 1454 1291 1487 quam
1311 1443 1523 1486 regularibus,
1540 1454 1578 1476 ne
1596 1443 1742 1485 deinceps
1760 1453 1828 1485 per-

1087 1498 1188 1541 petuis
1220 1497 1334 1530 suturis
1372 1497 1565 1540 temporibus
1596 1496 1675 1528 ullas
1700 1495 1828 1527 ommno

1087 1551 1235 1595 reliquias
1260 1561 1317 1583 nec
1338 1551 1436 1583 libros
1454 1560 1509 1583 seu
1525 1549 1685 1582 volumina
1703 1554 1730 1581 et
1757 1549 1830 1581 scri-

1086 1609 1138 1648 pta
1163 1603 1346 1637 huiusmodi
1370 1603 1408 1635 ab
1434 1603 1566 1636 ecelesia
1594 1608 1624 1635 et
1652 1602 1746 1635 domo
1775 1612 1828 1634 seu

1088 1658 1279 1691 bibliotheca
1304 1657 1451 1701 praefatis
1472 1657 1536 1689 ullo
1557 1656 1652 1688 modo
1672 1665 1829 1694 amovere,

1089 1716 1313 1755 transportare,
1330 1711 1531 1749 distribuere,
1550 1720 1605 1742 seu
1622 1713 1730 1742 mutuo
1755 1709 1829 1741 dure

1088 1765 1222 1797 audeant
1246 1775 1302 1798 seu
1326 1768 1539 1808 praesumant,
1565 1763 1622 1795 sub
1648 1773 1828 1795 exeommu-

1088 1818 1251 1851 nicationis
1276 1829 1313 1851 co
1338 1818 1408 1861 ipso
1433 1817 1640 1849 incurrendae
1666 1816 1828 1854 sententia,

1088 1871 1259 1915 apostolica
1274 1871 1468 1909 auctoritate,
1482 1876 1591 1903 tenore
1605 1870 1829 1913 praesentium,

1090 1925 1267 1958 inhibemus
1291 1930 1321 1957 et
1345 1924 1567 1968 praecipimus.

1134 1979 1148 2022 ξ
1171 1978 1200 2011 3.
1226 1979 1437 2011 Deccrnentes
1468 1987 1504 2009 cx
1536 1987 1619 2009 nunc
1650 1977 1774 2008 irritum
1801 1981 1830 2008 et

1090 2032 1181 2064 inane
1209 2031 1362 2074 quidquid
1388 2040 1477 2063 secus
1510 2040 1604 2073 super
1634 2030 1683 2061 liis
1708 2040 1725 2061 a
1757 2040 1830 2072 quo-

1090 2096 1194 2128 quam,
1208 2084 1317 2129 quax'is
1334 2085 1530 2124 auctoritate,
1545 2083 1679 2116 scienter
1696 2088 1726 2116 et
1747 2083 1831 2125 igno-

1090 2144 1206 2179 ranter,
1232 2138 1399 2180 contigerit
1422 2138 1577 2170 attentari.

1136 2191 1196 2234 {la
1215 2192 1282 2224 Non
1307 2190 1503 2224 obstantibus
1527 2190 1689 2233 quibusvis
1710 2195 1831 2233 aposto-

1092 2245 1168 2287 licis,
1184 2250 1214 2277 et
1227 2245 1258 2277 in
1271 2244 1527 2288 provincialibus,
1542 2244 1751 2288 synodalibus,
1766 2243 1831 2275 uni-

1091 2299 1329 2341 versalibusque
1357 2299 1498 2332 conciliis
1529 2298 1619 2330 editis
1644 2297 1830 2341 specialibus

1092 2353 1139 2385 vel
1164 2351 1363 2395 generalibus
1392 2351 1667 2385 constitutionibus
1692 2355 1721 2382 et
1745 2350 1830 2382 ordi-

1091 2405 1279 2445 nationibus,
1296 2415 1419 2438 necnon
1443 2405 1556 2437 domus
1582 2409 1611 2436 et
1628 2403 1752 2437 Ordinis
1777 2403 1831 2435 hu-

1093 2458 1238 2499 iusmodi,
1263 2459 1357 2491 etiam
1382 2459 1568 2499 iuramento,
1590 2456 1829 2490 confirmatione

1092 2512 1275 2557 apostolica,
1295 2512 1343 2544 vel
1360 2511 1468 2555 quavis
1488 2510 1636 2543 firmitate
1656 2510 1716 2542 alia
1741 2510 1832 2542 robe<

1093 2566 1178 2609 ratis,
1196 2565 1318 2599 statutis
1343 2570 1373 2598 et
1397 2564 1688 2603 consuetudinibus,
1708 2564 1831 2597 ceteris-

1093 2630 1154 2665 que
1179 2619 1344 2654 contrariis
1368 2619 1628 2663 quibuscumque.

1836 220 1884 247 An.
1901 220 1929 247 C.
1952 220 2017 247 1698

1874 761 1978 784 intubum,
1995 760 2021 781 ile

1838 795 1878 813 qun
1896 795 1914 807 in
1927 788 2020 809 rubim-‘¹-

1873 1986 1983 2007 ltiwrutuin
2003 1993 2029 2007 ir-

1846 2016 1917 2033 ritans.

1917 2197 2029 2217 [tommano

1846 2226 2007 2243 contrari-«runi.
