2248 3229
226 207 277 235 An.
295 206 322 235 C,
341 206 405 235 1631

308 640 409 662 Nonnulla

226 674 239 689 a
272 668 410 689 c011f1‘5>ario-

226 701 270 715 rum
304 694 411 715 facultati-

227 722 265 743 bus
281 722 365 748 excipit.

229 1544 340 1566 Contraria
351 1543 411 1565 tollit.

454 197 517 231 256

1003 202 1181 227 BULLARIUM
1205 201 1359 226 ROMANUM

424 256 543 299 absque
563 254 626 288 ulla
651 253 749 294 mora,
765 250 975 285 retardatione
995 251 1042 283 vel
1064 250 1163 294 impe·
1197 250 1343 293 specisiea
1358 254 1387 282 et
1404 248 1573 291 individua,
1587 259 1649 284 non
1666 254 1769 284 autem
1787 259 1843 295 per
1857 249 1937 283 clau-

424 309 574 349 dimento‚
594 317 651 350 per
675 316 747 338 suas
772 304 919 338 ecclesias
940 307 969 337 et
993 303 1164 343 dioeceses,

424 361 612 406 provincias,
627 359 778 399 civitates,
795 358 919 403 oppida,
934 363 1034 391 terras
1051 362 1081 390 et
1096 357 1165 390 loca

424 415 583 458 publicent
603 416 633 446 et
655 412 810 456 publicari
830 411 953 451 saciant,
974 421 1009 444 ac
1027 411 1119 443 cleris
1135 416 1165 443 ct

424 467 550 511 populis
570 465 631 498 sibi
657 465 803 499 subiectis
819 465 975 498 solemnes
994 464 1166 508 processio-

424 530 479 552 nes
493 524 523 551 et
535 518 779 563 supplicationes
796 518 934 551 indicant
949 523 979 551 ct
996 517 1164 558 eelebrent,

425 572 635 616 ecclesiasque
660 571 829 605 visitandas
853 571 1026 614 designent.
1133 607 1142 616 .

470 626 484 668 ξ
509 625 536 658 7.
562 626 631 658 Non
656 624 845 658 intendimus
869 629 972 657 autem
997 633 1055 667 per
1075 632 1165 667 prae-

426 684 528 712 sentes
541 689 636 723 super
655 678 761 722 aliqua
780 677 1022 721 irregularitate,
1038 676 1165 721 publica

426 732 474 765 vel
499 732 645 772 occulta,
669 732 764 772 nota,
790 731 935 772 defectu,
959 730 1165 774 incapacitate

426 784 709 826 seu-inhabilitate,
726 795 854 829 quoquo
878 784 973 818 modo
994 784 1164 826 contracta,

425 839 631 883 dispensare,
656 839 704 872 vel
736 839 872 882 aliquam
905 837 1084 870 facultatem
1108 837 1165 870 tri-

426 893 526 926 buere
549 891 769 937 dispensandi,
794 902 849 925 seu
873 890 1057 924 habilitandi
1082 896 1111 923 et
1135 890 1166 923 in

424 946 592 990 pristinum
626 951 741 980 statum
773 944 979 987 restituendi,
1011 944 1105 978 etiam
1134 944 1165 977 in

425 1002 494 1035 soro
527 999 752 1040 conscientiae3
783 993 886 1043 neque
917 999 1010 1033 etiam
1040 997 1165 1031 easdem

424 1059 604 1099 praesentes
629 1053 760 1097 iis,‘qui
782 1063 798 1085 a
822 1053 913 1086 nobis
933 1056 963 1086 ct
986 1052 1165 1096 Apostolica

425 1107 514 1149 Sede,
539 1107 587 1139 vel
611 1106 649 1139 ab
674 1107 779 1150 aliquo
803 1106 960 1149 praelato,
986 1115 1040 1138 seu
1064 1104 1166 1138 iudice

426 1159 637 1193 ecclesiastico
655 1158 929 1200 exeommunicati,
948 1157 1102 1201 suspensi,
1119 1158 1166 1190 in-

426 1213 561 1254 terdicti,
586 1222 642 1245 seu
666 1212 742 1245 alias
766 1212 798 1244 in
823 1211 993 1245 sententias
1008 1216 1038 1243 et
1055 1221 1166 1244 censu-

425 1277 476 1299 ras
501 1265 647 1299 incidisse
671 1264 830 1305 declarati,
848 1265 895 1297 vel
914 1263 1039 1308 publice
1053 1263 1168 1296 denun-

427 1319 498 1353 ciati
524 1318 662 1358 suerint,
686 1317 746 1350 nisi
771 1318 853 1350 infra
877 1322 1001 1360 tempus
1026 1316 1167 1349 celebra-

428 1372 519 1405 tionis
537 1371 718 1405 huiusmodi
735 1371 863 1403 iubilaei
881 1369 1098 1410 satisfecerint,
1116 1374 1169 1402 aut

427 1436 500 1459 cum
525 1425 668 1470 partibus
694 1423 964 1464 concordaverint,
984 1423 1049 1457 ullo
1073 1422 1169 1457 modo

428 1479 594 1522 suffragari
618 1488 711 1523 posse
735 1483 788 1511 aut
811 1477 936 1511 debere.

473 1533 487 1577 g
511 1532 540 1565 8.
570 1533 639 1566 Non
671 1531 866 1565 obstantibus
891 1530 1168 1565 constitutionibus

429 1591 459 1619 et
482 1585 734 1619 ordinationibus
758 1585 956 1629 apostolicis,
980 1584 1167 1628 praesertim

429 1640 542 1684 quibus
567 1640 697 1673 facultas
721 1639 913 1680 absolvendi,
931 1639 962 1671 in
982 1639 1077 1672 certis
1095 1643 1168 1671 tunc

429 1693 587 1739 expressis
598 1693 733 1734 casibus,
748 1694 790 1726 ita
800 1693 942 1726 Romano
954 1692 1096 1726 Pontifici
1110 1702 1169 1736 pro

430 1753 571 1791 tempore
585 1746 726 1780 existenti
744 1751 935 1786 reservatur,
952 1750 985 1778 ut
1001 1755 1058 1778 nee
1075 1745 1168 1777 etiam

431 1801 548 1834 similes
572 1801 620 1833 vel
651 1800 819 1832 dissimiles
848 1799 975 1831 iubilaei
1003 1798 1169 1840 indulgen-

431 1854 545 1888 tiarum
569 1858 600 1886 et
622 1853 803 1886 facultatum
834 1851 1015 1884 huiusmodi
1041 1861 1169 1884 eonces-

431 1907 544 1947 siones,
568 1905 628 1939 nisi
653 1905 691 1938 de
714 1905 776 1937 illis
800 1915 948 1948 expressa
973 1904 1090 1937 mentio
1118 1907 1171 1937 aut

431 1959 574 2004 specialis
599 1958 762 2001 derogatio
786 1957 856 1998 fiat,
887 1957 1034 2001 cuiquam
1059 1956 1171 1989 suffra-

431 2013 498 2057 gari
516 2017 640 2056 queant,
657 2021 779 2044 necnon
796 2011 906 2053 regula
924 2011 1033 2043 nostra
1050 2010 1088 2042 de
1108 2020 1170 2042 non

432 2067 640 2101 concedendis
657 2065 859 2108 indulgentiis
872 2065 909 2097 ad
927 2065 1034 2105 instar,
1048 2075 1083 2097 ac
1097 2075 1172 2108 quo-

432 2129 643 2163 rumcumque
663 2118 813 2151 Ordinum
830 2123 859 2151 et
876 2117 1169 2160 congregationum,

433 2174 497 2207 sive
522 2173 736 2206 institutorum
754 2171 959 2214 regularium,
978 2171 1069 2204 etiarn
1088 2170 1172 2202 iura-

433 2233 548 2268 mento,
569 2226 809 2260 confirmatione
834 2225 1015 2269 apostolica,
1041 2225 1087 2258 vel
1111 2224 1171 2257 alia

433 2281 542 2326 quavis
566 2281 715 2314 firmitate
732 2280 898 2322 roboratis,
916 2279 1039 2312 statutis
1056 2284 1085 2311 et
1103 2288 1172 2312 con-

433 2334 662 2375 suctudinibus,
686 2333 861 2377 privilegiis
886 2343 1021 2376 quoque,
1046 2331 1173 2364 indultis

433 2394 462 2421 et
486 2387 598 2421 litteris
615 2386 807 2430 apostolicis,
825 2386 941 2418 eisdem
959 2384 1127 2418 Ordinibus
1144 2388 1174 2416 et

434 2440 732 2483 congregationibus
756 2444 850 2483 atque
870 2439 1017 2473 institutis
1045 2447 1174 2481 quomo-

434 2495 552 2528 dolibet
571 2495 737 2535 concessis,
760 2493 943 2538 approbatis
960 2498 989 2525 et
1009 2492 1171 2530 innovatis;
1189 2527 1190 2531 Ἰ

435 2547 549 2591 quibus
573 2547 718 2580 omnibus
748 2552 779 2579 et
808 2546 959 2589 singulis,
989 2544 1110 2578 etiamsi
1134 2544 1172 2577 de

1198 303 1280 335 sulas
1305 303 1467 345 generales
1483 302 1565 335 ide'm
1587 303 1801 346 importantes,
1818 303 1937 336 mentio

1198 366 1252 389 seu
1278 356 1404 399 quaevis
1434 356 1493 388 alia
1526 356 1686 399 expressio
1710 356 1856 397 habenda
1885 361 1938 389 aut

1198 409 1302 453 aliqua
1326 409 1385 442 alia
1409 409 1563 453 exquisita
1589 410 1690 442 forma
1714 409 1751 442 ad
1775 410 1836 443 hoc
1865 420 1934 442 ser-

1199 462 1297 494 vanda
1321 462 1412 503 soret,
1429 462 1555 496 illorum
1576 467 1701 505 tenores
1720 462 1938 506 praesentibus

1199 526 1256 559 pro
1281 515 1473 549 sufficienter
1497 515 1663 560 expressis,
1681 525 1717 548 ac
1736 515 1870 548 sormam
1890 525 1939 548 eo-

1199 580 1268 603 rum
1294 569 1441 602 traditam
1466 580 1524 613 pro
1548 571 1672 602 servata
1696 569 1856 609 habentes,
1879 568 1939 601 hac

1199 624 1266 657 vice
1283 623 1470 667 specialiter,
1487 623 1671 657 nominatim
1689 626 1719 656 et
1735 631 1881 666 expresse
1900 622 1939 654 ad

1199 677 1346 710 effectum
1371 676 1584 720 praesentium
1617 676 1824 719 derogamus,
1850 678 1936 709 cete-

1199 730 1304 774 risque
1329 729 1496 763 contrariis
1520 729 1783 773 quibuscumque.

1243 784 1258 827 ξ
1282 784 1311 816 9.
1330 783 1369 816 Ut
1384 788 1488 816 autem
1505 787 1687 827 praesentes
1705 787 1842 825 nostrae,
1859 792 1939 826 quae

1199 836 1237 869 ad
1262 836 1394 879 singula,
1411 836 1480 869 loca
1504 835 1620 869 deferri
1643 845 1707 869 non
1729 840 1876 880 possunt,
1900 835 1940 868 ad

1199 890 1340 923 omnium
1364 889 1508 923 notitiam
1533 889 1655 923 facilius
1687 888 1861 930 deveniant,
1886 899 1940 922 vo-

1199 944 1322 985 lumus,
1346 949 1380 976 ut
1404 943 1587 977 earumdem
1611 943 1823 987 praesentium
1847 947 1940 976 tran-

1200 997 1332 1041 sumptis
1347 1023 1355 1038 ,
1379 997 1427 1030 vel
1453 996 1625 1040 exemplis,
1650 996 1744 1029 etiarn
1768 995 1939 1040 impressis,

1200 1060 1295 1083 manu
1312 1050 1445 1083 alicuius
1463 1050 1578 1083 notarii
1602 1049 1721 1094 publici
1741 1049 1939 1093 subscriptis,

1200 1108 1230 1135 et
1254 1103 1358 1146 sigillo
1381 1112 1535 1146 personae
1560 1102 1591 1135 in
1616 1102 1768 1146 dignitate
1792 1101 1938 1135 ecclesia-

1201 1156 1277 1189 stica
1300 1150 1486 1189 constitutae
1504 1155 1643 1196 munitis,
1659 1155 1777 1199 ubique
1795 1155 1940 1188 locorum

1201 1214 1229 1241 et
1244 1209 1395 1252 gentium,
1409 1209 1518 1242 eadem
1536 1218 1668 1252 prorsus
1681 1208 1759 1241 sides
1776 1207 1939 1249 habeatur,

1201 1272 1281 1306 quae
1304 1262 1474 1299 haberetur
1498 1262 1574 1305 ipsis
1596 1261 1825 1305 praesentibus,
1850 1260 1875 1294 si
1899 1260 1941 1293 so-

1201 1321 1272 1348 rent
1296 1315 1453 1348 exhibitae
1477 1316 1525 1348 vel
1550 1320 1702 1348 ostensae.

1245 1369 1357 1401 Datum
1382 1369 1510 1409 Romae,
1524 1368 1606 1412 apud
1624 1368 1652 1401 S.
1668 1368 1805 1410 Petrum,
1820 1367 1878 1400 sub
1891 1376 1942 1400 an-

1202 1422 1276 1456 nulo
1288 1422 1465 1463 Piscatoris,
1480 1422 1529 1455 die
1546 1432 1586 1456 xv
1601 1421 1777 1455 decembris
1789 1430 1940 1463 iincxxxl,

1208 1476 1408 1520 pontificatus
1443 1475 1543 1509 nostri
1568 1485 1650 1508 anno
1671 1485 1712 1509 ix.

1238 1539 1297 1567 Dat.
1316 1538 1358 1566 die
1376 1539 1407 1567 15
1423 1538 1576 1566 decembris
1594 1538 1671 1573 1631,
1687 1537 1783 1574 pontif.
1800 1545 1871 1565 anno
1886 1543 1923 1564 lx.

1501 1653 1640 1687 CDXXII.

1247 1725 1526 1768 Ereclv‘o'collegyiz'
1551 1725 1587 1757 in
1614 1724 1695 1758 Urbe
1717 1734 1777 1767 pro
1794 1723 1900 1756 decem

1299 1777 1470 1819 monachis,
1495 1776 1628 1810 Ordinis
1648 1776 1680 1810 S.
1701 1774 1849 1809 Basilii&

1409 1847 1545 1875 Urbanus
1566 1847 1644 1880 Rapa
1664 1846 1746 1879 VIII,

1328 1892 1364 1919 ad
1380 1894 1556 1926 perpetuam
1574 1892 1618 1919 rei
1638 1890 1819 1919 memoriam.

1250 1954 1332 1987 Inter
1356 1953 1557 1997 gravissimas
1574 1953 1825 1997 multiplicesque
1841 1963 1943 1995 curas,

1205 2009 1319 2052 quibus
1343 2009 1375 2041 in
1400 2007 1560 2041 militantis
1592 2007 1749 2040 Ecclesiae
1778 2008 1943 2050 regimine,

1206 2062 1290 2094 iuxta
1315 2061 1468 2094 creditum
1484 2060 1576 2094 nobis
1593 2060 1730 2104 desuper
1755 2060 1944 2104 apostolicae

1206 2116 1363 2150 servitutis
1387 2115 1536 2154 officium,
1557 2114 1672 2157 iugiter
1695 2114 1882 2158 premimur,
1906 2114 1945 2147 ad

1206 2180 1241 2202 ea
1265 2169 1400 2201 libenter
1432 2166 1639 2208 intendimus,
1669 2177 1727 2210 per
1757 2177 1838 2210 quae
1862 2166 1945 2200 Ordo

1206 2222 1234 2255 S.
1254 2221 1368 2267 Basilii,
1386 2221 1484 2261 cuius,
1505 2221 1580 2253 dum
1598 2220 1628 2252 in
1646 2220 1820 2253 minoribus
1834 2221 1946 2253 consti-

1207 2276 1263 2307 tuti
1296 2285 1442 2315 eramus,
1475 2274 1663 2317 protectoris
1699 2283 1831 2307 munere
1861 2274 1944 2318 apud

1206 2333 1344 2361 sanctam
1370 2327 1480 2361 Sedem
1505 2328 1718 2371 Apostolicam
1742 2326 1944 2360 eam²suncti

1206 2393 1324 2418 sumus.
1348 2381 1511 2414 uberiores
1533 2381 1562 2413 in
1588 2381 1697 2414 eadem
1715 2380 1854 2414 Ecclesia
1871 2391 1945 2425 quo-

1206 2436 1280 2469 tidie
1305 2436 1425 2468 sructus
1450 2435 1593 2480 proferre
1619 2434 1726 2467 valeat.

1243 2518 1252 2542 1
1273 2516 1309 2542 Ex
1326 2516 1433 2550 Regest.
1450 2515 1476 2541 in
1491 2515 1593 2542 Secret.
1611 2514 1686 2542 Brev.

1239 2561 1255 2587 Ξ
1270 2562 1325 2587 Vox
1341 2568 1402 2587 cam
1417 2560 1569 2596 importune
1591 2560 1635 2587 hic
1657 2559 1798 2587 interiecta
1818 2557 1942 2592 delenda,

435 2600 507 2643 illis,
531 2611 705 2645 eorumque
731 2600 802 2634 totis
827 2599 1000 2640 tenoribus,
1017 2597 1170 2642 specialis,
1206 2606 1245 2633 vet
1265 2604 1408 2641 legendum
1428 2605 1487 2633 iam
1508 2607 1546 2640 (a.
1563 2602 1611 2638 τῆ.

1950 200 2000 228 An.
2017 199 2045 228 C.
2064 199 2129 229 1631

1992 792 2139 818 Transumpti·

1954 819 2013 840 credi
2027 819 2092 839 iubet.

1984 1962 2105 1984 Exordium.
