2221 3224
209 223 256 248 Αη,
273 222 301 248 c.
327 221 394 249 1630
444 212 503 246 15ss
994 219 1171 243 normanni
1196 218 1349 243 ROMANUM

406 275 539 310 narum,
565 280 602 302 eo
626 273 806 313 praetextu,
830 278 925 312 super
949 267 1141 311 privilegiis,
1158 268 1160 280 ’
1177 267 1337 309 generali,
1362 266 1550 309 praesidenti
1583 271 1611 298 ct
1643 266 1764 299 clericis
1792 274 1914 298 necnon

405 323 554 364 indultis,
582 322 731 363 licentiis,
757 321 865 364 gratiis
893 325 922 354 et
947 320 1143 354 facultatibus
1159 334 1161 365 ᾗ
1177 318 1395 352 commissario
1427 318 1565 352 eiusdem
1592 329 1752 360 camerae,
1776 328 1860 353 nunc
1885 324 1912 351 et

406 377 522 410 eisdem
548 387 606 421 pro
632 380 784 420 tempore,
810 379 845 408 ut
868 376 1056 419 praefertur,
1074 385 1144 408 eon·
1159 375 1161 426 ᾖ
1177 384 1235 417 pro
1260 378 1402 417 tempore
1422 372 1637 416 existentibus,
1657 377 1688 406 et
1707 373 1775 406 aliis
1791 372 1916 417 quibus-

406 431 521 471 cessis,
558 429 717 463 molestari
758 429 939 471 contingat,
976 428 1144 473 providere
1178 437 1311 471 cumque
1336 426 1471 471 desuper
1496 427 1646 460 interesse
1680 426 1913 470 quomodolibet

406 483 575 527 cupientes,
601 493 636 516 ac
661 486 764 515 motus
784 481 906 525 piopiii
925 492 979 515 seu
997 481 1162 515 constitu·
1161 480 1462 531 praetendentibus,
1487 485 1540 513 aut
1564 479 1616 524 qui
1641 479 1717 512 illud
1742 478 1916 537 quomodo

406 536 498 569 tionis
523 535 673 579 praedicti
692 535 736 568 Pii
753 535 1006 578 p1aedeeesso11s
1019 539 1109 567 ten01
1112 544 1163 571 cs
1161 534 1163 555 '¹
1178 534 1254 567 libet
1278 533 1484 578 piaetendeie
1508 538 1647 578 possent,
1664 537 1852 577 perpetuum
1877 532 1916 565 si-

406 588 623 646 praesentibus
647 598 705 631 pio
724 588 815 631 plene
836 593 865 621 et
886 588 1077 621 sufficientei
1094 598 1163 620 ex·
1161 574 1309 620 ilentium
1333 587 1468 630 desuper
1493 586 1694 645 imponimus

405 641 522 685 pressis
546 641 707 681 habentes,
1224 640 1238 683 g
1262 640 1291 672 4.
1314 640 1492 672 Mandantes
1508 639 1692 680 camerario,
1708 637 1883 672 thesauiai
1877 648 1916 678 ιο

452 693 506 738 §CL
521 694 604 727 Motu
617 694 759 738 proprio,
777 705 840 728 non
857 694 895 727 ad
913 694 1044 728 alicuius
1055 693 1146 727 nobis
1162 708 1164 744 ιι
1179 693 1368 738 praesidenti
1390 697 1420 726 et
1440 693 1513 726 cle1
1507 704 1572 735 icis
1588 703 1708 726 necnon
1729 692 1913 726 commissa-

408 746 543 790 desuper
568 747 689 780 oblatae
708 747 868 792 petitionis
888 747 1075 788 instantiam,
1093 747 1145 780 sed
1161 745 1164 779 ἱ
1181 748 1238 788 rio,
1256 758 1338 781 nnnc
1363 752 1393 780 et
1416 757 1474 791 pro
1491 751 1634 791 tempore
1658 746 1871 785 existentibus,
1888 749 1917 779 et

409 811 445 833 ex
470 802 558 834 mera
579 801 674 834 animi
689 801 787 835 nostri
809 800 1043 844 deliberatione,
1061 803 1147 834 certa
1162 815 1165 837 ἰ
1181 801 1249 834 aliis
1267 801 1417 834 interesse
1443 800 1720 845 praetendentibus
1740 799 1917 844 praedictis,

409 853 548 895 scientia,
573 865 608 887 ac
633 854 670 888 de
695 855 884 898 apostolicae
909 855 1071 899 potestatis
1085 844 1229 899 ple-{ne‚
1247 855 1304 888 sub
1328 859 1452 889 nostrae
1469 860 1499 887 et
1514 865 1572 898 pro
1595 859 1737 897 tempore
1761 852 1918 886 existentis

408 907 558 948 nitudine,
583 908 688 940 omnia
712 912 742 941 et
766 908 890 952 singula
911 908 1086 952 privilegia,
1105 908 1147 940 in-
1162 899 1165 940 ἶ
1181 908 1312 942 Romani
1337 908 1496 943 Pontificis
1520 907 1763 951 indignationis,
1789 905 1919 950 aliisque

408 959 502 1003 duna,
529 960 681 1002 licentias,
707 961 823 1004 gratias
847 967 877 994 et
902 961 1062 995 facultates
1083 967 1146 994 tam
1162 946 1165 1008 J
1181 968 1289 996 nostro
1313 968 1341 996 et
1365 973 1423 1006 pro
1449 967 1590 1006 tempore
1611 961 1770 995 existentis
1788 960 1918 994 Romani

408 1023 465 1058 per
480 1013 740 1059 praedecessores
758 1019 882 1049 nostros
899 1025 992 1059 quam
1017 1025 1074 1059 per
1091 1025 1148 1049 nos
1182 1016 1342 1051 Pontificis
1366 1016 1498 1049 aibinio
1524 1015 1723 1059 imponendis
1747 1014 1867 1059 poenis,
1892 1019 1921 1046 et

407 1068 492 1111 ipsos
515 1078 572 1111 pei
596 1068 713 1101 litteras
737 1069 923 1112 apostolicas
944 1069 1001 1102 sub
1017 1069 1167 1134 plumbo
1182 1069 1275 1103 etiam
1307 1070 1465 1103 interdicti
1498 1070 1658 1112 inoiessus
1682 1068 1853 1108 ecelesiae,
1886 1078 1921 1100 ac

409 1126 461 1154 aut
484 1121 515 1154 in
541 1122 641 1154 forma
667 1122 773 1155 Bievis
798 1123 973 1166 expeditas,
1006 1133 1060 1156 seu
1091 1133 1167 1186 per
1164 1111 1250 1156 aliis
1276 1123 1495 1156 ecclesiasticis
1520 1122 1702 1162 sententiis,
1727 1121 1868 1155 censuris
1892 1126 1917 1153 et

410 1173 620 1218 chiroorapha
653 1175 837 1209 eorumdem
868 1161 1167 1219 praedecessoiffum
1164 1177 1304 1220 poenis,
1329 1177 1397 1221 ipso
1421 1177 1502 1210 sacto
1527 1187 1583 1220 per
1608 1175 1876 1209 contraxcnientes
1892 1180 1919 1207 et

409 1228 457 1260 vel
481 1230 589 1261 nostra
622 1238 716 1261 manu
748 1229 921 1272 iespectixe
950 1225 1167 1273 subsciipta,
1184 1242 1238 1264 e01
1242 1242 1293 1264 um
1319 1231 1492 1274 quemlibet
1512 1230 1603 1264 toties
1627 1230 1749 1274 quoties
1765 1233 1922 1263 οοηῑιειιρ

409 1281 500 1315 etiam
537 1281 759 1326 quodcumque
784 1282 934 1316 inteiesse
965 1283 1066 1316 dictae
1098 1293 1148 1316 ca·
1165 1274 1249 1316 *nei
1233 1289 1286 1316 int
1312 1284 1485 1328 respectixc
1511 1283 1758 1323 incur1endis‚a
1775 1282 1889 1325 quibus
1906 1292 1921 1313 a

410 1345 515 1367 merae
541 1335 772 1377 concernentia,
798 1336 1026 1380 cuiuscumque
1050 1336 1168 1380 quali-t
1184 1337 1318 1378 nemine,
1335 1341 1553 1381 piaeteiquam
1579 1347 1595 1369 a
1614 1337 1756 1369 Romano
1772 1334 1921 1378 Pontifice

411 1389 490 1430 tatis
516 1391 650 1433 gemetis,
676 1391 858 1434 quantitatis
878 1396 904 1423 ct
925 1391 1039 1424 xwalotis
1056 1388 1168 1423 etiam
1167 1401 1242 1434 pro
1267 1396 1409 1434 tempore
1441 1391 1612 1431 existente,
1647 1394 1867 1433 praeterquam
1893 1388 1923 1420 in

1929 216 1978 243 An.
1998 216 2026 243 C.
2044 216 2113 243 1630

1961 649 2115 670 contram-ten-

1933 681 1937 696 ι
1943 678 1962 697 b
1965 682 1988 696 ns
2000 681 2067 701 poena
2078 675 2115 695 de-

247 708 351 728 Pettkthttx
369 712 391 727 ex
1932 710 1954 724 s·
1957 706 1995 723 eta⁴

211 738 266 755 motu
308 739 391 760 pri-prm

211 762 325 782 decretum.

261 2465 344 2488 Silentii
360 2465 405 2486 offi-

221 2493 311 2523 cialibus
340 2493 404 2519 impo-

222 2522 277 2541 sitio.

412 1443 536 1476 maximi
551 1448 579 1477 et
594 1444 843 1486 inexcogitabilis
868 1445 988 1485 existat,
1003 1455 1151 1477 concessa

412 1496 575 1539 haetenus,
602 1502 631 1529 ct
656 1497 862 1540 imposterum
889 1508 945 1540 per
969 1508 1026 1530 nos
1043 1502 1071 1529 et
1090 1498 1149 1530 Ro-

413 1559 523 1582 manos
545 1550 710 1583 Pontifices
728 1561 925 1583 successores
943 1556 1067 1583 nostros
1081 1561 1152 1583 eon-

414 1601 572 1642 cedenda,
606 1602 636 1634 in
669 1602 783 1646 quibus
808 1603 906 1635 motui
932 1604 1064 1647 proprio
1098 1614 1151 1635 seu

414 1655 627 1689 constitutioni
643 1656 687 1688 Pii
705 1656 957 1700 praedecessoris
971 1656 1151 1689 huiusmodi

414 1708 452 1742 ad
477 1708 634 1750 effectum,
660 1714 693 1741 ut
718 1709 770 1750 illi,
798 1709 834 1742 ad
855 1720 992 1753 quornm
1014 1710 1151 1743 favorem

415 1767 599 1795 emanarunt
616 1766 646 1795 et.
663 1763 853 1795 emanabant
871 1774 929 1806 pro
946 1768 1097 1807 tempore,
1116 1764 1154 1796 ad

415 1816 482 1859 ipsa
497 1815 671 1859 privilegia,
686 1815 814 1858 indulta,
832 1816 972 1848 licentias
989 1820 1018 1850 ct
1037 1817 1154 1859 gratias

416 1871 446 1902 in
471 1869 580 1903 eadem
605 1872 729 1903 camera
758 1870 990 1913 registrandum
1015 1881 1077 1903 non
1104 1876 1150 1903 te-

416 1927 558 1963 neantur,
583 1922 767 1965 derogatum
792 1923 902 1964 fuerit,
928 1933 982 1956 scu
1007 1923 1153 1966 derogari
1171 1927 1172 1961 ἶ
1190 1926 1340 1959 interesse
1356 1930 1460 1959 actum
1475 1925 1569 1958 suerit
1582 1925 1628 1957 vel
1647 1928 1766 1967 agetur,
1781 1934 1839 1967 pro
1852 1928 1927 1956 tem-

417 1977 584 2020 contigerit
608 1977 639 2009 in
662 1977 814 2016 futurum,
836 1977 955 2010 etiamsi
977 1977 1047 2010 illae
1061 1983 1091 2010 et
1103 1969 1172 2010 illa³

418 2030 482 2063 sive
507 2030 670 2073 derogatio
695 2036 724 2063 et
750 2031 891 2065 voluntas
918 2031 1099 2064 huiusmodi
1124 2025 1172 2064 in¹

419 2083 579 2126 praedicta
605 2085 730 2117 camera
755 2084 920 2127 registrata
944 2095 1007 2118 non
1036 2085 1096 2118 sint
1126 2090 1156 2117 et

418 2146 479 2170 non
504 2136 733 2179 legistrentur,

417 2254 520 2288 posse,
544 2254 645 2288 neque
669 2250 837 2289 propteiea
863 2245 941 2287 illos,
962 2245 1000 2278 ad
1021 2239 1174 2289 quornm

1185 1445 1296 1478 mortis
1313 1444 1445 1478 articulo
1462 1444 1631 1484 constituti,
1644 1443 1773 1483 absolvi,
1787 1453 1842 1476 seu
1854 1442 1923 1475 illae

1186 1498 1229 1531 eis
1254 1498 1389 1530 relaxari
1413 1503 1585 1541 nequeant,
1610 1496 1845 1541 praedictorum
1870 1496 1924 1534 ali-

1186 1561 1279 1594 quem
1305 1561 1400 1595 super
1424 1550 1608 1594 praemissis
1628 1550 1733 1593 aliquo
1751 1549 1845 1583 modo
1863 1559 1926 1581 mo-

1169 1606 1299 1654 ¹lestare
1323 1605 1455 1638 audeant
1482 1605 1528 1637 vel
1554 1609 1764 1648 praesumant.

1232 1660 1246 1701 ξ
1271 1658 1299 1692 5.
1327 1659 1479 1701 Volentes,
1496 1663 1525 1691 et
1544 1657 1653 1690 eadem
1674 1656 1857 1691 auctoritate
1874 1656 1924 1688 de-

1188 1717 1350 1746 cernentes
1374 1716 1554 1755 praesentes
1577 1716 1700 1744 nostras
1724 1710 1852 1751 litteras,
1876 1709 1925 1742 de-

1188 1766 1389 1798 clarationem
1419 1770 1449 1798 et
1479 1765 1688 1804 voluntatem,
1721 1763 1813 1796 etiam
1842 1763 1925 1806 quod

1188 1819 1218 1851 in
1248 1819 1330 1851 dicta
1359 1819 1483 1851 camera
1507 1828 1569 1851 non
1593 1817 1803 1860 registrentur
1826 1826 1926 1860 neque

1189 1877 1442 1915 praesententur,
1467 1871 1504 1904 iis
1534 1871 1703 1911 omnibus,
1728 1870 1766 1903 de
1790 1879 1926 1914 qnorum

1190 1990 1265 2022 pore
1283 1978 1449 2021 suffragari
1462 1977 1606 2011 debuisse
1617 1982 1646 2010 et
1660 1977 1785 2017 debere,
1796 1975 1926 2020 perinde

1189 2043 1223 2065 ac
1249 2032 1274 2065 si
1300 2032 1330 2064 in
1355 2031 1465 2064 eadem
1491 2032 1615 2064 camera
1647 2029 1751 2063 debito
1783 2034 1926 2073 tempore

1171 2128 1173 2130 q
1190 2090 1405 2129 praesentatae
1430 2089 1460 2117 et
1484 2084 1515 2116 in
1532 2085 1568 2116 ea
1585 2083 1768 2125 registratac
1788 2082 1924 2116 fuissent.

766 2137 859 2170 etiam
883 2137 921 2170 ab
946 2148 1053 2171 earum
1084 2138 1174 2188 (13ῐίιέ

419 2190 521 2223 talete
538 2194 567 2224 ct
584 2190 621 2223 de
638 2201 748 2224 coium
766 2202 781 2224 ι
785 2191 922 2224 tliditate
940 2192 1076 2225 dubitaii
1093 2202 1155 2225 non
1172 2190 1174 2234 '3

1233 2138 1300 2182 {ss
1333 2137 1484 2177 Quocirca
1514 2136 1748 2169 xeneiahilibus
1778 2136 1927 2169 fratribus

1190 2192 1304 2225 nostris
1334 2191 1466 2225 Ostiensi
1497 2195 1525 2222 et
1559 2189 1722 2223 Peituensi
1754 2189 1926 2233 episcopis,

1173 2275 1175 2299 ,
1191 2257 1226 2279 ac
1249 2246 1363 2278 dilecto
1388 2245 1452 2278 silio
1477 2255 1643 2278 causarum
1662 2243 1767 2277 curiae
1784 2253 1927 2276 camerae

419 2298 558 2331 satorem
584 2304 784 2339 emanaiunt,
809 2299 913 2343 aliquo
940 2299 1034 2333 modo
1059 2300 1156 2333 mole·
1173 2297 1691 2342 ¹‘tpostoltcaeOentl‘tll‘lttdttotl
1711 2307 1767 2340 per
1784 2305 1929 2340 pr-aesen

420 2353 495 2387 stari
520 2353 652 2395 debere,
678 2358 786 2387 tenore
810 2353 1023 2397 praesentium
1048 2354 1157 2387 decer-

419 2408 524 2440 nimus
549 2411 578 2440 et
603 2407 809 2439 declaramus.

464 2461 479 2504 g
495 2460 523 2493 3.
538 2462 581 2493 Ae
598 2460 718 2493 dilectis
736 2460 807 2493 tiliis
825 2460 947 2494 nostro¹
963 2464 1086 2494 sanctae
1104 2461 1159 2493 [to-

420 2524 530 2548 manae
547 2514 703 2548 Ecclesiae
721 2514 894 2548 camerario
913 2524 947 2547 ae
963 2513 1158 2547 thesaurario

460 2588 469 2612 1
487 2586 582 2622 Aptius
595 2585 734 2622 legeretur
750 2587 872 2615 nostris:
889 2586 932 2613 ed.
945 2586 1062 2613 Cherub.
1079 2584 1161 2613 habet

422 2633 517 2659 nostro
533 2634 559 2659 el
576 2631 611 2666 (n.
626 2633 673 2665 1κῖ-

1192 2357 1237 2385 tes
1258 2352 1484 2385 committimus
1509 2356 1539 2384 et
1564 2351 1759 2391 mandamus,
1776 2355 1929 2394 quatenus

1193 2405 1263 2449 ipsi,
1288 2406 1335 2438 vel
1360 2405 1438 2446 duo,
1463 2410 1515 2438 aut
1540 2415 1621 2438 unus
1647 2414 1775 2444 eornm,
1798 2413 1856 2447 per
1880 2413 1928 2443 se,

1193 2460 1239 2492 vel
1264 2459 1375 2499 alium,
1402 2469 1457 2491 seu
1482 2458 1580 2499 alios,
1606 2462 1788 2502 praesentes
1810 2456 1930 2489 litteras

1194 2518 1223 2546 et
1254 2513 1284 2545 in
1315 2512 1360 2545 eis
1391 2517 1535 2545 contenta
1560 2520 1798 2554 quaecumque,
1822 2509 1876 2542 ubi
1901 2514 1929 2541 et

1194 2566 1319 2611 quando
1343 2577 1422 2610 opus
1438 2566 1542 2607 fuerit,
1568 2576 1603 2599 ac
1627 2565 1748 2609 quoties
1766 2573 1825 2608 pro
1842 2566 1930 2606 parte

1195 2621 1227 2654 in
1243 2620 1423 2664 praemissis
1436 2620 1588 2653 interesse
1600 2617 1782 2652 habentium
1795 2616 1931 2660 desuper

2215 1692 2221 1712 n
2215 1639 2221 1679 ,⁴⁴-
2216 1582 2221 1629 ...u
2213 1446 2221 1571 mara.-
2212 1239 2221 1426 -a—QLQ
2208 1090 2221 1227 A.w.1'—-
2212 873 2221 1070 ‚amam-nun*

1967 1661 2121 1683 Praeservatio.

1969 2140 2126 2166 Exequutorum

1943 2167 2059 2193 deputatio.
