2248 3229
159 216 212 243 An.
233 215 263 243 G.
281 213 345 243 1631

187 493 270 512 (iau-ae
284 492 345 511 lmtus

161 519 325 539 constitutivum.

186 1618 285 1644 Exceptis
296 1623 347 1643 pau‹

164 1651 194 1665 cis
223 1650 295 1665 onmes
321 1644 347 1664 ad

164 1671 291 1692 solutionem
311 1671 348 1691 oh<

163 1699 224 1724 ligat.

971 214 1111 239 L'RBANUS
1137 214 1191 239 t'nt
1215 216 1263 240 ΡΙ).

361 259 578 295 calamitosum
595 265 708 294 statum
727 261 956 296 catholicorum
976 263 1100 296 illarum

362 315 499 359 partium
517 324 579 348 non
594 315 749 356 miserari,
767 320 805 358 et,
825 326 862 348 ne
881 317 1025 350 catholici
1043 318 1101 361 ipsi

364 370 394 401 in
418 368 555 402 maiores
580 369 715 404 incidam
740 381 918 412 aerumnas,
938 381 999 405 non
1024 382 1099 415 per-

362 422 536 456 timescere.

405 477 420 519 §
453 476 482 509 l.
507 475 629 515 Quare*
661 486 719 510 nos
749 477 843 511 officii
868 478 966 512 nostri
999 483 1103 522 partes

361 539 429 563 esse
457 529 604 563 duximus
628 529 815 564 charissinm
836 531 866 563 in
891 531 1013 564 Christo
1038 531 1103 564 tilio

362 587 471 617 nostro
502 583 700 616 Fcrdinando
732 584 946 618 Romanorum
975 585 1043 627 regi
1072 585 1103 617 in

363 637 587 680 imperatorem
618 637 718 671 electo
754 648 952 682 quacumque
987 649 1104 682 oppor-

362 691 435 723 tuna
451 689 573 723 ratione
586 701 754 734 possumus
767 702 860 735 opem
878 693 958 725 t'errc
976 697 1006 725 et
1022 702 1105 724 eom—

364 753 491 780 munem
517 744 689 779 catholicae
706 746 856 779 ecclesiae
874 755 998 779 causam
1016 745 1104 778 adiu-

363 807 445 830 vare.
472 797 551 831 Ilinc
575 799 734 842 estquod,
759 804 829 843 post
861 799 1011 842 elargitos
1042 809 1101 833 no-

364 850 491 884 vissime
516 861 553 884 ex
578 851 676 895 ipsius
696 852 852 886 Ecclesiae
876 852 938 884 ritu
965 852 1105 885 eiusdem

364 905 518 938 Ecclesiae
539 905 715 946 thesauros,
731 906 804 949 quia
821 916 964 939 camerae
980 911 1106 940 nostrae

362 959 553 1002 apostolicae
577 959 666 992 valde
697 958 876 992 debilitatae
902 959 984 992 vires
1009 959 1046 992 ad
1071 970 1107 993 ea

363 1011 575 1057 comparanda
606 1012 783 1056 praesidia,
814 1023 893 1056 quae
925 1019 1106 1057 praesentes

364 1066 565 1099 necessitates
598 1066 780 1110 postulant,
809 1076 1006 1110 nequaquam
1037 1068 1103 1100 sus-

363 1120 496 1161 ficiunt,
527 1119 690 1163 cogimur,
716 1120 860 1164 exemplo
893 1121 1107 1154 Romanorum

365 1172 550 1207 Pontificum
565 1173 845 1217 praedecessorum
860 1180 1055 1216 nostrorum,
1069 1175 1107 1208 ad

362 1227 494 1260 aliarum
526 1228 731 1261 ecclesiarum
752 1228 909 1272 peculium
930 1228 1107 1271 Christique

364 1281 487 1314 Domini
512 1281 750 1325 patrimonium,
781 1282 870 1314 cuius
900 1293 992 1315 causa
1024 1293 1107 1315 nunc

363 1335 476 1378 agitur,
502 1345 559 1368 nos
585 1341 780 1376 convertere,
805 1342 967 1379 sperantes
993 1336 1022 1368 in
1047 1336 1107 1369 Do-

365 1388 449 1421 mino
469 1399 533 1421 non
556 1389 699 1432 iniquum
716 1400 907 1433 quemquam
926 1390 1107 1432 urgentium

365 1443 478 1475 harum
495 1443 716 1476 necessitatum
735 1444 967 1476 aestimatorem
996 1444 1026 1476 in
1045 1450 1107 1477 tam

364 1501 517 1537 sanctum,
539 1496 627 1540 pium
651 1507 685 1530 ac
706 1497 918 1530 necessarium
938 1508 1028 1530 usum
1048 1509 1107 1541 pro

365 1550 535 1583 christiana
556 1551 671 1594 pietate
691 1551 825 1583 libenter
842 1551 1106 1584 contributurum.

408 1604 423 1647 ξ
448 1603 477 1637 2.
504 1604 617 1637 Habita
648 1604 746 1647 igitur
770 1615 865 1648 super
889 1605 937 1638 his
962 1605 1108 1638 omnibus

365 1668 438 1690 eum
463 1657 698 1691 venerabilibus
722 1658 873 1691 fratribus
897 1660 1012 1692 nostris
1037 1670 1107 1692 san—

364 1715 430 1746 ctae
455 1712 613 1745 Romanae
639 1712 795 1746 Ecclesiae
821 1713 1031 1746 cardinalibus
1057 1713 1108 1747 (lc-

365 1765 549 1799 liberatione
574 1768 708 1808 matura,
728 1767 766 1800 de
784 1777 895 1800 eorum
921 1767 1053 1801 consilio
1079 1772 1108 1801 et

365 1830 496 1852 assensu
520 1819 689 1854 indicimus
713 1825 743 1853 et
767 1821 958 1865 imponimus
982 1832 1035 1854 sex
1060 1822 1107 1854 in-

366 1879 470 1917 tegras
494 1873 632 1907 decimas
662 1874 803 1908 omnium
826 1880 856 1907 et
880 1885 1107 1919 quorumcum-

365 1937 425 1971 que
449 1928 630 1970 sructuum,
656 1927 835 1960 reddituum
850 1955 857 1969 ,
886 1934 1107 1972 proventuum,

365 1980 493 2021 iurium,
508 1981 741 2024 obventionum,
760 1981 1018 2015 distributionum
1035 1994 1109 2027 quo-

367 2034 565 2076 tidianarum,
586 2041 615 2068 et
633 2036 921 2070 emolumentorum
936 2036 1109 2070 ordinario-

366 2100 436 2121 rum
451 2094 481 2122 et
495 2089 830 2131 extraordinariorum,
841 2090 983 2123 omnium
994 2095 1023 2123 et
1037 2101 1109 2134 qua-

367 2153 577 2187 rumcumque
608 2143 814 2177 ecclesiarum
840 2144 1108 2188 patriarchalium,

369 2197 682 2241 metropolitanarum
696 2224 703 2238 ,
729 2197 978 2235 cathedralium,
1008 2198 1105 2231 colle-

368 2251 523 2293 giatarum
549 2256 578 2284 et
602 2252 843 2295 parochialium,
861 2262 984 2286 necnon
1006 2262 1110 2285 mona-

368 2304 536 2337 steriorum
555 2310 584 2338 et
601 2310 822 2346 conventuum,
843 2316 878 2338 ac
902 2306 995 2338 etiam
1021 2316 1109 2339 men-

368 2369 474 2391 sarum
495 2359 764 2402 patriarchalium,
782 2360 1109 2404 archiepiscopalium,

368 2413 606 2457 episcopalium,
631 2413 833 2447 abbatialium
848 2442 855 2455 ,
888 2415 1108 2458 capitularium

368 2471 398 2499 ct
423 2467 696 2508 conventualium,
728 2467 928 2511 prioratuum
965 2480 1109 2513 quoquc,

368 2521 670 2565 praepositurarum,
696 2522 996 2566 praeceptoriarum,
1019 2533 1110 2556 cano-

406 2593 416 2619 1
433 2582 551 2619 Similem
568 2591 629 2619 vide
650 2591 725 2620 Pauli
745 2592 764 2618 V
785 2592 876 2621 Const.
899 2597 963 2622 tom.
985 2601 1040 2629 x11,
1061 2603 1110 2631 pa-

368 2638 431 2673 gina
447 2637 497 2666 459
512 2638 550 2673 (a.
568 2638 617 2672 iu).

450 2690 530 2721 Bull.
549 2691 634 2721 Rom.
655 2707 688 2713 =—
707 2692 765 2721 Vol.
781 2692 858 2721 XIV.
1004 2693 1039 2721 ⁹25

1787 208 1850 242 ‘193

1135 264 1295 299 nicatuum
1321 270 1348 298 et
1374 264 1624 309 praebendarum
1640 293 1647 304 ,
1667 264 1853 309 dignitatum
1870 295 1874 305 ,

1136 324 1370 361 personatuum,
1385 319 1690 352 administrationum
1712 324 1738 351 et
1762 319 1877 352 officio-

1136 382 1229 411 rum,
1253 376 1495 415 ceterorumque
1524 371 1751 405 beneficiorum
1777 373 1876 404 eccle-

1137 426 1346 467 siasticorum,
1361 438 1431 460 cum
1447 429 1522 460 eura
1537 433 1565 460 ct
1580 427 1645 461 sine
1663 428 1749 468 eura,
1764 428 1877 460 secula-

1137 481 1231 521 rium,
1245 492 1280 514 ac
1293 482 1390 515 sancti
1406 483 1573 523 benedicti,
1588 482 1685 516 sancti
1701 481 1877 525 Augustini,

1137 534 1404 577 Cluniacensium,
1429 536 1680 568 (listerciensium
1694 562 1701 576 ,
1729 536 1877 568 Praemo-

1138 588 1350 629 stratensium,
1365 589 1462 622 sancti
1478 589 1877 633 Basilii,Sylvcstrinorum,

1138 646 1177 682 et,
1195 641 1249 684 qui
1273 642 1482 685 proprietates
1503 643 1706 686 redditusque
1724 646 1825 676 certos
1843 654 1877 675 ex

1139 693 1307 737 privilegio
1332 696 1378 728 vel
1404 695 1479 727 alias
1504 695 1673 739 possident,
1703 696 1877 729 Mcndican-

1139 747 1238 787 tium,
1263 758 1298 780 ac
1322 758 1595 792 quorumcumspte
1625 749 1759 782 aliorum
1790 749 1879 782 orde

1139 810 1215 833 num
1240 801 1405 845 utriusque
1429 812 1540 842 sexus,
1564 813 1686 835 necnon
1711 813 1881 846 congrega-

1141 854 1260 886 tionum
1289 855 1483 897 regularium
1516 861 1546 888 et
1577 856 1707 900 insuper
1736 857 1877 901 hospita-

1141 907 1217 939 lium
1239 908 1342 948 etiam,
1362 919 1538 952 pauperum
1561 909 1805 953 hospitalitatem
1818 921 1881 943 non

1141 961 1371 1002 exercentium,
1396 973 1451 994 seu
1476 962 1557 995 bona
1581 967 1611 995 et
1635 963 1775 996 redditus
1800 965 1880 996 ultra

1142 1015 1342 1048 infirmorum
1366 1016 1566 1050 necessitates
1590 1022 1619 1049 ct
1644 1017 1714 1059 alia,
1739 1028 1795 1060 pro
1816 1019 1882 1061 qui-

1141 1068 1199 1101 bus
1216 1068 1354 1103 instituta
1369 1075 1450 1112 sunt,
1467 1069 1518 1113 pia
1532 1070 1634 1103 officia
1647 1071 1858 1103 exercentium
1875 1071 1881 1086 ¹

1142 1129 1171 1155 ct
1195 1123 1433 1167 possidentium,
1450 1134 1571 1157 necnon
1598 1124 1627 1156 1³.
1653 1125 1767 1157 Mariae
1784 1126 1870 1158 Tlicu

1144 1177 1331 1217 lonicorum,
1350 1178 1378 1210 S.
1408 1178 1514 1210 Lazari
1540 1178 1578 1211 dc
1603 1179 1777 1222 Altopassu,
1798 1179 1871 1211 Tem

1142 1231 1184 1274 pli
1215 1231 1367 1265 Dominici
1404 1237 1433 1264 ct,
1469 1233 1601 1265 aliarum
1638 1233 1822 1266 militiarum
1855 1234 1883 1266 iu

1142 1285 1229 1317 ltalia
1254 1285 1398 1318 universa
1426 1286 1686 1326 consistentium,
1712 1287 1882 1319 seeundum

1144 1349 1253 1371 rerum
1278 1349 1415 1371 annuum
1434 1341 1572 1373 valorem
1598 1341 1768 1379 fria-tuum,
1786 1340 1885 1373 reddi

1144 1396 1252 1434 tuum,
1285 1398 1495 1435 proventuum
1529 1398 1559 1427 et
1593 1394 1727 1427 aliorum
1761 1395 1884 1437 praedi—

1143 1450 1277 1487 ctorum,
1296 1446 1354 1479 nisi
1379 1446 1469 1478 aliter
1498 1458 1568 1479 eum
1594 1447 1672 1479 Sede
1700 1453 1726 1480 et
1756 1448 1885 1481 (lamera

1143 1499 1324 1543 Apostolica
1360 1500 1451 1533 suerit
1491 1501 1717 1534 concordatum
1754 1502 1887 1546 (hospi-

1144 1552 1214 1585 talis
1246 1552 1274 1586 S.
1308 1553 1430 1587 loannis
1463 1555 1736 1598 llierosolymitani
1766 1555 1886 1593 militia,

1143 1617 1222 1649 quae
1240 1618 1298 1650 pro
1322 1607 1370 1640 sui
1395 1609 1491 1641 tutela
1510 1614 1618 1642 eontra
1643 1613 1745 1643 turcas
1763 1614 1792 1642 ct
1809 1609 1886 1642 alios

1143 1660 1285 1693 infideles
1322 1661 1431 1694 alienis
1462 1661 1581 1704 indiget
1614 1662 1763 1695 continuo
1799 1663 1885 1696 auxi--

1143 1714 1202 1753 liis,
1220 1724 1341 1747 necnon
1359 1715 1525 1747 duodecim
1551 1715 1611 1748 illis
1636 1716 1881 1759 congregationi—

1142 1767 1221 1810 bus,
1247 1778 1327 1811 quae
1352 1779 1424 1801 cum
1451 1770 1573 1801 (ramera
1601 1770 1773 1813 apostolica
1808 1774 1884 1802 tem-

1142 1831 1220 1864 pore
1252 1821 1350 1854 felicis
1386 1821 1614 1855 recordationis
1651 1822 1694 1855 Pii
1732 1822 1832 1866 Papae
1864 1824 1884 1854 Υ

1142 1874 1394 1918 praedecessoris
1422 1875 1519 1908 nostri
1536 1875 1574 1908 de
1592 1875 1731 1908 subsidio
1760 1876 1885 1909 ordinm

1143 1929 1190 1962 rio
1214 1930 1462 1971 concordarunt,
1492 1935 1519 1962 et
1546 1930 1574 1963 S.
1609 1931 1640 1963 R.
1667 1931 1698 1963 E.
1725 1931 1882 1964 cardinali

1143 1983 1201 2016 bus
1218 1983 1258 2016 ob
1275 1983 1417 2016 assiduos
1443 1994 1637 2027 magnosque
1662 1985 1786 2018 labores
1806 1996 1886 2029 quos

1144 2036 1203 2080 ipsi
1236 2037 1393 2070 Ecclesiae
1426 2037 1594 2070 universali
1625 2038 1832 2082 impendunt,
1857 2045 1886 2071 et

1143 2090 1328 2133 gravissima
1353 2102 1432 2134 (piac
1454 2091 1585 2124 tuendae
1612 2091 1771 2134 dignitatis
1792 2094 1886 2125 causa

1144 2143 1298 2177 sustinent
1322 2154 1433 2186 onera,
1467 2145 1628 2178 dumtaxat
1653 2146 1824 2189 exceptis);
1850 2157 1886 2178 ac

1144 2198 1237 2231 etiam
1262 2197 1429 2231 indicimus
1453 2203 1483 2231 et
1508 2199 1699 2243 imponimus
1724 2210 1775 2232 sex
1800 2199 1886 2233 simi-

1144 2252 1188 2284 les
1212 2251 1350 2284 decimas
1385 2251 1526 2285 omnium
1561 2256 1590 2285 et
1612 2263 1885 2296 quarumcumque

1145 2305 1333 2350 pensionum
1365 2316 1542 2339 annuarum
1578 2317 1672 2350 super
1708 2306 1883 2347 fructibus,

1145 2359 1327 2400 redditibus,
1345 2360 1558 2403 proventibus,
1577 2360 1708 2400 iuribus,
1728 2360 1885 2393 obventio·

1145 2413 1246 2455 nibus,
1265 2413 1485 2447 emolumentis
1499 2419 1526 2446 et
1544 2413 1820 2447 distributionibus
1837 2425 1884 2447 su

1144 2468 1294 2512 pradictis
1314 2468 1345 2500 in
1363 2468 1500 2500 favm‘em
1519 2478 1792 2512 (ploiumcumque
1809 2468 1884 2511 (non

1146 2529 1249 2556 tamen
1275 2521 1481 2555 cardinalium
1507 2527 1536 2553 et
1560 2521 1727 2554 duodecim
1752 2532 1884 2566 congre-

1146 2577 1306 2620 gationum
1331 2575 1525 2617 huiusmodi)
1544 2575 1774 2618 assignatarum
1791 2581 1821 2610 et
1834 2587 1883 2610 as-

1184 2641 1192 2667 l
1212 2638 1304 2667 Potius
1318 2639 1379 2675 lege
1393 2638 1563 2668 habencimn
1578 2640 1615 2674 (a.
1632 2639 1679 2674 T.).

1896 218 1944 245 An.
1965 217 2074 245 0163!
