2226 3235
152 245 201 272 An.
218 243 245 271 C.
268 242 335 270 1629

177 519 276 545 Aliasque
291 523 336 538 sex-

152 546 220 566 decim
274 551 296 565 su
315 551 337 564 er

158 550 328 598 quibuscum-siit*

151 599 296 625 pensionibus

199 946 322 967 Cardinales
331 963 336 969 ,

151 973 247 1000 aliosque
261 974 287 993 ab
304 973 335 993 tiis

151 1000 239 1020 decimis
256 1000 334 1020 eximit.

189 1531 334 1552 Mendieantes

150 1562 220 1578 aulem
236 1565 273 1584 pro
293 1564 335 1578 m:-

151 1586 231 1606 ilietale
251 1586 333 1605 solvere

150 1612 216 1632 iubet.

959 242 1100 266 VRBANUS
1121 242 1177 265 vm
1196 242 1244 265 Pe.

350 288 459 331 num',
483 299 546 323 non
572 295 676 323 tamen
701 300 808 323 earnm
835 291 938 333 quae²
964 290 1092 323 inferius

351 343 525 387 descriptae
542 349 623 383 sunt,
641 355 675 377 ac
693 345 875 377 militiarum
898 345 1091 387 regularium

352 397 382 429 in
412 397 560 430 universo
591 397 731 431 dominio
764 398 863 431 dictae
892 398 1092 442 Reipublicae

351 451 540 484 Venetorum
567 452 777 484 existentium.

396 504 410 547 ἓ
431 504 460 537 2.
482 505 524 537 Ac
541 505 671 548 insuper
688 505 763 538 alias
780 505 937 538 sexdecim
955 504 1092 537 decimas

351 558 493 591 omnium
507 564 536 591 et
548 553 824 604 quarumcumque
838 559 1025 603 pensionum
1043 568 1093 590 au-

351 622 498 652 nuarum,
513 623 607 656 super
621 613 784 650 fructibus,
799 613 973 645 redditibus
983 617 1010 644 et
1023 622 1093 655 pro-

351 665 495 698 ventibus
516 666 705 709 supradictis
726 667 955 709 assignatarum
973 671 1001 697 et
1021 664 1093 697 assi-

352 719 559 760 gnandarum,
577 719 615 752 ab
633 720 778 754 omnibus
796 726 825 753 et
842 719 1093 763 quibuscumque

350 773 556 816 patriarcliiS,
586 774 794 817 primatibus,
827 772 1091 817 archiepiscopis,

351 827 505 871 episcopis
534 833 563 860 et
594 828 663 861 aliis
691 827 895 861 ecelesiarum
922 826 1091 870 praelatis,

351 880 526 924 ceterisque
556 881 783 926 cuiuscumque
816 885 931 920 status,
956 879 1091 922 gradus,

351 933 511 975 dignitatis
529 940 558 966 et
575 934 762 967 conditionis
779 933 924 977 personis
941 933 1092 977 (exceptis

351 985 512 1019 dumtaxat
537 987 769 1020 venerabilibus
794 986 946 1020 fratribus
974 986 1091 1019 nostris

350 1040 378 1073 S.
398 1041 431 1072 R.
450 1040 482 1073 E.
503 1040 723 1082 cardinalibus,
741 1050 863 1073 necnon
881 1040 1001 1072 dilectis
1019 1040 1091 1072 tiliis

350 1094 501 1127 fratribus
525 1094 689 1138 hospitalis
713 1095 742 1128 S.
767 1094 890 1127 Ioannis
915 1094 1092 1138 Hierosoly-

350 1148 468 1188 mitani‚
486 1158 521 1180 ae
549 1148 700 1181 fratribus
728 1148 974 1181 Mendicantibus
998 1158 1090 1192 prae<

349 1200 448 1241 dietis,
474 1206 502 1233 et
533 1201 664 1245 insuper
687 1201 848 1234 benefieiis
873 1201 1091 1235 ecelesiasticis

348 1255 452 1288 officio
466 1260 590 1288 sanctae
605 1255 819 1298 Inquisitionis
833 1255 1009 1289 haereticae
1023 1266 1092 1299 pra-

348 1308 450 1342 vitatis
477 1309 507 1341 in
532 1308 615 1341 dicto
640 1309 781 1342 dominio
812 1309 952 1341 instituto
978 1309 1089 1349 unitis,

349 1362 477 1394 annexis
502 1365 531 1395 et
555 1362 726 1405 applicatis,
751 1373 829 1405 quos
854 1362 1038 1402 cardinales,
1056 1372 1091 1394 ae

349 1415 461 1447 fratres
488 1415 652 1458 hospitalis
677 1415 847 1458 praedicti,
873 1426 907 1447 ac
939 1415 1091 1448 beneficia

349 1468 512 1511 praedicto
530 1468 742 1512 Inquisitionis
763 1469 866 1501 officio
884 1469 979 1510 unita,
1002 1470 1031 1501 in
1050 1473 1092 1501 to-

350 1527 432 1562 tum3
458 1523 571 1555 fratres
604 1534 678 1556 vero
703 1523 912 1556 Mendicantes
937 1534 996 1567 pro
1025 1535 1090 1556 uie-

349 1575 462 1608 dietate
485 1575 664 1618 dumtaxat,
691 1577 728 1608 ab
754 1577 871 1609 eisdem
905 1577 1035 1609 decimis
1061 1582 1091 1609 ct

350 1639 457 1661 earum
492 1630 647 1662 solutione
678 1630 836 1663 immunes
867 1636 896 1663 et
926 1636 1090 1674 exemptos

349 1693 416 1716 esse
447 1683 593 1716 volumus
622 1689 651 1716 et
677 1683 890 1728 decernimus)
923 1685 1089 1726 ecelesias,

349 1737 540 1769 monasteria
554 1742 583 1769 et
607 1737 769 1779 beneficia,
787 1749 823 1771 ae
842 1739 1018 1781 pensiones,
1036 1749 1090 1771 seu

349 1790 479 1830 fructus,
500 1796 553 1823 aut
570 1791 695 1823 illorum
719 1796 839 1834 partem
860 1792 1041 1825 huiusmodi
1059 1793 1089 1825 in
1107 1817 1108 1820 η

349 1843 459 1876 eodem
480 1843 620 1877 dominio
641 1855 842 1889 quocumque
859 1846 926 1878 iure
944 1857 978 1878 ac
1001 1846 1090 1879 titulo

348 1895 561 1930 obtinentibus
591 1903 621 1930 et
653 1898 849 1940 obtenturis,
875 1909 931 1932 nec
961 1910 1022 1932 nou
1052 1900 1089 1932 ab

347 1950 502 1983 universis
527 1951 620 1984 etiam
647 1953 840 1992 oeconomis,
857 1953 1091 1986 commendata-

347 2002 412 2043 riis,
437 2009 529 2046 atque
549 2004 858 2038 administratoribus
882 2007 1043 2049 perpetuis
1060 2011 1090 2039 et

347 2057 582 2100 temporalibus,
605 2058 849 2091 usufructuariis
866 2059 1009 2092 similiter
1029 2060 1091 2092 sru-

347 2114 416 2142 etus
432 2121 543 2144 omnes
560 2111 608 2143 vel
629 2111 756 2144 illorum
775 2118 897 2156 partem
916 2113 984 2145 loco
1012 2124 1089 2156 pen-

349 2163 472 2196 sionum
497 2175 683 2205 annuarum,
707 2166 755 2197 vel
780 2166 947 2209 pensiones
972 2172 1002 2198 et
1030 2166 1107 2199 alia¹

347 2217 529 2252 huiusmodi
547 2220 615 2252 iura
633 2231 669 2253 ex
689 2231 886 2264 quacumque
903 2221 1089 2254 auctoritate

348 2273 518 2315 apostoliea
541 2273 573 2305 in
597 2277 661 2307 tolo
690 2274 738 2307 vel
763 2274 794 2306 in
818 2280 906 2318 parte
932 2281 1106 2308 reservata*

348 2325 537 2359 habentibus
562 2332 591 2359 et
608 2327 772 2368 habituris,
793 2328 858 2361 sive
882 2329 1087 2371 secularibus,

348 2377 415 2410 sive
440 2389 713 2424 quorumcumque
733 2381 897 2421 Ordinum,
915 2381 1090 2424 Congrega-

348 2431 469 2465 tionum
487 2439 517 2466 et
534 2434 717 2467 militiarum
739 2435 973 2479 praedictorum
1000 2447 1089 2479 regu-

346 2485 475 2526 laribus,
493 2492 524 2520 et
539 2487 578 2520 ab
603 2488 690 2531 ipsis,
715 2494 746 2521 et
765 2490 915 2531 ecclesiis,
934 2490 1087 2534 capitulis,

347 2540 562 2583 conventibus,
581 2541 756 2582 ordinibus,
777 2543 1087 2586 congregationibus,

383 2612 393 2637 1
412 2610 482 2638 Edit.
498 2610 578 2638 Μαίη.
594 2611 659 2646 legit
673 2613 905 2647 conyreyatiom's
918 2616 955 2647 (R.
968 2615 1015 2649 T.).

381 2655 398 2682 2
412 2655 483 2683 Edit.
501 2656 581 2684 Main.
598 2656 680 2685 habet
693 2665 850 2693 earumque
866 2662 903 2694 tn.
920 2660 967 2693 r.)⁴

1766 231 1829 264 407

1127 290 1280 333 personis,
1299 289 1451 331 collegiis,
1468 288 1598 329 militiis,
1612 289 1723 320 massis
1744 293 1773 320 et
1793 288 1870 321 loeis

1127 343 1306 386 praedictis,
1326 353 1526 386 quacumque
1543 342 1738 386 amplissima
1767 347 1795 374 et
1820 342 1871 374 fir-

1128 397 1267 429 missima
1285 397 1484 440 exemptione
1501 402 1531 429 et
1553 396 1760 435 immunitate,
1781 395 1869 435 reali,

1128 451 1286 492 personali
1308 451 1354 482 vel
1381 450 1487 491 mixta,
1510 450 1637 494 antiqua
1661 455 1691 482 et
1709 449 1870 481 immemo-

1129 503 1229 542 rabili,
1245 504 1375 547 pacifica
1395 510 1421 536 et
1441 505 1600 544 contiuua,
1617 504 1708 536 etiam
1727 514 1762 536 ex
1778 503 1868 536 titulo

1127 558 1328 600 quantumvis
1348 568 1494 599 oneroso,
1513 558 1658 597 sutt'uttis,
1674 557 1870 600 integraliter

1127 616 1156 642 et
1177 621 1248 642 cuui
1269 611 1380 644 cl‘l'ectu
1402 612 1621 655 munerandas,
1646 611 1869 655 persolvendas

1128 670 1157 697 et
1181 665 1419 706 consignandas.

1171 718 1226 761 {3-
1239 719 1385 759 [tim-ius,
1399 720 1588 762 supradictis
1599 720 1636 751 de
1647 720 1758 760 causis,
1771 725 1868 759 motu,

1127 879 1268 912 omnium
1282 884 1594 924 etquorumcumque
1613 881 1781 921 fruetuum,
1797 880 1867 913 red·
1883 871 1887 890 ¹

1127 932 1247 965 (lituum
1274 939 1303 965 et
1328 937 1556 977 proventuum,
1578 934 1614 966 ad
1641 934 1866 976 Cassinensern,

1126 986 1201 1019 alias
1222 987 1250 1019 S.
1277 987 1411 1020 Iustinae
1427 987 1465 1020 de
1484 987 1597 1027 Padua,
1615 988 1867 1027 Lateranensem‚

1126 1039 1389 1080 Cartlnisiensem,
1400 1041 1511 1073 Montis
1520 1040 1614 1073 Olivet
1623 1041 1639 1081 i,
1651 1041 1678 1073 S.
1689 1041 1866 1082 Salvator-is,

1126 1093 1411 1134 Camaldulensem,
1425 1094 1453 1127 S.
1468 1094 1580 1127 Mariae
1595 1094 1867 1135 Vallisumbrosae,

1126 1146 1155 1179 S.
1181 1147 1306 1190 Georgii
1332 1147 1363 1179 in
1387 1148 1463 1190 λῖς-[π
1490 1148 1699 1187 Venetiarum,
1725 1148 1868 1181 Caelesti-

1126 1201 1520 1241 norum,Cisterciensium,
1532 1201 1711 1245 provinciae
1722 1201 1868 1234 Lombar-

1126 1254 1205 1294 diae,
1229 1254 1463 1288 Cruciserorum
1489 1261 1515 1288 et
1542 1256 1570 1288 S.
1590 1255 1772 1300 Hieronymi
1790 1256 1868 1289 Con-

1123 1308 1336 1350 gregationes,
1361 1319 1532 1352 earumque
1554 1310 1754 1348 monasteria,
1775 1309 1867 1341 abba-

1127 1360 1214 1393 {iales
1239 1362 1285 1393 vel
1311 1363 1532 1394 conventuales
1557 1366 1607 1396 aut
1633 1362 1709 1395 alias
1734 1372 1866 1402 mensas,

1126 1414 1300 1457 prioratus,
1333 1415 1583 1458 praeceptorias,
1613 1416 1866 1459 praeposituras,

1125 1467 1277 1500 beneficia
1295 1472 1323 1501 et
1340 1469 1452 1507 ollicia,
1467 1480 1537 1501 euin
1557 1470 1631 1501 curzi
1650 1474 1678 1501 et
1695 1469 1761 1501 sine
1778 1471 1864 1510 cura,

1126 1521 1289 1559 membra,
1315 1523 1462 1565 grangias
1496 1528 1523 1555 et
1550 1522 1609 1554 alia
1634 1523 1702 1555 loca
1728 1523 1787 1555 illis
1812 1533 1866 1555 an-

1125 1585 1203 1607 nexa
1229 1576 1258 1607 in
1288 1575 1371 1608 dicto
1401 1576 1541 1609 donninio
1571 1576 1772 1609 consistentia
1792 1587 1868 1620 quo-

1127 1629 1171 1661 vis
1193 1629 1285 1662 modo
1307 1630 1532 1673 perti11‹‚=ntiuni
1549 1630 1566 1671 ¹,
1592 1630 1684 1663 ctiam
1707 1641 1764 1674 per
1785 1630 1867 1673 ipsas

1126 1683 1399 1725 congregationes,
1417 1694 1588 1726 earumque
1609 1684 1799 1727 superiores,
1816 1683 1867 1715 ab·

1125 1735 1228 1778 hales,
1253 1736 1394 1779 priores,
1427 1737 1643 1781 praepositos,
1678 1742 1865 1777 conventus,

1125 1790 1261 1833 capitula
1277 1796 1306 1822 et
1323 1801 1473 1834 personas
1488 1792 1583 1827 (ultra
1600 1791 1737 1823 subsidia
1752 1791 1866 1824 montis

1125 1844 1298 1886 religionis,
1324 1854 1378 1876 sen
1403 1844 1706 1887 quadringentorum
1732 1844 1864 1876 millium

1125 1902 1299 1936 scutorum,
1311 1903 1340 1929 et
1354 1903 1483 1940 quartae
1496 1898 1593 1941 partis
1607 1897 1790 1930 eorumdem
1804 1898 1866 1930 fru-

1125 1956 1243 1989 etuum,
1261 1950 1440 1983 reddituum
1466 1957 1494 1983 et
1513 1957 1735 1994 proventuum,
1759 1956 1789 1983 et
1805 1951 1865 1983 alia

1125 2014 1231 2043 onera,
1263 2015 1342 2048 quae
1366 2015 1422 2048 per
1446 2005 1558 2037 Sedent
1582 2005 1794 2048 Apostolicam
1820 2005 1864 2037 eis

1125 2058 1272 2101 imposita
1289 2065 1339 2091 aut
1357 2059 1432 2092 alias
1452 2060 1645 2102 persolvunt,
1672 2070 1725 2091 seu
1744 2060 1863 2102 persol-

1125 2122 1197 2144 vere
1211 2112 1438 2156 promiserunt)
1453 2113 1597 2145 similiter
1610 2113 1822 2145 numerandas
1836 2117 1864 2146 et

1124 2165 1348 2207 persolvendas
1372 2170 1401 2199 et
1426 2166 1664 2208 consignandas,
1690 2165 1862 2199 seeundum

1124 2218 1263 2250 valorem
1289 2229 1427 2251 annuum
1454 2230 1564 2252 verum
1594 2220 1772 2259 fruetuum,
1797 2219 1865 2251 red-

1123 2271 1244 2305 dituum
1271 2278 1301 2305 et
1325 2278 1535 2316 proventuum
1560 2274 1804 2317 praedictorum.
1829 2274 1865 2306 Et

1123 2325 1261 2359 adhunc
1278 2326 1423 2360 effectum
1446 2328 1532 2371 (licet
1556 2328 1654 2360 felicis
1675 2327 1865 2360 recordatio-

1122 2381 1170 2413 nis
1202 2381 1273 2414 Pius
1306 2382 1389 2425 Papa
1420 2383 1442 2415 Y
1475 2382 1633 2416 nonnullis
1665 2387 1737 2414 tune
1762 2382 1864 2414 causis

1159 2481 1168 2506 1
1190 2479 1257 2506 Male
1274 2479 1339 2506 edit.
1355 2480 1439 2506 Main.
1463 2479 1525 2514 legit
1546 2480 1726 2514 pertinencia
1747 2480 1861 2511 soloen„

1121 2534 1181 2551 nam
1194 2525 1406 2560 pertinenlz'um
1421 2533 1467 2560 pro
1481 2526 1661 2559 pertinentia
1674 2524 1724 2558 legi
1738 2529 1863 2560 oportere

1121 2573 1240 2602 constat;
1256 2577 1304 2595 vox
1320 2573 1408 2595 autem
1423 2570 1525 2596 salven.
1542 2572 1650 2604 praeter
1665 2577 1720 2595 rem
1737 2572 1788 2602 est,
1801 2577 1862 2595 nam

1120 2614 1243 2649 sequitur
1258 2618 1351 2649 postea
1364 2614 1562 2641 numerandas
1577 2616 1603 2640 et
1618 2614 1820 2648 persolvendus
1839 2617 1862 2640 et

1121 2659 1332 2692 eo‘rzsz'ssncmdns
1346 2660 1384 2693 (R.
1401 2660 1449 2686 TA.

1879 241 1926 267 Au.
1949 240 2066 267 (21629

1907 758 1909 760 Ι
1947 730 2070 757 Noveinque

1127 771 1256 804 scientia
1272 777 1301 804 et
1319 773 1480 815 potestatis
1495 773 1687 816 plenitudine
1704 773 1868 813 similibus,
1883 758 2068 811 ‘slli[‡5,?.¹?-¹'5.¹‚„¹}¹s'31

1128 825 1321 868 imponimus
1346 831 1376 858 et
1401 826 1566 858 indicimus
1592 837 1704 859 novem
1730 827 1868 860 decimas
1883 815 2066 858 51⁴¹.ss1'21'¹'⁰1,13''⁰'„2³'

1889 871 1962 885 wesin.
