2226 3235
135 222 184 250 An.
201 221 229 249 C.
252 222 320 250 ¹629

145 285 253 315 Clausulas
262 290 321 313 prae-

135 316 253 341 sanativus
284 318 319 339 ap·

135 342 201 366 ponit.

180 926 214 947 Ha
229 925 319 947 iudicari

135 952 237 973 decernit.

174 1301 320 1327 Exequutores

137 1327 239 1354 deputati.

180 2582 274 2608 norogat
287 2582 325 2604 ob-

139 2609 251 2630 stantibus.

943 225 1084 249 URBANt's
1113 226 1166 248 vttt
1191 226 1238 249 1³1⁸.

380 271 394 315 ἓ
418 270 448 304 3.
473 272 705 315 Decretumque
729 273 928 313 huiusmodi,
955 285 1075 306 necnon

334 330 514 369 praesentes
545 326 681 365 litteras,
707 337 778 359 cum
804 327 952 359 omuibus
978 327 1007 359 in
1032 327 1076 359 eis

334 380 498 421 contentis,
509 390 635 423 semper
648 387 675 412 et
692 387 846 424 perpetuo
862 382 970 420 valida,
986 381 1075 413 firma

334 437 363 465 et
388 432 525 465 efficacia
550 433 682 466 existere
707 440 734 466 et
762 435 838 473 sore,
856 445 991 477 suosque
1016 435 1077 478 ple-

333 486 440 518 narios
464 491 494 518 et
519 486 659 529 integros
684 488 814 519 effectus
839 488 943 521 sortiri
966 493 996 520 et
1021 488 1075 520 ob—

333 539 455 578 tinere,
480 550 516 572 ac
536 540 638 572 eidem
663 541 904 583 Congrcgationi
932 541 1077 584 illiusque

334 591 502 624 abhatibus
519 602 554 624 ac
573 594 735 626 monacbis
753 599 781 625 ct
799 594 941 637 personis
958 594 988 625 in
1009 605 1077 626 om-

334 645 426 677 nibus
450 651 480 678 et
504 656 560 689 per
578 647 683 679 omnia
700 647 880 690 plenissime
899 647 1076 689 suffragari,

333 708 436 742 neque
454 698 523 732 illos
544 709 559 731 a
581 710 739 743 quoquam
765 701 873 743 quavis
893 700 1078 733 auctoritate

335 762 432 796 super
456 753 638 796 praemissis
663 754 773 797 quovis
798 754 892 787 modo
920 754 1076 797 impediri,

335 805 507 845 molestari,
532 806 710 850 inquietari,
731 808 777 839 vel
802 807 982 851 perturbari
1008 818 1076 839 um-

335 869 429 902 quam
455 870 546 902 posse
571 870 629 893 nec
654 860 785 899 debere3

380 912 449 956 §4
476 913 512 946 Et
544 913 584 946 ita
619 924 676 956 per
708 923 923 957 quoscumque
959 913 1077 947 iudices

336 966 512 1000 ordinarios
536 972 566 999 et
590 967 766 1009 delegatos,
792 967 885 999 etiam
911 977 1076 999 causarum

335 1020 441 1064 palatii
461 1020 625 1064 apostolici
645 1021 814 1060 auditores,
833 1021 963 1053 iudicari
981 1026 1011 1053 et
1028 1021 1078 1053 de-

336 1074 420 1107 finiri
445 1074 577 1116 debere,
596 1084 631 1106 ac
648 1074 773 1107 irritum
792 1079 821 1106 et
841 1074 942 1114 inane,
961 1075 985 1106 si
1003 1075 1076 1118 quid

336 1138 425 1160 secus
445 1138 540 1171 super
557 1127 605 1160 his
626 1138 642 1159 a
659 1138 828 1171 quoquam,
849 1128 958 1171 quavis
975 1133 1079 1161 aucto-

336 1181 436 1223 ritate,
461 1182 595 1215 scienter
620 1182 667 1214 vel
693 1182 886 1224 ignoranter,
911 1182 1077 1225 contigerit

335 1235 490 1274 attentari,
516 1235 715 1268 decernimus
740 1241 769 1268 et
793 1236 999 1268 declaramus.

379 1289 394 1334 §
418 1289 447 1322 5.
473 1289 625 1328 Quocirca
657 1290 778 1322 dilectis
808 1290 879 1322 siliis
909 1290 1025 1323 nostris
1049 1295 1079 1323 et

336 1342 533 1386 Apostolicae
563 1343 650 1376 Sedis
682 1344 822 1383 nuntiis,
849 1354 884 1376 ac
910 1355 1077 1377 causarum

336 1396 443 1429 curiae
467 1407 609 1429 camerae.
629 1398 818 1441 apostolicae
840 1398 978 1440 generali
996 1398 1080 1430 audi-

337 1449 397 1482 tori
422 1459 480 1494 per
504 1457 686 1493 praesentes
704 1453 930 1484 committimus
948 1458 975 1485 et
995 1463 1079 1485 man-

337 1502 459 1543 damus
484 1510 647 1547 quatenus⁷
672 1516 729 1549 per
754 1516 796 1545 se,
822 1507 869 1538 vel
894 1507 1000 1547 alium,
1025 1517 1079 1539 seu

337 1557 424 1596 alios,
441 1563 621 1600 praesentes
642 1560 761 1592 litteras
778 1565 807 1592 et
825 1560 856 1592 in
873 1560 917 1592 eis
935 1566 1079 1593 contenta

337 1613 527 1653 huiusmodi,
554 1613 606 1646 ubi
625 1619 654 1645 et
674 1613 798 1657 quando
824 1623 902 1656 opus
922 1614 1026 1655 suerit,
1045 1625 1080 1647 ac

336 1666 459 1710 quoties
483 1677 541 1710 pro
565 1671 654 1710 parte
679 1666 829 1698 abbatum
856 1671 886 1699 et
910 1667 1080 1700 monacho-

335 1729 406 1752 rum
432 1719 533 1752 dictae
556 1719 816 1762 Congregationis
840 1719 981 1763 requisiti
1008 1720 1076 1752 sue-

336 1773 409 1814 rint,
434 1784 489 1806 seu
514 1773 627 1816 aliquis
651 1784 762 1806 eorum
787 1773 958 1817 requisitus
976 1773 1078 1812 suerit,

337 1827 520 1860 solemniter
536 1826 741 1870 publicantes,
755 1827 862 1869 eisque
880 1827 910 1858 in
928 1827 1080 1870 praemis-

337 1879 379 1912 sis
404 1879 537 1912 efficacis
554 1879 744 1912 defensionis
764 1879 921 1923 praesidio
938 1879 1080 1913 assisten-

337 1937 393 1973 tes,
418 1933 531 1965 Faciant
555 1933 740 1965 auctoritate
764 1935 871 1965 nostra
896 1933 1025 1965 abbates
1051 1938 1080 1966 et

336 1987 509 2020 monachos
533 1986 711 2030 praedictos
741 1986 986 2029 praemissorum
1012 1997 1079 2019 om-

336 2041 423 2074 nium
444 2045 474 2073 et
498 2041 696 2083 singulorum
722 2040 889 2073 commodo
914 2045 944 2073 et
967 2040 1078 2073 effectu

336 2094 466 2138 pacifice
490 2094 552 2126 frui
570 2099 600 2126 et
617 2094 764 2136 gaudere3
783 2104 845 2126 non
863 2094 1079 2137 permittentes

337 2147 408 2180 illos
432 2147 568 2191 desuper
592 2158 609 2179 a
631 2158 789 2191 quoquam
815 2147 924 2190 quavis
944 2148 1080 2180 auctori-

338 2204 399 2234 tate
423 2201 661 2244 quomodolibet
686 2201 823 2233 indebite
848 2201 1008 2234 molestari
1033 2202 1079 2233 vel

338 2253 521 2297 inquietari,
547 2254 794 2288 contradictores
811 2255 965 2299 quoslibet
984 2260 1013 2287 et
1031 2265 1080 2287 re-

338 2307 437 2340 belles
461 2318 517 2351 per
542 2311 720 2349 sententias,
745 2319 894 2341 censuras
916 2314 945 2341 et
962 2319 1080 2352 poenas

339 2361 574 2402 ecclesiasticas,
600 2362 722 2405 aliaque
747 2368 925 2406 opportuna
951 2362 1027 2396 iuris
1052 2369 1081 2396 et

340 2415 410 2448 sacti
426 2415 574 2455 remedia,
589 2417 796 2460 appellatione
810 2417 983 2460 postposita
999 2428 1081 2450 com-

338 2469 505 2512 pescendo,
530 2469 672 2502 invocato
698 2471 789 2502 etiam
808 2471 844 2502 ad
867 2471 936 2511 boc,
955 2470 978 2503 si
1001 2482 1080 2514 opus

340 2523 445 2564 fuerit,
471 2522 586 2555 auxilio
613 2523 731 2555 brachii
757 2524 917 2556 secularis.

385 2577 400 2620 ξ
423 2575 452 2609 6.
478 2577 546 2609 Non
567 2576 709 2609 obstante
733 2577 831 2609 felicis
853 2577 1080 2610 recordationis

340 2629 491 2662 Bonisacii
511 2630 610 2673 Papae
628 2629 692 2662 Vlll
712 2631 963 2673 praedecessoris
980 2632 1079 2664 nostri

460 2692 538 2720 Butt.
554 2693 634 2722 Rom.
651 2708 686 2713 —
705 2693 762 2720 Vol.
779 2693 854 2720 XIV.
1003 2695 1035 2723 10

1110 274 1147 305 dc
1173 276 1243 310 uua,
1269 277 1298 305 et
1323 273 1354 305 in
1379 272 1512 305 concilio
1537 273 1677 314 generali
1705 272 1786 305 edita
1812 273 1850 305 de

1110 328 1230 359 duabus
1255 327 1356 365 dietis,
1381 326 1552 358 dummodo
1571 326 1654 358 ultra
1672 331 1735 358 tres
1753 326 1851 359 dictas

1110 381 1222 423 aliquis
1247 381 1431 413 auctoritate
1463 380 1674 423 praesentium
1710 380 1739 411 in
1773 379 1850 412 iudi-

1111 435 1193 466 cium
1220 444 1282 466 non
1300 435 1453 472 trabatur,
1471 433 1603 476 aliisque
1623 433 1852 465 constitutioni—

1111 487 1168 518 bus
1193 492 1223 518 et
1248 487 1499 519 ordinationibus
1524 486 1712 529 apostolicis,
1732 497 1853 518 necnon

1111 540 1283 583 quibusvis,
1298 540 1390 571 etiam
1409 540 1595 580 iuramento⁷
1615 540 1853 572 confirmatione

1111 593 1295 636 apostolica,
1322 593 1367 624 vel
1389 594 1497 636 quavis
1523 593 1670 625 lirmitate
1688 594 1746 625 aliti
1765 594 1853 627 robo-

1113 648 1197 687 ratis,
1220 647 1342 680 statutis
1360 653 1390 679 et
1415 647 1705 685 consuctudinibus,
1731 648 1853 691 privile-

1112 700 1171 742 giis
1189 711 1324 743 quoque,
1341 700 1467 732 indultis
1484 706 1513 732 et
1535 701 1645 733 litteris
1662 701 1851 743 apostolicis,

1112 754 1169 785 sub
1200 753 1452 796 quibuscumque
1485 753 1647 785 tenoribus
1672 758 1698 785 et
1727 754 1850 795 formis,

1111 817 1147 839 ac
1167 817 1237 839 cum
1257 806 1419 850 quibusvis
1445 806 1592 838 clausulis
1610 812 1639 839 ct
1658 807 1801 845 decretis,
1820 807 1851 839 in

1112 861 1305 893 contrarium
1339 859 1586 904 praemissorum
1616 861 1853 903 quomodolibet

1112 914 1280 954 concessis,
1296 914 1489 946 contirmatis
1506 918 1537 946 et
1554 914 1722 952 innovatis3
1740 914 1853 956 quibus

1112 968 1260 1001 omnibus
1285 973 1315 1000 et
1340 967 1482 1010 singulis,
1500 978 1610 1000 eorum
1631 973 1753 1000 tenores
1771 978 1856 1010 prae-

1112 1021 1251 1054 sentibus
1275 1032 1334 1064 pro
1360 1021 1551 1054 sufficienter
1568 1022 1725 1064 expressis
1744 1021 1855 1053 liaben-

1112 1081 1167 1114 tes,
1193 1075 1253 1108 illis
1278 1075 1353 1107 alias
1379 1074 1409 1106 in
1427 1086 1483 1108 suo
1499 1075 1611 1108 robore
1629 1075 1854 1118 permansuris,

1112 1130 1169 1162 hac
1194 1129 1260 1162 vice
1285 1129 1446 1161 dumtaxat
1466 1129 1645 1172 specialiter
1666 1134 1854 1172 etexpresse

1112 1184 1312 1226 derogamus,
1338 1183 1513 1227 ceterisque
1537 1183 1703 1217 contrariis
1727 1184 1855 1227 quibus«

1112 1248 1257 1281 cumque.

1156 1291 1170 1334 ξ
1197 1291 1224 1323 7.
1245 1291 1394 1324 Volumus
1411 1295 1526 1329 autem,
1541 1290 1624 1334 quod
1642 1290 1853 1334 praesentium

1113 1345 1327 1388 transumptis,
1347 1345 1439 1377 etiam
1459 1344 1630 1388 impressis,
1652 1355 1745 1377 manu
1763 1345 1856 1378 alicu-

1113 1399 1160 1431 ius
1185 1398 1299 1431 notarii
1324 1398 1442 1441 publici
1467 1398 1671 1441 subscriptis⁷
1697 1404 1727 1430 et.
1751 1398 1854 1439 sigillo

1095 1462 1265 1495 ,personae
1290 1451 1321 1483 in
1346 1451 1495 1493 dignitate
1516 1451 1727 1483 ecclesiastica
1743 1451 1854 1484 consti-

1113 1511 1196 1537 tutae
1215 1505 1352 1543 munitis,
1376 1504 1483 1537 eadem
1508 1514 1640 1548 prorsus
1665 1504 1742 1536 sides
1767 1504 1854 1536 adbi-

1113 1559 1233 1598 beatur,
1257 1569 1337 1602 quae
1357 1558 1474 1590 eisdem
1496 1558 1713 1602 praesentibus
1730 1558 1855 1591 adbibe-

1113 1619 1210 1652 retur,
1237 1612 1262 1645 si
1287 1612 1389 1646 forent
1414 1612 1569 1644 exhibitae
1596 1612 1643 1644 vel
1668 1617 1820 1644 ostensae.

1156 1667 1267 1699 Datum
1293 1667 1421 1705 Romae,
1442 1665 1525 1709 apud
1551 1665 1579 1698 S.
1605 1665 1732 1698 Mariam
1760 1665 1855 1698 Maio-

1113 1731 1202 1760 rem,
1231 1720 1289 1753 sub
1316 1720 1430 1753 annulo
1459 1719 1626 1753 Piscatoris
1653 1719 1704 1751 die
1728 1729 1762 1752 Χῖ
1789 1719 1855 1752 iulii

1113 1785 1266 1814 tinemut,
1290 1759 1491 1818 porftiticatus
1515 1773 1614 1806 nostri
1639 1784 1719 1806 anno
1740 1783 1781 1806 vi.

1149 1837 1207 1864 Dat.
1226 1837 1268 1864 die
1286 1838 1313 1864 11
1331 1837 1389 1864 iulii
1408 1837 1485 1870 1629,
1504 1836 1598 1871 pontif.
1615 1844 1685 1863 anno
1700 1841 1735 1862 vt.

1415 2008 1554 2042 CCCXLl.

1117 2098 1198 2131 Unio
1223 2097 1444 2141 quarumdam
1462 2097 1629 2130 domorum
1648 2095 1856 2139 requlart‘um

1156 2152 1403 2195 provinciarium
1425 2152 1499 2183 nori
1515 2153 1610 2193 rrym'
1632 2151 1853 2192 Granatemis,

1157 2216 1212 2237 seit
1225 2205 1399 2244 Qttitensss,
1416 2206 1449 2236 in
1462 2204 1569 2237 [tediis
1583 2204 1854 2244 Occidentalibets,

1157 2259 1300 2302 fratrum
1327 2259 1602 2291 Discalcestlorum
1626 2258 1759 2291 Ordinis
1776 2258 1853 2291 Erc-

1158 2312 1315 2343 milarum
1341 2311 1371 2344 S.
1398 2311 1591 2354 Auqztste'mss,
1620 2311 1676 2342 sub
1701 2311 1854 2353 yitlterm'o

1157 2366 1300 2407 fratrum
1320 2365 1543 2399 Calcealorttm
1560 2364 1701 2396 eiusdem
1721 2364 1855 2396 Ordinis

1159 2418 1380 2458 eoeislentium,
1407 2418 1566 2461 frutribus
1580 2417 1791 2449 Dis-calceatis
1809 2417 1855 2449 cti-

1158 2472 1200 2503 cti
1223 2470 1358 2504 Ordinis
1388 2470 1654 2513 Conqreqatz'onis
1674 2470 1855 2513 Hispania-

1158 2535 1233 2556 rum
1247 2523 1265 2555 ¹.

1152 2596 1160 2621 1
1181 2594 1217 2621 De
1234 2594 1307 2621 hisce
1322 2594 1450 2620 fratribus
1466 2594 1525 2620 vide
1540 2594 1660 2629 Gregorii
1676 2593 1717 2621 XV
1735 2594 1822 2621 Const.
1840 2602 1855 2622 L

1112 2640 1164 2674 (al.
1181 2640 1235 2674 49),
1252 2640 1421 2671 Pastoralis,
1442 2644 1468 2666 et
1483 2640 1562 2666 aliam
1578 2640 1699 2667 eiusdem
1717 2641 1855 2667 Constitu-

1779 215 1821 249 73
1868 225 1916 251 An.
1931 225 1959 252 c.
1983 224 2049 252 1629

1909 1303 2054 1328 Tramnmpus

1870 1330 1928 1351 credi
1943 1331 2036 1351 mandat.
