2248 3229
243 259 291 286 Λη,
308 258 337 285 c.
359 258 428 286 1639
475 249 537 284 734

444 307 592 340 iudicium
617 316 679 340 non
704 306 855 348 trahatur,
880 306 1011 349 aliisque
1035 307 1199 340 constitu-¹

443 359 579 393 tionibus
603 365 633 392 et
657 359 907 392 ordinationibus
932 359 1120 402 apostolicis,
1146 370 1181 392 ao

443 413 558 445 nostris
582 412 692 444 litteris
721 422 800 455 quae
831 412 986 455 incipiunt
1014 413 1055 445 In
1080 413 1182 445 cathe-

444 465 505 499 ἀνά
528 466 566 500 B.
592 466 685 499 Petri
709 465 929 510 apostolorum
944 466 1123 510 Principis,
1144 466 1181 499 de

444 529 524 552 anno
560 528 701 552 iuncxxv1
737 519 888 552 emanatis
904 517 924 559 ¹,
955 530 991 552 ac
1021 519 1182 562 quibusvis

443 571 582 604 eiusdem
605 571 730 605 Ordinis
749 573 882 605 fratrum
900 572 1055 605 Minorum
1076 572 1114 605 de
1127 572 1183 606 Ob-

444 625 610 665 servantia,
628 625 720 658 etiam
736 625 922 666 iuramento,
943 626 1182 659 confirmatione

443 678 626 722 apostolica,
644 679 692 711 rel
712 679 820 722 quavis
845 679 992 712 firmitate
1014 679 1073 712 alia
1091 679 1183 712 robo-

443 731 534 771 ratis,
560 731 682 764 statutis
706 738 736 764 et
761 731 1059 773 consuetudinibus,
1091 732 1182 764 etiam

443 796 499 828 per
523 785 634 818 fratres
660 785 866 819 Discalceatos
890 785 1069 819 huiusmodi
1098 796 1184 819 acce-

443 839 557 882 ptatis,
582 839 767 882 praesertim
794 839 1003 882 capitulorum
1032 849 1085 872 seu
1111 849 1182 872 con-

444 893 662 935 gregationum
689 893 883 935 generalium
914 893 1028 936 quibus
1057 899 1184 925 cavetur

444 955 588 988 expresse
608 956 646 978 ne
664 945 775 978 fratres
797 945 976 978 Discalceati
1003 945 1182 978 huiusmodi
1201 961 1202 964 ¹

445 998 574 1031 domum
591 998 726 1042 aquuam
746 999 819 1031 dieti
837 1009 946 1032 eorum
965 998 1098 1039 Ordinis,
1119 999 1185 1031 abs-

446 1063 506 1098 que
531 1054 677 1096 expressa
705 1053 829 1086 licentia
855 1053 979 1096 capituli
1009 1053 1203 1096 gene1¹a¹1is,!

445 1110 497 1139 aut
521 1106 599 1138 infra
624 1106 763 1149 quinque
788 1107 892 1139 leucas
909 1117 925 1139 a
942 1106 1036 1139 domo
1062 1117 1185 1139 eorum-

446 1159 516 1192 dem
540 1160 673 1192 fratrum
698 1160 864 1200 Minorum,
890 1161 1013 1203 erigere
1033 1160 1185 1201 audeant,

446 1212 618 1255 privilegiis
639 1223 774 1256 quoque,
792 1213 919 1246 indultis.
936 1218 963 1245 et
983 1212 1094 1245 litteris
1112 1223 1185 1256 apo-

446 1265 573 1307 stolicis7
592 1265 726 1298 eisdem⁹
743 1266 849 1299 Ordini
876 1266 1007 1298 fratrum
1030 1266 1185 1299 Minorum
1204 1292 1205 1306 ἢ

447 1319 591 1362 illiusque
617 1319 852 1362 superioribus,
878 1324 907 1351 et
931 1320 1094 1363 quibusvis
1120 1320 1206 1353 reli-i

448 1373 542 1416 giosis
557 1373 807 1416 particularibus,
822 1373 951 1417 aliisque
966 1373 1118 1416 personis,
1131 1373 1188 1406 sub
1205 1380 1206 1407 l

448 1426 609 1470 quibusvis
634 1426 795 1459 tenoribus
827 1432 856 1458 et
886 1426 1014 1468 formis,
1048 1436 1084 1459 ac
1117 1437 1187 1459 cum

448 1479 608 1523 quibusvis
633 1480 724 1512 etiam
759 1480 1030 1522 derogatori-arum
1061 1479 1189 1521 deroga-

449 1533 558 1575 toriis,
584 1533 714 1577 aliisque
743 1533 973 1566 efficacioribus
998 1538 1028 1566 et
1058 1533 1190 1566 insolitis

449 1586 607 1626 clausulis,
625 1587 886 1630 irritantibusque
906 1592 935 1620 et
955 1586 1024 1618 aliis
1044 1586 1189 1626 decretis,

449 1640 481 1672 in
506 1650 622 1682 genere
646 1641 693 1673 vel
719 1640 749 1672 in
774 1640 889 1683 speeie,
915 1650 950 1672 ac
975 1640 1051 1672 alias
1070 1639 1102 1672 in
1119 1649 1190 1672 con-

450 1693 581 1726 trarium
606 1693 843 1737 quomodolibet
875 1694 1049 1733 concessis,
1075 1692 1189 1726 contir-

451 1747 541 1779 matis
576 1752 606 1779 et
638 1747 842 1790 approbatis,
871 1747 985 1790 quibus
1021 1746 1190 1786 omnibus,

451 1799 571 1832 etiamsi
595 1799 634 1832 de
658 1800 718 1832 illis
743 1810 916 1843 eorumque
940 1799 1012 1832 totis
1030 1799 1191 1832 tenoribus

452 1853 609 1897 specialis,
634 1853 779 1896 specifica
804 1858 834 1886 et
858 1844 1006 1896 expressa
1031 1856 1061 1886 et
1085 1852 1192 1884 indivi-

453 1905 522 1948 dua,
549 1917 584 1940 ac
608 1906 645 1940 de
670 1907 768 1940 verbo
793 1907 830 1939 ad
848 1907 990 1946 verbum,
1012 1916 1075 1939 non
1089 1910 1190 1939 autem

453 1971 511 2004 per
528 1960 682 1993 clausulas
698 1961 860 2003 generales
876 1960 958 1993 idem
978 1960 1191 2003 importantes,

455 2014 571 2046 mentio
585 2024 640 2046 seu
653 2014 782 2057 quaevis
799 2014 857 2046 alia
875 2013 1033 2056 expressio
1051 2011 1193 2045 habenda

454 2072 506 2099 aut
529 2067 633 2109 aliqua
663 2067 723 2098 alia
755 2067 907 2110 exquisita
929 2067 1029 2098 forma
1063 2065 1101 2097 ad
1133 2065 1212 2098 hoc¹

455 2120 606 2152 servanda
629 2120 718 2158 foret,
743 2130 852 2152 eorum
872 2125 996 2152 tenores
1021 2118 1193 2162 praesenti-

455 2172 514 2205 bus
538 2183 597 2217 pro
617 2173 807 2206 sufficienter
841 2173 996 2216 expressis
1027 2172 1193 2211 habentes,

456 2226 516 2258 illis
540 2227 615 2258 alias
632 2226 662 2258 in
683 2237 739 2259 suo
758 2227 873 2259 robore
897 2225 1132 2270 permansuris,
1156 2225 1194 2257 ad

456 2279 702 2323 praemissorum
723 2280 879 2322 effectum,
894 2280 1070 2323 specialiter
1092 2284 1122 2312 et
1142 2289 1194 2312 ex-

457 2343 565 2377 presse
589 2333 795 2377 derogamus3
821 2334 998 2377 ceterisque
1030 2333 1196 2367 contrariis

458 2387 724 2431 quibuscumque,
749 2392 802 2420 aut
822 2387 845 2420 si
871 2387 1015 2420 ministro
1041 2386 1088 2419 et3
1113 2397 1197 2419 com-

459 2440 603 2473 missario
635 2441 845 2483 generalibus,
870 2444 922 2474 aut
946 2440 1096 2473 fratribus
1121 2439 1194 2472 dieti

460 2492 583 2527 Ordinis
601 2494 754 2527 Minorum
772 2494 810 2527 de
827 2493 1042 2534 observantia,
1060 2504 1115 2527 seu
1132 2493 1197 2537 qui-

497 2574 507 2600 1
527 2573 596 2604 Quas
613 2573 671 2600 ride
688 2577 753 2600 tom.
770 2581 829 2608 xiii,
845 2581 906 2609 pag.
924 2574 976 2602 455
992 2574 1029 2610 (n.
1043 2574 1091 2608 T.)-

495 2617 511 2644 2
528 2619 619 2653 Aptius
635 2619 750 2654 legerem
766 2620 858 2646 ciclum
873 2624 909 2653 tn.
926 2620 974 2654 T.).

497 2662 514 2690 3
528 2663 665 2691 Coniunct.
682 2667 708 2692 et
723 2672 772 2692 nos
785 2664 909 2691 addimus
923 2666 963 2699 (R.
979 2664 1029 2698 Τ.).

1024 259 1203 283 BULLARIUM
1228 258 1381 283 ROMANUM

1214 306 1320 339 busvis
1345 306 1422 348 aliis,
1449 306 1658 341 communiter
1682 307 1730 340 vel
1755 307 1887 349 divisim,
1913 308 1952 341 ab

1215 359 1394 402 Apostolica
1419 359 1458 392 sit
1483 359 1560 392 Sede
1586 359 1739 392 indultum
1755 387 1762 401 ‚
1796 360 1879 404 quod
1911 361 1953 394 in-

1216 412 1339 453 terdici,
1361 412 1507 456 suspendi
1533 412 1581 445 vel
1607 414 1871 446 excommunicari
1891 425 1953 448 non

1216 466 1338 509 possint
1367 476 1425 509 per
1458 466 1577 499 litteras
1600 465 1790 509 apostolicas
1822 477 1884 500 non
1914 468 1955 500 fa-

1216 518 1333 551 cientes
1357 519 1480 562 plenam
1501 524 1531 551 et
1548 529 1729 563 expressam
1747 529 1781 552 ac
1801 519 1839 552 de
1858 519 1954 553 verbo

1217 573 1254 604 ad
1276 572 1406 605 verbum
1437 573 1475 605 de
1504 573 1624 606 indulto
1655 573 1834 606 huiusmodi
1868 584 1954 607 men-

1217 625 1344 659 tionem.

1262 679 1276 722 5
1300 679 1351 712 1⁶2.
1378 680 1534 721 Ceterum,
1548 681 1620 724 quia
1634 680 1760 713 difficile
1773 680 1851 713 foret
1865 691 1956 724 prae-

1218 737 1321 766 sentes
1347 733 1467 766 litteras
1492 733 1529 766 ad
1554 733 1677 776 singula
1700 743 1841 777 quaeque
1869 734 1954 773 loca,

1218 786 1269 819 ubi
1296 797 1423 819 necesse
1448 787 1556 827 fuerit,
1581 786 1718 827 deferri,
1744 787 1903 827 volumus,
1927 793 1956 820 et

1218 839 1300 873 dieta
1326 840 1510 873 auctoritate
1535 839 1744 881 decernimus,
1769 840 1851 884 quod
1878 846 1956 872 tran-

1219 894 1352 938 sumptis
1385 893 1566 927 earumdem
1599 894 1833 937 praesentium,
1863 893 1955 926 etiam

1219 947 1397 991 impressis,
1424 958 1518 980 manu
1543 947 1674 980 alicuius
1698 947 1812 980 notarii
1840 946 1957 990 publici

1219 1000 1412 1044 subscriptis,
1431 1004 1460 1034 et
1477 1001 1580 1043 sigillo
1593 1010 1746 1043 personae
1761 1000 1791 1032 iu
1807 999 1957 1042 dignitate

1219 1054 1429 1086 ecclesiastica
1457 1054 1642 1087 constitutae
1674 1053 1823 1093 munitis,
1848 1052 1956 1085 eadem

1219 1118 1349 1151 prorsus
1366 1107 1442 1140 fides
1456 1107 1572 1151 ubique
1583 1107 1778 1146 adhibeatur,
1794 1116 1872 1150 quae
1884 1106 1959 1150 ipsis

1221 1161 1440 1204 praesentibus
1464 1160 1675 1202 adhiberetur,
1705 1160 1728 1192 si
1757 1160 1857 1193 forent
1877 1159 1960 1192 exiii-

1221 1214 1302 1246 bitae
1327 1214 1374 1246 vel
1399 1219 1550 1246 ostensae.

1265 1267 1376 1299 Datum
1399 1267 1534 1308 Romae,
1559 1267 1642 1311 apud
1666 1266 1694 1300 S.
1720 1267 1847 1299 Mariam
1870 1267 1961 1299 Maio-

1222 1330 1301 1361 rem,
1327 1320 1384 1353 sub
1412 1321 1527 1353 annulo
1554 1320 1730 1360 Piscatoris,
1755 1319 1803 1352 die
1824 1329 1861 1352 xv
1885 1320 1960 1352 iunii

1223 1384 1394 1416 mcxxxix,
1409 1374 1609 1418 pontificatus
1633 1373 1732 1406 nostri
1750 1383 1831 1406 anno
1845 1382 1906 1405 xvt.

1259 1437 1316 1465 nai.
1332 1437 1375 1465 die
1394 1438 1424 1464 is
1439 1437 1503 1464 iunii
1521 1437 1599 1471 1639,
1615 1437 1711 1472 pontif.
1730 1444 1799 1464 anno
1809 1428 1868 1463 xvi.

1518 1554 1667 1588 DCXLIX.

1224 1626 1349 1660 Erectio
1363 1626 1554 1659 alumnatus
1567 1625 1806 1669 proAbyssinis
1820 1634 1855 1658 ac
1869 1624 1963 1657 Brac-

1269 1681 1377 1712 manis
1403 1681 1438 1712 in
1462 1679 1594 1722 collegio
1622 1679 1750 1711 Urbano
1774 1677 1812 1710 de
1836 1678 1962 1720 Propa-

1269 1733 1380 1776 9andd
1404 1731 1513 1766 Fide&

1432 1804 1568 1831 Urbanus
1588 1803 1760 1837 Episcopus,

1398 1861 1505 1881 servus
1538 1860 1691 1880 servorum
1712 1852 1763 1879 Dei
1781 1875 1788 1887 ,

1346 1899 1381 1924 ad
1397 1901 1571 1931 perpetuam
1590 1897 1635 1924 rei
1655 1896 1838 1924 memoriam.

1271 1958 1621 2003 Onei·0sa³-pastoi·atis
1645 1958 1738 1992 officii
1765 1968 1850 1999 eura,
1874 1958 1966 1991 nobis

1229 2013 1348 2045 meritis
1372 2012 1445 2046 licet
1468 2013 1641 2056 imparibus
1666 2012 1814 2045 divinitus
1843 2011 1967 2044 deman-

1228 2066 1319 2106 data,
1344 2065 1383 2098 ad
1407 2076 1442 2098 ea
1467 2066 1664 2109 potissimum
1689 2064 1887 2109 procuranda
1910 2075 1967 2098 nos

1230 2121 1343 2163 iugiter
1368 2120 1510 2163 impellit,
1533 2130 1591 2163 per
1614 2129 1693 2163 quae
1719 2123 1895 2152 exterarum
1918 2129 1968 2151 na-

1230 2174 1348 2207 tionum
1377 2173 1435 2206 sub
1471 2173 1649 2205 infidelibus
1679 2172 1875 2216 principibus
1906 2181 1968 2204 non

1230 2237 1400 2271 corporum
1427 2227 1608 2260 servitutem
1633 2231 1769 2265 tantum,
1795 2225 1859 2267 sed,
1884 2224 1969 2268 quod

1231 2281 1443 2313 miserrimum
1469 2283 1530 2321 est,
1557 2279 1733 2311 animarum
1759 2277 1967 2321 captivitatem

1231 2333 1469 2367 sustinentium⁸
1486 2333 1660 2373 iuvenibus,
1677 2331 1865 2365 foedissimis
1885 2332 1970 2374 igno-

1231 2388 1349 2420 rantiae
1367 2386 1503 2420 tenebris
1523 2386 1690 2427 absolutis,
1711 2385 1749 2418 ad
1769 2385 1915 2429 pietatem
1941 2388 1970 2416 et

1231 2441 1367 2484 optimos
1390 2449 1512 2480 mores,
1538 2449 1573 2472 ac
1598 2437 1780 2483 disciplinas
1804 2447 1970 2481 sacrasque

1231 2495 1367 2535 litteras,
1391 2493 1504 2538 quibus
1530 2493 1665 2526 mundus
1689 2491 1898 2532 illuminatur,
1922 2501 1971 2524 ca-

1269 2575 1277 2601 1
1302 2574 1338 2601 Ex
1359 2575 1468 2609 Regest.
1490 2574 1517 2600 in
1537 2572 1639 2600 Secret.
1661 2572 1738 2599 Brev.

1267 2619 1284 2645 2
1298 2618 1362 2645 Vide
1377 2626 1458 2654 supra
1471 2626 1531 2654 pag.
1548 2617 1599 2645 580
1615 2617 1653 2653 (n.
1669 2617 1717 2652 ¹12).

1267 2663 1284 2690 3
1298 2663 1364 2690 Male
1379 2663 1422 2690 ed.
1439 2663 1518 2690 Maia.
1535 2662 1600 2698 legit
1612 2663 1793 2691 sustinentur
1808 2660 1848 2697 (n.
1867 2660 1915 2695 ¹12).

1967 259 2016 286 An.
2034 260 2063 286 G.
2084 259 2150 287 ¹639

2010 691 2155 717 Transumpu»

1971 720 2027 739 credi
2044 719 2110 739 iubet.

2031 1964 2164 1986 Prooemium

1982 1992 2008 2013 ab
2021 1993 2066 2019 ips-a
2077 1991 2165 2013 materia

1982 2021 2092 2046 sumptum.
