2248 3229
234 189 283 217 An.
305 188 333 217 c.
355 188 423 217 1636
469 179 532 215 5028

263 625 370 644 Clausulas
382 629 416 649 ap*

236 653 299 677 pontt.

308 1260 422 1280 Contrariis

239 1288 334 1313 derogat,

272 2379 392 2399 Exordium.

433 237 587 282 gravatis¹
611 236 807 281 applicando,
831 245 926 278 cogas
943 240 973 268 et
989 235 1170 279 compellas,

433 302 503 324 cum
543 291 686 323 facultate
718 288 909 332 procedendi
941 293 1050 322 contra
1086 288 1171 332 ipsos

433 344 524 378 etiam
542 353 598 386 per
615 343 750 375 edictum
775 341 946 384 publicum,
964 341 1098 374 constito
1115 341 1171 373 tibi

433 395 614 433 summarie,
634 400 663 427 et
682 395 767 435 alias,
782 400 933 438 quantum
952 394 1095 427 sufficere
1116 394 1172 427 tibi

434 449 605 489 videbitur,
631 448 669 480 de
693 458 756 480 non
782 452 847 481 tuto
872 458 1017 488 accessu,
1042 448 1173 491 aliisque

434 502 578 535 omnibus
603 506 633 533 et
657 501 789 543 singulis
814 501 1014 534 facultatibus
1031 511 1173 534 necessa-

435 556 489 588 riis
514 560 543 587 et
567 555 763 598 opportunis.

473 609 492 652 g
516 608 544 641 3.
569 608 750 641 Praesentes
768 618 894 651 quoque
912 608 1030 640 litteras
1048 607 1085 640 de
1103 607 1175 640 sub-

433 662 584 706 reptionis
608 663 656 694 vel
688 662 882 705 obreptionis
913 666 966 694 aut
994 660 1175 694 intentionis

434 721 558 748 nostrae
578 720 607 747 ct
631 715 742 758 quovis
766 714 831 747 alio·
845 713 966 747 defectu
994 713 1174 757 impugnari

434 779 496 802 non
521 779 630 812 posse,
656 769 763 811 sicque
780 773 810 800 et
829 777 891 800 non
917 767 991 799 alias
1009 777 1066 810 per
1084 777 1177 810 quos-

435 831 569 864 cumque
594 820 713 853 iudices
743 820 921 853 ordinarios
946 824 976 852 et
999 819 1174 862 delegatos,

435 875 530 907 etiarn
556 884 722 907 causarum
747 873 853 918 palatii
872 873 1035 916 apostolici
1056 872 1176 905 audito-

435 939 496 968 res,
521 928 642 960 sublata
667 928 711 960 cis
737 932 767 960 et.
792 938 901 960 eorum
924 927 1051 960 cuilibet
1068 927 1176 969 quavis

435 982 525 1015 aliter
543 981 700 1014 iudicandi
728 985 758 1015 et
780 980 1005 1024 interpretandi
1032 980 1177 1012 facultate

437 1039 466 1069 et
479 1035 675 1074 auctoritate,
686 1033 817 1067 iudicari
829 1039 859 1067 et
869 1034 993 1066 definiri
1005 1033 1130 1074 debere,
1142 1043 1177 1066 ac

436 1089 562 1122 irritum
579 1095 608 1122 et
626 1089 726 1127 inane,
744 1088 769 1120 si
787 1098 877 1121 secus
895 1098 988 1131 super
1005 1087 1053 1119 liis
1071 1097 1087 1119 a
1105 1097 1178 1130 quo-

437 1153 541 1186 quam,
555 1142 664 1186 quavis
677 1141 870 1181 auctoritate,
884 1141 1018 1173 scienter
1032 1140 1078 1172 vel
1095 1140 1178 1183 igno-

438 1202 554 1237 ranter,
572 1196 739 1238 contigerit
755 1194 909 1235 attentari,
929 1193 1136 1227 decernimus.

483 1251 497 1293 ξ
522 1249 551 1282 9.
584 1249 652 1282 Non
680 1247 877 1281 obstantibus
907 1247 1112 1291 praemissis,
1143 1257 1177 1279 ac

438 1302 690 1337 costitutionibus
710 1307 739 1334 ct
763 1301 1012 1334 ordinationibus
1030 1301 1177 1344 apostoli-

438 1357 492 1397 cis,
509 1367 544 1389 ac
569 1355 773 1389 cancellariae
797 1355 988 1399 apostolicae
1012 1355 1131 1397 regulis
1150 1359 1180 1387 et

439 1409 578 1444 conciliis
611 1408 842 1452 generalibus&
866 1407 958 1440 etiam
992 1408 1029 1440 de
1059 1407 1180 1441 duabus

438 1463 544 1505 dietis,
569 1462 778 1505 omnibusque
803 1467 833 1494 et
857 1461 998 1504 singulis,
1020 1461 1113 1494 ctiam
1134 1461 1180 1494 in-

439 1517 595 1550 dividuam
615 1520 644 1550 ct
660 1516 828 1560 specialem
851 1515 1042 1548 mentionem
1061 1526 1116 1548 seu
1133 1525 1180 1549 ex-

437 1571 634 1616 pressionem
651 1570 698 1603 vel
716 1569 919 1602 insertionem
935 1568 1180 1612 requirentibus,

441 1625 616 1668 ceterisque
641 1623 807 1657 contrariis
832 1623 1090 1666 quibuscumque.

483 1679 595 1712 Datum
621 1678 755 1718 Romae,
781 1676 864 1721 apud
887 1676 915 1709 S.
941 1676 1068 1709 Mariam
1092 1675 1182 1709 Maio-

441 1743 519 1773 rem,
547 1732 604 1765 sub
632 1732 746 1764 annulo
772 1730 949 1769 piscatoris,
980 1729 1029 1762 die
1059 1740 1078 1763 x
1105 1729 1181 1762 iunii

441 1795 613 1825 Mncxxxw,
631 1784 834 1828 pontificatus
847 1782 946 1816 nostri
967 1792 1048 1815 anno
1069 1791 1135 1816 x111.

476 1847 534 1876 Dat.
550 1848 593 1875 die
610 1848 642 1875 to
656 1847 721 1874 iunii
738 1846 816 1879 1636,
833 1845 928 1881 pontif.
947 1853 1016 1872 anno
1031 1850 1088 1872 xm.

758 1962 867 1995 DXLlI.

442 2035 703 2071 Poem'lentz‘arict
729 2034 918 2067 Lam-ciana
948 2034 1082 2076 eiusque
1100 2042 1178 2077 poe-

485 2089 673 2123 nitentiarz'i'
693 2088 813 2120 maiori
831 2086 1085 2131 poenitentiario
1109 2086 1182 2119 sab-

486 2144 661 2183 iict'imtur,
702 2152 773 2174 cum
810 2139 981 2174 nonnullis
1013 2139 1090 2173 aliis
1124 2139 1179 2173 de-

488 2197 590 2229 cretis.

649 2267 785 2294 Urbanus
808 2265 886 2299 Papa
906 2265 982 2297 VIII,

575 2311 610 2339 ad
626 2314 801 2346 perpetuam
821 2311 863 2338 rei
885 2309 1065 2337 memoriam.

488 2373 688 2408 Attendentes
706 2373 853 2406 universo
871 2372 970 2416 gregi,
991 2371 1023 2404 in
1041 2382 1104 2416 quo
1121 2370 1186 2415 spi-

445 2428 524 2462 ritus
548 2427 678 2461 Sanctus
702 2437 758 2460 nos
789 2427 978 2470 Episcopum
1014 2425 1119 2469 posuit
1146 2424 1184 2457 ad

446 2481 615 2515 Ecclesiam
636 2480 690 2514 Dei
715 2481 897 2523 regendam,
915 2490 1009 2523 quam
1028 2478 1186 2523 pretiosis-

480 2554 494 2580 1
512 2552 606 2579 Nescio
623 2561 656 2579 an
673 2560 748 2579 error
763 2552 861 2588 aliquis
877 2551 1015 2586 irrepserit
1029 2551 1066 2585 (n.
1082 2550 1130 2585 m.

481 2597 498 2624 2
511 2596 611 2625 Forsan
626 2596 769 2633 legendum
782 2597 899 2625 concilii
912 2596 1058 2631 qenerazis
1074 2598 1111 2631 (n.
1123 2595 1170 2630 T.).

1011 188 1191 214 BULLARIUM
1213 188 1369 213 ROMANUM

1957 187 2010 215 An.
2025 186 2056 214 C.
2076 185 2145 216 1635

1206 235 1286 269 simo
1306 235 1458 278 sanguine
1474 245 1530 269 suo
1547 236 1687 270 Christus
1705 235 1848 277 redemit,
1866 235 1948 269 inter

1206 292 1326 321 ceteras
1350 288 1516 331 pastoralis
1541 289 1635 321 officii
1661 284 1759 322 nostri
1791 289 1947 322 sollicitu-

1206 342 1293 374 dines
1317 351 1352 373 ae
1378 351 1485 381 curas,
1517 351 1584 373 eam
1616 343 1785 385 praecipue
1809 341 1947 385 vigiliam

1206 394 1319 427 mentis
1346 399 1471 426 nostrae
1496 394 1595 426 oculis
1620 393 1819 437 anticipatam
1849 405 1944 438 expe-

1207 448 1329 488 rimur,
1353 458 1415 491 qua
1439 452 1469 479 et
1493 447 1626 480 creditas
1656 445 1747 480 nobis
1776 458 1847 480 ores
1872 459 1946 491 pro-

1208 500 1358 543 spicimus
1378 505 1408 532 et
1432 500 1608 532 animarum
1633 500 1825 533 consulimus
1845 501 1945 532 saluti.

1253 553 1268 596 ἓ
1293 553 1321 585 ’1.
1348 552 1441 592 Hine,
1467 563 1538 585 cum
1563 553 1654 596 plura
1679 553 1762 585 circa
1785 553 1948 596 poeniten-
1997 568 2094 589 tibanus
2109 568 2148 589 201.

1209 606 1318 638 tiariae
1349 611 1476 639 nostrae
1508 605 1645 639 officium
1679 594 2150 647 ordinaverimus,l{}1{'{¹¹¹¹2sst³{'3¹f.'¹2l2

1210 659 1327 702 aliquid
1352 659 1443 692 etiam
1470 660 1552 692 circa
1570 664 1726 692 rectorem
1746 664 1775 691 et
1791 659 1950 702 poeniten·
1964 647 2149 702 ἶῖἄῖζηεηῗῖἕῦῗῖἐζ

1211 713 1327 755 tiarios,
1342 719 1376 745 ut
1392 719 1512 755 vocant,
1531 713 1669 746 minores
1694 718 1816 745 sanctae
1833 713 1951 746 Domus
1966 700 2150 751 {l'fah’i'ssfffflmu‘

1210 766 1403 812 Lauretanae
1427 766 1606 810 providere,
1632 767 1755 810 illisque
1780 777 1892 800 novam
1910 767 1951 799 sa-

1212 820 1361 853 cultatum
1387 820 1531 860 sormam,
1556 830 1617 863 qua
1642 819 1790 863 deinceps
1814 824 1951 860 utantur,

1211 873 1427 917 praescribere
1440 872 1598 906 duximus¹
1613 878 1837 917 opportunum,
1847 872 1952 905 motu2

1212 927 1345 970 proprio
1369 932 1400 959 et
1423 937 1459 959 ex
1484 927 1570 959 certa
1595 926 1726 959 scientia
1758 936 1794 959 ac
1826 926 1951 958 matura

1212 980 1439 1013 deliberatione
1469 980 1605 1021 nostris,
1638 979 1738 1023 deque
1762 979 1953 1023 apostolicae

1213 1034 1376 1078 potestatis
1390 1033 1593 1077 plenitudine,
1608 1044 1666 1077 per
1685 1038 1954 1080 praesentes,0m-

1212 1098 1284 1120 nem
1310 1092 1498 1131 potestatem
1524 1092 1554 1119 et
1578 1087 1798 1119 auctoritatem
1823 1087 1954 1130 quamli-

1213 1141 1265 1174 bet
1289 1145 1351 1175 tam
1369 1140 1563 1173 ordinariam
1580 1151 1674 1184 quam
1694 1140 1879 1183 delegatam,
1897 1151 1954 1173 nce

1212 1204 1275 1227 non
1300 1194 1405 1227 omnia
1418 1194 1593 1238 privilegia,
1611 1194 1771 1227 facultates
1785 1204 1819 1226 ac
1834 1193 1953 1227 indulta

1213 1249 1362 1292 praefatis
1386 1249 1501 1281 rectori
1526 1254 1556 1281 et
1580 1247 1829 1292 poenitentiariis
1852 1247 1955 1281 hacte-

1213 1312 1272 1334 nus
1303 1301 1541 1344 quomodolibet
1577 1311 1724 1334 concessa
1756 1311 1774 1333 a
1806 1301 1955 1334 Romanis

1215 1354 1416 1388 Pontificibus
1440 1353 1737 1398 praedecessoribus
1767 1355 1898 1395 nostris,
1926 1359 1956 1387 et

1214 1408 1402 1453 praesertim
1427 1418 1444 1440 a
1468 1408 1625 1441 Clemente
1641 1406 1707 1439 Vttt
1732 1407 1954 1452 (infrascriptis

1214 1461 1376 1494 dumtaxat
1399 1461 1577 1505 exceptis),
1603 1460 1732 1494 omnino
1765 1460 1955 1502 adimentes,

1215 1520 1398 1549 revocantes
1423 1518 1452 1548 et
1475 1515 1689 1554 annullantes,

1259 1569 1273 1612 ἓ
1298 1568 1326 1602 2.
1353 1568 1523 1601 Statuimus
1544 1572 1574 1600 et
1591 1567 1783 1608 ordinamus,
1809 1567 1893 1612 quod
1917 1567 1955 1600 de

1215 1628 1319 1656 cetero
1333 1621 1495 1666 perpetuis
1509 1621 1623 1654 suturis
1637 1621 1833 1665 temporibus
1853 1621 1955 1654 dictus

1215 1681 1319 1710 rector
1343 1681 1373 1709 et
1397 1675 1629 1719 poenitentiarii
1656 1675 1844 1716 auctoritati,
1867 1681 1954 1719 pote-

1215 1730 1286 1763 stati
1319 1739 1354 1762 ac
1386 1729 1532 1772 regimini
1565 1729 1692 1762 maioris
1722 1739 1806 1762 nunc
1835 1733 1865 1762 et
1897 1739 1955 1773 pro

1217 1789 1361 1827 tempore
1385 1782 1545 1815 existentis
1570 1782 1815 1826 poenitentiarii,
1832 1792 1896 1815 non
1915 1788 1956 1815 ta-

1217 1847 1288 1870 men
1313 1835 1416 1880 quoad
1440 1835 1670 1868 observantiam
1689 1845 1817 1868 suorum
1836 1835 1957 1879 regula-

1217 1889 1299 1922 rium
1324 1889 1550 1929 institutorum,
1576 1888 1758 1922 subiaceant
1782 1888 1886 1933 quoad
1911 1889 1956 1922 so-

1217 1954 1287 1976 rum
1313 1942 1549 1986 poenitentiale,
1574 1947 1669 1986 prout
1694 1942 1902 1986 supponimus
1927 1947 1957 1976 et

1217 1996 1444 2031 submittimus:
1482 1996 1523 2029 ita
1547 2002 1581 2029 ut
1616 1996 1764 2039 deinceps
1796 1996 1900 2029 nullus
1925 1995 1956 2029 in

1217 2051 1373 2095 praelatae
1392 2060 1497 2083 sacrae
1515 2050 1632 2083 Domus
1650 2049 1842 2082 Lauretanae
1859 2055 1957 2083 recto-

1217 2115 1283 2137 rem
1302 2108 1331 2138 et
1350 2103 1638 2148 poenitentiarium,
1664 2113 1699 2135 ac
1725 2103 1957 2146 poenitentiarii

1218 2168 1353 2197 munus,
1385 2157 1532 2200 illiusque
1565 2157 1870 2190 administrationem
1905 2162 1958 2190 aut

1218 2211 1411 2251 exercitium,
1430 2216 1608 2243 assumatur
1625 2210 1672 2243 vel
1690 2210 1880 2251 admittatur,
1898 2210 1957 2243 nisi

1218 2264 1346 2309 praevio
1371 2264 1513 2297 examine
1537 2274 1594 2307 per
1616 2264 1785 2307 ipsummet
1806 2263 1958 2297 maiorem

1218 2317 1493 2361 poenitentiarium
1512 2317 1543 2349 in
1570 2317 1731 2359 signatura
1756 2315 1959 2360 poenitentia-

1220 2371 1283 2404 riae
1308 2371 1358 2404 hic
1384 2372 1415 2403 in
1441 2370 1523 2404 Urbe
1548 2370 1706 2411 faciendo,
1733 2375 1784 2403 aut
1809 2370 1899 2409 alibi,
1933 2369 1958 2403 si

1219 2424 1318 2467 magis
1343 2424 1403 2468 ipsi
1428 2424 1526 2456 visum
1553 2424 1648 2456 suerit
1672 2423 1841 2467 expedire,
1872 2432 1958 2461 com-

1218 2478 1381 2519 mittendo,
1405 2477 1499 2511 fuerit
1523 2477 1728 2522 approbatus,
1746 2483 1777 2511 ct
1799 2476 1957 2521 praefatae

1970 1605 1975 1609 ⁹
2005 1577 2096 1604 mosque
2103 1583 2154 1608 ‚ma-

1969 1610 2008 1625 lai-i
2044 1608 2154 1630 poeniten·

1971 1631 2032 1653 tiario
2047 1631 2139 1652 subiicit.

1254 2550 1263 2576 1
1283 2549 1427 2576 videretur
1440 2548 1583 2584 legendum
1599 2549 1770 2576 (luxerimus
1788 2549 1825 2583 (n.
1842 2549 1890 2582 T.).

1252 2593 1268 2621 2
1284 2593 1426 2622 videretur
1440 2594 1534 2623 deesse
1548 2595 1647 2630 itaque
1660 2598 1699 2630 (a.
1716 2593 1762 2628 τ.).
