2248 3229
167 196 216 227 An.
233 195 261 225 C.
283 196 348 225 1631

212 1111 269 1134 Nova
285 1114 357 1133 exten-

171 1139 218 1161 sio.
233 1139 259 1160 de
278 1144 320 1165 qua
336 1140 356 1160 in

172 1166 264 1187 rubrica.

209 2499 306 2520 facultas
322 2500 358 2519 ‹le-

175 2531 216 2547 nlll)
229 2532 360 2553 consequen·

975 191 1118 217 URBANUS

367 242 452 279 modi
464 241 775 277 communicavimus.
787 242 823 276 Et
835 241 1037 286 postmodum
1049 246 1109 275 tam

366 297 578 343 praeinsertas
607 307 700 340 quam
727 296 802 329 alias
827 296 959 329 subinde
984 295 1111 339 expedi-

369 356 414 384 tas
439 351 558 384 litteras
587 350 782 395 praedictas,
807 361 878 383 cum
910 351 1058 383 omnibus
1082 356 1109 382 et

368 404 500 448 singulis
532 405 564 438 in
594 405 638 437 eis
667 404 821 438 contentis
846 403 1111 444 concessionibus,

368 459 579 501 facultatibus,
598 458 738 498 indultis,
757 458 969 501 indulgentiis,
988 458 1112 490 clausu-

368 512 407 545 lis
432 516 462 545 et
486 511 632 553 decretis,
651 511 688 543 ad
710 511 858 556 octobris,
879 510 1059 544 novembris
1084 516 1113 542 et

369 565 558 605 decembris,
579 575 614 597 ac
639 564 767 597 demum
794 562 926 598 ianuarii
944 569 974 597 et
994 563 1114 596 februa-

369 618 408 651 rii
443 617 587 662 proxime
621 617 810 661 praeteritos
845 628 881 650 ac
916 622 1111 661 praesentem

370 671 474 705 martii
492 680 617 704 menses
641 671 838 704 extendimus
858 671 977 714 pariter
994 675 1024 703 et
1044 680 1114 713 pro-

370 724 560 768 rogavimus,
582 729 677 768 prout
695 725 725 757 in
743 724 811 757 aliis
835 723 960 764 nostris,
982 723 1040 756 sub
1064 723 1113 755 die

370 789 434 812 xvii
451 778 528 819 iulii,
550 788 671 812 necnon
692 778 750 811 sub
767 778 817 811 die
834 787 898 812 xxv
915 777 1113 821 septembris,

370 843 406 866 ae
422 831 481 865 sub
499 831 548 865 dic
566 832 660 866 xxvt¹
674 831 850 865 decembris
868 830 1011 874 proxime
1027 840 1114 873 prae-

373 885 546 927 teritorum,
565 885 700 930 desuper
721 885 752 918 in
769 884 863 918 simili
884 884 987 917 forma
1008 883 1114 916 Brevis

371 938 524 983 expeditis
541 938 662 978 litteris,
679 948 813 981 quarum
831 937 973 970 omnium
987 941 1113 969 tenores

372 992 466 1026 ctiam
490 991 709 1036 praesentibus
731 1001 799 1034 pro
823 990 979 1035 expressis
1003 989 1113 1023 haberi

372 1046 527 1088 volumus,
545 1044 667 1089 plenius
691 1044 870 1078 continetur
883 1044 902 1076 ².

416 1099 432 1143 ἓ
455 1099 485 1131 9,.
510 1099 585 1133 Cum
611 1103 714 1132 autem
739 1109 796 1142 per
820 1097 1044 1131 abundantiam
1065 1096 1113 1129 di-

372 1153 462 1186 vinae
487 1153 724 1186 misericordiae
744 1153 826 1186 alma
846 1153 927 1186 Urbs
944 1158 1060 1192 nostra,
1078 1162 1114 1184 ac

372 1207 490 1240 multae
514 1206 593 1240 aliae
615 1206 755 1240 civitates
779 1211 809 1239 et
834 1205 1026 1250 provinciae,
1050 1216 1113 1238 non

372 1261 474 1293 solum
499 1265 624 1294 sanctae
642 1260 800 1293 Romanae
818 1259 984 1300 Ecclesiae,
1004 1270 1113 1292 verum

372 1314 466 1349 etiarn
498 1314 630 1347 aliarum
663 1313 818 1346 ditionum
844 1318 874 1346 et
901 1312 1114 1347 dominiorum

373 1367 596 1412 temporalium
621 1367 652 1400 in
678 1367 764 1400 Italia
781 1372 808 1400 et
825 1367 933 1399 insulis
947 1366 1114 1410 praedictis

373 1421 570 1454 existentium
586 1448 593 1462 ,
618 1430 636 1452 a
659 1420 808 1464 periculis
832 1425 862 1453 et
886 1419 1115 1453 calamitatibus

373 1473 554 1508 huiusmodi
568 1473 723 1507 immunes
737 1474 887 1506 hactenus
901 1478 1113 1515 conservatae,

373 1533 404 1561 et
427 1528 506 1561 aliae
530 1527 623 1561 etiam
648 1527 799 1560 liberatae
823 1527 955 1560 suerint:
981 1537 1059 1569 nos,
1080 1532 1115 1560 111

373 1581 592 1616 christifideles
612 1581 764 1625 praedicti
788 1581 970 1614 caelestium
987 1581 1115 1614 misera-

372 1635 492 1669 tionum
510 1634 630 1668 fructus
654 1635 783 1668 uberius
801 1634 951 1678 consequi
975 1645 1115 1668 merean-

371 1693 434 1729 tur,
459 1688 652 1733 peramplius
676 1687 845 1732 providere
869 1688 1025 1728 volentes,
1051 1693 1112 1720 tam

370 1742 581 1787 praeinsertas
598 1753 692 1787 quam
709 1742 786 1775 alias
803 1741 935 1775 subinde
955 1741 1115 1786 expeditas

370 1795 491 1829 litteras
513 1795 702 1840 praedictas,
728 1806 800 1829 curn
825 1795 974 1829 omnibus
998 1800 1028 1828 et
1051 1795 1114 1828 sin-

372 1849 454 1892 gulis
474 1849 504 1882 in
526 1849 569 1882 eis
594 1849 748 1883 contentis
773 1849 1045 1889 concessionibus,
1071 1849 1110 1881 fa-

373 1903 550 1943 cultatibus,
571 1903 707 1945 indultis,
729 1903 942 1946 indulgentiis,
967 1903 1114 1936 clausulis

372 1961 403 1989 et
426 1956 572 1996 decretis,
592 1956 631 1989 ad
655 1956 733 1989 alios
758 1956 838 1989 duos
863 1966 986 1989 menses
1010 1957 1115 2000 proxi-

373 2020 452 2052 mos,
473 2009 618 2044 videlicet
634 2009 744 2053 aprilis
769 2015 799 2042 et
825 2009 897 2042 maii
916 2010 1044 2053 (quibus
1062 2009 1115 2042 du-

372 2063 514 2097 rantibus
538 2063 562 2096 si
587 2063 693 2096 omnia
717 2068 747 2095 et
770 2062 893 2105 singula
923 2063 952 2095 in
983 2062 1111 2106 praein-

373 2117 463 2150 sertis
487 2117 599 2150 litteris
623 2126 771 2160 expressa
795 2116 869 2149 dicti
894 2115 1115 2149 christifideles

373 2170 623 2214 adimpleverint,
637 2169 681 2202 1111
695 2179 804 2203 01111105
821 2174 851 2202 01
865 2169 1003 2212 singulas
1017 2168 1115 2201 indul-

373 2223 496 2266 gentias
521 2227 550 2255 et
573 2227 776 2267 peccatorum
797 2222 999 2255 remissiones
1023 2232 1114 2265 prae-

373 2275 482 2316 dictas,
506 2286 578 2308 cum
602 2275 748 2309 omnibus
772 2275 981 2315 facultatibus,
1006 2275 1115 2317 gratiis

374 2335 404 2362 ct
425 2329 552 2362 indultis
569 2329 762 2370 huiusmodi,
788 2329 938 2372 consequi
963 2329 1113 2371 valeant),

374 2383 559 2417 auctoritate
577 2383 746 2426 praedicta,
764 2388 873 2416 tenore
890 2382 1114 2426 praesentium,

374 2438 489 2470 iterum
506 2436 702 2469 extendimus
720 2441 750 2469 et
766 2446 986 2480 prorogamus.

419 2492 434 2535 ξ
457 2490 487 2523 3.
512 2491 640 2524 Necnon
660 2490 707 2531 iis,
725 2489 779 2533 qui
795 2489 976 2523 earumdem
994 2490 1115 2534 praein-

410 2565 421 2590 1
439 2562 526 2597 Supra
539 2561 573 2588 ad
589 2569 648 2596 pag.
667 2561 713 2588 191
731 2560 829 2596 legitur
844 2567 907 2588 xxxi
923 2561 958 2597 (a.
973 2562 1020 2595 T.).

408 2607 426 2634 Ξ).
441 2607 514 2639 Quas
529 2605 588 2633 vide
604 2613 688 2641 supra
703 2613 763 2641 pag.
779 2605 841 2639 150,
855 2606 914 2640 176,
929 2606 979 2634 190
989 2608 1030 2641 (n.
1046 2606 1094 2640 T.).

492 2660 570 2688 Ball.
586 2660 667 2690 Rom.
683 2675 718 2681 —
737 2660 795 2688 Vol.
811 2660 885 2687 XIV.
1031 2660 1064 2687 27

1144 192 1200 216 vin
1224 192 1273 217 pr.
1793 182 1856 216 0209
1904 193 1952 220 An.
1967 192 1995 220 C.
2018 193 2081 220 1631

1145 247 1300 275 sertarum
1333 241 1520 282 litterarum,
1541 240 1705 273 111-1111111110
1736 241 1888 274 extensio-
1902 255 1921 275 ⁴i.
1935 261 1975 286 pro
1992 255 2029 278 uz,
2049 255 2086 281 qut

1145 306 1231 335 num,
1249 301 1281 328 ut
1307 306 1400 339 supra
1418 296 1582 335 factarum,
1601 294 1708 336 rigore
1727 294 1887 336 indulgen·
1903 282 2087 335 ἓῖζῖἶζωιυιξῗιῗωῃι

1146 349 1203 380 tias
1221 354 1251 381 et
1271 355 1471 392 peccatorum
1494 348 1695 381 remissiones
1713 348 1888 391 praedictas

1146 402 1330 444 consequuti
1357 402 1417 434 iam
1441 406 1521 443 sunt,
1539 402 1562 434 si
1582 401 1687 434 onmia
1704 407 1734 433 et
1754 401 1887 442 singula,

1147 454 1177 486 in
1191 455 1393 497 praeinsertis
1415 455 1525 487 litteris
1550 454 1730 487 huiusmodi
1745 458 1889 487 contenta

1147 513 1177 540 et
1194 518 1351 551 expressa,
1372 508 1495 541 duobus
1520 509 1681 541 mensibus
1706 507 1781 551 per¹
1800 519 1890 552 prae-

1147 566 1250 593 sentes
1267 561 1444 604 prorogatis
1462 561 1647 593 durantibus
1667 561 1770 593 denuo
1791 561 1890 593 adim-

1148 614 1309 657 pleverint,
1328 618 1361 647 111
1378 614 1502 646 casdem
1521 625 1629 647 omnes
1647 620 1676 647 et
1692 615 1830 657 singulas
1848 615 1890 646 111-

1147 667 1322 710 dulgentias
1337 672 1367 699 et
1380 672 1582 710 peccatorum
1602 668 1801 701 remissiones
1818 679 1889 700 cum

1147 720 1294 753 omnibus
1320 720 1540 761 111011111111111157
1570 720 1678 762 gratiis
1703 727 1732 753 et
1764 721 1891 753 indultis

1148 774 1315 818 praedictis
1336 773 1450 806 iterum
1477 775 1625 817 consequi
1650 775 1770 807 valeant
1787 779 1890 808 aucto-

1148 827 1238 859 ritate
1254 832 1284 859 et.
1306 832 1414 860 tenore
1439 826 1608 870 praedictis
1633 828 1843 860 concedimus.

1192 881 1207 923 ξ
1228 880 1257 913 Ji.
1282 880 1360 919 Quia
1378 891 1452 913 vero
1472 880 1510 913 ad
1530 881 1789 924 supplicutientem
1815 892 1890 914 non-
1925 893 2088 913 ntum-tmin-

1147 934 1307 966 nullorum
1340 933 1563 977 episcoporum
1592 945 1628 967 ac
1657 934 1835 978 principum
1861 939 1890 968 et
1906 920 2089 972 {'‚¹J¹¹‡F„11‚¹‘'⁸2:512ssss

1147 987 1457 1031 rerumpublicarum
1473 987 1702 1027 concessiones,
1716 988 1888 1030 facilitates,
1905 976 2001 994 mmm

1148 1040 1277 1081 indulta,
1305 1041 1515 1084 indulgentias
1541 1046 1569 1073 et
1593 1041 1796 1074 remissiones
1822 1053 1891 1085 pec-

1147 1100 1290 1128 catorum
1322 1095 1352 1127 in
1382 1095 1586 1138 praeinsertis
1618 1095 1729 1128 litteris
1762 1102 1890 1128 conten-

1148 1154 1193 1181 tas
1218 1148 1256 1181 ad
1282 1154 1382 1181 certas
1402 1148 1552 1189 civitates,
1573 1148 1742 1189 dioeceses,
1763 1150 1891 1192 proriu-

1148 1202 1210 1235 cias
1238 1206 1268 1236 et
1298 1203 1367 1235 loca
1395 1208 1482 1235 extra
1509 1202 1627 1235 ltaliam
1660 1202 1822 1235 existentia
1851 1204 1890 1236 ad

1148 1261 1269 1289 certum
1300 1260 1422 1300 tempus
1454 1256 1650 1289 extendimus
1674 1261 1705 1288 et
1728 1257 1890 1300 ampliavi—

1148 1321 1235 1343 mus:
1254 1310 1409 1350 volumus,
1428 1314 1457 1344 et
1477 1310 1559 1343 dicta
1577 1310 1762 1342 auctoritate
1787 1310 1891 1343 decer-

1148 1363 1269 1405 nimus,
1296 1369 1344 1406 ut,
1369 1363 1494 1396 duobus
1519 1363 1680 1396 mensibus
1710 1373 1767 1407 per
1791 1374 1888 1407 prae-

1149 1421 1252 1449 sentes
1276 1416 1466 1460 prorogatis,
1492 1420 1525 1449 ut
1548 1417 1742 1459 praefertur,
1767 1417 1890 1460 elapsis,

1149 1480 1258 1504 omnes
1276 1474 1305 1504 01
1321 1480 1540 1514 quaecumque
1564 1470 1761 1503 extensiones
1778 1476 1807 1502 et
1825 1481 1892 1503 am-

1149 1523 1312 1567 pliationcs
1337 1523 1510 1566 gratiarum
1542 1533 1599 1567 per
1630 1533 1688 1556 1105
1712 1524 1809 1556 sactae
1835 1523 1892 1557 bu-

1150 1577 1284 1610 iusmodi
1306 1577 1427 1621 pariter
1447 1587 1484 1610 eo
1503 1576 1570 1620 ipso
1592 1577 1744 1620 expirent,
1764 1576 1892 1610 nullius-

1148 1641 1209 1675 que
1222 1631 1283 1664 sint
1297 1631 1420 1664 roboris
1433 1630 1481 1663 vel
1496 1630 1657 1671 momenti,
1670 1640 1728 1664 nec
1745 1631 1890 1674 cuiquam

1149 1685 1282 1719 ulterius
1303 1685 1526 1728 suffragentur.

1193 1739 1250 1783 §5
1264 1739 1333 1773 Non
1347 1739 1544 1772 obstantibus
1562 1739 1708 1771 omnibus
1727 1739 1796 1777 illis,
1811 1749 1890 1782 quae
1934 1780 1938 1786 ¹
1961 1746 2089 1783 'narniam

1149 1793 1180 1825 in
1204 1793 1294 1826 dictis
1326 1793 1436 1826 litteris
1466 1792 1624 1826 voluimus
1656 1803 1717 1825 non
1743 1793 1889 1833 obstare,
1906 1775 2096 1842 fitzssfflllffllt'gfl

1149 1846 1324 1890 ceterisque
1355 1846 1523 1879 contrariis
1559 1847 1819 1890 quilmscun'ique.
1854 1847 1892 1880 Ut
1906 1832 1994 1853 p'omm'

1148 1905 1252 1933 autem
1279 1905 1461 1943 praesentes
1486 1899 1607 1933 litterae
1640 1900 1759 1932 facilius
1789 1900 1889 1933 omni-

1148 1953 1206 1985 bus
1234 1953 1439 1994 innotescant,
1474 1954 1618 1986 volumus
1649 1959 1681 1985 ut
1706 1954 1890 1986 carumdem

1149 2007 1362 2050 praesentium
1378 2007 1596 2050 transumptis,
1612 2008 1703 2039 etiam
1718 2007 1891 2051 impressis,

1150 2070 1244 2093 manu
1268 2059 1399 2093 alicuius
1423 2060 1536 2092 notarii
1568 2060 1688 2103 publici
1713 2060 1890 2103 subsriptis,

1149 2118 1179 2145 et
1202 2113 1305 2155 sigillo
1330 2123 1484 2157 personae
1510 2113 1540 2145 in
1565 2113 1715 2155 dignitate
1741 2113 1890 2146 ecclesia-

1149 2166 1226 2199 stica
1251 2166 1438 2199 constitutae
1464 2166 1601 2207 munitis,
1625 2166 1734 2201 eadem
1758 2177 1890 2210 prorsus

1150 2219 1267 2263 ubique
1290 2219 1368 2252 sides
1392 2219 1587 2261 adhibeatur,
1609 2230 1688 2262 quae
1712 2219 1787 2262 ipsis
1805 2229 1890 2262 prac-

1149 2273 1289 2307 sentibus
1313 2272 1528 2313 adhiberetur,
1554 2273 1578 2305 si
1603 2273 1704 2306 [orent
1733 2273 1890 2305 exhibitae

1149 2327 1197 2359 vel
1221 2331 1374 2359 ostensae.

1193 2380 1303 2412 Datum
1318 2380 1445 2419 Romae,
1459 2379 1542 2422 apud
1566 2378 1594 2411 S
1614 2379 1750 2418 Petrum,
1769 2378 1825 2410 sub
1839 2388 1890 2410 an-

1149 2434 1222 2466 nulo
1247 2432 1424 2470 piscatoris,
1442 2432 1491 2464 ‹lie
1512 2442 1575 2465 xxti
1604 2432 1707 2464 martii
1738 2442 1889 2471 itnnxxfti,

1141 2487 1348 2531 ’pontificatus
1372 2487 1470 2519 nostri
1497 2496 1577 2517 anno
1603 2496 1667 2517 vni.

1184 2541 1241 2568 Dat.
1259 2540 1302 2567 dic
1317 2540 1350 2566 ⁶222
1367 2540 1458 2567 martii
1475 2540 1556 2573 1631,
1579 2539 1674 2574 pontis.
1692 2547 1764 2567 anno
1782 2546 1837 2566 rut.

1186 2605 1196 2631 1
1215 2602 1356 2631 Coniunct.
1370 2611 1424 2637 per
1440 2610 1488 2630 nos
1503 2602 1627 2630 addimus
1641 2602 1680 2637 (a.
1697 2602 1745 2636 T.).
