<?xml version="1.0" encoding="UTF-8"?>
<!DOCTYPE html PUBLIC "-//W3C//DTD XHTML 1.0 Transitional//EN"
    "http://www.w3.org/TR/xhtml1/DTD/xhtml1-transitional.dtd">
<html xmlns="http://www.w3.org/1999/xhtml" xml:lang="en" lang="en">
 <head>
  <title>
</title>
<meta http-equiv="Content-Type" content="text/html;charset=utf-8" />
  <meta name='ocr-system' content='tesseract 3.04.00' />
  <meta name='ocr-capabilities' content='ocr_page ocr_carea ocr_par ocr_line ocrx_word'/>
</head>
<body>
  <div class='ocr_page' id='page_1' title='image "./bullarumdiplomat14cath_0439.png"; bbox 0 0 2248 3229; ppageno 0'>
   <div class='ocr_carea' id='block_1_1' title="bbox 80 243 264 274">
    <p class='ocr_par' dir='ltr' id='par_1_1' title="bbox 80 243 264 274">
     <span class='ocr_line' id='line_1_1' title="bbox 80 243 264 274; baseline 0 -2"><span class='ocrx_word' id='word_1_1' title='bbox 80 244 130 273; x_wconf 79' lang='lat' dir='ltr'>An.</span> <span class='ocrx_word' id='word_1_2' title='bbox 150 243 178 274; x_wconf 86' lang='lat' dir='ltr'>C.</span> <span class='ocrx_word' id='word_1_3' title='bbox 195 244 264 274; x_wconf 75' lang='lat'>1634</span> 
     </span>
    </p>
   </div>
   <div class='ocr_carea' id='block_1_2' title="bbox 77 682 262 785">
    <p class='ocr_par' dir='ltr' id='par_1_2' title="bbox 77 682 262 785">
     <span class='ocr_line' id='line_1_2' title="bbox 102 682 262 710; baseline 0 -6"><span class='ocrx_word' id='word_1_4' title='bbox 102 682 131 704; x_wconf 77' lang='lat' dir='ltr'>Ne</span> <span class='ocrx_word' id='word_1_5' title='bbox 142 683 188 710; x_wconf 77' lang='lat' dir='ltr'>quis</span> <span class='ocrx_word' id='word_1_6' title='bbox 198 683 262 710; x_wconf 65' lang='lat' dir='ltr'>eliga-</span> 
     </span>
     <span class='ocr_line' id='line_1_3' title="bbox 79 710 260 731; baseline 0.006 -1"><span class='ocrx_word' id='word_1_7' title='bbox 79 712 112 730; x_wconf 82' lang='lat' dir='ltr'>tur</span> <span class='ocrx_word' id='word_1_8' title='bbox 126 712 175 731; x_wconf 76' lang='lat' dir='ltr'>ante</span> <span class='ocrx_word' id='word_1_9' title='bbox 188 710 260 731; x_wconf 79' lang='lat' dir='ltr'>decem</span> 
     </span>
     <span class='ocr_line' id='line_1_4' title="bbox 78 737 261 767; baseline 0.005 -10"><span class='ocrx_word' id='word_1_10' title='bbox 78 743 143 767; x_wconf 47' lang='lat' dir='ltr'>annos</span> <span class='ocrx_word' id='word_1_11' title='bbox 176 737 261 764; x_wconf 78' lang='lat' dir='ltr'>profes·</span> 
     </span>
     <span class='ocr_line' id='line_1_5' title="bbox 77 770 150 785; baseline 0.014 -1"><span class='ocrx_word' id='word_1_12' title='bbox 77 770 150 785; x_wconf 72' lang='lat' dir='ltr'>smnus.</span> 
     </span>
    </p>
   </div>
   <div class='ocr_carea' id='block_1_3' title="bbox 76 1005 260 1054">
    <p class='ocr_par' dir='ltr' id='par_1_3' title="bbox 76 1005 260 1054">
     <span class='ocr_line' id='line_1_6' title="bbox 104 1005 260 1027; baseline -0.006 0"><span class='ocrx_word' id='word_1_13' title='bbox 104 1005 179 1027; x_wconf 75' lang='lat' dir='ltr'>Officia</span> <span class='ocrx_word' id='word_1_14' title='bbox 197 1006 260 1026; x_wconf 75' lang='lat' dir='ltr'>trlen-</span> 
     </span>
     <span class='ocr_line' id='line_1_7' title="bbox 76 1034 140 1054; baseline 0 0"><span class='ocrx_word' id='word_1_15' title='bbox 76 1034 140 1054; x_wconf 83' lang='lat' dir='ltr'>ualia.</span> 
     </span>
    </p>
   </div>
   <div class='ocr_carea' id='block_1_4' title="bbox 77 1219 262 1294">
    <p class='ocr_par' dir='ltr' id='par_1_4' title="bbox 77 1219 262 1294">
     <span class='ocr_line' id='line_1_8' title="bbox 110 1219 260 1245; baseline 0.007 -6"><span class='ocrx_word' id='word_1_16' title='bbox 110 1219 260 1245; x_wconf 64' lang='lat' dir='ltr'>fingendorum</span> 
     </span>
     <span class='ocr_line' id='line_1_9' title="bbox 77 1246 262 1273; baseline 0.016 -8"><span class='ocrx_word' id='word_1_17' title='bbox 77 1247 97 1266; x_wconf 85' lang='lat' dir='ltr'>in</span> <span class='ocrx_word' id='word_1_18' title='bbox 112 1246 200 1268; x_wconf 68' lang='lat' dir='ltr'>abbates</span> <span class='ocrx_word' id='word_1_19' title='bbox 211 1252 262 1273; x_wconf 84' lang='lat' dir='ltr'>qua·</span> 
     </span>
     <span class='ocr_line' id='line_1_10' title="bbox 77 1273 153 1294; baseline 0.013 -1"><span class='ocrx_word' id='word_1_20' title='bbox 77 1273 153 1294; x_wconf 68' lang='lat' dir='ltr'>tuales.</span> 
     </span>
    </p>
   </div>
   <div class='ocr_carea' id='block_1_5' title="bbox 78 1968 261 2016">
    <p class='ocr_par' dir='ltr' id='par_1_5' title="bbox 78 1968 261 2016">
     <span class='ocr_line' id='line_1_11' title="bbox 118 1968 261 1995; baseline 0.014 -6"><span class='ocrx_word' id='word_1_21' title='bbox 118 1968 209 1995; x_wconf 83' lang='lat' dir='ltr'>Capituli</span> <span class='ocrx_word' id='word_1_22' title='bbox 224 1969 261 1991; x_wconf 87' lang='lat' dir='ltr'>du-</span> 
     </span>
     <span class='ocr_line' id='line_1_12' title="bbox 78 1998 139 2016; baseline 0 0"><span class='ocrx_word' id='word_1_23' title='bbox 78 1998 139 2016; x_wconf 81' lang='lat' dir='ltr'>ratio.</span> 
     </span>
    </p>
   </div>
   <div class='ocr_carea' id='block_1_6' title="bbox 111 2181 261 2204">
    <p class='ocr_par' dir='ltr' id='par_1_6' title="bbox 111 2181 261 2204">
     <span class='ocr_line' id='line_1_13' title="bbox 111 2181 261 2204; baseline 0.007 -2"><span class='ocrx_word' id='word_1_24' title='bbox 111 2181 217 2204; x_wconf 77' lang='lat' dir='ltr'>Praesidis</span> <span class='ocrx_word' id='word_1_25' title='bbox 232 2182 261 2203; x_wconf 87' lang='lat' dir='ltr'>lo-</span> 
     </span>
    </p>
   </div>
   <div class='ocr_carea' id='block_1_7' title="bbox 78 2501 262 2578">
    <p class='ocr_par' dir='ltr' id='par_1_7' title="bbox 78 2501 262 2578">
     <span class='ocr_line' id='line_1_14' title="bbox 104 2501 262 2523; baseline 0 0"><span class='ocrx_word' id='word_1_26' title='bbox 104 2501 206 2523; x_wconf 76' lang='lat' dir='ltr'>Numerus</span> <span class='ocrx_word' id='word_1_27' title='bbox 229 2507 262 2523; x_wconf 84' lang='lat' dir='ltr'>re-</span> 
     </span>
     <span class='ocr_line' id='line_1_15' title="bbox 78 2527 262 2554; baseline 0.016 -7"><span class='ocrx_word' id='word_1_28' title='bbox 78 2527 200 2554; x_wconf 79' lang='lat' dir='ltr'>ligiosorum</span> <span class='ocrx_word' id='word_1_29' title='bbox 229 2532 262 2550; x_wconf 81' lang='lat' dir='ltr'>ta-</span> 
     </span>
     <span class='ocr_line' id='line_1_16' title="bbox 79 2556 168 2578; baseline 0.034 -3"><span class='ocrx_word' id='word_1_30' title='bbox 79 2556 168 2578; x_wconf 76' lang='lat' dir='ltr'>xaudus.</span> 
     </span>
    </p>
   </div>
   <div class='ocr_carea' id='block_1_8' title="bbox 890 242 1184 269">
    <p class='ocr_par' dir='ltr' id='par_1_8' title="bbox 890 242 1184 269">
     <span class='ocr_line' id='line_1_17' title="bbox 890 242 1184 269; baseline -0.003 -2"><span class='ocrx_word' id='word_1_31' title='bbox 890 242 1032 269; x_wconf 73' lang='lat' dir='ltr'><strong>URBANUS</strong></span> <span class='ocrx_word' id='word_1_32' title='bbox 1056 242 1113 267; x_wconf 82' lang='lat' dir='ltr'>vm</span> <span class='ocrx_word' id='word_1_33' title='bbox 1136 242 1184 267; x_wconf 74' lang='lat' dir='ltr'>FP.</span> 
     </span>
    </p>
   </div>
   <div class='ocr_carea' id='block_1_9' title="bbox 274 291 1021 2709">
    <p class='ocr_par' dir='ltr' id='par_1_9' title="bbox 275 291 1017 659">
     <span class='ocr_line' id='line_1_18' title="bbox 277 291 1016 335; baseline 0 -9"><span class='ocrx_word' id='word_1_34' title='bbox 277 291 485 335; x_wconf 85' lang='lat' dir='ltr'>observantia,</span> <span class='ocrx_word' id='word_1_35' title='bbox 512 292 602 326; x_wconf 82' lang='lat' dir='ltr'>enixe</span> <span class='ocrx_word' id='word_1_36' title='bbox 626 291 792 326; x_wconf 79' lang='lat' dir='ltr'>hortamur</span> <span class='ocrx_word' id='word_1_37' title='bbox 818 292 848 325; x_wconf 90' lang='lat' dir='ltr'>in</span> <span class='ocrx_word' id='word_1_38' title='bbox 873 292 1016 333; x_wconf 88' lang='lat' dir='ltr'>Domino,</span> 
     </span>
     <span class='ocr_line' id='line_1_19' title="bbox 276 346 1016 390; baseline -0.001 -11"><span class='ocrx_word' id='word_1_39' title='bbox 276 356 312 379; x_wconf 90' lang='lat' dir='ltr'>ac</span> <span class='ocrx_word' id='word_1_40' title='bbox 336 346 428 379; x_wconf 86' lang='lat' dir='ltr'>etiam</span> <span class='ocrx_word' id='word_1_41' title='bbox 453 346 498 379; x_wconf 86' lang='lat' dir='ltr'>eis</span> <span class='ocrx_word' id='word_1_42' title='bbox 522 346 734 390; x_wconf 87' lang='lat' dir='ltr'>praecipimus</span> <span class='ocrx_word' id='word_1_43' title='bbox 759 350 788 380; x_wconf 90' lang='lat' dir='ltr'>et</span> <span class='ocrx_word' id='word_1_44' title='bbox 813 346 1016 386; x_wconf 79' lang='lat' dir='ltr'>mandamus,</span> 
     </span>
     <span class='ocr_line' id='line_1_20' title="bbox 275 400 1015 444; baseline 0 -12"><span class='ocrx_word' id='word_1_45' title='bbox 275 406 309 433; x_wconf 85' lang='lat' dir='ltr'>ut</span> <span class='ocrx_word' id='word_1_46' title='bbox 332 400 364 432; x_wconf 92' lang='lat' dir='ltr'>in</span> <span class='ocrx_word' id='word_1_47' title='bbox 383 400 609 444; x_wconf 88' lang='lat' dir='ltr'>frequentando</span> <span class='ocrx_word' id='word_1_48' title='bbox 623 405 717 434; x_wconf 89' lang='lat' dir='ltr'>noctu</span> <span class='ocrx_word' id='word_1_49' title='bbox 735 400 849 443; x_wconf 89' lang='lat' dir='ltr'>diuque</span> <span class='ocrx_word' id='word_1_50' title='bbox 871 400 1015 440; x_wconf 84' lang='lat' dir='ltr'>eliorum,</span> 
     </span>
     <span class='ocr_line' id='line_1_21' title="bbox 275 454 1016 497; baseline 0.001 -11"><span class='ocrx_word' id='word_1_51' title='bbox 275 454 338 487; x_wconf 66' lang='lat' dir='ltr'>vita</span> <span class='ocrx_word' id='word_1_52' title='bbox 363 454 523 487; x_wconf 92' lang='lat' dir='ltr'>communi</span> <span class='ocrx_word' id='word_1_53' title='bbox 548 454 579 486; x_wconf 94' lang='lat' dir='ltr'>in</span> <span class='ocrx_word' id='word_1_54' title='bbox 604 454 772 487; x_wconf 82' lang='lat' dir='ltr'>refectorio</span> <span class='ocrx_word' id='word_1_55' title='bbox 797 454 938 497; x_wconf 74' lang='lat' dir='ltr'>agenda,</span> <span class='ocrx_word' id='word_1_56' title='bbox 965 464 1016 487; x_wconf 91' lang='lat' dir='ltr'>ce-</span> 
     </span>
     <span class='ocr_line' id='line_1_22' title="bbox 276 507 1017 553; baseline 0 -13"><span class='ocrx_word' id='word_1_57' title='bbox 276 508 413 553; x_wconf 86' lang='lat' dir='ltr'>terisque</span> <span class='ocrx_word' id='word_1_58' title='bbox 437 507 643 541; x_wconf 76' lang='lat' dir='ltr'>observantiis</span> <span class='ocrx_word' id='word_1_59' title='bbox 673 508 830 550; x_wconf 87' lang='lat' dir='ltr'>omnibus,</span> <span class='ocrx_word' id='word_1_60' title='bbox 857 518 936 552; x_wconf 88' lang='lat' dir='ltr'>quae</span> <span class='ocrx_word' id='word_1_61' title='bbox 960 518 1017 551; x_wconf 90' lang='lat' dir='ltr'>per</span> 
     </span>
     <span class='ocr_line' id='line_1_23' title="bbox 276 559 1015 606; baseline 0 -12"><span class='ocrx_word' id='word_1_62' title='bbox 276 562 419 604; x_wconf 86' lang='lat' dir='ltr'>regulam</span> <span class='ocrx_word' id='word_1_63' title='bbox 441 567 471 595; x_wconf 91' lang='lat' dir='ltr'>et</span> <span class='ocrx_word' id='word_1_64' title='bbox 488 559 1015 606; x_wconf 84' lang='lat' dir='ltr'>constitutionespraescribuntur,</span> 
     </span>
     <span class='ocr_line' id='line_1_24' title="bbox 277 615 992 659; baseline -0.003 -11"><span class='ocrx_word' id='word_1_65' title='bbox 277 620 383 648; x_wconf 81' lang='lat' dir='ltr'>exacte</span> <span class='ocrx_word' id='word_1_66' title='bbox 407 615 570 656; x_wconf 71' lang='lat' dir='ltr'>obeundiS,</span> <span class='ocrx_word' id='word_1_67' title='bbox 595 615 728 648; x_wconf 87' lang='lat' dir='ltr'>subditis</span> <span class='ocrx_word' id='word_1_68' title='bbox 754 616 897 659; x_wconf 77' lang='lat' dir='ltr'>exemplo</span> <span class='ocrx_word' id='word_1_69' title='bbox 922 615 992 647; x_wconf 87' lang='lat' dir='ltr'>sint.</span> 
     </span>
    </p>

    <p class='ocr_par' dir='ltr' id='par_1_10' title="bbox 276 668 1017 972">
     <span class='ocr_line' id='line_1_25' title="bbox 320 668 1017 713; baseline 0 -11"><span class='ocrx_word' id='word_1_70' title='bbox 320 669 397 702; x_wconf 82' lang='lat' dir='ltr'>XXI.</span> <span class='ocrx_word' id='word_1_71' title='bbox 425 670 534 703; x_wconf 87' lang='lat' dir='ltr'>Nullus</span> <span class='ocrx_word' id='word_1_72' title='bbox 558 670 657 713; x_wconf 87' lang='lat' dir='ltr'>possit</span> <span class='ocrx_word' id='word_1_73' title='bbox 681 670 754 713; x_wconf 87' lang='lat' dir='ltr'>eligi</span> <span class='ocrx_word' id='word_1_74' title='bbox 779 670 818 703; x_wconf 88' lang='lat' dir='ltr'>ad</span> <span class='ocrx_word' id='word_1_75' title='bbox 843 668 1017 703; x_wconf 79' lang='lat' dir='ltr'>exercenda</span> 
     </span>
     <span class='ocr_line' id='line_1_26' title="bbox 276 722 1017 767; baseline 0 -11"><span class='ocrx_word' id='word_1_76' title='bbox 276 722 397 764; x_wconf 85' lang='lat' dir='ltr'>officia,</span> <span class='ocrx_word' id='word_1_77' title='bbox 422 724 495 767; x_wconf 86' lang='lat' dir='ltr'>qui,</span> <span class='ocrx_word' id='word_1_78' title='bbox 521 730 645 767; x_wconf 89' lang='lat' dir='ltr'>praeter</span> <span class='ocrx_word' id='word_1_79' title='bbox 669 724 744 757; x_wconf 86' lang='lat' dir='ltr'>alias</span> <span class='ocrx_word' id='word_1_80' title='bbox 768 724 963 758; x_wconf 83' lang='lat' dir='ltr'>conditiones</span> <span class='ocrx_word' id='word_1_81' title='bbox 988 728 1017 756; x_wconf 88' lang='lat' dir='ltr'>et</span> 
     </span>
     <span class='ocr_line' id='line_1_27' title="bbox 276 777 1017 821; baseline -0.001 -11"><span class='ocrx_word' id='word_1_82' title='bbox 276 777 437 821; x_wconf 82' lang='lat' dir='ltr'>requisita,</span> <span class='ocrx_word' id='word_1_83' title='bbox 455 788 517 810; x_wconf 92' lang='lat' dir='ltr'>non</span> <span class='ocrx_word' id='word_1_84' title='bbox 534 778 681 811; x_wconf 87' lang='lat' dir='ltr'>habuerit</span> <span class='ocrx_word' id='word_1_85' title='bbox 697 778 805 811; x_wconf 87' lang='lat' dir='ltr'>decem</span> <span class='ocrx_word' id='word_1_86' title='bbox 820 788 918 811; x_wconf 91' lang='lat' dir='ltr'>annos</span> <span class='ocrx_word' id='word_1_87' title='bbox 935 787 1017 810; x_wconf 86' lang='lat' dir='ltr'>coin-</span> 
     </span>
     <span class='ocr_line' id='line_1_28' title="bbox 276 831 1016 875; baseline -0.001 -11"><span class='ocrx_word' id='word_1_88' title='bbox 276 831 376 874; x_wconf 87' lang='lat' dir='ltr'>pletos</span> <span class='ocrx_word' id='word_1_89' title='bbox 401 832 615 875; x_wconf 76' lang='lat' dir='ltr'>professionis,</span> <span class='ocrx_word' id='word_1_90' title='bbox 641 832 715 864; x_wconf 76' lang='lat' dir='ltr'>alias</span> <span class='ocrx_word' id='word_1_91' title='bbox 740 832 850 865; x_wconf 76' lang='lat' dir='ltr'>electio</span> <span class='ocrx_word' id='word_1_92' title='bbox 866 831 905 864; x_wconf 90' lang='lat' dir='ltr'>sit</span> <span class='ocrx_word' id='word_1_93' title='bbox 921 831 1016 871; x_wconf 87' lang='lat' dir='ltr'>nulla,</span> 
     </span>
     <span class='ocr_line' id='line_1_29' title="bbox 276 884 1016 928; baseline 0 -12"><span class='ocrx_word' id='word_1_94' title='bbox 276 889 306 916; x_wconf 90' lang='lat' dir='ltr'>ct</span> <span class='ocrx_word' id='word_1_95' title='bbox 337 884 488 918; x_wconf 74' lang='lat' dir='ltr'>electores</span> <span class='ocrx_word' id='word_1_96' title='bbox 521 885 666 918; x_wconf 75' lang='lat' dir='ltr'>facultate</span> <span class='ocrx_word' id='word_1_97' title='bbox 701 885 838 928; x_wconf 86' lang='lat' dir='ltr'>eligendi</span> <span class='ocrx_word' id='word_1_98' title='bbox 869 884 1016 927; x_wconf 78' lang='lat' dir='ltr'>deinceps</span> 
     </span>
     <span class='ocr_line' id='line_1_30' title="bbox 277 944 412 972; baseline 0.007 -1"><span class='ocrx_word' id='word_1_99' title='bbox 277 944 412 972; x_wconf 79' lang='lat' dir='ltr'>careant.</span> 
     </span>
    </p>

    <p class='ocr_par' dir='ltr' id='par_1_11' title="bbox 276 992 1018 1187">
     <span class='ocr_line' id='line_1_31' title="bbox 320 992 1017 1036; baseline -0.001 -11"><span class='ocrx_word' id='word_1_100' title='bbox 320 992 409 1026; x_wconf 75' lang='lat' dir='ltr'>XXII.</span> <span class='ocrx_word' id='word_1_101' title='bbox 434 992 541 1026; x_wconf 86' lang='lat' dir='ltr'>Ossicia</span> <span class='ocrx_word' id='word_1_102' title='bbox 566 993 734 1036; x_wconf 77' lang='lat' dir='ltr'>prioratus,</span> <span class='ocrx_word' id='word_1_103' title='bbox 753 992 967 1025; x_wconf 88' lang='lat' dir='ltr'>cellerariatus</span> <span class='ocrx_word' id='word_1_104' title='bbox 988 996 1017 1024; x_wconf 89' lang='lat' dir='ltr'>et</span> 
     </span>
     <span class='ocr_line' id='line_1_32' title="bbox 276 1045 1017 1089; baseline -0.003 -10"><span class='ocrx_word' id='word_1_105' title='bbox 276 1046 417 1089; x_wconf 77' lang='lat' dir='ltr'>magistri</span> <span class='ocrx_word' id='word_1_106' title='bbox 441 1046 633 1080; x_wconf 85' lang='lat' dir='ltr'>novitiorum</span> <span class='ocrx_word' id='word_1_107' title='bbox 657 1056 721 1080; x_wconf 92' lang='lat' dir='ltr'>non</span> <span class='ocrx_word' id='word_1_108' title='bbox 745 1051 854 1079; x_wconf 72' lang='lat' dir='ltr'>vacent</span> <span class='ocrx_word' id='word_1_109' title='bbox 886 1045 1017 1089; x_wconf 81' lang='lat' dir='ltr'>singulis</span> 
     </span>
     <span class='ocr_line' id='line_1_33' title="bbox 276 1099 1018 1143; baseline -0.001 -10"><span class='ocrx_word' id='word_1_110' title='bbox 276 1100 375 1141; x_wconf 85' lang='lat' dir='ltr'>annis,</span> <span class='ocrx_word' id='word_1_111' title='bbox 400 1100 453 1133; x_wconf 87' lang='lat' dir='ltr'>sed</span> <span class='ocrx_word' id='word_1_112' title='bbox 478 1100 539 1133; x_wconf 90' lang='lat' dir='ltr'>sint</span> <span class='ocrx_word' id='word_1_113' title='bbox 563 1100 738 1143; x_wconf 84' lang='lat' dir='ltr'>triennalia,</span> <span class='ocrx_word' id='word_1_114' title='bbox 764 1105 798 1133; x_wconf 91' lang='lat' dir='ltr'>ut</span> <span class='ocrx_word' id='word_1_115' title='bbox 815 1099 889 1132; x_wconf 86' lang='lat' dir='ltr'>oliiu</span> <span class='ocrx_word' id='word_1_116' title='bbox 911 1100 1018 1133; x_wconf 87' lang='lat' dir='ltr'>obscr-</span> 
     </span>
     <span class='ocr_line' id='line_1_34' title="bbox 276 1154 414 1187; baseline 0.007 -2"><span class='ocrx_word' id='word_1_117' title='bbox 276 1154 414 1187; x_wconf 78' lang='lat' dir='ltr'>vabatur.</span> 
     </span>
    </p>

    <p class='ocr_par' dir='ltr' id='par_1_12' title="bbox 274 1207 1019 1948">
     <span class='ocr_line' id='line_1_35' title="bbox 319 1207 1017 1251; baseline -0.001 -11"><span class='ocrx_word' id='word_1_118' title='bbox 319 1207 423 1240; x_wconf 86' lang='lat' dir='ltr'>XXIII.</span> <span class='ocrx_word' id='word_1_119' title='bbox 448 1207 481 1239; x_wconf 93' lang='lat' dir='ltr'>In</span> <span class='ocrx_word' id='word_1_120' title='bbox 507 1207 653 1240; x_wconf 86' lang='lat' dir='ltr'>abbatem</span> <span class='ocrx_word' id='word_1_121' title='bbox 678 1207 824 1251; x_wconf 77' lang='lat' dir='ltr'>deinceps</span> <span class='ocrx_word' id='word_1_122' title='bbox 848 1207 952 1240; x_wconf 86' lang='lat' dir='ltr'>nullus</span> <span class='ocrx_word' id='word_1_123' title='bbox 969 1217 1017 1239; x_wconf 86' lang='lat' dir='ltr'>as-</span> 
     </span>
     <span class='ocr_line' id='line_1_36' title="bbox 277 1261 1017 1305; baseline -0.001 -11"><span class='ocrx_word' id='word_1_124' title='bbox 277 1264 438 1302; x_wconf 80' lang='lat' dir='ltr'>sumatur,</span> <span class='ocrx_word' id='word_1_125' title='bbox 474 1262 528 1305; x_wconf 89' lang='lat' dir='ltr'>qui</span> <span class='ocrx_word' id='word_1_126' title='bbox 561 1271 624 1294; x_wconf 93' lang='lat' dir='ltr'>non</span> <span class='ocrx_word' id='word_1_127' title='bbox 661 1261 774 1294; x_wconf 85' lang='lat' dir='ltr'>habeat</span> <span class='ocrx_word' id='word_1_128' title='bbox 810 1261 1017 1294; x_wconf 80' lang='lat' dir='ltr'>sufficientem</span> 
     </span>
     <span class='ocr_line' id='line_1_37' title="bbox 277 1314 1018 1348; baseline -0.001 -1"><span class='ocrx_word' id='word_1_129' title='bbox 277 1314 439 1348; x_wconf 88' lang='lat' dir='ltr'>scientiam</span> <span class='ocrx_word' id='word_1_130' title='bbox 464 1315 502 1348; x_wconf 91' lang='lat' dir='ltr'>ad</span> <span class='ocrx_word' id='word_1_131' title='bbox 528 1315 736 1348; x_wconf 85' lang='lat' dir='ltr'>exercendum</span> <span class='ocrx_word' id='word_1_132' title='bbox 762 1325 871 1348; x_wconf 87' lang='lat' dir='ltr'>curam</span> <span class='ocrx_word' id='word_1_133' title='bbox 900 1314 1018 1347; x_wconf 87' lang='lat' dir='ltr'>anima-</span> 
     </span>
     <span class='ocr_line' id='line_1_38' title="bbox 277 1369 1016 1413; baseline -0.001 -11"><span class='ocrx_word' id='word_1_134' title='bbox 277 1379 369 1410; x_wconf 88' lang='lat' dir='ltr'>rum,</span> <span class='ocrx_word' id='word_1_135' title='bbox 400 1369 475 1402; x_wconf 76' lang='lat' dir='ltr'>alias</span> <span class='ocrx_word' id='word_1_136' title='bbox 505 1369 616 1402; x_wconf 84' lang='lat' dir='ltr'>electio</span> <span class='ocrx_word' id='word_1_137' title='bbox 648 1370 687 1402; x_wconf 88' lang='lat' dir='ltr'>sit</span> <span class='ocrx_word' id='word_1_138' title='bbox 717 1370 785 1413; x_wconf 86' lang='lat' dir='ltr'>ipso</span> <span class='ocrx_word' id='word_1_139' title='bbox 806 1370 886 1402; x_wconf 87' lang='lat' dir='ltr'>sacto</span> <span class='ocrx_word' id='word_1_140' title='bbox 911 1369 1016 1402; x_wconf 89' lang='lat' dir='ltr'>nulla:</span> 
     </span>
     <span class='ocr_line' id='line_1_39' title="bbox 276 1423 1019 1467; baseline 0 -11"><span class='ocrx_word' id='word_1_141' title='bbox 276 1423 489 1467; x_wconf 78' lang='lat' dir='ltr'>supradictam</span> <span class='ocrx_word' id='word_1_142' title='bbox 514 1428 618 1456; x_wconf 89' lang='lat' dir='ltr'>autem</span> <span class='ocrx_word' id='word_1_143' title='bbox 643 1423 804 1456; x_wconf 89' lang='lat' dir='ltr'>scientiam</span> <span class='ocrx_word' id='word_1_144' title='bbox 827 1423 963 1456; x_wconf 86' lang='lat' dir='ltr'>adhunc</span> <span class='ocrx_word' id='word_1_145' title='bbox 979 1423 1019 1456; x_wconf 84' lang='lat' dir='ltr'>ef-</span> 
     </span>
     <span class='ocr_line' id='line_1_40' title="bbox 275 1476 1019 1519; baseline 0 -10"><span class='ocrx_word' id='word_1_146' title='bbox 275 1477 391 1510; x_wconf 84' lang='lat' dir='ltr'>fectum</span> <span class='ocrx_word' id='word_1_147' title='bbox 415 1487 469 1510; x_wconf 87' lang='lat' dir='ltr'>eos</span> <span class='ocrx_word' id='word_1_148' title='bbox 493 1481 614 1510; x_wconf 89' lang='lat' dir='ltr'>tantum</span> <span class='ocrx_word' id='word_1_149' title='bbox 637 1476 754 1510; x_wconf 89' lang='lat' dir='ltr'>habere</span> <span class='ocrx_word' id='word_1_150' title='bbox 778 1476 910 1519; x_wconf 84' lang='lat' dir='ltr'>intelligi</span> <span class='ocrx_word' id='word_1_151' title='bbox 934 1477 1019 1509; x_wconf 69' lang='lat' dir='ltr'>rolu-</span> 
     </span>
     <span class='ocr_line' id='line_1_41' title="bbox 275 1529 1017 1574; baseline 0 -12"><span class='ocrx_word' id='word_1_152' title='bbox 275 1540 355 1573; x_wconf 88' lang='lat' dir='ltr'>mus,</span> <span class='ocrx_word' id='word_1_153' title='bbox 380 1530 443 1574; x_wconf 89' lang='lat' dir='ltr'>qui,</span> <span class='ocrx_word' id='word_1_154' title='bbox 468 1540 527 1574; x_wconf 91' lang='lat' dir='ltr'>pro</span> <span class='ocrx_word' id='word_1_155' title='bbox 548 1530 713 1574; x_wconf 75' lang='lat' dir='ltr'>provincia</span> <span class='ocrx_word' id='word_1_156' title='bbox 737 1530 953 1571; x_wconf 88' lang='lat' dir='ltr'>Lombardiae,</span> <span class='ocrx_word' id='word_1_157' title='bbox 979 1529 1017 1562; x_wconf 90' lang='lat' dir='ltr'>ad</span> 
     </span>
     <span class='ocr_line' id='line_1_42' title="bbox 275 1584 1017 1628; baseline 0 -11"><span class='ocrx_word' id='word_1_158' title='bbox 275 1584 483 1618; x_wconf 82' lang='lat' dir='ltr'>exercendam</span> <span class='ocrx_word' id='word_1_159' title='bbox 508 1595 617 1618; x_wconf 89' lang='lat' dir='ltr'>curam</span> <span class='ocrx_word' id='word_1_160' title='bbox 647 1585 823 1618; x_wconf 87' lang='lat' dir='ltr'>animarum</span> <span class='ocrx_word' id='word_1_161' title='bbox 849 1584 1017 1628; x_wconf 89' lang='lat' dir='ltr'>approbati</span> 
     </span>
     <span class='ocr_line' id='line_1_43' title="bbox 274 1638 1018 1679; baseline 0.001 -9"><span class='ocrx_word' id='word_1_162' title='bbox 274 1638 391 1675; x_wconf 86' lang='lat' dir='ltr'>fuerint</span> <span class='ocrx_word' id='word_1_163' title='bbox 415 1638 453 1671; x_wconf 86' lang='lat' dir='ltr'>ab</span> <span class='ocrx_word' id='word_1_164' title='bbox 478 1638 644 1672; x_wconf 91' lang='lat' dir='ltr'>Ordinario</span> <span class='ocrx_word' id='word_1_165' title='bbox 669 1638 902 1679; x_wconf 84' lang='lat' dir='ltr'>Mediolanensi,</span> <span class='ocrx_word' id='word_1_166' title='bbox 920 1639 1018 1671; x_wconf 85' lang='lat' dir='ltr'>aFlo-</span> 
     </span>
     <span class='ocr_line' id='line_1_44' title="bbox 274 1692 1017 1736; baseline 0 -12"><span class='ocrx_word' id='word_1_167' title='bbox 274 1692 397 1725; x_wconf 84' lang='lat' dir='ltr'>rentino</span> <span class='ocrx_word' id='word_1_168' title='bbox 422 1702 496 1725; x_wconf 83' lang='lat' dir='ltr'>vero</span> <span class='ocrx_word' id='word_1_169' title='bbox 520 1703 579 1736; x_wconf 89' lang='lat' dir='ltr'>pro</span> <span class='ocrx_word' id='word_1_170' title='bbox 607 1692 769 1736; x_wconf 77' lang='lat' dir='ltr'>provincia</span> <span class='ocrx_word' id='word_1_171' title='bbox 793 1692 1017 1732; x_wconf 67' lang='lat' dir='ltr'>Tusciac,&#39;x·el</span> 
     </span>
     <span class='ocr_line' id='line_1_45' title="bbox 275 1745 1016 1789; baseline 0 -11"><span class='ocrx_word' id='word_1_172' title='bbox 275 1755 334 1789; x_wconf 88' lang='lat' dir='ltr'>pro</span> <span class='ocrx_word' id='word_1_173' title='bbox 358 1747 492 1789; x_wconf 74' lang='lat' dir='ltr'>utraque</span> <span class='ocrx_word' id='word_1_174' title='bbox 516 1745 678 1789; x_wconf 73' lang='lat' dir='ltr'>provincia</span> <span class='ocrx_word' id='word_1_175' title='bbox 701 1745 740 1778; x_wconf 89' lang='lat' dir='ltr'>ab</span> <span class='ocrx_word' id='word_1_176' title='bbox 764 1745 856 1778; x_wconf 89' lang='lat' dir='ltr'>Urbis</span> <span class='ocrx_word' id='word_1_177' title='bbox 883 1745 1016 1789; x_wconf 83' lang='lat' dir='ltr'>vicario,</span> 
     </span>
     <span class='ocr_line' id='line_1_46' title="bbox 276 1798 1016 1843; baseline 0.003 -13"><span class='ocrx_word' id='word_1_178' title='bbox 276 1798 339 1831; x_wconf 74' lang='lat' dir='ltr'>sive</span> <span class='ocrx_word' id='word_1_179' title='bbox 355 1798 394 1830; x_wconf 88' lang='lat' dir='ltr'>ab</span> <span class='ocrx_word' id='word_1_180' title='bbox 407 1798 468 1831; x_wconf 91' lang='lat' dir='ltr'>alio</span> <span class='ocrx_word' id='word_1_181' title='bbox 481 1798 646 1833; x_wconf 86' lang='lat' dir='ltr'>Ordinario</span> <span class='ocrx_word' id='word_1_182' title='bbox 660 1809 719 1843; x_wconf 91' lang='lat' dir='ltr'>per</span> <span class='ocrx_word' id='word_1_183' title='bbox 733 1799 1016 1832; x_wconf 86' lang='lat' dir='ltr'>eminentissimum</span> 
     </span>
     <span class='ocr_line' id='line_1_47' title="bbox 277 1851 1018 1897; baseline 0.001 -13"><span class='ocrx_word' id='word_1_184' title='bbox 277 1851 467 1884; x_wconf 84' lang='lat' dir='ltr'>cardinalem</span> <span class='ocrx_word' id='word_1_185' title='bbox 490 1856 702 1895; x_wconf 80' lang='lat' dir='ltr'>protectorem</span> <span class='ocrx_word' id='word_1_186' title='bbox 720 1863 778 1896; x_wconf 91' lang='lat' dir='ltr'>pro</span> <span class='ocrx_word' id='word_1_187' title='bbox 800 1858 941 1897; x_wconf 90' lang='lat' dir='ltr'>tempore</span> <span class='ocrx_word' id='word_1_188' title='bbox 958 1852 1018 1885; x_wconf 81' lang='lat' dir='ltr'>exi-</span> 
     </span>
     <span class='ocr_line' id='line_1_48' title="bbox 276 1905 620 1948; baseline 0.003 -11"><span class='ocrx_word' id='word_1_189' title='bbox 276 1910 408 1937; x_wconf 84' lang='lat' dir='ltr'>stentem</span> <span class='ocrx_word' id='word_1_190' title='bbox 433 1905 620 1948; x_wconf 87' lang='lat' dir='ltr'>deputando.</span> 
     </span>
    </p>

    <p class='ocr_par' dir='ltr' id='par_1_13' title="bbox 277 1958 1018 2165">
     <span class='ocr_line' id='line_1_49' title="bbox 320 1958 1016 2003; baseline 0.001 -12"><span class='ocrx_word' id='word_1_191' title='bbox 320 1958 421 1991; x_wconf 80' lang='lat' dir='ltr'>XXIV.</span> <span class='ocrx_word' id='word_1_192' title='bbox 439 1958 616 2002; x_wconf 83' lang='lat' dir='ltr'>Capitulum</span> <span class='ocrx_word' id='word_1_193' title='bbox 634 1958 725 1992; x_wconf 90' lang='lat' dir='ltr'>duret</span> <span class='ocrx_word' id='word_1_194' title='bbox 743 1959 853 1992; x_wconf 88' lang='lat' dir='ltr'>saltem</span> <span class='ocrx_word' id='word_1_195' title='bbox 870 1970 928 2003; x_wconf 86' lang='lat' dir='ltr'>per</span> <span class='ocrx_word' id='word_1_196' title='bbox 946 1964 1016 1992; x_wconf 88' lang='lat' dir='ltr'>octo</span> 
     </span>
     <span class='ocr_line' id='line_1_50' title="bbox 277 2011 1018 2055; baseline 0 -10"><span class='ocrx_word' id='word_1_197' title='bbox 277 2011 352 2053; x_wconf 87' lang='lat' dir='ltr'>dies,</span> <span class='ocrx_word' id='word_1_198' title='bbox 377 2017 408 2045; x_wconf 88' lang='lat' dir='ltr'>et</span> <span class='ocrx_word' id='word_1_199' title='bbox 427 2012 558 2055; x_wconf 88' lang='lat' dir='ltr'>singulis</span> <span class='ocrx_word' id='word_1_200' title='bbox 587 2012 697 2046; x_wconf 88' lang='lat' dir='ltr'>diebus</span> <span class='ocrx_word' id='word_1_201' title='bbox 725 2013 774 2045; x_wconf 86' lang='lat' dir='ltr'>bis</span> <span class='ocrx_word' id='word_1_202' title='bbox 805 2018 1018 2055; x_wconf 75' lang='lat' dir='ltr'>congregetur</span> 
     </span>
     <span class='ocr_line' id='line_1_51' title="bbox 277 2067 1017 2110; baseline 0 -11"><span class='ocrx_word' id='word_1_203' title='bbox 277 2067 491 2100; x_wconf 86' lang='lat' dir='ltr'>definitorium</span> <span class='ocrx_word' id='word_1_204' title='bbox 522 2067 711 2100; x_wconf 89' lang='lat' dir='ltr'>duraturum</span> <span class='ocrx_word' id='word_1_205' title='bbox 743 2067 873 2110; x_wconf 83' lang='lat' dir='ltr'>singulis</span> <span class='ocrx_word' id='word_1_206' title='bbox 898 2067 1017 2100; x_wconf 67' lang='lat' dir='ltr'>vicibus</span> 
     </span>
     <span class='ocr_line' id='line_1_52' title="bbox 277 2121 661 2165; baseline 0.003 -12"><span class='ocrx_word' id='word_1_207' title='bbox 277 2121 385 2154; x_wconf 87' lang='lat' dir='ltr'>saltem</span> <span class='ocrx_word' id='word_1_208' title='bbox 402 2132 460 2165; x_wconf 90' lang='lat' dir='ltr'>per</span> <span class='ocrx_word' id='word_1_209' title='bbox 477 2127 540 2155; x_wconf 88' lang='lat' dir='ltr'>tres</span> <span class='ocrx_word' id='word_1_210' title='bbox 557 2122 661 2155; x_wconf 89' lang='lat' dir='ltr'>horas.</span> 
     </span>
    </p>

    <p class='ocr_par' dir='ltr' id='par_1_14' title="bbox 276 2175 1017 2486">
     <span class='ocr_line' id='line_1_53' title="bbox 321 2175 1017 2219; baseline -0.001 -12"><span class='ocrx_word' id='word_1_211' title='bbox 321 2175 407 2208; x_wconf 81' lang='lat' dir='ltr'>XXV.</span> <span class='ocrx_word' id='word_1_212' title='bbox 440 2175 648 2217; x_wconf 89' lang='lat' dir='ltr'>Constitutio,</span> <span class='ocrx_word' id='word_1_213' title='bbox 681 2187 742 2219; x_wconf 86' lang='lat' dir='ltr'>qua</span> <span class='ocrx_word' id='word_1_214' title='bbox 774 2175 951 2219; x_wconf 81' lang='lat' dir='ltr'>disponitur</span> <span class='ocrx_word' id='word_1_215' title='bbox 983 2180 1017 2207; x_wconf 61' lang='lat' dir='ltr'>ut,</span> 
     </span>
     <span class='ocr_line' id='line_1_54' title="bbox 276 2229 1017 2274; baseline -0.001 -13"><span class='ocrx_word' id='word_1_216' title='bbox 276 2239 402 2272; x_wconf 85' lang='lat' dir='ltr'>praeses</span> <span class='ocrx_word' id='word_1_217' title='bbox 422 2229 557 2262; x_wconf 85' lang='lat' dir='ltr'>resideat</span> <span class='ocrx_word' id='word_1_218' title='bbox 573 2230 604 2262; x_wconf 91' lang='lat' dir='ltr'>in</span> <span class='ocrx_word' id='word_1_219' title='bbox 621 2230 763 2274; x_wconf 88' lang='lat' dir='ltr'>partibus</span> <span class='ocrx_word' id='word_1_220' title='bbox 780 2229 955 2270; x_wconf 77' lang='lat' dir='ltr'>Mediolani,</span> <span class='ocrx_word' id='word_1_221' title='bbox 975 2229 1017 2261; x_wconf 93' lang='lat' dir='ltr'>in-</span> 
     </span>
     <span class='ocr_line' id='line_1_55' title="bbox 277 2282 1016 2325; baseline -0.001 -10"><span class='ocrx_word' id='word_1_222' title='bbox 277 2282 435 2325; x_wconf 78' lang='lat' dir='ltr'>telligatur</span> <span class='ocrx_word' id='word_1_223' title='bbox 459 2283 497 2316; x_wconf 90' lang='lat' dir='ltr'>de</span> <span class='ocrx_word' id='word_1_224' title='bbox 521 2283 719 2317; x_wconf 86' lang='lat' dir='ltr'>monasteriis</span> <span class='ocrx_word' id='word_1_225' title='bbox 743 2293 806 2316; x_wconf 90' lang='lat' dir='ltr'>non</span> <span class='ocrx_word' id='word_1_226' title='bbox 830 2283 1016 2316; x_wconf 81' lang='lat' dir='ltr'>distantibus</span> 
     </span>
     <span class='ocr_line' id='line_1_56' title="bbox 276 2335 1016 2379; baseline 0.001 -12"><span class='ocrx_word' id='word_1_227' title='bbox 276 2335 314 2367; x_wconf 92' lang='lat' dir='ltr'>ab</span> <span class='ocrx_word' id='word_1_228' title='bbox 332 2335 410 2368; x_wconf 91' lang='lat' dir='ltr'>urbe</span> <span class='ocrx_word' id='word_1_229' title='bbox 430 2335 594 2369; x_wconf 86' lang='lat' dir='ltr'>Mediolani</span> <span class='ocrx_word' id='word_1_230' title='bbox 612 2337 693 2369; x_wconf 87' lang='lat' dir='ltr'>ultra</span> <span class='ocrx_word' id='word_1_231' title='bbox 710 2336 835 2377; x_wconf 85' lang='lat' dir='ltr'>dietam,</span> <span class='ocrx_word' id='word_1_232' title='bbox 849 2336 880 2368; x_wconf 92' lang='lat' dir='ltr'>in</span> <span class='ocrx_word' id='word_1_233' title='bbox 900 2336 1016 2379; x_wconf 86' lang='lat' dir='ltr'>quibus</span> 
     </span>
     <span class='ocr_line' id='line_1_57' title="bbox 277 2389 1016 2435; baseline 0.001 -14"><span class='ocrx_word' id='word_1_234' title='bbox 277 2389 351 2422; x_wconf 77' lang='lat' dir='ltr'>alias</span> <span class='ocrx_word' id='word_1_235' title='bbox 364 2399 428 2423; x_wconf 93' lang='lat' dir='ltr'>non</span> <span class='ocrx_word' id='word_1_236' title='bbox 441 2390 480 2423; x_wconf 88' lang='lat' dir='ltr'>sit</span> <span class='ocrx_word' id='word_1_237' title='bbox 494 2390 691 2434; x_wconf 87' lang='lat' dir='ltr'>prohibitum</span> <span class='ocrx_word' id='word_1_238' title='bbox 715 2391 855 2424; x_wconf 87' lang='lat' dir='ltr'>residere</span> <span class='ocrx_word' id='word_1_239' title='bbox 871 2390 1016 2435; x_wconf 84' lang='lat' dir='ltr'>patribus</span> 
     </span>
     <span class='ocr_line' id='line_1_58' title="bbox 276 2453 451 2486; baseline 0.011 -11"><span class='ocrx_word' id='word_1_240' title='bbox 276 2453 451 2486; x_wconf 84' lang='lat' dir='ltr'>regiminis.</span> 
     </span>
    </p>

    <p class='ocr_par' dir='ltr' id='par_1_15' title="bbox 276 2497 1021 2709">
     <span class='ocr_line' id='line_1_59' title="bbox 321 2497 1017 2542; baseline 0 -12"><span class='ocrx_word' id='word_1_241' title='bbox 321 2497 422 2530; x_wconf 73' lang='lat' dir='ltr'>XXVI.</span> <span class='ocrx_word' id='word_1_242' title='bbox 448 2497 482 2530; x_wconf 93' lang='lat' dir='ltr'>In</span> <span class='ocrx_word' id='word_1_243' title='bbox 507 2498 651 2542; x_wconf 77' lang='lat' dir='ltr'>proxime</span> <span class='ocrx_word' id='word_1_244' title='bbox 675 2498 782 2531; x_wconf 89' lang='lat' dir='ltr'>futuro</span> <span class='ocrx_word' id='word_1_245' title='bbox 807 2498 953 2542; x_wconf 87' lang='lat' dir='ltr'>capitulo,</span> <span class='ocrx_word' id='word_1_246' title='bbox 979 2497 1017 2530; x_wconf 90' lang='lat' dir='ltr'>ad</span> 
     </span>
     <span class='ocr_line' id='line_1_60' title="bbox 276 2551 1019 2595; baseline 0.001 -12"><span class='ocrx_word' id='word_1_247' title='bbox 276 2551 508 2595; x_wconf 86' lang='lat' dir='ltr'>praescriptum</span> <span class='ocrx_word' id='word_1_248' title='bbox 526 2551 643 2585; x_wconf 86' lang='lat' dir='ltr'>decreti</span> <span class='ocrx_word' id='word_1_249' title='bbox 661 2551 699 2584; x_wconf 92' lang='lat' dir='ltr'>de</span> <span class='ocrx_word' id='word_1_250' title='bbox 719 2551 929 2585; x_wconf 81' lang='lat' dir='ltr'>celebratione</span> <span class='ocrx_word' id='word_1_251' title='bbox 950 2551 1019 2584; x_wconf 87' lang='lat' dir='ltr'>mis-</span> 
     </span>
     <span class='ocr_line' id='line_1_61' title="bbox 278 2605 1019 2648; baseline -0.001 -10"><span class='ocrx_word' id='word_1_252' title='bbox 278 2615 395 2648; x_wconf 82' lang='lat' dir='ltr'>sarum,</span> <span class='ocrx_word' id='word_1_253' title='bbox 420 2610 542 2639; x_wconf 83' lang='lat' dir='ltr'>taxetur</span> <span class='ocrx_word' id='word_1_254' title='bbox 564 2616 715 2639; x_wconf 89' lang='lat' dir='ltr'>numerus</span> <span class='ocrx_word' id='word_1_255' title='bbox 736 2605 962 2648; x_wconf 84' lang='lat' dir='ltr'>religiosorum</span> <span class='ocrx_word' id='word_1_256' title='bbox 988 2605 1019 2637; x_wconf 93' lang='lat' dir='ltr'>in</span> 
     </span>
     <span class='ocr_line' id='line_1_62' title="bbox 278 2659 1021 2709; baseline 0 -17"><span class='ocrx_word' id='word_1_257' title='bbox 278 2669 469 2704; x_wconf 89' lang='lat' dir='ltr'>unoquoque</span> <span class='ocrx_word' id='word_1_258' title='bbox 480 2659 673 2709; x_wconf 83' lang='lat' dir='ltr'>monasterio</span> <span class='ocrx_word' id='word_1_259' title='bbox 686 2659 922 2694; x_wconf 87' lang='lat' dir='ltr'>retinendorum</span> <span class='ocrx_word' id='word_1_260' title='bbox 936 2659 1021 2694; x_wconf 77' lang='lat' dir='ltr'>iuxta</span> 
     </span>
    </p>
   </div>
   <div class='ocr_carea' id='block_1_10' title="bbox 1032 688 1035 1569">
    <p class='ocr_par' dir='ltr' id='par_1_16' title="bbox 1032 688 1035 1569">
     <span class='ocr_line' id='line_1_63' title="bbox 1032 688 1035 1569; baseline 0 0"><span class='ocrx_word' id='word_1_261' title='bbox 1032 688 1035 1569; x_wconf 95' lang='lat' dir='ltr'> </span> 
     </span>
    </p>
   </div>
   <div class='ocr_carea' id='block_1_11' title="bbox 1050 287 1795 2703">
    <p class='ocr_par' dir='ltr' id='par_1_17' title="bbox 1051 287 1794 550">
     <span class='ocr_line' id='line_1_64' title="bbox 1052 287 1791 329; baseline -0.004 -5"><span class='ocrx_word' id='word_1_262' title='bbox 1052 292 1192 325; x_wconf 79' lang='lat' dir='ltr'>eiusdem</span> <span class='ocrx_word' id='word_1_263' title='bbox 1217 288 1399 323; x_wconf 87' lang='lat' dir='ltr'>monasterii</span> <span class='ocrx_word' id='word_1_264' title='bbox 1419 287 1569 329; x_wconf 88' lang='lat' dir='ltr'>redditus,</span> <span class='ocrx_word' id='word_1_265' title='bbox 1584 292 1614 322; x_wconf 87' lang='lat' dir='ltr'>et</span> <span class='ocrx_word' id='word_1_266' title='bbox 1633 288 1716 322; x_wconf 90' lang='lat' dir='ltr'>idem</span> <span class='ocrx_word' id='word_1_267' title='bbox 1736 288 1791 322; x_wconf 87' lang='lat' dir='ltr'>fiat</span> 
     </span>
     <span class='ocr_line' id='line_1_65' title="bbox 1051 342 1794 387; baseline -0.003 -10"><span class='ocrx_word' id='word_1_268' title='bbox 1051 345 1088 378; x_wconf 83' lang='lat' dir='ltr'>de</span> <span class='ocrx_word' id='word_1_269' title='bbox 1106 345 1231 377; x_wconf 86' lang='lat' dir='ltr'>famulis</span> <span class='ocrx_word' id='word_1_270' title='bbox 1251 350 1281 377; x_wconf 92' lang='lat' dir='ltr'>et</span> <span class='ocrx_word' id='word_1_271' title='bbox 1308 344 1411 387; x_wconf 88' lang='lat' dir='ltr'>equis:</span> <span class='ocrx_word' id='word_1_272' title='bbox 1431 354 1493 387; x_wconf 88' lang='lat' dir='ltr'>quo</span> <span class='ocrx_word' id='word_1_273' title='bbox 1512 347 1625 384; x_wconf 82' lang='lat' dir='ltr'>taxato,</span> <span class='ocrx_word' id='word_1_274' title='bbox 1642 352 1705 376; x_wconf 90' lang='lat' dir='ltr'>non</span> <span class='ocrx_word' id='word_1_275' title='bbox 1721 342 1794 376; x_wconf 91' lang='lat' dir='ltr'>lice-</span> 
     </span>
     <span class='ocr_line' id='line_1_66' title="bbox 1051 397 1793 431; baseline -0.003 0"><span class='ocrx_word' id='word_1_276' title='bbox 1051 398 1095 430; x_wconf 89' lang='lat' dir='ltr'>bit</span> <span class='ocrx_word' id='word_1_277' title='bbox 1112 398 1277 431; x_wconf 81' lang='lat' dir='ltr'>abbatibus</span> <span class='ocrx_word' id='word_1_278' title='bbox 1294 408 1462 431; x_wconf 88' lang='lat' dir='ltr'>numerum</span> <span class='ocrx_word' id='word_1_279' title='bbox 1482 398 1576 430; x_wconf 89' lang='lat' dir='ltr'>etiam</span> <span class='ocrx_word' id='word_1_280' title='bbox 1601 397 1793 430; x_wconf 87' lang='lat' dir='ltr'>famulorum</span> 
     </span>
     <span class='ocr_line' id='line_1_67' title="bbox 1051 450 1793 496; baseline -0.003 -11"><span class='ocrx_word' id='word_1_281' title='bbox 1051 458 1081 485; x_wconf 88' lang='lat' dir='ltr'>et</span> <span class='ocrx_word' id='word_1_282' title='bbox 1105 463 1260 496; x_wconf 88' lang='lat' dir='ltr'>equorum</span> <span class='ocrx_word' id='word_1_283' title='bbox 1285 462 1412 495; x_wconf 85' lang='lat' dir='ltr'>augere,</span> <span class='ocrx_word' id='word_1_284' title='bbox 1427 451 1484 485; x_wconf 90' lang='lat' dir='ltr'>sub</span> <span class='ocrx_word' id='word_1_285' title='bbox 1504 451 1613 495; x_wconf 90' lang='lat' dir='ltr'>poenis</span> <span class='ocrx_word' id='word_1_286' title='bbox 1638 450 1793 495; x_wconf 84' lang='lat' dir='ltr'>expressis</span> 
     </span>
     <span class='ocr_line' id='line_1_68' title="bbox 1052 506 1451 550; baseline 0 -11"><span class='ocrx_word' id='word_1_287' title='bbox 1052 506 1083 539; x_wconf 93' lang='lat' dir='ltr'>in</span> <span class='ocrx_word' id='word_1_288' title='bbox 1100 507 1290 550; x_wconf 89' lang='lat' dir='ltr'>supradictis</span> <span class='ocrx_word' id='word_1_289' title='bbox 1306 506 1451 539; x_wconf 88' lang='lat' dir='ltr'>decretis.</span> 
     </span>
    </p>

    <p class='ocr_par' dir='ltr' id='par_1_18' title="bbox 1050 560 1795 980">
     <span class='ocr_line' id='line_1_69' title="bbox 1096 560 1793 604; baseline 0 -11"><span class='ocrx_word' id='word_1_290' title='bbox 1096 560 1210 593; x_wconf 77' lang='lat' dir='ltr'>XXVII.</span> <span class='ocrx_word' id='word_1_291' title='bbox 1227 560 1374 603; x_wconf 87' lang='lat' dir='ltr'>Erigatur</span> <span class='ocrx_word' id='word_1_292' title='bbox 1388 560 1419 593; x_wconf 92' lang='lat' dir='ltr'>in</span> <span class='ocrx_word' id='word_1_293' title='bbox 1433 561 1623 594; x_wconf 86' lang='lat' dir='ltr'>monasterio</span> <span class='ocrx_word' id='word_1_294' title='bbox 1640 560 1793 604; x_wconf 88' lang='lat' dir='ltr'>deputan-</span> 
     </span>
     <span class='ocr_line' id='line_1_70' title="bbox 1051 614 1793 658; baseline 0 -11"><span class='ocrx_word' id='word_1_295' title='bbox 1051 614 1090 647; x_wconf 87' lang='lat' dir='ltr'>do</span> <span class='ocrx_word' id='word_1_296' title='bbox 1108 616 1139 647; x_wconf 91' lang='lat' dir='ltr'>in</span> <span class='ocrx_word' id='word_1_297' title='bbox 1157 615 1302 658; x_wconf 84' lang='lat' dir='ltr'>proximo</span> <span class='ocrx_word' id='word_1_298' title='bbox 1319 615 1455 658; x_wconf 89' lang='lat' dir='ltr'>capitulo</span> <span class='ocrx_word' id='word_1_299' title='bbox 1473 615 1556 648; x_wconf 91' lang='lat' dir='ltr'>aliud</span> <span class='ocrx_word' id='word_1_300' title='bbox 1571 615 1741 657; x_wconf 82' lang='lat' dir='ltr'>collegium</span> <span class='ocrx_word' id='word_1_301' title='bbox 1762 624 1793 647; x_wconf 91' lang='lat' dir='ltr'>1n</span> 
     </span>
     <span class='ocr_line' id='line_1_71' title="bbox 1050 668 1793 712; baseline 0 -11"><span class='ocrx_word' id='word_1_302' title='bbox 1050 668 1213 712; x_wconf 71' lang='lat' dir='ltr'>provincia</span> <span class='ocrx_word' id='word_1_303' title='bbox 1238 669 1456 711; x_wconf 86' lang='lat' dir='ltr'>Lombardiac⁷</span> <span class='ocrx_word' id='word_1_304' title='bbox 1476 669 1506 701; x_wconf 91' lang='lat' dir='ltr'>in</span> <span class='ocrx_word' id='word_1_305' title='bbox 1531 679 1593 712; x_wconf 86' lang='lat' dir='ltr'>quo</span> <span class='ocrx_word' id='word_1_306' title='bbox 1618 668 1793 701; x_wconf 81' lang='lat' dir='ltr'>habeantur</span> 
     </span>
     <span class='ocr_line' id='line_1_72' title="bbox 1052 721 1793 765; baseline -0.001 -11"><span class='ocrx_word' id='word_1_307' title='bbox 1052 722 1161 755; x_wconf 87' lang='lat' dir='ltr'>saltem</span> <span class='ocrx_word' id='word_1_308' title='bbox 1186 722 1294 755; x_wconf 86' lang='lat' dir='ltr'>decem</span> <span class='ocrx_word' id='word_1_309' title='bbox 1321 723 1521 765; x_wconf 87' lang='lat' dir='ltr'>collegiales,</span> <span class='ocrx_word' id='word_1_310' title='bbox 1553 727 1583 755; x_wconf 89' lang='lat' dir='ltr'>et</span> <span class='ocrx_word' id='word_1_311' title='bbox 1607 722 1716 754; x_wconf 86' lang='lat' dir='ltr'>decem</span> <span class='ocrx_word' id='word_1_312' title='bbox 1742 721 1793 754; x_wconf 87' lang='lat' dir='ltr'>alii</span> 
     </span>
     <span class='ocr_line' id='line_1_73' title="bbox 1051 775 1795 819; baseline 0 -12"><span class='ocrx_word' id='word_1_313' title='bbox 1051 775 1229 818; x_wconf 83' lang='lat' dir='ltr'>collegiales</span> <span class='ocrx_word' id='word_1_314' title='bbox 1246 775 1441 809; x_wconf 85' lang='lat' dir='ltr'>retineantur</span> <span class='ocrx_word' id='word_1_315' title='bbox 1465 786 1523 819; x_wconf 92' lang='lat' dir='ltr'>pro</span> <span class='ocrx_word' id='word_1_316' title='bbox 1543 775 1705 819; x_wconf 76' lang='lat' dir='ltr'>provincia</span> <span class='ocrx_word' id='word_1_317' title='bbox 1721 775 1795 808; x_wconf 83' lang='lat' dir='ltr'>Tus-</span> 
     </span>
     <span class='ocr_line' id='line_1_74' title="bbox 1051 829 1794 874; baseline 0 -12"><span class='ocrx_word' id='word_1_318' title='bbox 1051 829 1116 862; x_wconf 87' lang='lat' dir='ltr'>ciae</span> <span class='ocrx_word' id='word_1_319' title='bbox 1130 830 1162 862; x_wconf 91' lang='lat' dir='ltr'>in</span> <span class='ocrx_word' id='word_1_320' title='bbox 1180 840 1242 863; x_wconf 92' lang='lat' dir='ltr'>uno</span> <span class='ocrx_word' id='word_1_321' title='bbox 1254 830 1301 863; x_wconf 68' lang='lat' dir='ltr'>rel</span> <span class='ocrx_word' id='word_1_322' title='bbox 1315 831 1460 874; x_wconf 88' lang='lat' dir='ltr'>pluribus</span> <span class='ocrx_word' id='word_1_323' title='bbox 1477 830 1627 872; x_wconf 86' lang='lat' dir='ltr'>collegiis;</span> <span class='ocrx_word' id='word_1_324' title='bbox 1646 829 1683 862; x_wconf 90' lang='lat' dir='ltr'>ad</span> <span class='ocrx_word' id='word_1_325' title='bbox 1700 840 1794 873; x_wconf 87' lang='lat' dir='ltr'>quem</span> 
     </span>
     <span class='ocr_line' id='line_1_75' title="bbox 1051 882 1793 926; baseline 0 -12"><span class='ocrx_word' id='word_1_326' title='bbox 1051 882 1197 915; x_wconf 80' lang='lat' dir='ltr'>effectum</span> <span class='ocrx_word' id='word_1_327' title='bbox 1227 882 1337 915; x_wconf 88' lang='lat' dir='ltr'>debeat</span> <span class='ocrx_word' id='word_1_328' title='bbox 1357 883 1388 915; x_wconf 89' lang='lat' dir='ltr'>in</span> <span class='ocrx_word' id='word_1_329' title='bbox 1413 884 1519 916; x_wconf 84' lang='lat' dir='ltr'>futuro</span> <span class='ocrx_word' id='word_1_330' title='bbox 1540 883 1678 926; x_wconf 87' lang='lat' dir='ltr'>capitulo</span> <span class='ocrx_word' id='word_1_331' title='bbox 1695 892 1793 915; x_wconf 89' lang='lat' dir='ltr'>unum</span> 
     </span>
     <span class='ocr_line' id='line_1_76' title="bbox 1052 936 1660 980; baseline 0.002 -12"><span class='ocrx_word' id='word_1_332' title='bbox 1052 936 1099 969; x_wconf 70' lang='lat' dir='ltr'>vel</span> <span class='ocrx_word' id='word_1_333' title='bbox 1113 937 1247 969; x_wconf 88' lang='lat' dir='ltr'>alterum</span> <span class='ocrx_word' id='word_1_334' title='bbox 1265 936 1490 969; x_wconf 84' lang='lat' dir='ltr'>monasterium</span> <span class='ocrx_word' id='word_1_335' title='bbox 1508 936 1660 980; x_wconf 86' lang='lat' dir='ltr'>dcputari.</span> 
     </span>
    </p>

    <p class='ocr_par' dir='ltr' id='par_1_19' title="bbox 1051 989 1795 1559">
     <span class='ocr_line' id='line_1_77' title="bbox 1095 989 1795 1033; baseline -0.001 -11"><span class='ocrx_word' id='word_1_336' title='bbox 1095 989 1224 1022; x_wconf 73' lang='lat' dir='ltr'>XXVIII.</span> <span class='ocrx_word' id='word_1_337' title='bbox 1243 989 1357 1023; x_wconf 70' lang='lat' dir='ltr'>Noviiii</span> <span class='ocrx_word' id='word_1_338' title='bbox 1381 1000 1444 1022; x_wconf 91' lang='lat' dir='ltr'>non</span> <span class='ocrx_word' id='word_1_339' title='bbox 1468 989 1660 1033; x_wconf 80' lang='lat' dir='ltr'>recipiantur</span> <span class='ocrx_word' id='word_1_340' title='bbox 1680 989 1795 1032; x_wconf 90' lang='lat' dir='ltr'>impos-</span> 
     </span>
     <span class='ocr_line' id='line_1_78' title="bbox 1052 1042 1795 1087; baseline -0.001 -11"><span class='ocrx_word' id='word_1_341' title='bbox 1052 1048 1155 1076; x_wconf 88' lang='lat' dir='ltr'>terum</span> <span class='ocrx_word' id='word_1_342' title='bbox 1179 1043 1239 1076; x_wconf 87' lang='lat' dir='ltr'>nisi</span> <span class='ocrx_word' id='word_1_343' title='bbox 1264 1048 1407 1087; x_wconf 84' lang='lat' dir='ltr'>tempore</span> <span class='ocrx_word' id='word_1_344' title='bbox 1426 1043 1645 1076; x_wconf 84' lang='lat' dir='ltr'>celebrationis</span> <span class='ocrx_word' id='word_1_345' title='bbox 1666 1042 1795 1086; x_wconf 88' lang='lat' dir='ltr'>capituli</span> 
     </span>
     <span class='ocr_line' id='line_1_79' title="bbox 1053 1096 1794 1141; baseline 0 -12"><span class='ocrx_word' id='word_1_346' title='bbox 1053 1097 1083 1129; x_wconf 89' lang='lat' dir='ltr'>in</span> <span class='ocrx_word' id='word_1_347' title='bbox 1102 1097 1170 1141; x_wconf 82' lang='lat' dir='ltr'>ipso</span> <span class='ocrx_word' id='word_1_348' title='bbox 1189 1096 1336 1140; x_wconf 83' lang='lat' dir='ltr'>capitulo,</span> <span class='ocrx_word' id='word_1_349' title='bbox 1354 1102 1393 1137; x_wconf 88' lang='lat' dir='ltr'>et,</span> <span class='ocrx_word' id='word_1_350' title='bbox 1418 1097 1603 1140; x_wconf 84' lang='lat' dir='ltr'>priusquam</span> <span class='ocrx_word' id='word_1_351' title='bbox 1628 1096 1794 1129; x_wconf 87' lang='lat' dir='ltr'>admittan-</span> 
     </span>
     <span class='ocr_line' id='line_1_80' title="bbox 1053 1144 1794 1192; baseline -0.001 -9"><span class='ocrx_word' id='word_1_352' title='bbox 1053 1144 1108 1183; x_wconf 75' lang='lat' dir='ltr'>tur</span> <span class='ocrx_word' id='word_1_353' title='bbox 1127 1151 1165 1183; x_wconf 87' lang='lat' dir='ltr'>ad</span> <span class='ocrx_word' id='word_1_354' title='bbox 1191 1150 1344 1191; x_wconf 82' lang='lat' dir='ltr'>habitum,</span> <span class='ocrx_word' id='word_1_355' title='bbox 1365 1151 1500 1183; x_wconf 88' lang='lat' dir='ltr'>debeant</span> <span class='ocrx_word' id='word_1_356' title='bbox 1524 1150 1653 1184; x_wconf 91' lang='lat' dir='ltr'>omnino</span> <span class='ocrx_word' id='word_1_357' title='bbox 1678 1150 1794 1192; x_wconf 85' lang='lat' dir='ltr'>degere</span> 
     </span>
     <span class='ocr_line' id='line_1_81' title="bbox 1053 1203 1793 1248; baseline -0.003 -11"><span class='ocrx_word' id='word_1_358' title='bbox 1053 1205 1083 1237; x_wconf 90' lang='lat' dir='ltr'>in</span> <span class='ocrx_word' id='word_1_359' title='bbox 1109 1204 1218 1238; x_wconf 86' lang='lat' dir='ltr'>babitu</span> <span class='ocrx_word' id='word_1_360' title='bbox 1250 1205 1384 1238; x_wconf 88' lang='lat' dir='ltr'>seculari</span> <span class='ocrx_word' id='word_1_361' title='bbox 1417 1215 1473 1248; x_wconf 91' lang='lat' dir='ltr'>per</span> <span class='ocrx_word' id='word_1_362' title='bbox 1506 1204 1585 1238; x_wconf 90' lang='lat' dir='ltr'>duos</span> <span class='ocrx_word' id='word_1_363' title='bbox 1614 1214 1738 1237; x_wconf 87' lang='lat' dir='ltr'>menses</span> <span class='ocrx_word' id='word_1_364' title='bbox 1763 1203 1793 1235; x_wconf 92' lang='lat' dir='ltr'>in</span> 
     </span>
     <span class='ocr_line' id='line_1_82' title="bbox 1053 1258 1794 1301; baseline -0.001 -11"><span class='ocrx_word' id='word_1_365' title='bbox 1053 1258 1244 1292; x_wconf 85' lang='lat' dir='ltr'>monasterio</span> <span class='ocrx_word' id='word_1_366' title='bbox 1258 1258 1315 1291; x_wconf 90' lang='lat' dir='ltr'>sub</span> <span class='ocrx_word' id='word_1_367' title='bbox 1329 1258 1468 1301; x_wconf 84' lang='lat' dir='ltr'>regulari</span> <span class='ocrx_word' id='word_1_368' title='bbox 1482 1258 1696 1291; x_wconf 76' lang='lat' dir='ltr'>observantia:</span> <span class='ocrx_word' id='word_1_369' title='bbox 1711 1258 1794 1291; x_wconf 87' lang='lat' dir='ltr'>circa</span> 
     </span>
     <span class='ocr_line' id='line_1_83' title="bbox 1053 1310 1794 1356; baseline -0.001 -12"><span class='ocrx_word' id='word_1_370' title='bbox 1053 1312 1267 1356; x_wconf 86' lang='lat' dir='ltr'>receptionem</span> <span class='ocrx_word' id='word_1_371' title='bbox 1286 1322 1360 1345; x_wconf 81' lang='lat' dir='ltr'>vero</span> <span class='ocrx_word' id='word_1_372' title='bbox 1378 1317 1407 1344; x_wconf 86' lang='lat' dir='ltr'>et</span> <span class='ocrx_word' id='word_1_373' title='bbox 1427 1312 1592 1356; x_wconf 83' lang='lat' dir='ltr'>qualitates</span> <span class='ocrx_word' id='word_1_374' title='bbox 1610 1310 1794 1344; x_wconf 87' lang='lat' dir='ltr'>eorumdem</span> 
     </span>
     <span class='ocr_line' id='line_1_84' title="bbox 1053 1365 1795 1405; baseline -0.003 -6"><span class='ocrx_word' id='word_1_375' title='bbox 1053 1371 1217 1399; x_wconf 76' lang='lat' dir='ltr'>serventur</span> <span class='ocrx_word' id='word_1_376' title='bbox 1242 1365 1367 1400; x_wconf 88' lang='lat' dir='ltr'>decreta</span> <span class='ocrx_word' id='word_1_377' title='bbox 1391 1365 1558 1399; x_wconf 86' lang='lat' dir='ltr'>Clementis</span> <span class='ocrx_word' id='word_1_378' title='bbox 1576 1365 1650 1405; x_wconf 84' lang='lat' dir='ltr'>VIII,</span> <span class='ocrx_word' id='word_1_379' title='bbox 1667 1370 1697 1397; x_wconf 89' lang='lat' dir='ltr'>et</span> <span class='ocrx_word' id='word_1_380' title='bbox 1725 1374 1795 1398; x_wconf 88' lang='lat' dir='ltr'>con-</span> 
     </span>
     <span class='ocr_line' id='line_1_85' title="bbox 1053 1418 1794 1462; baseline -0.003 -11"><span class='ocrx_word' id='word_1_381' title='bbox 1053 1419 1200 1452; x_wconf 85' lang='lat' dir='ltr'>stituatur</span> <span class='ocrx_word' id='word_1_382' title='bbox 1233 1419 1364 1453; x_wconf 91' lang='lat' dir='ltr'>omnino</span> <span class='ocrx_word' id='word_1_383' title='bbox 1396 1418 1643 1462; x_wconf 76' lang='lat' dir='ltr'>professoriam,</span> <span class='ocrx_word' id='word_1_384' title='bbox 1669 1418 1700 1450; x_wconf 91' lang='lat' dir='ltr'>in</span> <span class='ocrx_word' id='word_1_385' title='bbox 1732 1428 1794 1461; x_wconf 87' lang='lat' dir='ltr'>quo</span> 
     </span>
     <span class='ocr_line' id='line_1_86' title="bbox 1051 1470 1793 1516; baseline -0.001 -12"><span class='ocrx_word' id='word_1_386' title='bbox 1051 1472 1170 1516; x_wconf 87' lang='lat' dir='ltr'>pariter</span> <span class='ocrx_word' id='word_1_387' title='bbox 1194 1477 1360 1506; x_wconf 82' lang='lat' dir='ltr'>serventur</span> <span class='ocrx_word' id='word_1_388' title='bbox 1391 1471 1517 1505; x_wconf 89' lang='lat' dir='ltr'>decreta</span> <span class='ocrx_word' id='word_1_389' title='bbox 1546 1470 1688 1504; x_wconf 87' lang='lat' dir='ltr'>ciusdem</span> <span class='ocrx_word' id='word_1_390' title='bbox 1720 1470 1793 1504; x_wconf 85' lang='lat' dir='ltr'>Cle-</span> 
     </span>
     <span class='ocr_line' id='line_1_87' title="bbox 1052 1521 1175 1559; baseline 0.008 -1"><span class='ocrx_word' id='word_1_391' title='bbox 1052 1521 1175 1559; x_wconf 65' lang='lat' dir='ltr'>me&#39;ntis.</span> 
     </span>
    </p>

    <p class='ocr_par' dir='ltr' id='par_1_20' title="bbox 1051 1578 1795 2703">
     <span class='ocr_line' id='line_1_88' title="bbox 1096 1578 1793 1614; baseline -0.004 -1"><span class='ocrx_word' id='word_1_392' title='bbox 1096 1581 1199 1613; x_wconf 82' lang='lat' dir='ltr'>XXIX.</span> <span class='ocrx_word' id='word_1_393' title='bbox 1229 1580 1289 1614; x_wconf 90' lang='lat' dir='ltr'>Pro</span> <span class='ocrx_word' id='word_1_394' title='bbox 1314 1579 1539 1614; x_wconf 84' lang='lat' dir='ltr'>sustentatione</span> <span class='ocrx_word' id='word_1_395' title='bbox 1563 1578 1793 1612; x_wconf 88' lang='lat' dir='ltr'>monachorum</span> 
     </span>
     <span class='ocr_line' id='line_1_89' title="bbox 1053 1631 1795 1676; baseline -0.003 -11"><span class='ocrx_word' id='word_1_396' title='bbox 1053 1634 1234 1666; x_wconf 86' lang='lat' dir='ltr'>monasterii</span> <span class='ocrx_word' id='word_1_397' title='bbox 1260 1639 1290 1667; x_wconf 85' lang='lat' dir='ltr'>et</span> <span class='ocrx_word' id='word_1_398' title='bbox 1322 1633 1446 1676; x_wconf 90' lang='lat' dir='ltr'>collegii</span> <span class='ocrx_word' id='word_1_399' title='bbox 1478 1632 1507 1665; x_wconf 90' lang='lat' dir='ltr'>S.</span> <span class='ocrx_word' id='word_1_400' title='bbox 1536 1632 1644 1666; x_wconf 87' lang='lat' dir='ltr'>Crucis</span> <span class='ocrx_word' id='word_1_401' title='bbox 1668 1631 1700 1664; x_wconf 93' lang='lat' dir='ltr'>in</span> <span class='ocrx_word' id='word_1_402' title='bbox 1724 1631 1795 1664; x_wconf 89' lang='lat' dir='ltr'>Hie-</span> 
     </span>
     <span class='ocr_line' id='line_1_90' title="bbox 1052 1684 1790 1727; baseline -0.004 -8"><span class='ocrx_word' id='word_1_403' title='bbox 1052 1687 1189 1720; x_wconf 85' lang='lat' dir='ltr'>rusalem</span> <span class='ocrx_word' id='word_1_404' title='bbox 1206 1687 1245 1720; x_wconf 89' lang='lat' dir='ltr'>de</span> <span class='ocrx_word' id='word_1_405' title='bbox 1269 1686 1362 1727; x_wconf 83' lang='lat' dir='ltr'>Urbe,</span> <span class='ocrx_word' id='word_1_406' title='bbox 1388 1691 1418 1719; x_wconf 87' lang='lat' dir='ltr'>et</span> <span class='ocrx_word' id='word_1_407' title='bbox 1441 1685 1509 1718; x_wconf 88' lang='lat' dir='ltr'>aliis</span> <span class='ocrx_word' id='word_1_408' title='bbox 1532 1684 1691 1718; x_wconf 90' lang='lat' dir='ltr'>nonnullis</span> <span class='ocrx_word' id='word_1_409' title='bbox 1712 1694 1790 1718; x_wconf 90' lang='lat' dir='ltr'>one-</span> 
     </span>
     <span class='ocr_line' id='line_1_91' title="bbox 1051 1739 1795 1785; baseline -0.004 -11"><span class='ocrx_word' id='word_1_410' title='bbox 1051 1741 1139 1773; x_wconf 83' lang='lat' dir='ltr'>ribus</span> <span class='ocrx_word' id='word_1_411' title='bbox 1164 1747 1194 1774; x_wconf 89' lang='lat' dir='ltr'>et</span> <span class='ocrx_word' id='word_1_412' title='bbox 1218 1740 1363 1785; x_wconf 87' lang='lat' dir='ltr'>expensis</span> <span class='ocrx_word' id='word_1_413' title='bbox 1388 1749 1468 1784; x_wconf 87' lang='lat' dir='ltr'>quae</span> <span class='ocrx_word' id='word_1_414' title='bbox 1498 1739 1529 1771; x_wconf 95' lang='lat' dir='ltr'>in</span> <span class='ocrx_word' id='word_1_415' title='bbox 1555 1739 1637 1772; x_wconf 89' lang='lat' dir='ltr'>Urbe</span> <span class='ocrx_word' id='word_1_416' title='bbox 1666 1749 1795 1772; x_wconf 91' lang='lat' dir='ltr'>consue-</span> 
     </span>
     <span class='ocr_line' id='line_1_92' title="bbox 1051 1792 1794 1838; baseline -0.005 -10"><span class='ocrx_word' id='word_1_417' title='bbox 1051 1800 1163 1828; x_wconf 83' lang='lat' dir='ltr'>verunt</span> <span class='ocrx_word' id='word_1_418' title='bbox 1187 1794 1258 1828; x_wconf 89' lang='lat' dir='ltr'>fieri</span> <span class='ocrx_word' id='word_1_419' title='bbox 1290 1805 1350 1838; x_wconf 90' lang='lat' dir='ltr'>pro</span> <span class='ocrx_word' id='word_1_420' title='bbox 1374 1792 1539 1838; x_wconf 71' lang='lat' dir='ltr'>provincia</span> <span class='ocrx_word' id='word_1_421' title='bbox 1564 1792 1772 1826; x_wconf 87' lang='lat' dir='ltr'>Lombardiae</span> <span class='ocrx_word' id='word_1_422' title='bbox 1787 1819 1794 1831; x_wconf 91' lang='lat'><strong>‚</strong></span> 
     </span>
     <span class='ocr_line' id='line_1_93' title="bbox 1051 1846 1795 1893; baseline -0.003 -11"><span class='ocrx_word' id='word_1_423' title='bbox 1051 1849 1089 1882; x_wconf 86' lang='lat' dir='ltr'>dc</span> <span class='ocrx_word' id='word_1_424' title='bbox 1114 1849 1230 1893; x_wconf 87' lang='lat' dir='ltr'>quibus</span> <span class='ocrx_word' id='word_1_425' title='bbox 1255 1849 1286 1881; x_wconf 92' lang='lat' dir='ltr'>in</span> <span class='ocrx_word' id='word_1_426' title='bbox 1304 1847 1453 1881; x_wconf 75' lang='lat' dir='ltr'>schedula</span> <span class='ocrx_word' id='word_1_427' title='bbox 1483 1857 1540 1890; x_wconf 90' lang='lat' dir='ltr'>per</span> <span class='ocrx_word' id='word_1_428' title='bbox 1564 1846 1740 1890; x_wconf 87' lang='lat' dir='ltr'>praesidem</span> <span class='ocrx_word' id='word_1_429' title='bbox 1766 1850 1795 1880; x_wconf 86' lang='lat' dir='ltr'>et</span> 
     </span>
     <span class='ocr_line' id='line_1_94' title="bbox 1051 1900 1795 1944; baseline -0.005 -8"><span class='ocrx_word' id='word_1_430' title='bbox 1051 1903 1195 1936; x_wconf 87' lang='lat' dir='ltr'>abbatem</span> <span class='ocrx_word' id='word_1_431' title='bbox 1221 1903 1250 1936; x_wconf 82' lang='lat' dir='ltr'>S.</span> <span class='ocrx_word' id='word_1_432' title='bbox 1282 1902 1390 1936; x_wconf 89' lang='lat' dir='ltr'>Crucis</span> <span class='ocrx_word' id='word_1_433' title='bbox 1421 1901 1608 1944; x_wconf 71' lang='lat' dir='ltr'>subscripta,</span> <span class='ocrx_word' id='word_1_434' title='bbox 1638 1900 1795 1943; x_wconf 86' lang='lat' dir='ltr'>assignen-</span> 
     </span>
     <span class='ocr_line' id='line_1_95' title="bbox 1053 1955 1792 1998; baseline -0.003 -9"><span class='ocrx_word' id='word_1_435' title='bbox 1053 1961 1102 1990; x_wconf 88' lang='lat' dir='ltr'>tur</span> <span class='ocrx_word' id='word_1_436' title='bbox 1133 1957 1276 1990; x_wconf 88' lang='lat' dir='ltr'>redditus</span> <span class='ocrx_word' id='word_1_437' title='bbox 1306 1956 1463 1989; x_wconf 88' lang='lat' dir='ltr'>bonorum</span> <span class='ocrx_word' id='word_1_438' title='bbox 1495 1955 1532 1988; x_wconf 89' lang='lat' dir='ltr'>de</span> <span class='ocrx_word' id='word_1_439' title='bbox 1558 1955 1677 1996; x_wconf 68' lang='lat' dir='ltr'>Yiono,</span> <span class='ocrx_word' id='word_1_440' title='bbox 1710 1964 1792 1998; x_wconf 87' lang='lat' dir='ltr'>quo-</span> 
     </span>
     <span class='ocr_line' id='line_1_96' title="bbox 1052 2008 1791 2052; baseline -0.004 -9"><span class='ocrx_word' id='word_1_441' title='bbox 1052 2021 1121 2043; x_wconf 90' lang='lat' dir='ltr'>rum</span> <span class='ocrx_word' id='word_1_442' title='bbox 1147 2010 1376 2043; x_wconf 82' lang='lat' dir='ltr'>administratio</span> <span class='ocrx_word' id='word_1_443' title='bbox 1401 2009 1439 2042; x_wconf 87' lang='lat' dir='ltr'>ad</span> <span class='ocrx_word' id='word_1_444' title='bbox 1460 2008 1606 2042; x_wconf 85' lang='lat' dir='ltr'>abbatem</span> <span class='ocrx_word' id='word_1_445' title='bbox 1627 2019 1685 2052; x_wconf 93' lang='lat' dir='ltr'>pro</span> <span class='ocrx_word' id='word_1_446' title='bbox 1710 2012 1791 2042; x_wconf 88' lang='lat' dir='ltr'>tem-</span> 
     </span>
     <span class='ocr_line' id='line_1_97' title="bbox 1051 2062 1794 2108; baseline -0.003 -12"><span class='ocrx_word' id='word_1_447' title='bbox 1051 2075 1128 2108; x_wconf 90' lang='lat' dir='ltr'>pore</span> <span class='ocrx_word' id='word_1_448' title='bbox 1160 2064 1188 2097; x_wconf 81' lang='lat' dir='ltr'>S.</span> <span class='ocrx_word' id='word_1_449' title='bbox 1214 2064 1343 2104; x_wconf 85' lang='lat' dir='ltr'>Crucis,</span> <span class='ocrx_word' id='word_1_450' title='bbox 1371 2064 1419 2096; x_wconf 75' lang='lat' dir='ltr'>vel</span> <span class='ocrx_word' id='word_1_451' title='bbox 1452 2063 1490 2096; x_wconf 87' lang='lat' dir='ltr'>ad</span> <span class='ocrx_word' id='word_1_452' title='bbox 1522 2074 1575 2096; x_wconf 90' lang='lat' dir='ltr'>eos</span> <span class='ocrx_word' id='word_1_453' title='bbox 1606 2062 1659 2106; x_wconf 89' lang='lat' dir='ltr'>qui</span> <span class='ocrx_word' id='word_1_454' title='bbox 1692 2062 1794 2095; x_wconf 89' lang='lat' dir='ltr'>eidem</span> 
     </span>
     <span class='ocr_line' id='line_1_98' title="bbox 1052 2116 1793 2160; baseline -0.004 -9"><span class='ocrx_word' id='word_1_455' title='bbox 1052 2118 1157 2152; x_wconf 88' lang='lat' dir='ltr'>abbati</span> <span class='ocrx_word' id='word_1_456' title='bbox 1177 2118 1316 2151; x_wconf 74' lang='lat' dir='ltr'>benevisi</span> <span class='ocrx_word' id='word_1_457' title='bbox 1340 2117 1467 2157; x_wconf 86' lang='lat' dir='ltr'>fuerint,</span> <span class='ocrx_word' id='word_1_458' title='bbox 1493 2116 1657 2160; x_wconf 72' lang='lat' dir='ltr'>spectabit,</span> <span class='ocrx_word' id='word_1_459' title='bbox 1683 2126 1793 2159; x_wconf 85' lang='lat' dir='ltr'>quam-</span> 
     </span>
     <span class='ocr_line' id='line_1_99' title="bbox 1052 2170 1792 2215; baseline -0.004 -10"><span class='ocrx_word' id='word_1_460' title='bbox 1052 2173 1105 2206; x_wconf 88' lang='lat' dir='ltr'>diu</span> <span class='ocrx_word' id='word_1_461' title='bbox 1123 2172 1291 2215; x_wconf 86' lang='lat' dir='ltr'>collegium</span> <span class='ocrx_word' id='word_1_462' title='bbox 1309 2172 1340 2204; x_wconf 90' lang='lat' dir='ltr'>in</span> <span class='ocrx_word' id='word_1_463' title='bbox 1360 2171 1521 2215; x_wconf 89' lang='lat' dir='ltr'>praedicto</span> <span class='ocrx_word' id='word_1_464' title='bbox 1547 2170 1737 2204; x_wconf 89' lang='lat' dir='ltr'>monasterio</span> <span class='ocrx_word' id='word_1_465' title='bbox 1764 2170 1792 2202; x_wconf 82' lang='lat' dir='ltr'>S.</span> 
     </span>
     <span class='ocr_line' id='line_1_100' title="bbox 1051 2224 1793 2270; baseline -0.007 -10"><span class='ocrx_word' id='word_1_466' title='bbox 1051 2227 1158 2260; x_wconf 83' lang='lat' dir='ltr'>Crucis</span> <span class='ocrx_word' id='word_1_467' title='bbox 1191 2225 1415 2270; x_wconf 73' lang='lat' dir='ltr'>perseverabit.</span> <span class='ocrx_word' id='word_1_468' title='bbox 1448 2224 1537 2264; x_wconf 81' lang='lat' dir='ltr'>Quod</span> <span class='ocrx_word' id='word_1_469' title='bbox 1567 2225 1592 2257; x_wconf 86' lang='lat' dir='ltr'>si</span> <span class='ocrx_word' id='word_1_470' title='bbox 1625 2224 1793 2266; x_wconf 81' lang='lat' dir='ltr'>collegium</span> 
     </span>
     <span class='ocr_line' id='line_1_101' title="bbox 1051 2277 1793 2322; baseline -0.005 -9"><span class='ocrx_word' id='word_1_471' title='bbox 1051 2281 1111 2313; x_wconf 72' lang='lat' dir='ltr'>alio</span> <span class='ocrx_word' id='word_1_472' title='bbox 1138 2280 1309 2321; x_wconf 80' lang='lat' dir='ltr'>transferri,</span> <span class='ocrx_word' id='word_1_473' title='bbox 1328 2284 1381 2312; x_wconf 87' lang='lat' dir='ltr'>aut</span> <span class='ocrx_word' id='word_1_474' title='bbox 1405 2279 1516 2322; x_wconf 85' lang='lat' dir='ltr'>quovis</span> <span class='ocrx_word' id='word_1_475' title='bbox 1542 2277 1636 2311; x_wconf 91' lang='lat' dir='ltr'>modo</span> <span class='ocrx_word' id='word_1_476' title='bbox 1662 2277 1693 2309; x_wconf 92' lang='lat' dir='ltr'>in</span> <span class='ocrx_word' id='word_1_477' title='bbox 1711 2277 1793 2310; x_wconf 87' lang='lat' dir='ltr'>dicto</span> 
     </span>
     <span class='ocr_line' id='line_1_102' title="bbox 1052 2332 1793 2375; baseline -0.005 -9"><span class='ocrx_word' id='word_1_478' title='bbox 1052 2333 1242 2367; x_wconf 84' lang='lat' dir='ltr'>monasterio</span> <span class='ocrx_word' id='word_1_479' title='bbox 1268 2343 1390 2366; x_wconf 79' lang='lat' dir='ltr'>cessare</span> <span class='ocrx_word' id='word_1_480' title='bbox 1415 2332 1593 2375; x_wconf 81' lang='lat' dir='ltr'>contigerit,</span> <span class='ocrx_word' id='word_1_481' title='bbox 1618 2336 1692 2364; x_wconf 91' lang='lat' dir='ltr'>tunc</span> <span class='ocrx_word' id='word_1_482' title='bbox 1710 2335 1740 2363; x_wconf 84' lang='lat' dir='ltr'>et</span> <span class='ocrx_word' id='word_1_483' title='bbox 1757 2340 1793 2363; x_wconf 86' lang='lat' dir='ltr'>eo</span> 
     </span>
     <span class='ocr_line' id='line_1_103' title="bbox 1051 2384 1792 2421; baseline -0.007 0"><span class='ocrx_word' id='word_1_484' title='bbox 1051 2399 1122 2421; x_wconf 87' lang='lat' dir='ltr'>casu</span> <span class='ocrx_word' id='word_1_485' title='bbox 1149 2387 1288 2421; x_wconf 88' lang='lat' dir='ltr'>redditus</span> <span class='ocrx_word' id='word_1_486' title='bbox 1320 2391 1350 2419; x_wconf 90' lang='lat' dir='ltr'>et</span> <span class='ocrx_word' id='word_1_487' title='bbox 1381 2385 1610 2418; x_wconf 86' lang='lat' dir='ltr'>administratio</span> <span class='ocrx_word' id='word_1_488' title='bbox 1635 2384 1792 2417; x_wconf 91' lang='lat' dir='ltr'>bonorum</span> 
     </span>
     <span class='ocr_line' id='line_1_104' title="bbox 1051 2438 1791 2484; baseline -0.007 -9"><span class='ocrx_word' id='word_1_489' title='bbox 1051 2442 1088 2475; x_wconf 85' lang='lat' dir='ltr'>dc</span> <span class='ocrx_word' id='word_1_490' title='bbox 1115 2441 1211 2475; x_wconf 71' lang='lat' dir='ltr'>Yiono</span> <span class='ocrx_word' id='word_1_491' title='bbox 1245 2440 1283 2473; x_wconf 89' lang='lat' dir='ltr'>ad</span> <span class='ocrx_word' id='word_1_492' title='bbox 1308 2450 1454 2484; x_wconf 86' lang='lat' dir='ltr'>capsam,</span> <span class='ocrx_word' id='word_1_493' title='bbox 1480 2449 1574 2483; x_wconf 86' lang='lat' dir='ltr'>quam</span> <span class='ocrx_word' id='word_1_494' title='bbox 1599 2443 1711 2471; x_wconf 81' lang='lat' dir='ltr'>vocant</span> <span class='ocrx_word' id='word_1_495' title='bbox 1735 2438 1791 2471; x_wconf 91' lang='lat' dir='ltr'>tri-</span> 
     </span>
     <span class='ocr_line' id='line_1_105' title="bbox 1051 2492 1793 2539; baseline -0.007 -10"><span class='ocrx_word' id='word_1_496' title='bbox 1051 2497 1180 2536; x_wconf 79' lang='lat' dir='ltr'>clavem,</span> <span class='ocrx_word' id='word_1_497' title='bbox 1205 2495 1395 2539; x_wconf 88' lang='lat' dir='ltr'>pertineant,</span> <span class='ocrx_word' id='word_1_498' title='bbox 1421 2498 1517 2537; x_wconf 88' lang='lat' dir='ltr'>prout</span> <span class='ocrx_word' id='word_1_499' title='bbox 1543 2492 1694 2525; x_wconf 84' lang='lat' dir='ltr'>hactenus</span> <span class='ocrx_word' id='word_1_500' title='bbox 1718 2502 1793 2536; x_wconf 55' lang='lat' dir='ltr'>per‘</span> 
     </span>
     <span class='ocr_line' id='line_1_106' title="bbox 1052 2546 1794 2590; baseline -0.008 -7"><span class='ocrx_word' id='word_1_501' title='bbox 1052 2551 1226 2589; x_wconf 72' lang='lat' dir='ltr'>tinuerunt3</span> <span class='ocrx_word' id='word_1_502' title='bbox 1242 2548 1490 2582; x_wconf 87' lang='lat' dir='ltr'>contributiones</span> <span class='ocrx_word' id='word_1_503' title='bbox 1505 2551 1608 2579; x_wconf 88' lang='lat' dir='ltr'>autem</span> <span class='ocrx_word' id='word_1_504' title='bbox 1627 2556 1686 2590; x_wconf 92' lang='lat' dir='ltr'>pro</span> <span class='ocrx_word' id='word_1_505' title='bbox 1703 2546 1794 2579; x_wconf 77' lang='lat' dir='ltr'>colle·</span> 
     </span>
     <span class='ocr_line' id='line_1_107' title="bbox 1053 2599 1793 2647; baseline -0.008 -10"><span class='ocrx_word' id='word_1_506' title='bbox 1053 2605 1095 2647; x_wconf 82' lang='lat' dir='ltr'>gii</span> <span class='ocrx_word' id='word_1_507' title='bbox 1116 2602 1349 2645; x_wconf 88' lang='lat' dir='ltr'>sustentatione,</span> <span class='ocrx_word' id='word_1_508' title='bbox 1370 2600 1569 2635; x_wconf 87' lang='lat' dir='ltr'>monasteriis</span> <span class='ocrx_word' id='word_1_509' title='bbox 1589 2600 1621 2632; x_wconf 93' lang='lat' dir='ltr'>in</span> <span class='ocrx_word' id='word_1_510' title='bbox 1646 2599 1793 2643; x_wconf 82' lang='lat' dir='ltr'>proximo</span> 
     </span>
     <span class='ocr_line' id='line_1_108' title="bbox 1052 2652 1794 2703; baseline -0.004 -12"><span class='ocrx_word' id='word_1_511' title='bbox 1052 2658 1222 2703; x_wconf 88' lang='lat' dir='ltr'>praeterito</span> <span class='ocrx_word' id='word_1_512' title='bbox 1247 2656 1385 2701; x_wconf 87' lang='lat' dir='ltr'>capitulo</span> <span class='ocrx_word' id='word_1_513' title='bbox 1410 2654 1586 2699; x_wconf 84' lang='lat' dir='ltr'>impositae,</span> <span class='ocrx_word' id='word_1_514' title='bbox 1604 2652 1664 2698; x_wconf 87' lang='lat' dir='ltr'>ipsi</span> <span class='ocrx_word' id='word_1_515' title='bbox 1684 2663 1794 2698; x_wconf 81' lang='lat' dir='ltr'>capsae</span> 
     </span>
    </p>
   </div>
   <div class='ocr_carea' id='block_1_12' title="bbox 1698 229 1991 269">
    <p class='ocr_par' dir='ltr' id='par_1_21' title="bbox 1698 229 1991 269">
     <span class='ocr_line' id='line_1_109' title="bbox 1698 229 1991 269; baseline 0.017 -5"><span class='ocrx_word' id='word_1_516' title='bbox 1698 229 1762 264; x_wconf 80' lang='grc'>365</span> <span class='ocrx_word' id='word_1_517' title='bbox 1807 239 1860 268; x_wconf 81' lang='lat' dir='ltr'>An.</span> <span class='ocrx_word' id='word_1_518' title='bbox 1876 239 1906 268; x_wconf 86' lang='lat' dir='ltr'>C.</span> <span class='ocrx_word' id='word_1_519' title='bbox 1923 239 1991 269; x_wconf 69' lang='lat'>1634</span> 
     </span>
    </p>
   </div>
   <div class='ocr_carea' id='block_1_13' title="bbox 1763 569 1992 621">
    <p class='ocr_par' dir='ltr' id='par_1_22' title="bbox 1763 569 1992 621">
     <span class='ocr_line' id='line_1_110' title="bbox 1875 569 1992 597; baseline 0.034 -8"><span class='ocrx_word' id='word_1_520' title='bbox 1875 569 1992 597; x_wconf 77' lang='lat' dir='ltr'>Collegium</span> 
     </span>
     <span class='ocr_line' id='line_1_111' title="bbox 1763 598 1958 621; baseline -0.005 -1"><span class='ocrx_word' id='word_1_521' title='bbox 1763 614 1769 620; x_wconf 79' lang='lat'><strong>.</strong></span> <span class='ocrx_word' id='word_1_522' title='bbox 1809 598 1958 621; x_wconf 75' lang='lat' dir='ltr'>Lombardiae.</span> 
     </span>
    </p>
   </div>
   <div class='ocr_carea' id='block_1_14' title="bbox 1809 1001 1993 1054">
    <p class='ocr_par' dir='ltr' id='par_1_23' title="bbox 1809 1001 1993 1054">
     <span class='ocr_line' id='line_1_112' title="bbox 1862 1001 1993 1022; baseline 0.008 -2"><span class='ocrx_word' id='word_1_523' title='bbox 1862 1001 1892 1021; x_wconf 77' lang='lat' dir='ltr'>De</span> <span class='ocrx_word' id='word_1_524' title='bbox 1908 1001 1993 1022; x_wconf 72' lang='lat' dir='ltr'>novitiis</span> 
     </span>
     <span class='ocr_line' id='line_1_113' title="bbox 1809 1027 1943 1054; baseline 0 -6"><span class='ocrx_word' id='word_1_525' title='bbox 1809 1027 1943 1054; x_wconf 75' lang='lat' dir='ltr'>recipiendis.</span> 
     </span>
    </p>
   </div>
   <div class='ocr_carea' id='block_1_15' title="bbox 1809 1591 1993 1665">
    <p class='ocr_par' dir='ltr' id='par_1_24' title="bbox 1809 1591 1993 1665">
     <span class='ocr_line' id='line_1_114' title="bbox 1829 1591 1992 1616; baseline -0.006 -5"><span class='ocrx_word' id='word_1_526' title='bbox 1829 1591 1946 1614; x_wconf 54' lang='lat' dir='ltr'>assignatio</span> <span class='ocrx_word' id='word_1_527' title='bbox 1955 1595 1992 1616; x_wconf 75' lang='lat' dir='ltr'>pro</span> 
     </span>
     <span class='ocr_line' id='line_1_115' title="bbox 1809 1618 1993 1643; baseline 0 -6"><span class='ocrx_word' id='word_1_528' title='bbox 1809 1618 1899 1643; x_wconf 74' lang='lat' dir='ltr'>collegio</span> <span class='ocrx_word' id='word_1_529' title='bbox 1911 1618 1932 1638; x_wconf 76' lang='lat' dir='ltr'>S.</span> <span class='ocrx_word' id='word_1_530' title='bbox 1944 1618 1993 1638; x_wconf 80' lang='lat' dir='ltr'>Cru-</span> 
     </span>
     <span class='ocr_line' id='line_1_116' title="bbox 1809 1644 1960 1665; baseline 0 0"><span class='ocrx_word' id='word_1_531' title='bbox 1809 1645 1839 1665; x_wconf 73' lang='lat' dir='ltr'>cis</span> <span class='ocrx_word' id='word_1_532' title='bbox 1854 1645 1880 1665; x_wconf 79' lang='lat' dir='ltr'>de</span> <span class='ocrx_word' id='word_1_533' title='bbox 1896 1644 1960 1665; x_wconf 84' lang='lat' dir='ltr'>Urbe.</span> 
     </span>
    </p>
   </div>
  </div>
 </body>
</html>
