2248 3229
130 193 180 221 Au.
197 192 227 220 C.
246 192 314 220 1637

239 1479 306 1500 Dubia

121 1506 149 1528 ab
161 1506 307 1533 archiepisco-

194 1533 306 1554 'fucrit-ino

122 1562 230 1587 proposita
252 1560 306 1580 Cun-

121 1589 238 1611 uressauom
253 1587 304 1607 con·

121 1611 172 1634 ethi.

942 192 1084 217 rnaxsrs

327 240 490 274 tenoribus
515 241 670 285 specialis,
691 241 847 286 specifica,
868 251 1016 286 expressa
1039 244 1086 299 etl

326 292 486 326 individua
502 304 538 327 ac
557 293 596 327 de
613 294 708 328 v'erbo
731 294 770 327 ad
795 294 928 327 verbum
952 294 1068 327 inserta

326 346 444 380 mentio
463 347 607 380 habenda
627 348 716 388 soret,
735 353 859 381 tenores
876 347 1066 388 huiusmodi,

326 399 420 432 etiam
438 400 574 433 maiores
587 404 616 434 et
629 400 779 441 veriores,
790 411 848 444 pro
863 401 954 444 plene
967 405 996 433 et
1009 400 1069 432 sus-

326 452 468 486 sicienter
484 453 639 496 expressis
653 463 688 486 ac
705 453 743 486 de
760 453 856 486 verbo
879 453 917 486 ad
936 453 1066 486 verbum
1084 444 1086 451 x

327 505 451 538 insertis
476 505 626 539 babentes
642 533 650 546 ,
682 505 720 538 ad
753 506 899 539 effectum
924 506 1085 542 omniunr

326 564 356 591 ct
379 558 577 602 singulorum
602 559 864 603 praemissorum,
889 551 1085 604 specialiter

325 616 355 646 et
370 622 516 656 expresse
533 611 723 655 derogamus
730 623 738 651 ;
756 613 931 657 ceterisque
948 618 1068 646 contra-

325 664 380 697 riis
404 664 664 709 quibuscumque.

368 716 480 750 Datum
489 717 707 762 Romae-‚apud
717 718 745 751 S.
756 719 894 759 Petrum,
904 719 962 752 sub
973 729 1068 752 annu-

324 771 355 804 lo
366 771 544 812 Piscatoris,
555 772 604 804 die
624 782 657 806 ιιι
682 772 859 806 decembris
876 782 1065 814 mccxxxvii,
1082 764 1084 808 ἶ

323 824 524 868 pontificatus
555 826 654 859 nostri
683 836 765 860 anno
793 837 844 860 xv,

360 886 418 915 Dat.
435 887 479 916 die
495 888 511 917 3
527 887 678 916 decembris
695 888 772 921 1637,
793 888 888 924 pontis.
905 896 975 916 anno
991 896 1034 916 xv.

588 1037 797 1072 DLxxxvttt.

324 1121 535 1163 Confirmatio
558 1120 759 1154 decretorum
787 1131 898 1154 sacrae
929 1132 1062 1165 conyre-

365 1173 509 1216 qatiom's
535 1173 672 1207 Concilii
695 1183 792 1217 super
807 1173 884 1208 bono
907 1174 1066 1217 reyimine

365 1226 582 1260 cancellariae
612 1227 909 1272 archiepiscopatus
943 1229 970 1263 T
970 1229 1064 1262 urri-

367 1279 448 1312 tani.

517 1351 654 1379 Urbanus
684 1352 762 1386 Papa
789 1353 865 1385 VIII,

464 1397 500 1423 ad
521 1397 655 1424 futuram
674 1397 719 1424 rei
740 1397 919 1425 memoriam.

366 1468 381 1511 g
403 1467 430 1500 l.
449 1467 569 1512 Exponi
583 1467 674 1501 nobis
690 1478 792 1512 nuper
812 1468 885 1502 secit
904 1469 1063 1502 venerabi-

322 1520 359 1553 lis
376 1521 472 1554 frater
489 1521 748 1565 archiepiscopus
764 1521 959 1564 Turritanus‚
978 1523 1061 1566 quod

321 1573 397 1607 alias
411 1575 484 1618 (pro
508 1574 575 1607 eius
598 1579 686 1618 parte
707 1574 939 1608 venerabilibus
959 1576 1062 1608 fratri-

318 1627 377 1660 bus
400 1627 517 1661 nostris
534 1627 563 1660 S.
585 1628 619 1660 R.
640 1628 673 1661 Ε.
695 1628 909 1661 cardinalibus
933 1628 1081 1662 Concitiif

318 1680 491 1714 Tridentini
516 1681 744 1725 interpretibus
775 1681 918 1725 exposito
940 1682 1062 1716 archie-

318 1735 482 1778 piscopum
507 1734 710 1768 Turritanum
731 1734 830 1779 ipsius
848 1735 991 1768 moderni
1011 1746 1061 1769 ar·
1078 1767 1079 1770 ,

319 1788 512 1833 chiepiscopi
536 1788 815 1832 praedecessorem
839 1789 1060 1823 cancellariam

319 1851 444 1874 mensae
476 1841 752 1886 archiepiscopalis
780 1842 965 1876 Turritanae
998 1843 1057 1876 do-

319 1906 409 1928 nasse
427 1894 550 1928 cuidam
565 1894 710 1928 familiari
729 1905 800 1928 cum
814 1896 962 1929 omnibus
979 1907 1061 1931 emo-

319 1948 486 1989 lumentis,
516 1947 638 1980 salariis
670 1953 700 1980 et
723 1947 904 1992 stipendiis,
933 1955 963 1982 et
991 1961 1062 1994 pro-

318 2008 425 2046 pterea
448 2001 487 2034 ab
512 2001 630 2035 eisdem
652 2001 883 2035 venerabilibus
910 2002 1079 2037 fratribusi

318 2066 376 2099 pro
390 2060 479 2100 parte
496 2055 636 2088 eiusdem
651 2055 889 2100 archiepiscopi
903 2057 1059 2100 quaesito:

319 2109 347 2142 1.
368 2115 475 2143 utrum
500 2109 684 2143 donatarius
715 2110 803 2153 ipse,
828 2110 938 2143 relicto
970 2110 1078 2144 titulo>

317 2163 477 2196 secretarii
504 2164 550 2196 vel
575 2163 689 2197 notarii
713 2168 767 2196 aut
798 2164 975 2197 cancellarii
1005 2175 1077 2200 seu,

318 2215 458 2260 magistri
492 2221 654 2258 actorum,
681 2216 780 2260 possit
814 2227 975 2250 assumere
1000 2217 1058 2250 sibi

316 2279 433 2303 nomen
457 2274 487 2302 et
512 2269 637 2302 titulum
669 2270 788 2303 domini
821 2270 907 2303 utilis
932 2270 1058 2314 praedi-

316 2329 383 2357 ctae
401 2323 622 2363 cancellariae;
639 2323 669 2356 2.
688 2329 794 2356 utrum
815 2324 994 2368 praedictus
1007 2324 1058 2358 do-

315 2376 456 2410 natarius
482 2382 625 2410 teneatur
649 2368 731 2409 ssare
758 2377 905 2410 taxationi
931 2378 1057 2411 salario-

316 2441 386 2463 rum
403 2435 433 2462 et
450 2429 678 2473 stipendiorum
700 2430 798 2462 sactae
819 2440 836 2462 a
856 2430 949 2463 dictis
970 2441 1057 2464 vene-

315 2483 467 2516 rabilibus
492 2483 642 2516 sratribus
668 2483 795 2523 nostris,
812 2482 887 2516 dicit
915 2484 998 2517 enim
1023 2496 1055 2518 se

314 2546 378 2570 non
409 2535 508 2569 teneri
540 2535 578 2568 ad
606 2535 791 2569 servandam
822 2537 1055 2579 ullam‘taxam‚

315 2590 389 2634 quia
412 2599 475 2623 non
511 2590 569 2622 suit
600 2590 724 2623 auditus
755 2600 857 2635 neque
882 2591 994 2625 citatus
1018 2592 1055 2625 ad

398 2653 476 2680 Bait.
497 2653 580 2680 lium.
598 2668 631 2672 —
651 2653 708 2680 Vnt.
731 2653 769 2679 λἸ
778 2653 806 2682 V.
966 2655 999 2681 7³

1108 191 1164 216 Ylll
1189 191 1237 216 PP-

1102 239 1268 273 videndum
1287 239 1384 272 taxari
1402 239 1513 272 salaria
1533 248 1608 272 suae
1625 239 1839 281 cancellariae,

1101 293 1183 326 unde
1205 304 1263 337 pro
1277 292 1443 326 collatione
1460 303 1515 326 seu
1533 291 1731 336 possessione
1748 292 1841 325 unius

1101 346 1244 379 beneficii
1269 346 1383 391 accipit
1399 356 1416 378 a
1433 345 1559 390 proviso
1583 351 1734 389 quantum
1759 345 1840 389 ipse-

1103 405 1164 433 met
1186 399 1329 432 aestimat
1351 400 1489 433 valorem
1514 398 1676 439 beneficii;
1701 397 1741 440 3,
1765 398 1838 442 quia

1102 453 1132 485 in
1153 452 1321 486 donatione
1346 452 1550 485 cancellariae
1575 452 1764 496 praedictae,
1784 462 1842 485 au-

1101 506 1245 539 ctoritate
1257 506 1429 550 apostolica
1446 505 1641 547 confirmata,
1658 504 1767 538 electa¹
1785 505 1842 538 suit

1101 559 1254 592 donatarii
1281 559 1433 592 industria
1463 565 1492 592 et
1513 559 1704 603 experientia
1729 559 1842 593 multo-

1101 623 1170 645 rum
1189 622 1343 646 annorum
1365 612 1478 656 quibus
1506 623 1574 645 eam
1593 612 1841 653 administrabat,

1102 671 1207 699 utrum
1231 666 1330 710 possit
1365 676 1433 699 eam
1459 666 1581 706 locare,
1607 672 1659 699 aut
1694 677 1842 699 exercere

1100 730 1156 762 per
1169 719 1384 759 substitutum,
1398 719 1451 764 qui
1465 730 1497 752 se
1510 719 1686 752 subscribat
1704 719 1733 752 in
1748 720 1840 752 actis:

1101 773 1178 805 talis
1199 784 1258 817 pro
1284 773 1345 806 eali
1368 773 1498 806 domino
1522 773 1602 806 utili
1625 773 1841 806 cancellariae

1102 826 1316 867 Tarracinae,
1337 832 1367 859 et
1386 831 1491 859 utrum
1509 826 1601 860 liceat
1626 826 1654 859 ei
1678 836 1840 859 assumere

1098 879 1218 912 scribas
1241 879 1279 912 ad
1304 880 1429 913 libitum
1454 891 1557 920 suum,
1582 880 1675 913 etiam
1701 879 1839 923 ignaros,

1098 931 1217 976 absque
1247 933 1475 977 approbatione
1499 933 1573 966 dieti
1598 933 1838 978 archiepiscopi,

1099 984 1190 1028 eique
1215 995 1278 1018 non
1302 985 1479 1029 bencvisos)

1143 1036 1200 1081 ξφ..
1218 1037 1397 1072 Cardinales
1410 1038 1561 1082 praedicti
1575 1039 1613 1072 ad
1634 1039 1693 1072 1⁰⁰¹
1711 1049 1839 1083 respon-

1099 1090 1212 1124 derunt
1223 1092 1445 1125 cancellarium
1461 1092 1657 1136 praedictum
1671 1103 1733 1127 non
1746 1104 1839 1137 posse

1098 1155 1212 1178 nomen
1228 1146 1312 1178 utilis
1321 1146 1440 1179 domini
1455 1146 1660 1180 cancellariae
1671 1147 1839 1191 archiepis-

1098 1199 1217 1243 copalis
1234 1199 1292 1232 sibi
1308 1209 1479 1240 assumere;
1488 1200 1526 1232 ad
1536 1200 1594 1233 *2⁰¹¹*
1610 1211 1756 1234 veronen
1768 1212 1839 1246 pos-

1098 1262 1130 1284 se
1155 1252 1273 1286 dictum
1303 1253 1526 1286 cancellarium
1555 1263 1613 1297 pro
1639 1254 1839 1298 expeditione

1098 1306 1273 1339 litterarum
1291 1307 1468 1340 collationis
1482 1307 1528 1339 vel
1545 1307 1748 1341 institutionis
1765 1319 1840 1352 quo-

1098 1369 1306 1404 rumcumque
1319 1360 1558 1401 beneficiorum,
1573 1361 1621 1394 vel
1638 1372 1696 1405 pro
1713 1361 1840 1406 deputa-

1098 1412 1181 1445 tione
1210 1413 1400 1447 vicariorum
1434 1414 1465 1446 in
1497 1414 1575 1456 illis,
1608 1414 1752 1458 accipere
1779 1414 1839 1448 nisi

1097 1467 1274 1500 mercedem
1290 1467 1390 1500 labori
1415 1478 1472 1501 suo
1495 1467 1742 1509 convenientem,
1760 1479 1840 1512 quae

1096 1527 1210 1560 tamen,
1235 1531 1306 1554 cum
1331 1521 1513 1565 seripturis,
1539 1521 1642 1564 sigillo
1665 1526 1696 1554 et
1726 1522 1840 1555 ceteris

1096 1574 1296 1617 computatis,
1310 1584 1407 1606 unum
1424 1584 1555 1607 aureum
1569 1584 1632 1607 non
1645 1575 1784 1617 excedat,
1798 1580 1839 1608 at-

1095 1637 1155 1670 que
1170 1627 1314 1660 eumdem
1325 1627 1547 1660 cancellarium
1565 1627 1603 1660 ad
1621 1627 1662 1660 ita
1672 1628 1839 1661 observan—

1094 1679 1168 1712 dum
1177 1680 1215 1712 ab
1222 1680 1459 1724 archiepiscopo
1468 1681 1614 1724 compelli
1626 1681 1771 1725 posse3ad
1778 1681 1838 1715 3⁰¹³

1095 1733 1229 1777 denique
1243 1733 1422 1767 huiusmodi
1435 1734 1658 1767 cancellarium
1669 1745 1731 1768 non
1746 1745 1838 1779 posse

1095 1787 1313 1820 cancellariam
1331 1788 1436 1820 locare
1451 1787 1551 1827 alteri,
1569 1787 1622 1830 qui
1646 1798 1679 1821 se
1699 1789 1837 1822 subscri-

1094 1840 1146 1873 bat
1161 1841 1203 1874 N.
1220 1851 1281 1884 pro
1296 1841 1358 1874 lali
1371 1840 1502 1874 domino
1515 1841 1594 1874 utili
1610 1842 1837 1884 cancellariae,

1094 1904 1151 1927 nec
1176 1893 1207 1926 in
1232 1894 1298 1938 ipsa
1323 1895 1510 1928 cancellaria
1541 1895 1682 1928 notarios
1712 1895 1839 1940 imperi-

1095 1953 1152 1988 tos,
1172 1951 1224 1982 aut
1247 1947 1323 1981 alias
1347 1948 1413 1981 sine
1430 1948 1660 1992 approbatione
1684 1950 1838 1994 archiepi-

1094 2001 1199 2046 scopi,
1222 2012 1390 2034 assumere.

1137 2056 1152 2099 ἓ
1175 2054 1205 2088 3.
1230 2055 1306 2088 Cum
1329 2060 1444 2095 autem,
1458 2055 1537 2088 sicut
1555 2056 1664 2089 eadem
1682 2058 1835 2102 expositio
1859 2066 2035 2094 ,imi.1„ps,00„n‚

1093 2108 1314 2151 subiungebat,
1342 2108 1444 2142 dictus
1468 2109 1726 2154 archiepiscopus
1749 2094 2034 2168 ριέιε-’ῐίἶιὶἷιῖι“ι“ὲῗὲἷὲπῐὲ-

1859 2155 1864 2168 l
1903 2156 1914 2168 Ι)
2011 2162 2016 2167 .

1093 2162 1197 2203 missa,
1223 2173 1285 2206 quo
1310 2162 1434 2195 firmius
1459 2162 1629 2196 subsistant
1653 2169 1684 2197 et
1708 2165 1835 2199 inviola-

1076 2215 1197 2249 lbiliter
1222 2216 1452 2256 observentur,
1484 2217 1676 2261 apostolicae
1707 2224 1835 2253 nostrae

1091 2269 1341 2303 confirmationis
1375 2269 1492 2304 robore
1524 2271 1714 2306 communiri
1745 2273 1832 2306 desi·

1074 2326 1075 2333 ¹
1091 2323 1197 2357 derel:

1134 2378 1149 2420 g
1173 2376 1201 2409 lt.
1227 2377 1300 2417 Nos,
1317 2377 1384 2410 eius
1402 2377 1481 2410 votis
1497 2377 1679 2411 huiusmodi
1697 2379 1833 2424 benigne

1089 2440 1249 2470 annuere,
1281 2430 1435 2475 illumque
1459 2431 1650 2474 specialibus
1673 2432 1832 2467 favoribus

1089 2489 1118 2517 et
1142 2483 1252 2527 gratiis
1276 2484 1425 2528 prosequi
1450 2485 1600 2526 volentes,
1618 2490 1648 2518 et
1665 2495 1682 2518 a
1706 2487 1833 2530 quibus-

1090 2537 1134 2570 vis
1169 2538 1527 2579 excommunicationis,
1552 2539 1767 2583 suspensionis
1802 2546 1832 2575 et

1125 2603 1135 2628 ¹
1161 2600 1260 2628 Forsan
1280 2599 1424 2636 legendum
1444 2601 1571 2630 adducta
1591 2602 1692 2638 (amr).

1750 181 1814 215 6⁶25
1860 191 1948 218 Aac.
1972 191 2037 219 ¹637

1891 1049 1971 1080 Sacrae
1985 1049 2039 1071 Con·

1853 1080 1983 1104 art-gationis
2006 1083 2038 1098 r·-

1853 1105 1939 1127 solutio.

1921 2387 2033 2408 Conni-mat

1848 2414 1951 2435 Pontifex.
