2248 3229
104 252 106 254 Ι
140 212 191 241 An.
207 211 235 239 e.
258 210 322 240 1631

166 274 264 296 Notat-ios
276 279 325 293 vero

142 307 166 323 ex
189 302 231 321 alio
255 307 280 321 ca
283 301 326 344 pite

141 315 213 349 nuttite
218 334 226 347 ι·
242 333 291 347 care
295 330 314 346 tu

142 354 265 376 sanantis-i<
268 354 326 373 ulti

143 384 183 402 2etu
179 387 215 401 inc
213 387 242 401 ιιι
245 381 277 400 elil
282 383 287 400 t
294 386 325 399 .ιι-

142 408 187 428 chii
181 408 327 453 tiorumprae

143 435 175 455 {ee
170 437 204 457 ·,to
215 434 245 454 [.ιι
242 436 269 453 -ιι

143 462 170 482 bo
185 466 231 480 ιιιιιι
252 460 281 479 tto
276 466 326 479 inta-

142 488 174 509 nis
183 486 278 508 Pontifici
282 486 327 507 bus.

209 1443 291 1465 lnhtbet
306 1443 332 1465 de

149 1472 222 1491 cetero
238 1471 281 1491 sieri
297 1471 333 1491 hu-

150 1498 240 1519 iusmodi
274 1503 332 1518 crea·

150 1525 226 1546 tiones.

203 2401 232 2422 Nn
222 2401 312 2422 alariis.
310 2402 340 2421 sie

156 2429 232 2450 creatis
247 2429 272 2449 de
285 2434 311 2448 nn
315 2433 339 2448 ιο

156 2455 237 2476 admitti
253 2461 274 2475 se
286 2454 340 2475 sace-

153 2484 180 2503 'e
208 2487 269 2507 posse
293 2487 341 2508 per

157 2508 227 2530 mittit.

949 206 1090 231 unssANUS

385 260 400 303 ξ
423 258 453 291 4.
479 257 654 294 Praeterea,
672 266 754 299 eum,
776 256 856 290 sieut
879 255 971 289 etiam
998 258 1099 289 acce-3

317 312 462 357 pimus,
485 310 590 354 teipsa
615 316 812 354 compettum
838 310 877 342 sit
902 309 1082 353 complutes

341 365 419 398 alios
443 364 582 398 notatios
607 374 642 397 ex
668 363 831 408 potestatis
856 364 903 396 vel
933 362 1081 395 solemni-

343 424 439 451 tatum
465 418 597 459 defectu,
616 417 926 461 autaliiscapitibus,
948 426 1027 460 quae
1044 415 1099 448 de

343 472 424 505 sacili
450 471 607 504 recenseri
632 480 694 503 non
720 474 868 514 possunt,
902 470 1028 503 nulliter
1054 474 1100 501 et

342 525 379 558 de
394 525 474 559 facto
490 530 612 558 c1eatos
629 524 778 563 existeie‚
795 524 909 556 dilecto
927 523 1002 564 silio⁷
1018 532 1084 555 mo-

343 579 452 619 derno,
470 584 499 611 et
516 588 573 622 pro
591 583 735 620 tempore
753 577 909 618 existenti,
930 576 1084 609 archivio-

342 643 412 666 rum
422 626 1101 675 praesecto,01nmietsins‘ultinsttument‘t

343 691 373 719 et
395 685 454 717 alia
478 684 650 729 praemissa
668 694 725 728 pet
749 683 888 717 notatios
913 693 949 715 ex
973 682 1102 725 quoxis-

343 738 405 772 alio
429 748 522 782 quam
548 738 646 782 piioii
673 737 774 782 eapite
806 728 933 769 nulliter
963 726 1102 768 er‘eatos

343 796 453 834 rooata
476 795 507 824 et
530 791 610 823 saeta
630 790 725 833 <sacto
751 795 854 822 tamen
875 788 963 832 ptius
983 787 1085 821 nobis-

344 855 415 879 cum
440 855 495 878 seu
519 855 590 879 curn
622 854 681 888 pro
706 849 847 887 tempore
878 841 1103 875 existentibus?

344 899 494 932 Romanis
508 897 711 931 Pontificibus
721 895 957 929 suecessoribus
967 895 1084 928 nostris
1101 903 1103 910 ’

345 952 376 984 in
389 951 520 995 singulis
534 951 658 984 casibus
673 949 915 984 occurrentibus
932 949 1040 988 verbo,
1056 953 1086 980 et

345 1005 517 1038 dummodo
537 1004 663 1038 nullitas
680 1004 828 1047 praefata,
847 1007 880 1034 ut
898 1002 1085 1046 praefertur,

344 1068 407 1091 non
428 1056 484 1090 sit¹
508 1062 597 1101 parte
622 1060 791 1100 acceptata,
810 1065 866 1087 nee
883 1054 914 1087 in
935 1054 1085 1087 iudicium

345 1112 490 1155 deducta)
517 1110 644 1144 sanandi
673 1116 703 1144 et
730 1109 939 1151 ietalidandi,
968 1109 1087 1152 absque

345 1176 392 1206 eo,
419 1165 502 1209 quod
523 1175 661 1208 unquam
681 1164 712 1197 in
732 1165 873 1197 fututum
891 1163 929 1196 de
946 1162 1129 1208 nullitate1

345 1217 527 1252 huiusmodi
553 1217 614 1250 dici
639 1222 692 1250 aut
717 1217 865 1259 tedaigui
891 1217 998 1261 possit,
1021 1226 1085 1248 am-
1103 1210 1105 1245 ἔ

345 1272 430 1316 ptam
455 1276 486 1304 et
509 1270 725 1304 omnimodam
754 1270 922 1311 licentiam
948 1269 1086 1302 auctori·
1103 1268 1105 1308 t

346 1330 441 1358 tatem
459 1330 489 1358 et
506 1325 683 1359 facultatem
701 1324 904 1357 concedimus
922 1329 952 1356 et
970 1323 1087 1367 imper-

347 1378 452 1412 titnur.

392 1432 407 1475 g
424 1431 452 1464 5.
473 1430 653 1463 inhibentes
671 1430 809 1474 insuper,
828 1430 885 1463 sub
903 1429 1089 1473 indignatio·
1104 1444 1106 1461 ‹

348 1484 395 1517 nis
425 1489 552 1518 nostrae
581 1484 713 1528 aliisque
737 1484 931 1527 gravissimis
955 1483 1106 1516 arbitriot

348 1543 456 1570 nostro
476 1536 674 1580 imponendis
694 1540 723 1570 et
748 1536 944 1569 declarandis
968 1536 1087 1580 poenis,

348 1590 494 1623 omnibus
507 1596 537 1622 et
549 1589 682 1632 singulis
707 1589 983 1632 gubernatoribus7
1001 1599 1089 1633 prae-

349 1643 470 1676 toribus
483 1648 513 1676 et
529 1643 598 1675 aliis
615 1642 813 1683 officialibus,
832 1643 944 1686 quovis
961 1642 1089 1675 nomine

349 1697 544 1741 nuncupatis,
569 1696 816 1740 provinciarum⁷
836 1696 1010 1737 civitatum,
1028 1702 1089 1729 ter-

349 1761 457 1784 rarum
493 1760 528 1783 ae
561 1750 704 1783 locorum
741 1750 814 1782 dieti
850 1750 950 1783 nostri
985 1750 1090 1783 Status

350 1804 483 1838 mediate
507 1809 537 1836 et
561 1803 740 1837 immediate
761 1803 903 1844 subiecti,
928 1814 967 1836 ne
992 1803 1023 1836 in
1047 1804 1091 1837 fu-

350 1864 458 1891 turum
481 1858 546 1891 ullo
572 1868 720 1901 umquam
748 1861 900 1901 tempore,
926 1863 1090 1902 praetextu

350 1911 442 1945 edicti
468 1910 526 1954 per
551 1911 728 1958 praefatum
754 1911 925 1944 llenrieum
951 1911 1091 1944 cardina-

349 1966 410 1998 lem
429 1970 459 1998 et
482 1964 691 1998 camerarium
716 1968 750 1998 ut
769 1964 947 2008 praefertur
963 1965 1038 1997 editi
1062 1969 1092 1998 et

349 2018 524 2064 publicati,
548 2018 685 2061 aliquem
717 2018 748 2050 in
777 2017 936 2051 notarium
962 2028 1090 2057 erea1·e;

350 2072 481 2106 notariis
505 2067 601 2113 vero,
626 2077 661 2104 ut
684 2072 878 2115 praefertur,
904 2071 1038 2111 creatis,
1063 2077 1093 2104 et

351 2136 430 2170 quos
454 2136 512 2169 pro
537 2131 680 2168 tempore
707 2136 743 2157 ex
768 2125 829 2157 alio
847 2125 948 2168 capite
965 2125 1092 2157 nulliter

352 2184 474 2212 creatos
505 2188 572 2211 esse
604 2188 661 2222 per
693 2178 888 2222 praesectum
913 2178 1110 2211 huiusmodi*

352 2233 505 2266 declarari
516 2233 692 2275 eontigerit,
703 2243 741 2265 ne
756 2232 894 2266 officium
910 2233 1092 2273 notariatus,

353 2292 516 2331 praetextu
540 2297 651 2320 eorum
675 2286 844 2320 creationis
868 2286 921 2318 tali
947 2290 1037 2330 paeto
1055 2283 1111 2319 fast

355 2346 431 2381 ctae,
457 2350 604 2373 exercere
628 2340 764 2373 audeant
787 2341 835 2373 vel
860 2346 1074 2399 praesumant:

399 2395 414 2437 ἓ
439 2394 468 2426 6.
493 2395 621 2427 Necnon
644 2394 784 2427 volentes
804 2394 888 2437 quod
913 2394 1026 2428 notarii
1052 2394 1095 2427 sie

357 2448 452 2482 crzeui
471 2447 502 2479 in
519 2458 574 2480 θοι
578 2457 629 2479 um
656 2457 728 2480 exet
731 2447 805 2480 citio
829 2457 1033 2490 perseverate
1054 2448 1112 2480 iu-¹

356 2501 528 2541 tendentes,
546 2500 583 2533 de
601 2511 683 2534 novo
703 2511 735 2533 se
759 2500 798 2532 ab
818 2501 952 2533 habente
970 2501 1095 2534 creandi
1112 2499 1113 2534 ζ

356 2559 552 2600 potestatem,
570 2560 600 2587 et
619 2555 740 2586 servata
759 2554 859 2586 forma
876 2565 932 2597 per
949 2555 1025 2589 alias
1041 2565 1097 2590 no-

392 2617 406 2644 1
423 2616 569 2644 Videretur
584 2615 680 2644 deesse
696 2623 789 2651 praep.
807 2623 825 2644 α
840 2620 876 2651 ιιι.
893 2616 942 2652 π).

1114 205 1171 230 νιιι
1194 205 1243 230 121¹.
1762 192 1826 227 263
1872 202 1963 231 Atto.
1987 202 2050 232 1631

1116 260 1196 288 stras
1218 254 1336 288 litteras
1349 246 1450 286 'hodie
1473 250 1728 297 praescribenda,
1754 251 1855 284 creari

1116 314 1146 341 et
1171 307 1293 340 admitti
1318 306 1440 339 saciant.

1161 361 1218 404 §T
1244 362 1287 393 Ae
1299 360 1504 393 decernentes
1523 358 1647 392 easdem
1664 362 1855 402 praesentes,
1878 372 2056 398 cunsuiasprao-

1117 424 1151 446 ac
1170 414 1275 447 onmia
1293 419 1322 446 et
1339 413 1483 455 singula
1478 424 1506 446 in
1525 413 1569 446 eis
1586 416 1731 446 contenta
1748 411 1855 455 (etiam
1871 402 1988 447 Munus
2018 397 2057 420 ²⁶

1117 478 1153 500 ex
1173 478 1209 500 eo
1229 467 1314 510 quod
1337 467 1450 500 notatii
1475 472 1505 499 et
1529 467 1580 499 alii
1609 466 1800 510 quicumque
1825 465 1857 498 in

1099 520 1299 564 piaemissis
1319 531 1373 553 seu
1387 531 1496 553 eorum
1514 521 1619 564 aliquo
1639 520 1790 553 interesse
1806 519 1857 552 ha-

1099 574 1236 622 ³bentes‚
1256 574 1304 606 vel
1326 574 1442 607 babere
1460 573 1696 617 quomodolibet
1716 578 1858 617 praeten-

1118 628 1236 669 dentes⁷
1261 627 1306 660 eis
1330 628 1507 660 nullatenus
1531 626 1756 668 consenserint⁷
1773 625 1858 659 etad

1119 681 1179 714 boe
1199 681 1299 715 vocati
1320 685 1372 715 aut
1391 681 1488 713 auditi
1508 691 1571 714 non
1593 681 1725 722 fuerint,
1744 680 1859 713 minus-

1119 745 1181 778 que
1195 745 1317 775 eausae,
1335 741 1464 779 propter
1481 745 1558 779 quas
1582 740 1762 778 praesentes
1779 744 1860 767 ema-

1119 788 1233 828 mrim,
1248 788 1409 829 deductae,
1428 788 1614 829 verilieatae,
1632 798 1686 821 seu
1706 787 1781 820 alias
1801 787 1860 821 suf-

1119 842 1273 882 ficienter,
1297 842 1453 876 autetiam
1472 843 1658 883 nullatenus⁷
1676 841 1860 875 iustificatae

1120 894 1249 938 suerint)
1271 895 1357 927 nullo
1376 905 1513 939 unquam
1536 898 1677 938 tempore
1701 894 1738 927 de
1756 894 1862 928 subre-

1119 948 1245 992 ptionis,
1263 947 1469 991 obreptionis,
1483 947 1634 980 nullitatis
1650 953 1701 980 aut
1719 947 1860 980 invalidi-

1121 1001 1192 1034 tatis
1214 1001 1300 1041 vitio,
1325 1011 1378 1033 seu
1404 1000 1585 1033 intentionis
1609 1004 1734 1034 nostrae
1751 1005 1781 1034 et
1800 1000 1862 1034 alio

1121 1054 1231 1099 qmvis
1251 1055 1384 1095 defectu,
1404 1054 1498 1087 etiam
1519 1054 1719 1098 quantumvis
1736 1064 1862 1097 magno,

1122 1108 1330 1151 inexcogitato
1341 1113 1371 1141 et
1384 1107 1578 1141 substantiali
1591 1107 1670 1150 <sive
1683 1118 1719 1140 ex
1730 1117 1767 1140 eo
1778 1107 1863 1150 quod

1122 1173 1153 1194 in
1166 1161 1347 1206 praemissis
1361 1172 1416 1194 seu
1430 1171 1540 1194 eorum
1561 1161 1667 1204 aliquo
1686 1160 1865 1194 solemnita—

1123 1221 1167 1249 tes
1181 1221 1209 1249 et
1224 1215 1352 1259 quaexis
1372 1215 1432 1247 alia
1448 1214 1600 1247 sonanda
1617 1219 1647 1247 et
1664 1214 1865 1258 adimplenda

1123 1268 1260 1302 senata¹
1282 1274 1312 1301 et
1333 1268 1501 1312 adimpleta
1523 1277 1585 1301 non
1606 1267 1684 1300 suet
1678 1273 1731 1308 int
1754 1274 1807 1301 aut
1827 1278 1864 1301 ex

1122 1322 1233 1366 quovis
1246 1322 1307 1355 alio
1321 1321 1431 1365 eapite,
1445 1331 1462 1354 a
1476 1321 1554 1361 iure,
1570 1321 1616 1354 vel
1631 1321 1721 1362 sacto,
1736 1326 1789 1354 aut
1805 1326 1866 1355 sta-

1123 1382 1199 1417 tuto,
1213 1386 1267 1409 seu
1281 1375 1506 1409 consuetudine
1520 1375 1701 1417 resultante,
1716 1375 1762 1408 vel
1776 1386 1865 1420 prae-

1123 1429 1312 1472 scriptioniS,
1329 1428 1421 1461 etiam
1436 1428 1643 1472 quadraginta
1655 1438 1820 1469 annorum,
1835 1433 1865 1462 et
1904 1463 1906 1466 ,

1123 1483 1278 1521 ultra‚aut
1291 1481 1440 1524 enormis,
1453 1481 1747 1523 e110rmissimae‚ac
1762 1481 1866 1515 totalis

1124 1535 1279 1576 laesionis,
1293 1539 1346 1569 aut
1357 1545 1557 1579 quocumque
1570 1534 1631 1567 alio
1643 1535 1759 1575 colore,
1771 1534 1866 1568 etiam

1124 1590 1155 1622 in
1179 1600 1314 1633 corpore
1342 1589 1420 1623 iuris
1452 1589 1568 1631 clauso,
1599 1599 1655 1622 seu
1679 1589 1866 1631 occasione,

1124 1644 1171 1676 vel
1190 1645 1294 1683 eausa,
1315 1643 1407 1676 etiam
1425 1643 1627 1687 quantumvis
1652 1642 1744 1684 iusta,
1769 1643 1866 1676 ratio-

1124 1697 1219 1730 nabili
1244 1702 1274 1730 et
1298 1696 1505 1741 privilegiata,
1531 1696 1624 1729 etiam
1650 1697 1712 1737 tali,
1730 1707 1810 1741 quae
1827 1697 1866 1731 ad

1125 1750 1270 1784 effectum
1295 1750 1463 1783 validitatis
1488 1749 1735 1793 praemissorum
1758 1760 1866 1784 neces-

1125 1804 1208 1837 sario
1232 1803 1436 1847 exprimenda
1460 1803 1549 1845 soret,
1570 1808 1622 1835 aut
1645 1803 1729 1847 quod
1753 1803 1791 1836 de
1816 1814 1868 1837 vo-

1125 1858 1242 1890 luntate
1266 1860 1374 1891 nostra
1399 1856 1597 1897 huiusmodi,
1622 1862 1651 1889 et
1682 1857 1750 1890 aliis
1775 1868 1867 1901 supe-

1126 1910 1192 1943 rius
1224 1910 1400 1954 expressis,
1429 1920 1483 1942 seu
1515 1909 1643 1950 relatis,
1670 1910 1748 1943 nihil
1778 1910 1867 1944 ullibi

1125 1968 1304 2007 appareret,
1322 1974 1376 1996 seu
1401 1963 1492 1996 aliter
1516 1963 1645 2007 probari
1670 1964 1789 2007 posset)
1814 1964 1868 1997 im-

1126 2017 1281 2061 pugnari,
1319 2017 1483 2050 invalidari
1500 2044 1507 2058 ‚
1541 2017 1725 2059 retractari,
1757 2017 1789 2050 in
1821 2018 1868 2051 ius

1126 2073 1173 2105 vel
1199 2072 1446 2105 controversiam
1464 2072 1617 2111 revocari,
1634 2078 1687 2105 aut
1706 2072 1744 2104 ad
1766 2072 1868 2106 termi-

1108 2135 1183 2157 ¹nos
1202 2125 1279 2157 iuris
1304 2124 1422 2165 reduci,
1441 2125 1488 2158 vel
1513 2125 1664 2158 adversus
1689 2125 1757 2158 illas
1781 2125 1868 2158 resti-

1128 2178 1256 2211 tutionis
1281 2178 1313 2211 in
1338 2178 1509 2221 integrum,
1534 2178 1715 2222 aperitionis
1732 2178 1806 2219 oris,
1824 2189 1869 2212 re-

1109 2231 1282 2281 3duetionis
1306 2231 1343 2264 ad
1371 2231 1451 2264 viam
1473 2242 1507 2265 ae
1533 2232 1685 2265 terminos
1710 2232 1786 2265 iuris
1816 2237 1869 2265 aut

1128 2286 1212 2318 aliud
1243 2286 1466 2330 quodcumque
1499 2286 1596 2328 iuris,
1628 2287 1718 2333 laeti,
1750 2286 1869 2329 gratiae

1129 2340 1176 2372 vel
1194 2339 1329 2373 iustitiae
1346 2339 1521 2373 remedium
1540 2339 1713 2383 impetrari,
1728 2349 1782 2372 seu
1796 2349 1870 2383 quo-

1111 2409 1112 2431 ι
1130 2392 1301 2426 modolibet
1318 2393 1458 2434 eoneedi⁷
1479 2398 1532 2425 aut
1552 2393 1718 2436 impetrato
1739 2392 1871 2426 velcon-

1130 2457 1218 2479 cesso
1251 2447 1431 2490 quempiam
1467 2447 1512 2479 uti
1548 2456 1603 2479 seu
1637 2456 1669 2479 se
1705 2446 1812 2479 iuvare
1838 2446 1870 2479 in

1131 2500 1245 2533 iudieio
1262 2500 1309 2532 rel
1326 2505 1413 2533 extra
1430 2500 1506 2533 illud
1532 2510 1624 2544 posse
1636 2527 1643 2541 ‚
1668 2510 1770 2544 neque
1788 2500 1870 2544 ipsas

1131 2559 1311 2598 praesentes
1347 2553 1404 2586 sub
1441 2553 1603 2597 quibusvis
1640 2553 1791 2586 similium
1822 2554 1869 2587 vel

1168 2618 1179 2644 ‘t
1202 2616 1303 2644 Vocem
1322 2618 1436 2644 servata
1456 2624 1505 2644 nos
1524 2615 1648 2644 addimus
1667 2616 1705 2652 (ιι.
1726 2615 1775 2651 T.)„
