2248 3229
237 209 287 238 An.
302 208 332 237 c.
351 208 418 238 1631
465 199 532 233 214

266 799 420 821 Contrariorum

237 825 353 853 derogatio.

258 2554 425 2576 rusticationem

243 2582 263 2602 ln
279 2581 335 2603 Urbe
356 2587 426 2603 omnes

242 2610 326 2631 arctare
342 2609 390 2630 suli.

434 257 505 290 dem
522 266 665 290 camerae
681 255 843 299 generales
859 254 1030 294 auditores,
1047 258 1172 287 sanctae

434 311 593 345 Romanae
616 309 772 343 Ecclesiae
795 307 1015 350 camerarium,
1041 312 1071 340 et
1094 307 1171 340 alios

435 364 617 403 cardinales,
632 363 726 396 etiam
740 362 778 394 de
791 362 889 394 latere
904 361 1034 404 legatos,
1049 370 1172 394 necnon

433 415 711 449 vicecamerarium
726 414 861 458 (sublata
877 413 921 447 eis
938 418 1092 447 eteorum
1109 413 1173 446 cui-

433 469 510 502 libet
538 467 647 512 quavis
671 467 762 501 aliter
786 466 943 500 iudicandi
968 471 998 500 et
1022 466 1173 510 interpre-

434 521 517 554 tandi
542 521 687 554 facultate
710 525 741 554 et
764 517 962 564 auctoritate)
987 519 1106 563 ubique
1130 519 1174 552 iu-

433 573 532 607 dicari
555 584 591 607 ae
614 573 739 607 definiri
755 573 880 614 debere,
898 573 1024 606 irritum
1048 583 1173 617 quoque

433 632 464 660 et
486 627 588 669 inane,
608 628 634 661 si
658 638 747 661 secus
772 637 867 671 super
890 627 939 660 his
963 638 981 660 a
1003 637 1172 671 quoquam,

433 681 543 724 quavis
555 681 751 721 auctoritate,
769 681 903 714 scienter
917 681 966 714 vel
980 680 1171 724 ignoranter,

434 733 602 777 contigerit
618 734 763 767 attentari
788 733 995 768 decernimus.

479 787 494 831 ς
518 786 547 820 9.
571 788 641 821 Non
672 787 867 822 obstantibus
899 787 1173 821 constitutionibus

435 845 466 874 et
488 841 740 875 ordinationibus
761 842 950 886 apostolicis,
971 852 1094 876 necnon
1116 852 1173 876 no-

435 895 500 928 stra
517 895 548 927 in
566 905 700 929 numero
717 895 958 940 septuagesima,
974 901 1005 929 et
1020 895 1089 929 aliis
1105 905 1174 929 can-

435 947 581 982 cellariae
605 949 794 992 apostolicae
817 949 957 993 regulis,
977 959 1013 982 ac
1044 949 1174 993 provin-

435 1001 567 1043 ciarum,
592 1012 776 1046 regnorum,
801 1003 971 1044 civitatum,
997 1008 1172 1045 terrarum,

434 1054 644 1099 oppidorum,
668 1056 812 1089 locorum
836 1056 1040 1089 ecelesiarum
1064 1066 1173 1090 mona-

435 1107 616 1150 steriorum,
634 1109 828 1150 militiarum,
848 1109 1061 1153 hospitalium,
1080 1110 1171 1143 etiam

435 1160 464 1193 S.
482 1160 615 1204 Ioannis,
636 1163 882 1206 praedictorum,
907 1163 1105 1206 aliorumque
1124 1173 1173 1197 re-

435 1214 623 1258 ligiosorum
657 1221 689 1247 et
721 1215 847 1259 piorum
879 1217 1043 1257 locorum,
1079 1216 1173 1249 ctiam

435 1268 622 1309 iuramento,
647 1268 886 1302 confirmatione
918 1269 1100 1313 apostolica,
1125 1270 1173 1301 vel

436 1321 545 1364 quavis
570 1321 717 1355 firmitate
748 1322 808 1355 alia
847 1322 1020 1363 roboratis,
1051 1322 1173 1355 statutis

435 1379 466 1406 et
500 1375 796 1416 consuetudinibus,
824 1375 996 1419 privilegiis
1027 1385 1172 1419 quoque,

437 1426 568 1461 indultis
604 1433 634 1461 et
668 1428 779 1461 litteris
817 1429 1016 1472 apostolicis,
1054 1429 1173 1462 eisdem

435 1480 616 1524 provinciis,
641 1481 760 1524 regnis,
783 1481 969 1523 civitatibus,
994 1482 1102 1527 terris,
1122 1493 1175 1526 op-

434 1533 535 1577 pidis,
563 1534 659 1576 locis,
684 1535 844 1577 ecclesiis,
869 1535 1088 1579 monasteriis,
1120 1536 1175 1569 ho-

436 1586 600 1630 spitalibus
632 1593 662 1620 et
692 1588 810 1622 militiis
846 1589 1015 1632 praedictis
1048 1594 1079 1622 et
1106 1589 1174 1622 aliis

435 1639 496 1683 piis
520 1640 606 1682 loeis,
631 1651 667 1674 ac
690 1640 816 1674 illorum
840 1641 1108 1683 universitatibus,
1129 1652 1175 1675 ea·
1202 1682 1207 1686 ι

435 1692 551 1737 pitulis⁷
576 1694 791 1737 superioribus
815 1700 846 1727 et
870 1695 1022 1738 personis,
1047 1696 1079 1728 in
1101 1706 1175 1729 con-

436 1746 568 1779 trarium
598 1747 703 1780 forsan
727 1747 966 1790 quomodolibet
997 1749 1174 1789 concessis,

436 1800 617 1844 approbatis
641 1805 670 1834 et
694 1801 862 1840 innovatis,
889 1801 1001 1845 quibus
1027 1802 1174 1835 omnibus

437 1858 468 1886 et
480 1854 621 1897 singulis,
636 1855 755 1888 etiamsi
772 1855 810 1887 de
827 1855 898 1896 illis,
913 1866 1086 1899 eorumque
1103 1857 1175 1889 totis

437 1907 611 1949 tenoribus,
637 1908 789 1952 specialis,
808 1908 962 1952 specifica,
981 1919 1130 1952 expressa
1147 1913 1176 1943 et

437 1960 607 2001 individua,
636 1972 671 1994 ae
698 1961 736 1994 de
763 1962 859 1995 verbo
883 1962 921 1994 ad
947 1962 1088 2003 verbum,
1112 1972 1175 1996 non

438 2018 542 2047 autem
566 2024 624 2058 per
649 2015 801 2047 clausulas
829 2016 990 2058 generales
1006 2015 1089 2048 idem
1116 2016 1175 2048 im-

437 2072 607 2111 portantes,
625 2068 740 2101 mentio
761 2079 816 2101 seu
836 2069 963 2112 quaevis
983 2069 1043 2101 alia
1056 2079 1176 2112 expres-

439 2121 485 2154 sio
510 2127 563 2154 aut
579 2122 682 2166 aliqua
697 2122 757 2154 alia
770 2122 921 2166 exquisita
936 2123 1037 2155 sorma
1061 2122 1100 2155 ad
1116 2123 1176 2155 hoc

440 2175 592 2208 servanda
616 2175 704 2216 soret,
729 2186 838 2208 eorum
875 2175 1016 2209 omnium
1051 2179 1175 2209 tenores

441 2238 477 2261 ac
500 2228 527 2261 si
551 2228 589 2262 de
612 2229 708 2261 verbo
733 2229 770 2261 ad
799 2229 930 2262 verbum
962 2230 1175 2262 insererentur

440 2281 654 2325 praesentibus
670 2293 728 2326 pro
753 2282 906 2326 expressis
930 2282 1091 2323 habentes,
1115 2282 1176 2315 illis

440 2336 516 2369 alias
540 2335 572 2368 in
589 2346 643 2369 suo
663 2335 778 2368 robore
794 2336 1018 2379 permansuris,
1036 2337 1094 2369 hae
1111 2335 1177 2368 vice

442 2388 609 2432 dumtaxat,
637 2389 813 2433 specialiter
838 2394 867 2422 et
891 2398 1036 2433 expresse
1065 2389 1177 2422 harum

443 2443 524 2477 serie
559 2443 771 2486 derogamus,
801 2443 975 2487 ceterisque
1012 2442 1179 2477 contrariis

442 2496 704 2541 quibuscumque.

487 2551 502 2594 ἓ
527 2550 576 2584 10.
594 2551 746 2584 Volumus
762 2553 877 2592 autem,
893 2550 977 2595 quod
1001 2554 1179 2594 praesentes

440 2603 562 2646 litterae
586 2603 618 2638 in
641 2603 737 2639 xalxis
754 2604 904 2639 ccclesiae
915 2603 1133 2645 Lateranensis
1151 2607 1181 2636 et

1014 205 1194 231 BULLARIUM
1217 204 1371 230 ROMANUM

1205 252 1352 285 basilicae
1376 251 1531 296 Principis
1554 252 1769 296 apostolorum
1790 252 1828 285 de
1847 250 1941 292 Urbe,

1205 316 1241 339 ac
1275 305 1478 339 cancellariae
1513 305 1721 349 apostolicae,
1753 315 1875 339 necnon
1910 304 1942 337 in

1205 358 1271 391 acie
1287 358 1393 402 Campi
1417 358 1529 391 Florae
1551 357 1750 401 publicentur
1767 363 1798 391 et
1814 358 1943 401 affigan-

1206 417 1328 455 gantur,
1355 422 1444 455 quae,
1469 416 1634 455 postquam
1651 411 1696 444 sic
1714 411 1823 444 affixae
1841 415 1870 444 et
1886 421 1944 454 pu-

1206 466 1337 499 blicatae
1354 465 1480 506 suerint,
1496 475 1724 510 quoscumque,
1738 470 1800 497 tam
1813 464 1845 497 in
1855 464 1943 498 Statu

1206 524 1314 552 nostro
1328 519 1503 562 temporali,
1520 528 1614 562 quam
1626 521 1712 552 extra
1729 527 1811 558 eum,
1827 517 1944 560 ubique

1206 572 1349 605 locorum
1374 571 1505 615 perinde
1529 574 1648 605 arctent
1671 574 1702 605 et
1725 569 1880 612 afficiant,
1907 579 1943 603 ac

1207 625 1232 658 si
1262 624 1431 669 unicuique
1459 624 1646 658 nominatim
1676 629 1706 658 et
1735 622 1944 668 personaliter

1206 678 1366 711 intimatae
1389 678 1539 718 fuissent;

1251 732 1266 776 ἓ
1283 732 1334 765 Μ.
1353 731 1505 779 Quodque
1516 730 1525 748 ¹
1547 740 1655 764 earum
1671 731 1834 775 exemplis,
1850 729 1944 763 etiam

1207 785 1378 829 impressis,
1403 795 1499 818 manu
1522 784 1636 818 notarii
1659 784 1777 829 publici
1800 782 1941 816 subseri-

1206 839 1267 883 ptis
1281 843 1311 872 et
1323 838 1426 881 sigillo
1440 837 1571 871 alicuius
1584 847 1737 882 personae
1753 837 1783 869 in
1795 835 1945 879 dignitate

1207 892 1417 925 ecelesiastica
1452 891 1639 925 constitutae
1668 889 1807 930 munitis,
1835 888 1945 922 eadem

1206 956 1338 989 prorsus
1357 945 1435 978 fides
1458 944 1491 978 in
1515 944 1632 978 iudicio
1659 949 1690 977 et
1720 948 1807 977 extra
1829 942 1946 986 ubique

1206 999 1402 1041 adhibeatur,
1424 1009 1504 1043 quae
1531 997 1750 1042 praesentibus
1773 996 1943 1030 adhibere-

1207 1058 1267 1094 tur,
1289 1053 1313 1086 si
1333 1054 1436 1087 forent
1454 1051 1609 1086 exhibitae
1633 1052 1682 1085 vel
1706 1056 1857 1085 ostensae.

1251 1107 1266 1150 ἓ
1290 1107 1320 1139 ⁶2.
1345 1106 1427 1140 Nulli
1459 1116 1535 1149 ergo
1567 1105 1695 1139 omnino
1719 1103 1883 1137 hominum
1912 1102 1946 1135 li-

1208 1164 1275 1193 ceat
1291 1160 1372 1192 hanc
1388 1159 1535 1204 paginam
1554 1164 1679 1192 nostrae
1696 1156 1955 1202 approbationis,

1207 1213 1465 1254 confirmationis,
1490 1212 1718 1252 innovationis,
1743 1209 1943 1249 inflictionis,

1208 1266 1427 1310 impositionis,
1441 1265 1645 1305 inhibitionis,
1670 1264 1799 1304 decreti,
1816 1263 1945 1306 deroga-

1207 1320 1301 1353 tionis
1321 1324 1351 1352 ct
1374 1318 1542 1352 voluntatis
1558 1318 1740 1361 infringere,
1757 1317 1806 1350 vel
1823 1317 1850 1350 ei
1867 1327 1945 1349 ausu

1210 1373 1376 1406 temerario
1401 1372 1567 1406 contraire.
1593 1371 1624 1404 Si
1655 1371 1725 1414 quis
1744 1375 1861 1403 autem
1885 1369 1946 1402 hoc

1207 1431 1359 1459 attentare
1398 1424 1668 1469 praesumpserit,
1699 1422 1945 1466 indignationem

1207 1479 1432 1523 omnipotentis
1462 1479 1517 1512 Dei
1548 1489 1583 1511 ac
1616 1478 1781 1511 beatorum
1806 1475 1889 1510 Petri
1917 1480 1947 1508 et

1207 1539 1238 1567 et
1262 1533 1347 1567 Pauli
1372 1533 1587 1577 apostolorum
1611 1532 1678 1565 eius
1702 1542 1735 1565 se
1758 1529 1882 1565 noverit
1904 1529 1947 1562 in-

1208 1598 1386 1621 cursurum.

1252 1642 1362 1674 Datum
1387 1641 1519 1681 Romae,
1539 1639 1621 1684 apud
1646 1639 1675 1672 S.
1708 1639 1845 1679 Petrum,
1865 1647 1947 1670 anno

1208 1694 1433 1728 Incarnationis
1456 1693 1637 1727 Dominicae
1664 1701 1815 1732 MDcxxxl,
1844 1691 1948 1723 kalen-

1209 1748 1256 1781 dis
1282 1748 1406 1791 aprilis,
1433 1746 1635 1791 pontificatus
1655 1745 1754 1779 nostri
1778 1754 1860 1778 anno
1880 1753 1946 1777 vm.

1245 1809 1303 1836 Dat.
1320 1809 1362 1836 die
1379 1811 1390 1836 1
1408 1808 1501 1845 aprilis
1515 1808 1594 1843 1631,
1610 1807 1704 1843 pontif.
1722 1814 1792 1834 anno
1807 1812 1863 1834 vu1.

1252 1908 1294 1941 In
1311 1907 1515 1955 Dcinomine
1531 1906 1646 1939 Amen.
1664 1905 1761 1938 Anno
1781 1915 1802 1937 a
1820 1904 1950 1937 Nativi-

1211 1965 1273 1994 tatc
1288 1960 1421 1994 Domini
1440 1960 1543 1993 nostri
1562 1960 1635 1993 Iesu
1657 1959 1780 1993 Christi
1796 1967 1945 1998 MDcxxxr,

1209 2014 1261 2047 die
1280 2025 1352 2047 vero
1369 2025 1386 2046 x
1403 2013 1523 2046 mensis
1542 2012 1670 2056 aprilis,
1690 2011 1867 2044 indictione
1883 2020 1948 2052 XIV,

1207 2068 1418 2111 pontificatus
1445 2065 1650 2099 iS'anctissz'mi
1669 2066 1707 2097 in
1732 2065 1859 2099 Christo
1883 2065 1950 2097 Pa-

1212 2122 1269 2154 tris
1287 2125 1313 2154 ct
1333 2121 1374 2153 N.
1398 2120 1436 2152 D.
1461 2119 1584 2152 Urbani
1605 2118 1717 2151 divina
1743 2117 1950 2162 providentia

1209 2176 1322 2218 Papae
1346 2173 1446 2211 VIII,
1463 2183 1549 2205 anno
1569 2173 1636 2205 eius
1654 2182 1720 2213 riu,
1743 2171 1950 2215 supradictae

1211 2228 1337 2260 litterae
1362 2226 1554 2270 apostolicae
1575 2229 1798 2269 praesentatae
1818 2228 1846 2258 et
1870 2224 1946 2267 affi-

1209 2292 1270 2314 „rac
1293 2282 1438 2323 sacrant,
1458 2290 1494 2312 ac
1511 2279 1655 2312 dimissis
1673 2279 1781 2322 copiis,
1802 2278 1845 2311 ad
1869 2278 1950 2311 basi-

1211 2335 1290 2368 licas
1314 2335 1522 2367 ecclesiaram
1546 2334 1578 2367 S.
1599 2333 1735 2366 Ioamzis
1754 2333 1950 2366 Lateranen-

1210 2389 1272 2430 sis,
1303 2392 1333 2421 ct
1356 2387 1525 2431 Principis
1546 2386 1765 2430 apostolorum
1792 2385 1893 2426 Urbis,
1921 2389 1950 2418 et

1212 2441 1249 2474 l'n
1272 2440 1468 2474 cancellaria
1493 2440 1679 2483 apostolica,
1698 2440 1735 2473 in
1752 2439 1819 2472 acie
1837 2438 1951 2481 Campi

1212 2495 1339 2537 Florae,
1360 2506 1395 2528 ac
1415 2495 1493 2528 allis
1519 2494 1594 2527 Iocis
1618 2494 1723 2527 solitis
1740 2497 1769 2527 et
1792 2491 1949 2526 consuetis

1216 2549 1328 2590 Urbis,
1357 2559 1415 2593 per
1445 2559 1502 2582 nos
1534 2548 1760 2592 Anquscmum
1795 2546 1832 2579 cle
1860 2545 1949 2579 Bolis

1249 2613 1260 2639 1
1283 2610 1353 2639 Edit.
1373 2610 1452 2639 Main.
1472 2610 1538 2646 legit
1557 2610 1636 2644 thocl
1655 2610 1693 2645 (n.
1714 2609 1763 2644 T.).

1955 202 2006 231 An.
2021 203 2052 232 G.
2071 203 2135 232 1631

2002 740 2065 763 Fides
2086 743 2142 763 trau-

1957 771 2094 796 sumptorum.

1986 1119 2074 1141 Sanctio
2093 1125 2143 1147 poe·

1959 1148 2020 1168 nans.
