2221 3224
180 234 228 262 An.
245 236 273 263 c.
296 236 363 264 1629
409 227 450 261 72

952 236 1132 260 BULLARIUM

377 284 458 317 niter
479 284 658 325 celebrant,
682 284 725 316 uti
751 283 937 316 baldachino
961 287 992 315 et
1015 285 1132 327 appa-'

377 342 456 378 ratu,
481 337 565 370 iuxta
590 348 697 370 eorum
719 336 967 379 antiquissimam
988 347 1132 378 eonsue-⁴

379 391 527 432 tudinem,
553 390 594 424 ita
619 394 731 429 tamen,
756 394 789 421 ut
814 388 953 421 modeste
978 400 1049 422 cum
1066 389 1132 421 de-¹

378 443 442 475 hita
466 442 680 476 convenientia
695 469 702 481 ,
728 442 793 474 sinc
825 443 943 485 pompa
975 445 1004 475 et
1026 452 1113 483 auro,

378 502 471 540 atque
494 496 524 528 in
549 495 648 527 tribus
666 495 702 527 ad
723 505 880 526 summum
900 495 1115 528 festivitatibus

379 550 518 593 quolibet
542 558 639 590 anno,
665 553 812 588 utantur,
844 553 938 591 prout
970 548 1001 580 in
1026 548 1116 581 dietis

379 601 511 634 decretis
543 600 633 633 latius
664 601 850 633 continetur.
876 601 965 634 Nune
989 601 1114 634 demum

379 654 632 697 archiepiscopus
645 653 843 686 Florentinus
856 654 893 686 ad
909 664 1028 687 sacram
1043 654 1117 687 Con-

379 707 593 749 gregationem
621 707 772 739 accedens
797 707 928 747 instetit,
953 707 1116 750 prohiberi

379 759 483 791 abbati
508 759 536 792 S.
558 759 671 792 Mariae
688 759 827 792 eiusdem
845 759 976 793 civitatis
993 760 1118 793 Floren-

380 815 461 846 tinae
474 813 598 847 Ordinis
617 813 807 847 Cassinensis
827 824 919 847 usum
938 814 1117 846 baldachini

380 873 409 899 et
426 867 580 899 dictorum
599 867 827 909 ministrorum,
846 872 875 900 et
892 868 1023 900 aliarum
1041 868 1118 900 rnul-

381 926 482 953 tarum
505 921 778 954 caeremoniarum
793 922 824 954 in
838 922 972 955 dedecus
988 926 1016 956 et
1033 932 1119 966 prae-

381 975 529 1007 iudicium
555 985 629 1007 suae
661 975 937 1019 archiepiscopalis
960 975 1118 1018 dignitatis

380 1029 594 1072 vergentiuin;
612 1032 650 1070 et,
668 1028 761 1061 citato
779 1033 808 1061 et
824 1028 1049 1061 interveniente
1070 1039 1120 1072 pa-

381 1088 426 1116 tre
444 1083 571 1115 domino
581 1082 744 1115 Dominico
758 1082 875 1115 Pinello
889 1082 1029 1115 eiusdem
1045 1083 1120 1116 Con—

381 1136 571 1178 greg-ationis
595 1135 824 1169 Cassinensium
846 1139 1051 1179 procuratore
1069 1146 1120 1179 ge-

381 1189 490 1224 nerali,
516 1193 545 1222 et
570 1189 712 1232 partibus
730 1199 822 1233 saepe
836 1199 871 1221 ae
891 1189 1014 1232 saepius
1031 1189 1119 1221 audi-

382 1243 430 1285 tis,
442 1254 477 1276 ac
490 1242 615 1285 negotio
628 1242 795 1285 diligenter
805 1242 956 1284 discusso,
965 1242 1120 1275 referente

382 1296 594 1329 illustrissimo
629 1300 659 1328 et
692 1295 956 1328 reverendissimo
992 1295 1120 1329 domino

382 1350 531 1383 cardinali
558 1350 628 1391 Pio,
654 1349 763 1382 eadem
789 1360 877 1382 sacra
902 1349 1019 1382 rituum
1043 1349 1121 1383 Con-

382 1404 534 1447 gregatio,
553 1403 745 1436 inhaerendo
766 1403 848 1436 dicto
866 1403 976 1436 ultimo
994 1402 1120 1435 decreto

382 1457 462 1491 sacto
483 1457 519 1490 de
537 1467 618 1490 anno
635 1466 787 1496 tinexvnl,
805 1456 925 1489 censuit
941 1460 970 1488 et
988 1456 1122 1489 declara-

383 1511 436 1552 vit,
450 1511 544 1543 licere
560 1509 725 1543 abbatibus
739 1509 981 1551 Cassinensibus,
996 1509 1121 1552 quando

384 1565 566 1598 solemniter
592 1564 750 1597 celebrant
775 1563 872 1606 (quod
900 1563 930 1595 in
960 1562 1060 1595 tribus
1084 1563 1122 1595 ad

384 1628 543 1651 summum
570 1616 786 1650 festivitatibus
806 1616 907 1649 facere
928 1616 972 1648 eis
996 1616 1122 1660 permit-

384 1672 472 1715 titur)
493 1671 537 1704 uti
561 1671 758 1711 baldachino,
783 1670 849 1703 sine
873 1680 950 1703 auro
972 1675 1074 1702 tamen
1094 1675 1123 1702 et

384 1727 510 1770 pompa,
521 1730 550 1758 et
563 1725 719 1768 aliquibus
733 1724 825 1757 etiam
840 1723 991 1757 ministris
1005 1723 1122 1767 paratis

385 1780 482 1812 sacris
499 1778 704 1818 indumentis,
721 1778 794 1822 quia
810 1788 884 1811 vero
901 1787 1053 1810 numerus
1070 1777 1124 1810 ho-

385 1844 455 1866 rum
476 1832 693 1865 ministrorum
711 1831 742 1863 in
760 1831 915 1874 aliquibus
933 1841 1042 1863 eorum
1061 1841 1124 1863 mo-

384 1886 527 1919 nasteriis
548 1891 614 1918 erat
637 1884 725 1917 valde
750 1884 943 1924 excessivus,
968 1883 1065 1916 vetuit
1089 1894 1124 1916 ac

386 1939 569 1984 probibuit,
598 1949 636 1971 ne
664 1938 758 1971 iidem
790 1937 917 1970 abbates
945 1937 1125 1970 solemniter

386 1998 419 2026 ut
444 2004 537 2037 supra
562 1993 754 2026 celebrantes
778 1991 855 2024 alios
873 1991 992 2035 possint
1008 1991 1125 2023 habere

387 2048 547 2080 ministros
559 2047 656 2079 sacris
673 2045 862 2079 indumentis
879 2049 1014 2089 paratOS,
1032 2055 1124 2088 quam

387 2101 465 2134 duos
489 2101 636 2134 diaconos
654 2106 682 2133 et
702 2100 920 2144 presbyterum
937 2098 1126 2138 assistentes,

387 2155 553 2188 diaconum
580 2158 609 2188 et
633 2154 858 2187 subdiaconum
884 2164 941 2197 pro
967 2151 1126 2185 cantandis

388 2208 549 2251 evangelio
575 2213 604 2240 et
628 2207 770 2251 epistola,
787 2217 821 2238 ac
843 2217 894 2238 sex
913 2205 951 2237 ad
968 2215 1126 2238 summum

388 2261 482 2302 alios,
514 2261 591 2293 duos
616 2271 687 2293 cum
716 2259 926 2303 pluvialibus,
952 2258 1030 2291 duos
1055 2269 1126 2291 cum

388 2314 539 2359 planetis,
565 2319 591 2346 ct
618 2314 696 2346 duos
725 2306 800 2345 ‘cum
831 2311 984 2344 tunicellis
1013 2311 1128 2344 coloris

391 2368 522 2411 tempori
540 2367 769 2406 convenientis,
790 2365 892 2409 quoad
915 2365 1035 2408 reliqua
1054 2375 1127 2397 vero

392 2422 421 2453 in
435 2422 524 2454 dictis
537 2421 670 2454 decretis
684 2420 721 2453 de
739 2419 827 2452 annis
844 2428 941 2452 Moeri
955 2422 984 2452 et
997 2428 1128 2451 MDCXVII
1144 2441 1146 2459 4

392 2476 540 2507 emanatis
565 2480 720 2515 contenta,
745 2484 832 2507 saera
849 2473 1057 2516 Congregatio
1078 2483 1128 2505 ea-

392 2527 462 2559 dem
476 2528 599 2561 decreta
613 2528 819 2568 confirmavit,
831 2532 870 2567 et,
885 2531 1037 2570 quatenus
1050 2537 1129 2570 opus

393 2580 441 2620 sit,
459 2581 624 2622 innovavit,
639 2581 782 2614 inhibens
799 2580 946 2614 omnibus
965 2580 1128 2613 abbatibus

393 2633 636 2676 Cassinensibus,
660 2645 696 2668 ae
721 2635 803 2668 serio
823 2634 1030 2679 praecipiens,
1046 2638 1081 2667 ut
1098 2633 1129 2666 in

1152 236 1307 261 Romanum

1147 283 1277 326 reliquis
1301 284 1446 317 omnibus
1471 293 1507 317 ea
1531 284 1570 318 ad
1594 295 1733 329 unguem
1754 285 1885 320 inviola-

1147 335 1252 368 biliter
1276 335 1443 369 observent
1452 347 1460 376 ;
1485 347 1659 381 eorumque
1690 338 1886 382 dispositioni

1147 389 1275 429 addidit,
1300 394 1334 422 ut
1358 390 1527 434 supradicti
1544 392 1674 425 abbates
1690 393 1776 425 nullo
1794 392 1888 426 modo

1131 442 1291 483 debeant,
1315 453 1373 475 nec
1396 444 1525 486 possint,
1550 445 1676 485 habere,
1701 456 1758 478 nec
1783 450 1889 478 tenere

1149 495 1253 528 sedem
1279 506 1367 528 suam
1393 496 1579 530 abbatialem
1603 498 1696 530 fixam
1718 503 1747 531 et
1767 509 1890 542 perma-

1149 554 1273 582 nentem
1299 560 1398 593 prope
1422 550 1529 592 altare,
1548 556 1581 583 ut
1598 551 1686 584 sedes
1704 551 1890 595 episcopalis

1150 602 1277 635 retineri
1295 603 1472 642 consuevit;
1492 603 1658 648 minusque
1677 605 1767 637 liceat
1784 615 1890 648 supra-

1150 655 1240 688 dictis
1265 665 1318 687 sex
1343 655 1515 696 monachis,
1539 657 1655 700 paratis
1672 662 1706 689 ut
1723 668 1828 700 supra,
1847 668 1890 690 se-

1150 708 1224 741 dere
1249 709 1281 740 in
1305 708 1433 741 sedibus
1458 709 1648 750 choralibus,
1669 715 1703 743 ut
1722 710 1872 743 canonico

1150 773 1222 794 rum
1247 762 1435 795 secularium
1462 773 1529 796 mos
1553 768 1614 805 est,
1641 764 1694 796 sed
1719 764 1807 796 sedes
1830 775 1888 808 pro

1151 816 1261 850 abbate
1297 816 1478 849 solemniter
1509 816 1687 849 celebrante
1718 817 1889 850 retineatur

1151 868 1182 900 in
1199 869 1331 902 ecclesia
1356 869 1392 901 iis
1417 869 1634 902 tantummodo
1659 869 1760 902 tribus
1780 869 1889 903 diebus

1152 922 1264 965 quibus
1295 923 1361 966 ipse
1393 921 1489 955 abbas
1521 922 1703 957 solemniter
1733 922 1890 964 celebrat,

1151 975 1288 1019 dictique
1312 986 1364 1009 sex
1391 976 1536 1009 monachi
1571 976 1671 1020 parati
1702 975 1812 1008 sedere
1836 975 1890 1008 de-

1152 1029 1245 1062 beant
1258 1030 1327 1063 loco
1346 1039 1487 1073 congruo
1502 1030 1586 1063 iuxta
1598 1029 1804 1062 ecclesiarum
1822 1039 1892 1062 con-

1153 1083 1326 1116 venientem
1352 1083 1445 1116 situm
1471 1094 1566 1127 super
1590 1083 1733 1116 scabellis
1754 1083 1792 1115 ad
1808 1083 1892 1116 hunc

1152 1136 1297 1169 effectum
1323 1141 1397 1170 tunc
1421 1137 1572 1180 appositis
1597 1146 1699 1180 panno
1716 1137 1806 1169 laneo
1823 1146 1892 1169 eoo-

1153 1189 1260 1233 pertis.
1285 1190 1339 1222 Die
1364 1200 1436 1222 xxtx
1461 1190 1593 1222 ianuarii
1617 1199 1793 1223 iuncxxvm.

1198 1243 1212 1285 ἓ
1237 1243 1266 1276 2.
1285 1243 1361 1277 Cum
1379 1247 1491 1285 autem7
1510 1243 1589 1276 sicut
1606 1243 1713 1276 eadem
1739 1242 1891 1286 expositio

1154 1295 1372 1338 subiungebat,
1397 1296 1577 1329 Dominicus
1597 1295 1776 1340 praedictus
1797 1295 1894 1339 pluri-

1155 1359 1240 1381 mum
1266 1349 1371 1393 cupiat
1395 1349 1624 1393 praeinsertum
1649 1349 1810 1382 decretum
1838 1349 1894 1381 hu-

1155 1402 1301 1443 iusmodi,
1326 1413 1388 1445 quo
1412 1402 1535 1435 firmius
1559 1389 1894 1435 subsistatssi'nviola-

1154 1455 1258 1488 biliter
1294 1456 1503 1497 observetur,
1540 1455 1731 1499 apostolicae
1768 1460 1894 1488 nostrae

1155 1508 1404 1542 confirmationis
1441 1509 1558 1542 robore
1594 1508 1804 1551 communiri,
1837 1518 1894 1542 nos

1155 1562 1222 1594 eius
1247 1562 1326 1595 votis
1351 1562 1534 1595 huiusmodi
1559 1572 1716 1604 annuere,
1743 1562 1894 1605 illumque

1155 1615 1342 1660 specialibus
1366 1615 1525 1649 favoribus
1551 1620 1580 1648 et
1605 1615 1713 1658 gratiis
1743 1615 1894 1659 prosequi

1155 1670 1305 1711 volentes,
1323 1673 1352 1703 et
1375 1680 1392 1702 a
1417 1669 1577 1713 quibusvis
1598 1668 1896 1702 excommunicatio-

1155 1723 1222 1765 nis,
1248 1723 1461 1767 suspensionis
1492 1726 1522 1756 et
1553 1722 1732 1763 interdicti,
1765 1722 1896 1766 aliisque

1156 1776 1372 1811 ecclesiasticis
1390 1776 1559 1818 sententiis,
1574 1776 1715 1809 censuris
1731 1780 1761 1808 et
1776 1776 1896 1820 poenis,

1156 1841 1173 1863 a
1195 1831 1261 1864 iure
1286 1831 1333 1863 vel
1358 1830 1396 1862 ab
1421 1824 1702 1873 hominesquavis
1732 1829 1897 1862 occasione

1157 1884 1204 1917 vel
1230 1885 1323 1916 causa
1354 1884 1442 1924 latis,
1468 1883 1491 1915 si
1517 1883 1632 1927 quibus
1661 1882 1898 1926 quomodolibet

1158 1937 1324 1970 innodatus
1341 1936 1454 1978 existit,
1468 1936 1507 1969 ad
1522 1936 1666 1969 effectum
1684 1936 1897 1979 praesentium

1158 1990 1320 2024 dumtaxat
1345 1989 1611 2034 consequendum,
1625 1989 1737 2022 harum
1755 1989 1835 2021 serie
1849 1989 1899 2022 ab·

1159 2045 1313 2079 solventes
1344 2049 1374 2077 et
1407 2044 1584 2077 absolutum
1617 2043 1683 2076 sore
1715 2048 1897 2084 censentes,

1160 2098 1439 2142 supplicationibus
1464 2097 1530 2130 eius
1554 2097 1680 2130 nomine
1697 2096 1786 2130 nobis
1804 2107 1898 2141 super

1160 2153 1220 2185 hoc
1243 2151 1405 2184 humiliter
1429 2150 1584 2194 porrectis
1609 2150 1757 2190 inclinati,
1776 2149 1899 2193 praein-

1160 2209 1277 2238 sertum
1292 2204 1452 2237 decretum
1467 2203 1648 2236 huiusmodi
1663 2203 1835 2247 apostoliea
1849 2214 1898 2235 au-

1160 2258 1303 2292 ctoritate
1323 2263 1430 2290 tenore
1448 2257 1659 2301 praesentium
1678 2260 1831 2300 perpetuo
1848 2266 1900 2300 ap-

1159 2313 1332 2356 probamus
1357 2316 1386 2344 et
1410 2311 1646 2351 confirmamus,
1675 2310 1782 2353 illique
1804 2309 1900 2342 invio-

1160 2365 1260 2397 labilis
1284 2364 1473 2408 apostolicae
1497 2363 1653 2397 firmitatis
1678 2363 1776 2396 robur
1796 2361 1899 2395 adiici-

1161 2428 1250 2458 mus,
1280 2428 1315 2450 ac
1347 2427 1456 2450 omnes
1488 2421 1517 2449 et
1549 2417 1689 2459 singulos
1723 2421 1786 2448 tarn
1820 2415 1897 2448 iuris

1161 2482 1253 2516 quam
1278 2470 1348 2504 sacti
1373 2475 1402 2505 et
1425 2471 1552 2515 quosvis
1581 2470 1658 2503 alios
1689 2470 1847 2509 desectuS,
1874 2469 1899 2502 si

1161 2525 1214 2569 qui
1239 2525 1373 2568 desuper
1396 2524 1633 2569 quomodolibet
1662 2522 1898 2565 intervenerint,

1161 2582 1214 2612 aut
1237 2578 1440 2612 intervenisse
1464 2578 1525 2612 dici
1551 2578 1599 2611 vel
1624 2576 1745 2611 censeri
1762 2580 1899 2620 possent,

1161 2632 1352 2677 supplemus.

1899 238 1950 266 An.
1964 238 1993 268 C.
2015 237 2084 266 162⁹

1918 1255 1994 1286 *Quod
2013 1255 2091 1277 insun-

1907 1285 1958 1304 tiam
1990 1287 2090 1309 procura-

1908 1310 1958 1330 toris
1987 1308 2091 1335 generatis

1908 1335 2091 1384 &Etissffitf‘qu‘
