2248 3229
261 656 341 676 Cannu
356 656 416 676 liuius

235 682 398 703 Corisiitutwuis.

736 273 881 307 DCXLIV.

438 345 528 386 Quod
544 345 668 387 priores
683 344 898 386 provinciales
914 344 1102 386 provinciae
1118 344 1174 377 Ro-

478 409 592 430 manae
608 397 742 430 Ordinis
754 396 1023 430 Praedicatorwn
1040 397 1174 430 debeant

476 461 539 483 esse
564 450 727 483 biennales
738 449 756 482 ¹.

640 530 774 557 Urbanus
795 531 873 564 Papa
893 531 970 563 VIII,

563 575 598 601 ad
620 575 753 601 futuram
769 576 814 601 rei
834 576 1013 602 memoriam.

476 645 583 687 Nuper
606 655 665 688 pro
690 651 779 688 parte
804 645 908 677 dilecti
933 645 989 677 filii
1014 646 1172 678 Michaelis

432 698 593 740 Mami-ini,
612 698 642 730 in
663 700 751 731 sacra
776 699 934 741 theologia
960 699 1116 742 magistri,
1138 711 1174 732 ac

432 752 588 784 Romanae
605 751 785 794 provinciae
798 752 931 784 fratrum
947 752 1071 785 Ordinis
1086 753 1173 786 Prae-

431 804 606 836 dicatorum
625 804 740 848 prioris
758 805 968 848 provincialis,
981 806 1070 838 nobis
1084 817 1174 850 expo-

431 858 524 890 situm
544 858 610 897 fuit,
628 858 710 900 quod
729 858 829 891 dictae
851 859 1031 902 provinciae
1052 860 1174 903 priores

431 911 640 954 provinciales
658 916 728 943 ante
746 912 917 955 capitulum
936 913 1082 955 generale
1096 914 1173 946 eius-

431 964 501 997 dem
519 963 644 997 Ordinis
662 964 692 996 in
710 965 792 996 alma
812 965 895 998 Urbe
914 968 1021 998 nostra
1042 967 1172 999 novissi—

432 1027 481 1050 me
499 1017 536 1049 de
553 1027 634 1050 anno
649 1027 786 1051 nncxtnx
801 1019 993 1052 celebratum
1012 1020 1172 1053 biennales

432 1075 530 1109 erant,
549 1070 579 1102 in
601 1081 637 1103 eo
663 1077 766 1104 autem
792 1072 930 1115 capitulo
956 1074 1094 1115 generali
1116 1080 1173 1106 sta-

432 1129 534 1157 tutum
549 1124 615 1164 fuit,
631 1129 664 1157 ut
682 1125 806 1168 priores
821 1126 1030 1168 provinciales
1046 1127 1084 1159 ab
1102 1127 1173 1160 inde

432 1177 674 1220 quadriennales
699 1178 788 1219 soret,
816 1179 954 1222 exceptis
980 1185 1083 1212 tamen
1104 1192 1173 1224 pro-

432 1230 542 1263 vinciis
567 1231 693 1274 speciali
719 1232 821 1274 quoad
840 1232 899 1265 hoe
916 1232 1036 1266 indulto
1053 1240 1174 1277 aposto-

432 1282 492 1315 lico
517 1284 736 1326 gaudentibus.
770 1285 905 1325 Verum,
932 1286 1004 1330 quia
1036 1287 1172 1320 dubitari

433 1342 545 1380 potest,
563 1347 600 1369 an
619 1337 649 1369 in
668 1337 826 1380 praedicta
849 1339 1011 1382 provincia
1033 1340 1173 1373 Romana

433 1390 613 1424 huiusmodi
643 1392 797 1425 indultum
824 1393 946 1435 vigeat,
977 1393 1015 1426 ad
1047 1405 1173 1427 onmem

434 1446 616 1488 scrupulum
643 1456 658 1479 e
685 1447 788 1479 medio
814 1448 1051 1488 removendum,
1077 1454 1174 1482 statu-

435 1503 499 1530 tum
525 1499 618 1531 etiam
645 1499 702 1531 suit
728 1500 757 1532 in
779 1500 863 1532 dieta
885 1511 988 1544 nuper
1013 1502 1044 1534 in
1065 1502 1175 1534 eedem

435 1551 516 1583 alma
543 1551 625 1584 Urbe
655 1553 685 1584 in
714 1552 809 1586 domo
841 1554 979 1596 regulari
1011 1565 1066 1588 seu
1095 1566 1172 1588 con-

437 1610 528 1637 ventu
560 1604 589 1637 S.
624 1605 736 1638 Mariae
769 1617 865 1650 super
896 1607 1065 1640 Minervam
1102 1609 1176 1641 dicti

436 1657 559 1690 Ordinis
584 1658 699 1699 habita,
725 1660 965 1702 supplicandum
986 1672 1064 1702 esse,
1083 1669 1178 1705 prout

436 1710 518 1743 idem
540 1722 698 1754 exponens
718 1713 809 1745 nobis
827 1714 988 1746 humiliter
1006 1715 1176 1758 supplicari

438 1763 526 1804 feeit,
552 1770 585 1796 ut
611 1765 640 1796 in
665 1766 846 1808 praemissis
871 1771 1049 1810 opportune
1073 1768 1177 1810 provi-

438 1816 512 1849 dere
541 1817 578 1849 de
606 1817 798 1860 benignitate
829 1820 1003 1863 apostolica
1031 1819 1177 1862 dignare-

439 1880 520 1902 mur,

483 1923 498 1966 g
518 1923 547 1955 ‘l.
570 1923 632 1956 Nos
654 1923 759 1967 igitur,
777 1925 856 1957 felici
874 1926 1054 1969 provinciae
1075 1926 1179 1959 huius-

439 1976 522 2009 modi
537 1977 701 2019 gubernio,
716 1983 866 2021 quantum
882 1990 951 2012 eum
966 1980 1097 2013 Domino
1112 1991 1180 2023 pos-

440 2040 557 2069 sumus,
583 2031 757 2070 consulere,
776 2042 811 2064 ae
828 2033 974 2066 eumdem
996 2033 1178 2066 michaelem

439 2083 629 2126 specialibus
654 2084 813 2117 favoribus
838 2091 868 2118 et
892 2086 1001 2128 gratiis
1030 2086 1178 2129 prosequi

440 2137 588 2177 volentes,
609 2149 745 2181 eumque
770 2149 786 2170 a
811 2139 972 2182 quibusvis
998 2151 1179 2173 excommu-

440 2190 842 2234 nicationis,suspensionis
859 2198 889 2224 et
909 2192 1076 2233 interdicti,
1102 2193 1181 2225 aliis-

441 2254 501 2287 que
526 2244 743 2277 ecclesiasticis
775 2246 952 2288 sententiis,
987 2247 1128 2279 censuris
1152 2252 1182 2279 et

441 2297 560 2340 poenis,
581 2309 597 2330 a
622 2298 689 2331 iure
715 2299 762 2331 vel
787 2299 826 2331 ab
852 2299 988 2341 homine,
1006 2300 1116 2344 quavis
1134 2311 1183 2333 oc-

442 2351 566 2383 casione
591 2351 638 2383 'vel
664 2353 758 2384 causa
789 2352 875 2395 latis,
901 2353 927 2386 si
957 2354 1072 2397 quibus
1104 2365 1181 2397 quo-

443 2404 613 2437 modolibet.
638 2405 803 2438 innodatus
829 2406 947 2448 existit,
972 2407 1011 2439 ad
1036 2407 1183 2440 effectum

442 2458 653 2500 praesentium
672 2459 832 2493 dumtaxat
848 2460 1115 2504 consequendum,
1132 2461 1184 2493 ba-

442 2520 512 2543 rum
538 2511 617 2544 serie
642 2512 840 2547 absolventes
863 2518 894 2546 et
917 2513 1098 2547 absolutum
1115 2514 1183 2547 fore

480 2583 490 2607 1
514 2580 579 2609 Vide
598 2581 631 2609 de
649 2582 692 2609 his
711 2583 841 2611 fratribus
861 2584 975 2612 Constit.
997 2591 1061 2612 xvm
1081 2585 1184 2620 Grego-

443 2625 478 2654 rii
491 2626 534 2661 XI,
554 2628 676 2665 Virtute,
692 2632 756 2659 tom.
773 2636 810 2666 iv,
825 2638 886 2666 pag.
902 2631 967 2660 567.

1019 227 1195 249 BULLAIRIUM
1223 226 1375 248 ROMANUM

1959 228 2008 252 An.
2030 225 2057 252 C.
2073 225 2141 253 1639

1211 278 1382 312 censentes,
1396 272 1576 305 huiusmodi
1599 273 1878 316 supplicationibus
1904 274 1946 306 in-

1210 325 1313 358 clinati
1328 336 1335 365 3

1252 379 1315 421 ξ’).
1342 378 1429 417 Quod
1454 379 1491 411 de
1516 385 1620 412 cetero
1646 380 1806 423 perpetuis
1831 380 1944 412 suturis
1962 422 1964 424 v
1981 393 2068 423 neman
2085 395 2147 418 prout

1207 433 1403 475 temporibus
1435 432 1535 465 dietae
1572 433 1752 476 provinciae
1788 433 1944 466 Romanae
1962 428 1980 442 ¹³
2000 427 2093 442 ⁸¹⁰¹&

1209 486 1331 528 priores
1349 486 1558 528 provinciales
1578 487 1738 519 biennales
1756 487 1817 518 sint
1833 491 1861 519 et
1879 497 1944 519 esse

1208 538 1349 578 debeant,
1365 549 1421 571 nec
1439 539 1520 571 ultra
1538 539 1699 571 biennium
1718 540 1748 571 in
1766 532 1945 572 huiusmodi

1207 592 1451 633 provincialatus
1476 593 1578 625 officio
1603 593 1778 636 perdurare
1804 593 1945 636 possint,

1207 650 1237 677 et
1261 645 1413 689 quidquid
1439 657 1528 679 secus
1545 657 1561 678 a
1583 657 1752 689 quoquam,
1771 646 1879 689 quavis
1896 656 1946 678 au-

1208 699 1361 738 ctoritate,
1380 699 1515 732 scienter
1534 699 1582 731 vel
1604 699 1796 741 ignoranter,
1811 699 1946 741 contige-

1208 752 1248 784 rit,
1273 753 1428 791 attentari,
1454 753 1579 785 irritum
1605 757 1634 786 et
1658 753 1748 785 inane
1774 753 1892 792 existat,
1918 763 1946 784 a·

1208 805 1360 848 postolica
1382 806 1575 846 auctoritate,
1594 812 1702 839 tenore
1724 806 1945 850 praesentium,

1208 859 1426 900 decernimus,
1452 860 1616 893 statuimus
1642 866 1671 893 et
1695 859 1876 893 ordinamus
1902 869 1948 892 re—

1208 913 1355 956 spectix'e.

1253 967 1266 1009 g
1291 965 1319 999 3.
1346 966 1412 999 Non
1431 966 1626 1000 obstantibus
1645 966 1804 1010 praedicta
1819 965 1946 1009 capituli

1207 1019 1364 1062 generalis
1384 1020 1592 1060 ordinatione⁷
1611 1030 1665 1052 seu
1683 1024 1806 1061 statuto,
1825 1029 1860 1051 ac
1878 1029 1948 1052 con-

1207 1073 1423 1106 stitutionibus
1437 1078 1466 1106 et
1486 1073 1738 1106 ordinationibus
1755 1072 1946 1116 apostolicis,

1207 1136 1329 1158 necnon
1354 1125 1479 1159 OrdInis
1504 1132 1531 1158 et
1557 1126 1737 1169 prox-inciae
1756 1125 1947 1165 huiusmodi,

1208 1179 1299 1211 etiam
1314 1179 1500 1220 iuramento,
1513 1179 1752 1212 confirmatione
1766 1178 1947 1222 apostolica,

1208 1232 1255 1264 vel
1276 1232 1385 1275 quavis
1402 1231 1549 1265 firmitate
1571 1232 1630 1264 alia
1648 1231 1814 1271 roboratis,
1827 1232 1949 1264 statutis

1208 1290 1238 1318 et
1267 1285 1566 1327 consuetudinibus,
1599 1285 1771 1329 privilegiis
1803 1295 1948 1329 quoque,

1209 1339 1336 1371 indultis
1360 1345 1390 1372 et
1414 1339 1526 1371 litteris
1557 1339 1738 1382 apostolicis
1763 1340 1793 1371 in
1818 1344 1945 1371 contra-

1210 1393 1290 1425 rium
1309 1393 1555 1436 praemissorum
1575 1393 1812 1436 quomodolibet
1827 1403 1950 1425 eonces-

1210 1446 1261 1485 sis,
1286 1446 1480 1480 confirmatis
1498 1452 1527 1479 et
1553 1446 1723 1485 innovatis3
1749 1446 1863 1489 quibus
1883 1456 1950 1479 om-

1209 1500 1301 1532 nibus
1316 1505 1346 1532 et
1363 1500 1505 1542 singulis,
1524 1500 1650 1533 illorum
1668 1500 1809 1533 oninium
1827 1505 1952 1534 tenores

1211 1553 1426 1596 praesentibus
1452 1563 1510 1596 pro
1534 1553 1625 1596 plene
1643 1558 1673 1586 et
1697 1553 1887 1585 sufficienter
1905 1563 1953 1586 ex-

1211 1606 1327 1650 pressis
1352 1606 1514 1647 habentes,
1540 1607 1600 1639 illis
1621 1607 1696 1640 alias
1715 1607 1745 1638 in
1763 1617 1819 1639 suo
1837 1606 1953 1639 robore

1212 1659 1443 1703 permansuris,
1469 1659 1507 1692 ad
1532 1659 1779 1702 praemissorum
1805 1659 1951 1691 effectum

1212 1713 1388 1755 specialiter
1413 1718 1442 1744 et
1467 1723 1615 1756 expresse
1641 1712 1847 1755 derogamus,
1869 1718 1952 1745 cete-

1213 1767 1318 1809 risque
1343 1765 1508 1798 contrariis
1533 1766 1793 1809 (pribuscumque.

1255 1820 1367 1852 Datum
1392 1820 1521 1858 Romae,
1547 1819 1630 1862 apud
1657 1819 1685 1851 S,
1705 1819 1833 1851 Mariam
1859 1818 1953 1851 Maio

1213 1883 1290 1913 rem,
1306 1873 1364 1905 sub
1381 1873 1496 1905 annulo
1511 1873 1687 1912 piscatoris,
1702 1872 1751 1905 die
1766 1882 1867 1906 xxvul
1882 1871 1955 1904 maii

1214 1936 1387 1967 itmcxxmx,
1406 1926 1608 1968 pontificatus
1626 1925 1725 1958 nostri
1743 1936 1824 1958 anno
1842 1935 1904 1959 ΧΠ.

2033 975 2147 996 Contrariis

1963 1003 2058 1029 derogat.

1249 1988 1306 2015 Dat.
1325 1988 1367 2016 die
1382 1988 1415 2015 28
1432 1988 1496 2015 maii
1518 1989 1594 2022 1639,
1612 1988 1706 2023 pontis.
1724 1996 1794 2016 anno
1810 1995 1865 2016 xvl.

1517 2131 1650 2164 DCXLV.

1218 2211 1427 2254 Confirmatio
1452 2211 1689 2244 concessionum
1715 2210 1880 2243 domorum
1907 2220 1957 2243 re-

1258 2264 1429 2307 [lutarium
1443 2264 1480 2297 tle
1495 2264 1705 2298 observantia
1725 2264 1886 2307 fratribus
1903 2264 1958 2297 Re-

1259 2317 1410 2361 formctte's
1427 2317 1458 2351 S.
1472 2317 1643 2351 Francisci
1661 2317 1900 2361 quonwdolibet
1913 2317 1958 2359 fa-

1261 2374 1394 2403 clarum.

1433 2452 1569 2479 Urbanus
1585 2452 1663 2486 Papa
1677 2452 1753 2485 VIII,

1336 2496 1372 2524 ad
1393 2500 1569 2531 perpetuam
1588 2497 1631 2524 rei
1652 2496 1834 2524 memoriam.

1262 2567 1304 2600 Ex
1323 2567 1453 2601 iniuncti
1467 2568 1559 2601 nobis
1572 2567 1736 2612 apostolici
1752 2567 1893 2600 muneris
1907 2566 1959 2600 de·
2001 2570 2142 2594 Prooemium.

1218 2620 1282 2656 bito
1307 2621 1560 2657 christifidelium
1588 2623 1647 2656 sub
1678 2621 1764 2656 suavi
1795 2621 1960 2665 religionis
2096 2620 2099 2621 ⁷
