<?xml version="1.0" encoding="UTF-8"?>
<!DOCTYPE html PUBLIC "-//W3C//DTD XHTML 1.0 Transitional//EN"
    "http://www.w3.org/TR/xhtml1/DTD/xhtml1-transitional.dtd">
<html xmlns="http://www.w3.org/1999/xhtml" xml:lang="en" lang="en">
 <head>
  <title>
</title>
<meta http-equiv="Content-Type" content="text/html;charset=utf-8" />
  <meta name='ocr-system' content='tesseract 3.04.00' />
  <meta name='ocr-capabilities' content='ocr_page ocr_carea ocr_par ocr_line ocrx_word'/>
</head>
<body>
  <div class='ocr_page' id='page_1' title='image "./bullarumdiplomat14cath_0396.png"; bbox 0 0 2248 3229; ppageno 0'>
   <div class='ocr_carea' id='block_1_1' title="bbox 211 215 505 254">
    <p class='ocr_par' dir='ltr' id='par_1_1' title="bbox 211 215 505 254">
     <span class='ocr_line' id='line_1_1' title="bbox 211 215 505 254; baseline -0.007 -3"><span class='ocrx_word' id='word_1_1' title='bbox 211 223 260 252; x_wconf 83' lang='lat' dir='ltr'>An.</span> <span class='ocrx_word' id='word_1_2' title='bbox 277 224 306 253; x_wconf 85' lang='lat' dir='ltr'>C.</span> <span class='ocrx_word' id='word_1_3' title='bbox 327 224 396 254; x_wconf 82' lang='lat'><strong>1633</strong></span> <span class='ocrx_word' id='word_1_4' title='bbox 440 215 505 250; x_wconf 64' lang='lat'>328</span> 
     </span>
    </p>
   </div>
   <div class='ocr_carea' id='block_1_2' title="bbox 409 273 1152 372">
    <p class='ocr_par' dir='ltr' id='par_1_2' title="bbox 409 273 1152 372">
     <span class='ocr_line' id='line_1_2' title="bbox 409 273 1150 319; baseline 0.003 -12"><span class='ocrx_word' id='word_1_5' title='bbox 409 274 512 308; x_wconf 88' lang='lat' dir='ltr'>nullas</span> <span class='ocrx_word' id='word_1_6' title='bbox 537 283 646 308; x_wconf 80' lang='lat' dir='ltr'>causas</span> <span class='ocrx_word' id='word_1_7' title='bbox 670 273 814 307; x_wconf 81' lang='lat' dir='ltr'>effectum</span> <span class='ocrx_word' id='word_1_8' title='bbox 834 274 940 307; x_wconf 87' lang='lat' dir='ltr'>sortiri</span> <span class='ocrx_word' id='word_1_9' title='bbox 964 284 1026 308; x_wconf 91' lang='lat' dir='ltr'>non</span> <span class='ocrx_word' id='word_1_10' title='bbox 1047 286 1150 319; x_wconf 89' lang='lat' dir='ltr'>posse,</span> 
     </span>
     <span class='ocr_line' id='line_1_3' title="bbox 411 327 1152 372; baseline 0.003 -12"><span class='ocrx_word' id='word_1_11' title='bbox 411 328 475 361; x_wconf 90' lang='lat' dir='ltr'>imo</span> <span class='ocrx_word' id='word_1_12' title='bbox 498 327 622 372; x_wconf 88' lang='lat' dir='ltr'>penitus</span> <span class='ocrx_word' id='word_1_13' title='bbox 647 337 794 368; x_wconf 78' lang='lat' dir='ltr'>cessasse,</span> <span class='ocrx_word' id='word_1_14' title='bbox 812 327 959 360; x_wconf 89' lang='lat' dir='ltr'>eumdem</span> <span class='ocrx_word' id='word_1_15' title='bbox 984 338 1059 362; x_wconf 75' lang='lat' dir='ltr'>vero</span> <span class='ocrx_word' id='word_1_16' title='bbox 1083 329 1152 362; x_wconf 91' lang='lat' dir='ltr'>Phi-</span> 
     </span>
    </p>
   </div>
   <div class='ocr_carea' id='block_1_3' title="bbox 408 594 1152 746">
    <p class='ocr_par' dir='ltr' id='par_1_3' title="bbox 408 594 1152 746">
     <span class='ocr_line' id='line_1_4' title="bbox 409 594 1152 641; baseline 0.005 -15"><span class='ocrx_word' id='word_1_17' title='bbox 409 594 640 636; x_wconf 80' lang='lat' dir='ltr'>traordinario,</span> <span class='ocrx_word' id='word_1_18' title='bbox 672 596 830 639; x_wconf 87' lang='lat' dir='ltr'>celerique</span> <span class='ocrx_word' id='word_1_19' title='bbox 855 601 885 629; x_wconf 87' lang='lat' dir='ltr'>ct</span> <span class='ocrx_word' id='word_1_20' title='bbox 908 602 1056 641; x_wconf 87' lang='lat' dir='ltr'>prompto</span> <span class='ocrx_word' id='word_1_21' title='bbox 1081 598 1152 630; x_wconf 92' lang='lat' dir='ltr'>sub-</span> 
     </span>
     <span class='ocr_line' id='line_1_5' title="bbox 409 647 1151 695; baseline 0.007 -15"><span class='ocrx_word' id='word_1_22' title='bbox 409 647 489 681; x_wconf 86' lang='lat' dir='ltr'>sidio</span> <span class='ocrx_word' id='word_1_23' title='bbox 520 647 742 692; x_wconf 79' lang='lat' dir='ltr'>provideretur</span> <span class='ocrx_word' id='word_1_24' title='bbox 758 676 765 690; x_wconf 93' lang='lat'>,</span> <span class='ocrx_word' id='word_1_25' title='bbox 791 649 874 683; x_wconf 90' lang='lat' dir='ltr'>idem</span> <span class='ocrx_word' id='word_1_26' title='bbox 906 649 1070 695; x_wconf 81' lang='lat' dir='ltr'>Philippus</span> <span class='ocrx_word' id='word_1_27' title='bbox 1095 662 1151 685; x_wconf 80' lang='lat' dir='ltr'>rex</span> 
     </span>
     <span class='ocr_line' id='line_1_6' title="bbox 408 700 1151 746; baseline 0.005 -13"><span class='ocrx_word' id='word_1_28' title='bbox 408 700 535 734; x_wconf 88' lang='lat' dir='ltr'>eosdem</span> <span class='ocrx_word' id='word_1_29' title='bbox 564 706 708 746; x_wconf 85' lang='lat' dir='ltr'>sumptus</span> <span class='ocrx_word' id='word_1_30' title='bbox 739 702 771 735; x_wconf 93' lang='lat' dir='ltr'>in</span> <span class='ocrx_word' id='word_1_31' title='bbox 804 707 866 736; x_wconf 86' lang='lat' dir='ltr'>tam</span> <span class='ocrx_word' id='word_1_32' title='bbox 900 703 1091 737; x_wconf 80' lang='lat' dir='ltr'>laudabilem</span> <span class='ocrx_word' id='word_1_33' title='bbox 1115 715 1151 737; x_wconf 86' lang='lat' dir='ltr'>ae</span> 
     </span>
    </p>
   </div>
   <div class='ocr_carea' id='block_1_4' title="bbox 408 752 1169 845">
    <p class='ocr_par' dir='ltr' id='par_1_4' title="bbox 408 752 1169 845">
     <span class='ocr_line' id='line_1_7' title="bbox 408 752 1169 800; baseline 0.007 -14"><span class='ocrx_word' id='word_1_34' title='bbox 408 752 472 787; x_wconf 89' lang='lat' dir='ltr'>Deo</span> <span class='ocrx_word' id='word_1_35' title='bbox 508 759 630 797; x_wconf 80' lang='lat' dir='ltr'>gratam</span> <span class='ocrx_word' id='word_1_36' title='bbox 664 760 694 788; x_wconf 91' lang='lat' dir='ltr'>et</span> <span class='ocrx_word' id='word_1_37' title='bbox 724 755 928 800; x_wconf 73' lang='lat' dir='ltr'>Reipublicae</span> <span class='ocrx_word' id='word_1_38' title='bbox 958 756 1169 791; x_wconf 63' lang='lat' dir='ltr'>Christianae?</span> 
     </span>
     <span class='ocr_line' id='line_1_8' title="bbox 409 807 1168 845; baseline 0.004 -6"><span class='ocrx_word' id='word_1_39' title='bbox 409 807 517 840; x_wconf 88' lang='lat' dir='ltr'>utilem</span> <span class='ocrx_word' id='word_1_40' title='bbox 537 818 663 841; x_wconf 86' lang='lat' dir='ltr'>causam</span> <span class='ocrx_word' id='word_1_41' title='bbox 681 810 909 844; x_wconf 74' lang='lat' dir='ltr'>convertendos</span> <span class='ocrx_word' id='word_1_42' title='bbox 930 810 1046 844; x_wconf 89' lang='lat' dir='ltr'>diutius</span> <span class='ocrx_word' id='word_1_43' title='bbox 1067 812 1150 845; x_wconf 87' lang='lat' dir='ltr'>serre</span> <span class='ocrx_word' id='word_1_44' title='bbox 1167 825 1168 842; x_wconf 61' lang='grc' dir='ltr'>ι</span> 
     </span>
    </p>
   </div>
   <div class='ocr_carea' id='block_1_5' title="bbox 406 859 1150 1336">
    <p class='ocr_par' dir='ltr' id='par_1_5' title="bbox 406 859 1150 1336">
     <span class='ocr_line' id='line_1_9' title="bbox 408 859 1150 905; baseline 0.007 -13"><span class='ocrx_word' id='word_1_45' title='bbox 408 859 534 894; x_wconf 79' lang='lat' dir='ltr'>difficile</span> <span class='ocrx_word' id='word_1_46' title='bbox 566 861 741 905; x_wconf 89' lang='lat' dir='ltr'>posset¹)‚</span> <span class='ocrx_word' id='word_1_47' title='bbox 775 863 859 896; x_wconf 89' lang='lat' dir='ltr'>aliud</span> <span class='ocrx_word' id='word_1_48' title='bbox 891 863 1052 897; x_wconf 81' lang='lat' dir='ltr'>servitium</span> <span class='ocrx_word' id='word_1_49' title='bbox 1086 865 1150 898; x_wconf 73' lang='lat' dir='ltr'>sive</span> 
     </span>
     <span class='ocr_line' id='line_1_10' title="bbox 408 914 1149 959; baseline 0.008 -13"><span class='ocrx_word' id='word_1_50' title='bbox 408 914 602 956; x_wconf 75' lang='lat' dir='ltr'>subsidium,</span> <span class='ocrx_word' id='word_1_51' title='bbox 628 915 712 959; x_wconf 90' lang='lat' dir='ltr'>quod</span> <span class='ocrx_word' id='word_1_52' title='bbox 735 916 767 948; x_wconf 90' lang='lat' dir='ltr'>in</span> <span class='ocrx_word' id='word_1_53' title='bbox 792 920 889 950; x_wconf 91' lang='lat' dir='ltr'>totum</span> <span class='ocrx_word' id='word_1_54' title='bbox 915 928 1070 951; x_wconf 90' lang='lat' dir='ltr'>summam</span> <span class='ocrx_word' id='word_1_55' title='bbox 1096 919 1149 952; x_wconf 91' lang='lat' dir='ltr'>de-</span> 
     </span>
     <span class='ocr_line' id='line_1_11' title="bbox 408 969 1149 1005; baseline 0.008 -5"><span class='ocrx_word' id='word_1_56' title='bbox 408 978 474 1000; x_wconf 84' lang='lat' dir='ltr'>cem</span> <span class='ocrx_word' id='word_1_57' title='bbox 494 972 523 1001; x_wconf 87' lang='lat' dir='ltr'>et</span> <span class='ocrx_word' id='word_1_58' title='bbox 540 978 653 1002; x_wconf 76' lang='lat' dir='ltr'>novem</span> <span class='ocrx_word' id='word_1_59' title='bbox 674 969 850 1003; x_wconf 90' lang='lat' dir='ltr'>millionum</span> <span class='ocrx_word' id='word_1_60' title='bbox 871 981 1074 1005; x_wconf 86' lang='lat' dir='ltr'>nummorum</span> <span class='ocrx_word' id='word_1_61' title='bbox 1097 983 1149 1005; x_wconf 90' lang='lat' dir='ltr'>au-</span> 
     </span>
     <span class='ocr_line' id='line_1_12' title="bbox 407 1022 1149 1059; baseline 0.005 -5"><span class='ocrx_word' id='word_1_62' title='bbox 407 1032 537 1055; x_wconf 83' lang='lat' dir='ltr'>reorum</span> <span class='ocrx_word' id='word_1_63' title='bbox 551 1033 622 1056; x_wconf 87' lang='lat' dir='ltr'>cum</span> <span class='ocrx_word' id='word_1_64' title='bbox 641 1022 771 1057; x_wconf 89' lang='lat' dir='ltr'>dimidio</span> <span class='ocrx_word' id='word_1_65' title='bbox 794 1024 923 1058; x_wconf 88' lang='lat' dir='ltr'>alterius</span> <span class='ocrx_word' id='word_1_66' title='bbox 948 1025 1058 1058; x_wconf 90' lang='lat' dir='ltr'>similis</span> <span class='ocrx_word' id='word_1_67' title='bbox 1083 1026 1149 1059; x_wconf 90' lang='lat' dir='ltr'>mil-</span> 
     </span>
     <span class='ocr_line' id='line_1_13' title="bbox 407 1074 1149 1122; baseline 0.007 -15"><span class='ocrx_word' id='word_1_68' title='bbox 407 1074 509 1116; x_wconf 88' lang='lat' dir='ltr'>lionis,</span> <span class='ocrx_word' id='word_1_69' title='bbox 538 1086 589 1109; x_wconf 87' lang='lat' dir='ltr'>sex</span> <span class='ocrx_word' id='word_1_70' title='bbox 615 1086 771 1110; x_wconf 87' lang='lat' dir='ltr'>annorum</span> <span class='ocrx_word' id='word_1_71' title='bbox 792 1088 808 1110; x_wconf 91' lang='lat' dir='ltr'>a</span> <span class='ocrx_word' id='word_1_72' title='bbox 827 1078 933 1122; x_wconf 74' lang='lat' dir='ltr'>prima</span> <span class='ocrx_word' id='word_1_73' title='bbox 954 1078 1003 1112; x_wconf 88' lang='lat' dir='ltr'>die</span> <span class='ocrx_word' id='word_1_74' title='bbox 1031 1080 1149 1112; x_wconf 78' lang='lat' dir='ltr'>mensis</span> 
     </span>
     <span class='ocr_line' id='line_1_14' title="bbox 406 1128 1149 1174; baseline 0.008 -14"><span class='ocrx_word' id='word_1_75' title='bbox 406 1128 531 1171; x_wconf 78' lang='lat' dir='ltr'>augusti</span> <span class='ocrx_word' id='word_1_76' title='bbox 554 1129 625 1162; x_wconf 91' lang='lat' dir='ltr'>anni</span> <span class='ocrx_word' id='word_1_77' title='bbox 647 1130 783 1173; x_wconf 78' lang='lat' dir='ltr'>proximi</span> <span class='ocrx_word' id='word_1_78' title='bbox 808 1131 970 1174; x_wconf 83' lang='lat' dir='ltr'>praeteriti</span> <span class='ocrx_word' id='word_1_79' title='bbox 994 1142 1149 1166; x_wconf 74' lang='lat' dir='ltr'>Mncxxxn</span> 
     </span>
     <span class='ocr_line' id='line_1_15' title="bbox 407 1182 1149 1226; baseline 0.007 -12"><span class='ocrx_word' id='word_1_80' title='bbox 407 1182 626 1215; x_wconf 89' lang='lat' dir='ltr'>inchoatorum</span> <span class='ocrx_word' id='word_1_81' title='bbox 644 1184 754 1226; x_wconf 83' lang='lat' dir='ltr'>spatio,</span> <span class='ocrx_word' id='word_1_82' title='bbox 776 1184 872 1216; x_wconf 89' lang='lat' dir='ltr'>trium</span> <span class='ocrx_word' id='word_1_83' title='bbox 896 1184 1015 1217; x_wconf 87' lang='lat' dir='ltr'>scilieet</span> <span class='ocrx_word' id='word_1_84' title='bbox 1039 1186 1149 1219; x_wconf 88' lang='lat' dir='ltr'>millio—</span> 
     </span>
     <span class='ocr_line' id='line_1_16' title="bbox 406 1236 1149 1280; baseline 0.008 -13"><span class='ocrx_word' id='word_1_85' title='bbox 406 1246 481 1268; x_wconf 89' lang='lat' dir='ltr'>num</span> <span class='ocrx_word' id='word_1_86' title='bbox 500 1241 530 1268; x_wconf 87' lang='lat' dir='ltr'>et</span> <span class='ocrx_word' id='word_1_87' title='bbox 547 1236 638 1269; x_wconf 92' lang='lat' dir='ltr'>unius</span> <span class='ocrx_word' id='word_1_88' title='bbox 655 1237 758 1280; x_wconf 85' lang='lat' dir='ltr'>quarti</span> <span class='ocrx_word' id='word_1_89' title='bbox 779 1238 908 1271; x_wconf 86' lang='lat' dir='ltr'>alterius</span> <span class='ocrx_word' id='word_1_90' title='bbox 926 1238 1076 1272; x_wconf 86' lang='lat' dir='ltr'>millionis</span> <span class='ocrx_word' id='word_1_91' title='bbox 1092 1241 1149 1273; x_wconf 91' lang='grc'>1111-</span> 
     </span>
     <span class='ocr_line' id='line_1_17' title="bbox 407 1288 1149 1336; baseline 0.007 -15"><span class='ocrx_word' id='word_1_92' title='bbox 407 1288 542 1322; x_wconf 85' lang='lat' dir='ltr'>iusmodi</span> <span class='ocrx_word' id='word_1_93' title='bbox 563 1299 622 1333; x_wconf 91' lang='lat' dir='ltr'>pro</span> <span class='ocrx_word' id='word_1_94' title='bbox 647 1290 788 1333; x_wconf 86' lang='lat' dir='ltr'>quolibet</span> <span class='ocrx_word' id='word_1_95' title='bbox 812 1301 904 1334; x_wconf 84' lang='lat' dir='ltr'>anno,</span> <span class='ocrx_word' id='word_1_96' title='bbox 922 1293 1149 1336; x_wconf 83' lang='lat' dir='ltr'>persolvendo-</span> 
     </span>
    </p>
   </div>
   <div class='ocr_carea' id='block_1_6' title="bbox 405 1397 1149 1981">
    <p class='ocr_par' dir='ltr' id='par_1_6' title="bbox 405 1397 1149 1981">
     <span class='ocr_line' id='line_1_18' title="bbox 406 1397 1148 1443; baseline 0.007 -14"><span class='ocrx_word' id='word_1_97' title='bbox 406 1397 594 1441; x_wconf 87' lang='lat' dir='ltr'>nuneupatis</span> <span class='ocrx_word' id='word_1_98' title='bbox 622 1397 697 1431; x_wconf 76' lang='lat' dir='ltr'>alias</span> <span class='ocrx_word' id='word_1_99' title='bbox 729 1398 886 1443; x_wconf 81' lang='lat' dir='ltr'>impositis</span> <span class='ocrx_word' id='word_1_100' title='bbox 912 1403 941 1434; x_wconf 90' lang='lat' dir='ltr'>et</span> <span class='ocrx_word' id='word_1_101' title='bbox 972 1400 1071 1433; x_wconf 87' lang='lat' dir='ltr'>auctis</span> <span class='ocrx_word' id='word_1_102' title='bbox 1096 1412 1148 1434; x_wconf 90' lang='lat' dir='ltr'>su-</span> 
     </span>
     <span class='ocr_line' id='line_1_19' title="bbox 405 1451 1148 1495; baseline 0.008 -12"><span class='ocrx_word' id='word_1_103' title='bbox 405 1461 464 1495; x_wconf 90' lang='lat' dir='ltr'>per</span> <span class='ocrx_word' id='word_1_104' title='bbox 487 1451 573 1492; x_wconf 85' lang='lat' dir='ltr'>vino,</span> <span class='ocrx_word' id='word_1_105' title='bbox 591 1457 689 1493; x_wconf 80' lang='lat' dir='ltr'>aceto,</span> <span class='ocrx_word' id='word_1_106' title='bbox 722 1453 791 1486; x_wconf 90' lang='lat' dir='ltr'>oleo</span> <span class='ocrx_word' id='word_1_107' title='bbox 824 1459 854 1486; x_wconf 88' lang='lat' dir='ltr'>et</span> <span class='ocrx_word' id='word_1_108' title='bbox 885 1464 978 1488; x_wconf 88' lang='lat' dir='ltr'>carne</span> <span class='ocrx_word' id='word_1_109' title='bbox 1002 1455 1034 1487; x_wconf 90' lang='lat' dir='ltr'>in</span> <span class='ocrx_word' id='word_1_110' title='bbox 1059 1455 1148 1490; x_wconf 86' lang='lat' dir='ltr'>dietis</span> 
     </span>
     <span class='ocr_line' id='line_1_20' title="bbox 406 1504 1148 1552; baseline 0.007 -15"><span class='ocrx_word' id='word_1_111' title='bbox 406 1505 512 1548; x_wconf 85' lang='lat' dir='ltr'>regnis</span> <span class='ocrx_word' id='word_1_112' title='bbox 549 1504 697 1538; x_wconf 87' lang='lat' dir='ltr'>Castellae</span> <span class='ocrx_word' id='word_1_113' title='bbox 727 1511 757 1539; x_wconf 90' lang='lat' dir='ltr'>et</span> <span class='ocrx_word' id='word_1_114' title='bbox 780 1506 927 1550; x_wconf 77' lang='lat' dir='ltr'>Legionis</span> <span class='ocrx_word' id='word_1_115' title='bbox 963 1508 1148 1552; x_wconf 80' lang='lat' dir='ltr'>colligendis</span> 
     </span>
     <span class='ocr_line' id='line_1_21' title="bbox 407 1558 1148 1606; baseline 0.008 -16"><span class='ocrx_word' id='word_1_116' title='bbox 407 1563 435 1591; x_wconf 90' lang='lat' dir='ltr'>et</span> <span class='ocrx_word' id='word_1_117' title='bbox 460 1558 692 1602; x_wconf 81' lang='lat' dir='ltr'>consumendis,</span> <span class='ocrx_word' id='word_1_118' title='bbox 714 1570 777 1593; x_wconf 94' lang='lat' dir='ltr'>non</span> <span class='ocrx_word' id='word_1_119' title='bbox 802 1561 903 1594; x_wconf 86' lang='lat' dir='ltr'>solum</span> <span class='ocrx_word' id='word_1_120' title='bbox 927 1572 985 1606; x_wconf 85' lang='lat' dir='ltr'>per</span> <span class='ocrx_word' id='word_1_121' title='bbox 1009 1568 1148 1596; x_wconf 88' lang='lat' dir='ltr'>ementes</span> 
     </span>
     <span class='ocr_line' id='line_1_22' title="bbox 406 1612 1148 1661; baseline 0.005 -15"><span class='ocrx_word' id='word_1_122' title='bbox 406 1618 433 1646; x_wconf 91' lang='lat' dir='ltr'>et</span> <span class='ocrx_word' id='word_1_123' title='bbox 452 1612 622 1647; x_wconf 85' lang='lat' dir='ltr'>vendentes</span> <span class='ocrx_word' id='word_1_124' title='bbox 643 1614 809 1656; x_wconf 87' lang='lat' dir='ltr'>solvendis,</span> <span class='ocrx_word' id='word_1_125' title='bbox 824 1615 877 1649; x_wconf 91' lang='lat' dir='ltr'>sed</span> <span class='ocrx_word' id='word_1_126' title='bbox 899 1616 992 1649; x_wconf 87' lang='lat' dir='ltr'>etiam</span> <span class='ocrx_word' id='word_1_127' title='bbox 1009 1627 1068 1661; x_wconf 86' lang='lat' dir='ltr'>per</span> <span class='ocrx_word' id='word_1_128' title='bbox 1084 1628 1148 1659; x_wconf 85' lang='lat' dir='ltr'>eos,</span> 
     </span>
     <span class='ocr_line' id='line_1_23' title="bbox 407 1666 1148 1714; baseline 0.008 -16"><span class='ocrx_word' id='word_1_129' title='bbox 407 1666 459 1710; x_wconf 85' lang='lat' dir='ltr'>qui</span> <span class='ocrx_word' id='word_1_130' title='bbox 476 1667 630 1710; x_wconf 83' lang='lat' dir='ltr'>praefatas</span> <span class='ocrx_word' id='word_1_131' title='bbox 647 1677 756 1700; x_wconf 89' lang='lat' dir='ltr'>rerum</span> <span class='ocrx_word' id='word_1_132' title='bbox 781 1668 900 1712; x_wconf 88' lang='lat' dir='ltr'>species</span> <span class='ocrx_word' id='word_1_133' title='bbox 915 1669 1096 1714; x_wconf 90' lang='lat' dir='ltr'>percipiunt</span> <span class='ocrx_word' id='word_1_134' title='bbox 1112 1681 1148 1704; x_wconf 82' lang='lat' dir='ltr'>ex</span> 
     </span>
     <span class='ocr_line' id='line_1_24' title="bbox 406 1720 1147 1768; baseline 0.005 -15"><span class='ocrx_word' id='word_1_135' title='bbox 406 1720 546 1765; x_wconf 86' lang='lat' dir='ltr'>propriis</span> <span class='ocrx_word' id='word_1_136' title='bbox 570 1721 706 1755; x_wconf 88' lang='lat' dir='ltr'>terrenis</span> <span class='ocrx_word' id='word_1_137' title='bbox 724 1721 772 1754; x_wconf 89' lang='lat' dir='ltr'>vel</span> <span class='ocrx_word' id='word_1_138' title='bbox 789 1722 954 1763; x_wconf 69' lang='lat' dir='ltr'>afficffibus,</span> <span class='ocrx_word' id='word_1_139' title='bbox 971 1728 1024 1756; x_wconf 85' lang='lat' dir='ltr'>aut</span> <span class='ocrx_word' id='word_1_140' title='bbox 1040 1733 1147 1768; x_wconf 85' lang='lat' dir='ltr'>respe-</span> 
     </span>
     <span class='ocr_line' id='line_1_25' title="bbox 407 1773 1149 1817; baseline 0.005 -11"><span class='ocrx_word' id='word_1_141' title='bbox 407 1773 487 1807; x_wconf 83' lang='lat' dir='ltr'>ctive</span> <span class='ocrx_word' id='word_1_142' title='bbox 511 1779 620 1807; x_wconf 89' lang='lat' dir='ltr'>emunt</span> <span class='ocrx_word' id='word_1_143' title='bbox 643 1774 675 1807; x_wconf 92' lang='lat' dir='ltr'>in</span> <span class='ocrx_word' id='word_1_144' title='bbox 699 1774 767 1808; x_wconf 81' lang='lat' dir='ltr'>uvis</span> <span class='ocrx_word' id='word_1_145' title='bbox 792 1776 839 1808; x_wconf 81' lang='lat' dir='ltr'>vel</span> <span class='ocrx_word' id='word_1_146' title='bbox 863 1776 963 1817; x_wconf 68' lang='grc'>011115,</span> <span class='ocrx_word' id='word_1_147' title='bbox 989 1787 1044 1810; x_wconf 86' lang='lat' dir='ltr'>seu</span> <span class='ocrx_word' id='word_1_148' title='bbox 1065 1778 1149 1810; x_wconf 90' lang='lat' dir='ltr'>eolli-</span> 
     </span>
     <span class='ocr_line' id='line_1_26' title="bbox 407 1827 1149 1871; baseline 0.004 -11"><span class='ocrx_word' id='word_1_149' title='bbox 407 1832 485 1871; x_wconf 83' lang='lat' dir='ltr'>gunt</span> <span class='ocrx_word' id='word_1_150' title='bbox 507 1838 567 1871; x_wconf 87' lang='lat' dir='ltr'>pro</span> <span class='ocrx_word' id='word_1_151' title='bbox 592 1827 741 1870; x_wconf 87' lang='lat' dir='ltr'>decimis,</span> <span class='ocrx_word' id='word_1_152' title='bbox 767 1831 819 1862; x_wconf 85' lang='lat' dir='ltr'>aut</span> <span class='ocrx_word' id='word_1_153' title='bbox 843 1828 936 1861; x_wconf 85' lang='lat' dir='ltr'>etiam</span> <span class='ocrx_word' id='word_1_154' title='bbox 962 1828 1045 1863; x_wconf 92' lang='lat' dir='ltr'>dono</span> <span class='ocrx_word' id='word_1_155' title='bbox 1070 1831 1149 1864; x_wconf 84' lang='lat' dir='ltr'>acei-</span> 
     </span>
     <span class='ocr_line' id='line_1_27' title="bbox 406 1881 1148 1925; baseline 0.005 -12"><span class='ocrx_word' id='word_1_156' title='bbox 406 1881 506 1925; x_wconf 84' lang='lat' dir='ltr'>piunt,</span> <span class='ocrx_word' id='word_1_157' title='bbox 524 1891 579 1914; x_wconf 87' lang='lat' dir='ltr'>seu</span> <span class='ocrx_word' id='word_1_158' title='bbox 597 1881 672 1914; x_wconf 74' lang='lat' dir='ltr'>alias</span> <span class='ocrx_word' id='word_1_159' title='bbox 697 1891 733 1914; x_wconf 81' lang='lat' dir='ltr'>ex</span> <span class='ocrx_word' id='word_1_160' title='bbox 757 1881 867 1925; x_wconf 77' lang='lat' dir='ltr'>quovis</span> <span class='ocrx_word' id='word_1_161' title='bbox 891 1882 953 1915; x_wconf 84' lang='lat' dir='ltr'>alio</span> <span class='ocrx_word' id='word_1_162' title='bbox 978 1883 1101 1918; x_wconf 88' lang='lat' dir='ltr'>redditu</span> <span class='ocrx_word' id='word_1_163' title='bbox 1119 1889 1148 1917; x_wconf 90' lang='lat' dir='ltr'>et</span> 
     </span>
     <span class='ocr_line' id='line_1_28' title="bbox 407 1934 1148 1981; baseline 0.005 -14"><span class='ocrx_word' id='word_1_164' title='bbox 407 1934 537 1968; x_wconf 89' lang='lat' dir='ltr'>introitu</span> <span class='ocrx_word' id='word_1_165' title='bbox 561 1934 678 1967; x_wconf 86' lang='lat' dir='ltr'>habent</span> <span class='ocrx_word' id='word_1_166' title='bbox 701 1940 731 1967; x_wconf 89' lang='lat' dir='ltr'>et</span> <span class='ocrx_word' id='word_1_167' title='bbox 755 1941 963 1977; x_wconf 89' lang='lat' dir='ltr'>consumunt,</span> <span class='ocrx_word' id='word_1_168' title='bbox 986 1943 1148 1981; x_wconf 86' lang='lat' dir='ltr'>praestare</span> 
     </span>
    </p>
   </div>
   <div class='ocr_carea' id='block_1_7' title="bbox 406 1988 1166 2089">
    <p class='ocr_par' dir='ltr' id='par_1_7' title="bbox 406 1988 1166 2089">
     <span class='ocr_line' id='line_1_29' title="bbox 406 1988 1166 2034; baseline 0.004 -13"><span class='ocrx_word' id='word_1_169' title='bbox 406 1994 553 2033; x_wconf 80' lang='lat' dir='ltr'>prompte</span> <span class='ocrx_word' id='word_1_170' title='bbox 578 1988 776 2029; x_wconf 74' lang='lat' dir='ltr'>obtulerant;</span> <span class='ocrx_word' id='word_1_171' title='bbox 795 1994 834 2030; x_wconf 89' lang='lat' dir='ltr'>et,</span> <span class='ocrx_word' id='word_1_172' title='bbox 854 1995 1022 2034; x_wconf 81' lang='lat' dir='ltr'>postquam</span> <span class='ocrx_word' id='word_1_173' title='bbox 1041 1997 1148 2024; x_wconf 87' lang='lat' dir='ltr'>nostra</span> <span class='ocrx_word' id='word_1_174' title='bbox 1164 1997 1166 2005; x_wconf 68' lang='lat'><strong>¹</strong></span> 
     </span>
     <span class='ocr_line' id='line_1_30' title="bbox 408 2042 1166 2089; baseline 0.004 -14"><span class='ocrx_word' id='word_1_175' title='bbox 408 2048 438 2075; x_wconf 87' lang='lat' dir='ltr'>et</span> <span class='ocrx_word' id='word_1_176' title='bbox 455 2042 548 2076; x_wconf 89' lang='lat' dir='ltr'>huius</span> <span class='ocrx_word' id='word_1_177' title='bbox 571 2042 701 2076; x_wconf 76' lang='lat' dir='ltr'>Sanctae</span> <span class='ocrx_word' id='word_1_178' title='bbox 718 2043 806 2076; x_wconf 85' lang='lat' dir='ltr'>Sedis</span> <span class='ocrx_word' id='word_1_179' title='bbox 823 2044 947 2077; x_wconf 85' lang='lat' dir='ltr'>lieentia</span> <span class='ocrx_word' id='word_1_180' title='bbox 965 2055 1020 2078; x_wconf 87' lang='lat' dir='ltr'>seu</span> <span class='ocrx_word' id='word_1_181' title='bbox 1037 2056 1149 2089; x_wconf 87' lang='lat' dir='ltr'>appro-</span> <span class='ocrx_word' id='word_1_182' title='bbox 1164 2053 1166 2061; x_wconf 83' lang='lat'><strong>¹</strong></span> 
     </span>
    </p>
   </div>
   <div class='ocr_carea' id='block_1_8' title="bbox 406 2095 1148 2680">
    <p class='ocr_par' dir='ltr' id='par_1_8' title="bbox 406 2095 1148 2626">
     <span class='ocr_line' id='line_1_31' title="bbox 406 2095 1147 2137; baseline 0.005 -8"><span class='ocrx_word' id='word_1_183' title='bbox 406 2095 491 2130; x_wconf 87' lang='lat' dir='ltr'>batio</span> <span class='ocrx_word' id='word_1_184' title='bbox 515 2096 716 2137; x_wconf 81' lang='lat' dir='ltr'>accessisset,</span> <span class='ocrx_word' id='word_1_185' title='bbox 745 2097 837 2130; x_wconf 86' lang='lat' dir='ltr'>etiam</span> <span class='ocrx_word' id='word_1_186' title='bbox 868 2099 1070 2132; x_wconf 82' lang='lat' dir='ltr'>ecelesiastici</span> <span class='ocrx_word' id='word_1_187' title='bbox 1095 2110 1147 2133; x_wconf 90' lang='lat' dir='ltr'>eo-</span> 
     </span>
     <span class='ocr_line' id='line_1_32' title="bbox 407 2150 1147 2193; baseline 0.004 -10"><span class='ocrx_word' id='word_1_188' title='bbox 407 2150 552 2183; x_wconf 88' lang='lat' dir='ltr'>rumdem</span> <span class='ocrx_word' id='word_1_189' title='bbox 570 2161 742 2193; x_wconf 88' lang='lat' dir='ltr'>regnorum</span> <span class='ocrx_word' id='word_1_190' title='bbox 760 2151 791 2184; x_wconf 91' lang='lat' dir='ltr'>in</span> <span class='ocrx_word' id='word_1_191' title='bbox 809 2152 947 2185; x_wconf 90' lang='lat' dir='ltr'>subsidio</span> <span class='ocrx_word' id='word_1_192' title='bbox 967 2152 1147 2186; x_wconf 89' lang='lat' dir='ltr'>huiusmodi</span> 
     </span>
     <span class='ocr_line' id='line_1_33' title="bbox 407 2204 1148 2250; baseline 0.003 -13"><span class='ocrx_word' id='word_1_193' title='bbox 407 2204 620 2244; x_wconf 78' lang='lat' dir='ltr'>contribuere,</span> <span class='ocrx_word' id='word_1_194' title='bbox 638 2205 839 2249; x_wconf 84' lang='lat' dir='ltr'>gabellasque</span> <span class='ocrx_word' id='word_1_195' title='bbox 855 2216 910 2238; x_wconf 90' lang='lat' dir='ltr'>seu</span> <span class='ocrx_word' id='word_1_196' title='bbox 930 2206 1007 2239; x_wconf 89' lang='lat' dir='ltr'>sisas</span> <span class='ocrx_word' id='word_1_197' title='bbox 1023 2207 1148 2250; x_wconf 89' lang='lat' dir='ltr'>praedi-</span> 
     </span>
     <span class='ocr_line' id='line_1_34' title="bbox 408 2257 1147 2300; baseline 0.003 -10"><span class='ocrx_word' id='word_1_198' title='bbox 408 2263 482 2300; x_wconf 83' lang='lat' dir='ltr'>ctas,</span> <span class='ocrx_word' id='word_1_199' title='bbox 503 2258 587 2290; x_wconf 82' lang='lat' dir='ltr'>iuxta</span> <span class='ocrx_word' id='word_1_200' title='bbox 605 2257 780 2291; x_wconf 88' lang='lat' dir='ltr'>litterarum</span> <span class='ocrx_word' id='word_1_201' title='bbox 801 2264 980 2292; x_wconf 85' lang='lat' dir='ltr'>nostrarum</span> <span class='ocrx_word' id='word_1_202' title='bbox 999 2260 1030 2292; x_wconf 91' lang='lat' dir='ltr'>in</span> <span class='ocrx_word' id='word_1_203' title='bbox 1046 2261 1147 2293; x_wconf 77' lang='lat' dir='ltr'>forma</span> 
     </span>
     <span class='ocr_line' id='line_1_35' title="bbox 409 2312 1148 2357; baseline 0.004 -13"><span class='ocrx_word' id='word_1_204' title='bbox 409 2312 513 2345; x_wconf 71' lang='lat' dir='ltr'>Brevis</span> <span class='ocrx_word' id='word_1_205' title='bbox 528 2322 623 2356; x_wconf 91' lang='lat' dir='ltr'>super</span> <span class='ocrx_word' id='word_1_206' title='bbox 645 2313 848 2346; x_wconf 84' lang='lat' dir='ltr'>concessione</span> <span class='ocrx_word' id='word_1_207' title='bbox 862 2313 1040 2357; x_wconf 80' lang='lat' dir='ltr'>praedictae</span> <span class='ocrx_word' id='word_1_208' title='bbox 1056 2314 1148 2347; x_wconf 89' lang='lat' dir='ltr'>licen-</span> 
     </span>
     <span class='ocr_line' id='line_1_36' title="bbox 408 2366 1148 2410; baseline 0.003 -12"><span class='ocrx_word' id='word_1_209' title='bbox 408 2366 467 2399; x_wconf 83' lang='lat' dir='ltr'>tiae</span> <span class='ocrx_word' id='word_1_210' title='bbox 486 2376 540 2399; x_wconf 91' lang='lat' dir='ltr'>seu</span> <span class='ocrx_word' id='word_1_211' title='bbox 557 2366 791 2410; x_wconf 82' lang='lat' dir='ltr'>approbationis</span> <span class='ocrx_word' id='word_1_212' title='bbox 804 2367 1067 2410; x_wconf 84' lang='lat' dir='ltr'>expediendarum</span> <span class='ocrx_word' id='word_1_213' title='bbox 1085 2367 1148 2401; x_wconf 83' lang='lat' dir='ltr'>sor-</span> 
     </span>
     <span class='ocr_line' id='line_1_37' title="bbox 407 2420 1147 2465; baseline 0.003 -12"><span class='ocrx_word' id='word_1_214' title='bbox 407 2431 501 2461; x_wconf 86' lang='lat' dir='ltr'>mam,</span> <span class='ocrx_word' id='word_1_215' title='bbox 516 2420 739 2454; x_wconf 85' lang='lat' dir='ltr'>continentiam</span> <span class='ocrx_word' id='word_1_216' title='bbox 753 2426 782 2453; x_wconf 90' lang='lat' dir='ltr'>et</span> <span class='ocrx_word' id='word_1_217' title='bbox 799 2426 949 2463; x_wconf 82' lang='lat' dir='ltr'>tenorem,</span> <span class='ocrx_word' id='word_1_218' title='bbox 967 2422 1147 2465; x_wconf 75' lang='lat' dir='ltr'>persolvere</span> 
     </span>
     <span class='ocr_line' id='line_1_38' title="bbox 408 2474 1146 2519; baseline 0.004 -14"><span class='ocrx_word' id='word_1_219' title='bbox 408 2474 575 2507; x_wconf 86' lang='lat' dir='ltr'>deberent:</span> <span class='ocrx_word' id='word_1_220' title='bbox 601 2484 677 2515; x_wconf 86' lang='lat' dir='ltr'>nos,</span> <span class='ocrx_word' id='word_1_221' title='bbox 703 2485 739 2507; x_wconf 80' lang='lat' dir='ltr'>cx</span> <span class='ocrx_word' id='word_1_222' title='bbox 765 2475 866 2508; x_wconf 86' lang='lat' dir='ltr'>causis</span> <span class='ocrx_word' id='word_1_223' title='bbox 897 2475 927 2508; x_wconf 90' lang='lat' dir='ltr'>in</span> <span class='ocrx_word' id='word_1_224' title='bbox 951 2475 1146 2519; x_wconf 82' lang='lat' dir='ltr'>expositione</span> 
     </span>
     <span class='ocr_line' id='line_1_39' title="bbox 408 2527 1146 2572; baseline 0.003 -13"><span class='ocrx_word' id='word_1_225' title='bbox 408 2527 559 2571; x_wconf 77' lang='lat' dir='ltr'>praedicti</span> <span class='ocrx_word' id='word_1_226' title='bbox 583 2527 718 2572; x_wconf 86' lang='lat' dir='ltr'>Philippi</span> <span class='ocrx_word' id='word_1_227' title='bbox 738 2528 821 2571; x_wconf 84' lang='lat' dir='ltr'>regis</span> <span class='ocrx_word' id='word_1_228' title='bbox 837 2529 993 2572; x_wconf 81' lang='lat' dir='ltr'>expressis</span> <span class='ocrx_word' id='word_1_229' title='bbox 1017 2529 1146 2569; x_wconf 90' lang='lat' dir='ltr'>inducti,</span> 
     </span>
     <span class='ocr_line' id='line_1_40' title="bbox 409 2580 1146 2626; baseline 0.003 -13"><span class='ocrx_word' id='word_1_230' title='bbox 409 2586 443 2613; x_wconf 88' lang='lat' dir='ltr'>ut</span> <span class='ocrx_word' id='word_1_231' title='bbox 467 2580 586 2614; x_wconf 87' lang='lat' dir='ltr'>scilicet</span> <span class='ocrx_word' id='word_1_232' title='bbox 618 2582 684 2625; x_wconf 90' lang='lat' dir='ltr'>ipse</span> <span class='ocrx_word' id='word_1_233' title='bbox 719 2582 882 2626; x_wconf 87' lang='lat' dir='ltr'>Philippus</span> <span class='ocrx_word' id='word_1_234' title='bbox 912 2593 966 2615; x_wconf 88' lang='lat' dir='ltr'>rex</span> <span class='ocrx_word' id='word_1_235' title='bbox 991 2582 1146 2617; x_wconf 87' lang='lat' dir='ltr'>bellorum</span> 
     </span>
    </p>

    <p class='ocr_par' dir='ltr' id='par_1_9' title="bbox 448 2642 1144 2680">
     <span class='ocr_line' id='line_1_41' title="bbox 448 2642 1144 2680; baseline 0.004 -10"><span class='ocrx_word' id='word_1_236' title='bbox 448 2642 534 2671; x_wconf 80' lang='lat' dir='ltr'>tMale</span> <span class='ocrx_word' id='word_1_237' title='bbox 544 2643 586 2671; x_wconf 87' lang='lat' dir='ltr'>ed.</span> <span class='ocrx_word' id='word_1_238' title='bbox 598 2643 631 2672; x_wconf 82' lang='lat' dir='ltr'>M.</span> <span class='ocrx_word' id='word_1_239' title='bbox 642 2644 658 2672; x_wconf 88' lang='lat'>1.</span> <span class='ocrx_word' id='word_1_240' title='bbox 670 2645 830 2673; x_wconf 76' lang='lat' dir='ltr'>eumdem...</span> <span class='ocrx_word' id='word_1_241' title='bbox 841 2653 1062 2680; x_wconf 71' lang='lat' dir='ltr'>reyem„.posse</span> <span class='ocrx_word' id='word_1_242' title='bbox 1069 2646 1144 2680; x_wconf 69' lang='grc'>(11.1).</span> 
     </span>
    </p>
   </div>
   <div class='ocr_carea' id='block_1_9' title="bbox 1163 285 1171 2681">
    <p class='ocr_par' dir='ltr' id='par_1_10' title="bbox 1163 285 1171 2681">
     <span class='ocr_line' id='line_1_42' title="bbox 1163 285 1171 2681; baseline 0 0"><span class='ocrx_word' id='word_1_243' title='bbox 1163 285 1171 2681; x_wconf 95' lang='lat' dir='ltr'> </span> 
     </span>
    </p>
   </div>
   <div class='ocr_carea' id='block_1_10' title="bbox 988 227 1343 253">
    <p class='ocr_par' dir='ltr' id='par_1_11' title="bbox 988 227 1343 253">
     <span class='ocr_line' id='line_1_43' title="bbox 988 227 1343 253; baseline 0.006 -2"><span class='ocrx_word' id='word_1_244' title='bbox 988 227 1168 252; x_wconf 77' lang='lat' dir='ltr'><strong>BULLARIUM</strong></span> <span class='ocrx_word' id='word_1_245' title='bbox 1188 228 1343 253; x_wconf 74' lang='lat' dir='ltr'><strong>ROMANUM</strong></span> 
     </span>
    </p>
   </div>
   <div class='ocr_carea' id='block_1_11' title="bbox 1187 276 1924 324">
    <p class='ocr_par' dir='ltr' id='par_1_12' title="bbox 1187 276 1924 324">
     <span class='ocr_line' id='line_1_44' title="bbox 1187 276 1924 324; baseline 0.011 -16"><span class='ocrx_word' id='word_1_246' title='bbox 1187 281 1296 309; x_wconf 88' lang='lat' dir='ltr'>contra</span> <span class='ocrx_word' id='word_1_247' title='bbox 1320 276 1414 309; x_wconf 84' lang='lat' dir='ltr'>sidem</span> <span class='ocrx_word' id='word_1_248' title='bbox 1440 277 1625 312; x_wconf 85' lang='lat' dir='ltr'>catholicam</span> <span class='ocrx_word' id='word_1_249' title='bbox 1650 279 1864 324; x_wconf 83' lang='lat' dir='ltr'>ingruentium</span> <span class='ocrx_word' id='word_1_250' title='bbox 1893 286 1924 315; x_wconf 89' lang='lat' dir='ltr'>et</span> 
     </span>
    </p>
   </div>
   <div class='ocr_carea' id='block_1_12' title="bbox 408 329 1920 585">
    <p class='ocr_par' dir='ltr' id='par_1_13' title="bbox 408 329 1920 585">
     <span class='ocr_line' id='line_1_45' title="bbox 1169 329 1920 373; baseline 0.011 -12"><span class='ocrx_word' id='word_1_251' title='bbox 1169 329 1355 373; x_wconf 52' lang='lat' dir='ltr'>,praecipue</span> <span class='ocrx_word' id='word_1_252' title='bbox 1381 330 1556 364; x_wconf 87' lang='lat' dir='ltr'>charissimi</span> <span class='ocrx_word' id='word_1_253' title='bbox 1580 332 1612 364; x_wconf 89' lang='lat' dir='ltr'>in</span> <span class='ocrx_word' id='word_1_254' title='bbox 1635 333 1757 368; x_wconf 89' lang='lat' dir='ltr'>Christo</span> <span class='ocrx_word' id='word_1_255' title='bbox 1780 335 1836 368; x_wconf 84' lang='lat' dir='ltr'>filii</span> <span class='ocrx_word' id='word_1_256' title='bbox 1860 345 1920 368; x_wconf 88' lang='lat' dir='ltr'>no-</span> 
     </span>
     <span class='ocr_line' id='line_1_46' title="bbox 411 380 1170 424; baseline 0.003 -11"><span class='ocrx_word' id='word_1_257' title='bbox 411 381 532 424; x_wconf 91' lang='lat' dir='ltr'>lippum</span> <span class='ocrx_word' id='word_1_258' title='bbox 552 390 671 423; x_wconf 84' lang='lat' dir='ltr'>regem,</span> <span class='ocrx_word' id='word_1_259' title='bbox 695 380 734 412; x_wconf 87' lang='lat' dir='ltr'>ad</span> <span class='ocrx_word' id='word_1_260' title='bbox 758 380 996 424; x_wconf 84' lang='lat' dir='ltr'>reprimendum</span> <span class='ocrx_word' id='word_1_261' title='bbox 1013 381 1086 415; x_wconf 87' lang='lat' dir='ltr'>fidei</span> <span class='ocrx_word' id='word_1_262' title='bbox 1105 392 1152 415; x_wconf 89' lang='lat' dir='ltr'>or-</span> <span class='ocrx_word' id='word_1_263' title='bbox 1168 402 1170 407; x_wconf 86' lang='lat'><em>.</em></span> 
     </span>
     <span class='ocr_line' id='line_1_47' title="bbox 411 433 1170 487; baseline 0.004 -21"><span class='ocrx_word' id='word_1_264' title='bbox 411 434 542 467; x_wconf 80' lang='lat' dir='ltr'>todoxae</span> <span class='ocrx_word' id='word_1_265' title='bbox 566 433 705 466; x_wconf 89' lang='lat' dir='ltr'>hostium</span> <span class='ocrx_word' id='word_1_266' title='bbox 729 439 868 477; x_wconf 83' lang='lat' dir='ltr'>conatus,</span> <span class='ocrx_word' id='word_1_267' title='bbox 890 435 1083 477; x_wconf 81' lang='lat' dir='ltr'>gravissimis</span> <span class='ocrx_word' id='word_1_268' title='bbox 1107 446 1170 487; x_wconf 56' lang='lat' dir='ltr'>{ts-3</span> 
     </span>
     <span class='ocr_line' id='line_1_48' title="bbox 410 486 1170 532; baseline 0.005 -13"><span class='ocrx_word' id='word_1_269' title='bbox 410 487 498 519; x_wconf 86' lang='lat' dir='ltr'>sidue</span> <span class='ocrx_word' id='word_1_270' title='bbox 522 486 700 530; x_wconf 89' lang='lat' dir='ltr'>sumptibus</span> <span class='ocrx_word' id='word_1_271' title='bbox 724 488 852 530; x_wconf 85' lang='lat' dir='ltr'>urgeri,</span> <span class='ocrx_word' id='word_1_272' title='bbox 879 488 1008 532; x_wconf 90' lang='lat' dir='ltr'>eiusque</span> <span class='ocrx_word' id='word_1_273' title='bbox 1031 489 1170 524; x_wconf 72' lang='lat' dir='ltr'>aeraria}</span> 
     </span>
     <span class='ocr_line' id='line_1_49' title="bbox 408 540 1170 585; baseline 0.005 -13"><span class='ocrx_word' id='word_1_274' title='bbox 408 551 488 584; x_wconf 88' lang='lat' dir='ltr'>pene</span> <span class='ocrx_word' id='word_1_275' title='bbox 506 540 655 574; x_wconf 83' lang='lat' dir='ltr'>exhausta</span> <span class='ocrx_word' id='word_1_276' title='bbox 676 551 751 584; x_wconf 84' lang='lat' dir='ltr'>esse,</span> <span class='ocrx_word' id='word_1_277' title='bbox 771 542 859 585; x_wconf 88' lang='lat' dir='ltr'>itaut,</span> <span class='ocrx_word' id='word_1_278' title='bbox 877 542 937 576; x_wconf 89' lang='lat' dir='ltr'>nisi</span> <span class='ocrx_word' id='word_1_279' title='bbox 962 542 1000 576; x_wconf 90' lang='lat' dir='ltr'>de</span> <span class='ocrx_word' id='word_1_280' title='bbox 1020 543 1081 576; x_wconf 86' lang='lat' dir='ltr'>alio</span> <span class='ocrx_word' id='word_1_281' title='bbox 1099 551 1170 576; x_wconf 65' lang='lat' dir='ltr'>ex-*</span> 
     </span>
    </p>
   </div>
   <div class='ocr_carea' id='block_1_13' title="bbox 1185 383 1925 860">
    <p class='ocr_par' dir='ltr' id='par_1_14' title="bbox 1185 383 1925 860">
     <span class='ocr_line' id='line_1_50' title="bbox 1186 383 1924 431; baseline 0.009 -16"><span class='ocrx_word' id='word_1_282' title='bbox 1186 383 1242 415; x_wconf 90' lang='lat' dir='ltr'>stri</span> <span class='ocrx_word' id='word_1_283' title='bbox 1266 383 1455 417; x_wconf 85' lang='lat' dir='ltr'>Ferdinandi</span> <span class='ocrx_word' id='word_1_284' title='bbox 1471 385 1686 419; x_wconf 86' lang='lat' dir='ltr'>Romanorum</span> <span class='ocrx_word' id='word_1_285' title='bbox 1714 388 1798 431; x_wconf 83' lang='lat' dir='ltr'>regis</span> <span class='ocrx_word' id='word_1_286' title='bbox 1822 388 1924 422; x_wconf 88' lang='lat' dir='ltr'>inim-</span> 
     </span>
     <span class='ocr_line' id='line_1_51' title="bbox 1186 437 1924 487; baseline 0.011 -19"><span class='ocrx_word' id='word_1_287' title='bbox 1186 441 1366 479; x_wconf 88' lang='lat' dir='ltr'>peratorem</span> <span class='ocrx_word' id='word_1_288' title='bbox 1395 437 1486 470; x_wconf 90' lang='lat' dir='ltr'>electi</span> <span class='ocrx_word' id='word_1_289' title='bbox 1514 437 1545 470; x_wconf 90' lang='lat' dir='ltr'>in</span> <span class='ocrx_word' id='word_1_290' title='bbox 1569 438 1735 472; x_wconf 85' lang='lat' dir='ltr'>Germania</span> <span class='ocrx_word' id='word_1_291' title='bbox 1761 441 1800 474; x_wconf 91' lang='lat' dir='ltr'>ad</span> <span class='ocrx_word' id='word_1_292' title='bbox 1826 442 1924 487; x_wconf 87' lang='lat' dir='ltr'>repri-</span> 
     </span>
     <span class='ocr_line' id='line_1_52' title="bbox 1187 489 1924 539; baseline 0.009 -17"><span class='ocrx_word' id='word_1_293' title='bbox 1187 489 1336 522; x_wconf 89' lang='lat' dir='ltr'>mendum</span> <span class='ocrx_word' id='word_1_294' title='bbox 1350 490 1521 525; x_wconf 82' lang='lat' dir='ltr'>Svecorum</span> <span class='ocrx_word' id='word_1_295' title='bbox 1538 492 1714 526; x_wconf 87' lang='lat' dir='ltr'>invasiones</span> <span class='ocrx_word' id='word_1_296' title='bbox 1727 493 1924 539; x_wconf 87' lang='lat' dir='ltr'>aliorumque</span> 
     </span>
     <span class='ocr_line' id='line_1_53' title="bbox 1186 543 1923 591; baseline 0.008 -15"><span class='ocrx_word' id='word_1_297' title='bbox 1186 543 1419 577; x_wconf 87' lang='lat' dir='ltr'>haeretieorum</span> <span class='ocrx_word' id='word_1_298' title='bbox 1443 550 1573 579; x_wconf 88' lang='lat' dir='ltr'>conatus</span> <span class='ocrx_word' id='word_1_299' title='bbox 1588 546 1707 579; x_wconf 90' lang='lat' dir='ltr'>bellum</span> <span class='ocrx_word' id='word_1_300' title='bbox 1721 546 1759 579; x_wconf 86' lang='lat' dir='ltr'>ad</span> <span class='ocrx_word' id='word_1_301' title='bbox 1775 558 1923 591; x_wconf 85' lang='lat' dir='ltr'>praesens</span> 
     </span>
     <span class='ocr_line' id='line_1_54' title="bbox 1186 597 1924 646; baseline 0.008 -17"><span class='ocrx_word' id='word_1_302' title='bbox 1186 597 1325 639; x_wconf 84' lang='lat' dir='ltr'>gerentis</span> <span class='ocrx_word' id='word_1_303' title='bbox 1348 598 1587 633; x_wconf 88' lang='lat' dir='ltr'>necessitatibus</span> <span class='ocrx_word' id='word_1_304' title='bbox 1610 599 1691 633; x_wconf 80' lang='lat' dir='ltr'>infra</span> <span class='ocrx_word' id='word_1_305' title='bbox 1715 605 1840 645; x_wconf 88' lang='lat' dir='ltr'>tempus</span> <span class='ocrx_word' id='word_1_306' title='bbox 1868 612 1924 646; x_wconf 93' lang='lat' dir='ltr'>op-</span> 
     </span>
     <span class='ocr_line' id='line_1_55' title="bbox 1186 651 1925 699; baseline 0.008 -16"><span class='ocrx_word' id='word_1_307' title='bbox 1186 656 1358 694; x_wconf 86' lang='lat' dir='ltr'>portunum</span> <span class='ocrx_word' id='word_1_308' title='bbox 1378 651 1545 686; x_wconf 87' lang='lat' dir='ltr'>subvenire</span> <span class='ocrx_word' id='word_1_309' title='bbox 1562 658 1678 697; x_wconf 90' lang='lat' dir='ltr'>posset,</span> <span class='ocrx_word' id='word_1_310' title='bbox 1695 653 1774 696; x_wconf 85' lang='lat' dir='ltr'>ideo,</span> <span class='ocrx_word' id='word_1_311' title='bbox 1792 660 1925 699; x_wconf 85' lang='lat' dir='ltr'>propter</span> 
     </span>
     <span class='ocr_line' id='line_1_56' title="bbox 1185 707 1925 748; baseline 0.008 -11"><span class='ocrx_word' id='word_1_312' title='bbox 1185 709 1334 748; x_wconf 86' lang='lat' dir='ltr'>urgentes</span> <span class='ocrx_word' id='word_1_313' title='bbox 1368 710 1397 739; x_wconf 90' lang='lat' dir='ltr'>et</span> <span class='ocrx_word' id='word_1_314' title='bbox 1428 707 1692 741; x_wconf 82' lang='lat' dir='ltr'>extraordinarias</span> <span class='ocrx_word' id='word_1_315' title='bbox 1726 709 1925 743; x_wconf 84' lang='lat' dir='ltr'>necessitates</span> 
     </span>
     <span class='ocr_line' id='line_1_57' title="bbox 1185 758 1925 805; baseline 0.008 -15"><span class='ocrx_word' id='word_1_316' title='bbox 1185 758 1382 800; x_wconf 87' lang='lat' dir='ltr'>huiusmodi,</span> <span class='ocrx_word' id='word_1_317' title='bbox 1408 764 1497 793; x_wconf 87' lang='lat' dir='ltr'>motu</span> <span class='ocrx_word' id='word_1_318' title='bbox 1526 761 1677 805; x_wconf 85' lang='lat' dir='ltr'>proprio,</span> <span class='ocrx_word' id='word_1_319' title='bbox 1708 767 1738 795; x_wconf 90' lang='lat' dir='ltr'>et</span> <span class='ocrx_word' id='word_1_320' title='bbox 1769 772 1806 795; x_wconf 81' lang='lat' dir='ltr'>ex</span> <span class='ocrx_word' id='word_1_321' title='bbox 1838 765 1925 797; x_wconf 74' lang='lat' dir='ltr'>certa</span> 
     </span>
     <span class='ocr_line' id='line_1_58' title="bbox 1185 808 1924 860; baseline 0.007 -15"><span class='ocrx_word' id='word_1_322' title='bbox 1185 812 1314 847; x_wconf 73' lang='lat' dir='ltr'>seientia</span> <span class='ocrx_word' id='word_1_323' title='bbox 1333 823 1369 847; x_wconf 88' lang='lat' dir='ltr'>ac</span> <span class='ocrx_word' id='word_1_324' title='bbox 1399 815 1524 848; x_wconf 76' lang='lat' dir='ltr'>matura</span> <span class='ocrx_word' id='word_1_325' title='bbox 1538 808 1775 850; x_wconf 45' lang='lat' dir='ltr'>*deliberatione</span> <span class='ocrx_word' id='word_1_326' title='bbox 1797 817 1924 860; x_wconf 88' lang='lat' dir='ltr'>nostris,</span> 
     </span>
    </p>
   </div>
   <div class='ocr_carea' id='block_1_14' title="bbox 1167 865 1924 913">
    <p class='ocr_par' dir='ltr' id='par_1_15' title="bbox 1167 865 1924 913">
     <span class='ocr_line' id='line_1_59' title="bbox 1167 865 1924 913; baseline 0.008 -16"><span class='ocrx_word' id='word_1_327' title='bbox 1167 865 1285 909; x_wconf 44' lang='lat' dir='ltr'>¹deque</span> <span class='ocrx_word' id='word_1_328' title='bbox 1311 867 1502 911; x_wconf 85' lang='lat' dir='ltr'>apostolicae</span> <span class='ocrx_word' id='word_1_329' title='bbox 1525 868 1688 912; x_wconf 87' lang='lat' dir='ltr'>potestatis</span> <span class='ocrx_word' id='word_1_330' title='bbox 1712 869 1924 913; x_wconf 85' lang='lat' dir='ltr'>plenitudine,</span> 
     </span>
    </p>
   </div>
   <div class='ocr_carea' id='block_1_15' title="bbox 1183 920 1925 1285">
    <p class='ocr_par' dir='ltr' id='par_1_16' title="bbox 1183 920 1925 1285">
     <span class='ocr_line' id='line_1_60' title="bbox 1184 920 1924 966; baseline 0.007 -15"><span class='ocrx_word' id='word_1_331' title='bbox 1184 929 1293 952; x_wconf 90' lang='lat' dir='ltr'>omnes</span> <span class='ocrx_word' id='word_1_332' title='bbox 1314 925 1343 953; x_wconf 90' lang='lat' dir='ltr'>et</span> <span class='ocrx_word' id='word_1_333' title='bbox 1363 920 1501 963; x_wconf 84' lang='lat' dir='ltr'>singulas</span> <span class='ocrx_word' id='word_1_334' title='bbox 1522 921 1747 955; x_wconf 86' lang='lat' dir='ltr'>ecclesiasticas</span> <span class='ocrx_word' id='word_1_335' title='bbox 1763 933 1924 966; x_wconf 83' lang='lat' dir='ltr'>personas,</span> 
     </span>
     <span class='ocr_line' id='line_1_61' title="bbox 1184 974 1924 1018; baseline 0.008 -14"><span class='ocrx_word' id='word_1_336' title='bbox 1184 976 1246 1005; x_wconf 88' lang='lat' dir='ltr'>tam</span> <span class='ocrx_word' id='word_1_337' title='bbox 1273 974 1428 1007; x_wconf 85' lang='lat' dir='ltr'>seculares</span> <span class='ocrx_word' id='word_1_338' title='bbox 1445 1001 1452 1016; x_wconf 87' lang='lat'>‚</span> <span class='ocrx_word' id='word_1_339' title='bbox 1481 985 1575 1018; x_wconf 84' lang='lat' dir='ltr'>quam</span> <span class='ocrx_word' id='word_1_340' title='bbox 1609 975 1745 1008; x_wconf 85' lang='lat' dir='ltr'>cuiusvis</span> <span class='ocrx_word' id='word_1_341' title='bbox 1777 975 1902 1010; x_wconf 90' lang='lat' dir='ltr'>Ordinis</span> <span class='ocrx_word' id='word_1_342' title='bbox 1916 1003 1924 1017; x_wconf 90' lang='lat'><em>‚</em></span> 
     </span>
     <span class='ocr_line' id='line_1_62' title="bbox 1184 1026 1924 1072; baseline 0.007 -14"><span class='ocrx_word' id='word_1_343' title='bbox 1184 1026 1278 1059; x_wconf 89' lang='lat' dir='ltr'>etiam</span> <span class='ocrx_word' id='word_1_344' title='bbox 1304 1028 1438 1071; x_wconf 79' lang='lat' dir='ltr'>exempti</span> <span class='ocrx_word' id='word_1_345' title='bbox 1456 1034 1487 1060; x_wconf 87' lang='lat' dir='ltr'>et</span> <span class='ocrx_word' id='word_1_346' title='bbox 1505 1029 1702 1072; x_wconf 83' lang='lat' dir='ltr'>Apostolicae</span> <span class='ocrx_word' id='word_1_347' title='bbox 1721 1029 1792 1063; x_wconf 89' lang='lat' dir='ltr'>Sedi</span> <span class='ocrx_word' id='word_1_348' title='bbox 1812 1029 1924 1064; x_wconf 88' lang='lat' dir='ltr'>imme-</span> 
     </span>
     <span class='ocr_line' id='line_1_63' title="bbox 1184 1079 1925 1124; baseline 0.007 -12"><span class='ocrx_word' id='word_1_349' title='bbox 1184 1079 1266 1113; x_wconf 83' lang='lat' dir='ltr'>diate</span> <span class='ocrx_word' id='word_1_350' title='bbox 1279 1079 1421 1121; x_wconf 86' lang='lat' dir='ltr'>subiecti,</span> <span class='ocrx_word' id='word_1_351' title='bbox 1439 1082 1612 1124; x_wconf 78' lang='lat' dir='ltr'>regulares,</span> <span class='ocrx_word' id='word_1_352' title='bbox 1630 1092 1752 1116; x_wconf 90' lang='lat' dir='ltr'>necnon</span> <span class='ocrx_word' id='word_1_353' title='bbox 1772 1089 1925 1117; x_wconf 87' lang='lat' dir='ltr'>monaste-</span> 
     </span>
     <span class='ocr_line' id='line_1_64' title="bbox 1183 1133 1923 1180; baseline 0.007 -15"><span class='ocrx_word' id='word_1_354' title='bbox 1183 1133 1230 1166; x_wconf 85' lang='lat' dir='ltr'>ria</span> <span class='ocrx_word' id='word_1_355' title='bbox 1247 1134 1411 1178; x_wconf 86' lang='lat' dir='ltr'>utriusque</span> <span class='ocrx_word' id='word_1_356' title='bbox 1428 1146 1530 1176; x_wconf 81' lang='lat' dir='ltr'>sexus,</span> <span class='ocrx_word' id='word_1_357' title='bbox 1549 1141 1719 1169; x_wconf 80' lang='lat' dir='ltr'>conventus</span> <span class='ocrx_word' id='word_1_358' title='bbox 1736 1141 1765 1169; x_wconf 91' lang='lat' dir='ltr'>et</span> <span class='ocrx_word' id='word_1_359' title='bbox 1782 1137 1923 1180; x_wconf 82' lang='lat' dir='ltr'>collegia,</span> 
     </span>
     <span class='ocr_line' id='line_1_65' title="bbox 1183 1188 1924 1233; baseline 0.005 -13"><span class='ocrx_word' id='word_1_360' title='bbox 1183 1198 1218 1221; x_wconf 86' lang='lat' dir='ltr'>ac</span> <span class='ocrx_word' id='word_1_361' title='bbox 1229 1188 1363 1231; x_wconf 87' lang='lat' dir='ltr'>capitula</span> <span class='ocrx_word' id='word_1_362' title='bbox 1375 1189 1578 1222; x_wconf 84' lang='lat' dir='ltr'>ecelesiarum</span> <span class='ocrx_word' id='word_1_363' title='bbox 1593 1200 1766 1233; x_wconf 86' lang='lat' dir='ltr'>regnorum</span> <span class='ocrx_word' id='word_1_364' title='bbox 1776 1191 1924 1226; x_wconf 87' lang='lat' dir='ltr'>Castellae</span> 
     </span>
     <span class='ocr_line' id='line_1_66' title="bbox 1183 1241 1924 1285; baseline 0.008 -13"><span class='ocrx_word' id='word_1_365' title='bbox 1183 1245 1214 1273; x_wconf 90' lang='lat' dir='ltr'>et</span> <span class='ocrx_word' id='word_1_366' title='bbox 1225 1241 1371 1283; x_wconf 84' lang='lat' dir='ltr'>Legionis</span> <span class='ocrx_word' id='word_1_367' title='bbox 1385 1242 1632 1285; x_wconf 86' lang='lat' dir='ltr'>praedictorum,</span> <span class='ocrx_word' id='word_1_368' title='bbox 1645 1254 1681 1276; x_wconf 86' lang='lat' dir='ltr'>ac</span> <span class='ocrx_word' id='word_1_369' title='bbox 1699 1243 1730 1276; x_wconf 91' lang='lat' dir='ltr'>in</span> <span class='ocrx_word' id='word_1_370' title='bbox 1744 1244 1861 1278; x_wconf 88' lang='lat' dir='ltr'>eisdem</span> <span class='ocrx_word' id='word_1_371' title='bbox 1878 1256 1924 1278; x_wconf 88' lang='lat' dir='ltr'>re-</span> 
     </span>
    </p>
   </div>
   <div class='ocr_carea' id='block_1_16' title="bbox 406 1295 1923 1389">
    <p class='ocr_par' dir='ltr' id='par_1_17' title="bbox 406 1295 1923 1389">
     <span class='ocr_line' id='line_1_67' title="bbox 1166 1295 1923 1339; baseline 0.009 -13"><span class='ocrx_word' id='word_1_372' title='bbox 1166 1334 1167 1338; x_wconf 13' lang='lat'><em>*</em></span> <span class='ocrx_word' id='word_1_373' title='bbox 1184 1295 1252 1337; x_wconf 83' lang='lat' dir='ltr'>gnis</span> <span class='ocrx_word' id='word_1_374' title='bbox 1266 1300 1497 1330; x_wconf 85' lang='lat' dir='ltr'>commorantes</span> <span class='ocrx_word' id='word_1_375' title='bbox 1510 1302 1539 1330; x_wconf 87' lang='lat' dir='ltr'>et</span> <span class='ocrx_word' id='word_1_376' title='bbox 1552 1297 1758 1331; x_wconf 88' lang='lat' dir='ltr'>consistentes</span> <span class='ocrx_word' id='word_1_377' title='bbox 1768 1297 1787 1339; x_wconf 79' lang='lat'>¹,</span> <span class='ocrx_word' id='word_1_378' title='bbox 1802 1299 1839 1332; x_wconf 87' lang='lat' dir='ltr'>ad</span> <span class='ocrx_word' id='word_1_379' title='bbox 1853 1309 1923 1333; x_wconf 90' lang='lat' dir='ltr'>con-</span> 
     </span>
     <span class='ocr_line' id='line_1_68' title="bbox 406 1343 1167 1389; baseline 0.007 -14"><span class='ocrx_word' id='word_1_380' title='bbox 406 1353 493 1383; x_wconf 84' lang='lat' dir='ltr'>rum,</span> <span class='ocrx_word' id='word_1_381' title='bbox 519 1343 675 1377; x_wconf 87' lang='lat' dir='ltr'>conficere</span> <span class='ocrx_word' id='word_1_382' title='bbox 700 1344 830 1378; x_wconf 88' lang='lat' dir='ltr'>deberet</span> <span class='ocrx_word' id='word_1_383' title='bbox 855 1355 892 1378; x_wconf 89' lang='lat' dir='ltr'>ex</span> <span class='ocrx_word' id='word_1_384' title='bbox 916 1345 1046 1389; x_wconf 81' lang='lat' dir='ltr'>gabellis</span> <span class='ocrx_word' id='word_1_385' title='bbox 1079 1347 1167 1380; x_wconf 70' lang='lat' dir='ltr'>sisis</span> 
     </span>
    </p>
   </div>
   <div class='ocr_carea' id='block_1_17' title="bbox 1182 1348 1924 1824">
    <p class='ocr_par' dir='ltr' id='par_1_18' title="bbox 1182 1348 1924 1824">
     <span class='ocr_line' id='line_1_69' title="bbox 1183 1348 1923 1395; baseline 0.007 -15"><span class='ocrx_word' id='word_1_386' title='bbox 1183 1348 1346 1381; x_wconf 82' lang='lat' dir='ltr'>ferendum</span> <span class='ocrx_word' id='word_1_387' title='bbox 1373 1353 1404 1383; x_wconf 91' lang='lat' dir='ltr'>et</span> <span class='ocrx_word' id='word_1_388' title='bbox 1428 1350 1703 1391; x_wconf 88' lang='lat' dir='ltr'>contribuendum,</span> <span class='ocrx_word' id='word_1_389' title='bbox 1722 1357 1817 1395; x_wconf 90' lang='lat' dir='ltr'>prout</span> <span class='ocrx_word' id='word_1_390' title='bbox 1842 1352 1923 1394; x_wconf 87' lang='lat' dir='ltr'>laici,</span> 
     </span>
     <span class='ocr_line' id='line_1_70' title="bbox 1183 1401 1924 1449; baseline 0.007 -15"><span class='ocrx_word' id='word_1_391' title='bbox 1183 1401 1214 1434; x_wconf 91' lang='lat' dir='ltr'>in</span> <span class='ocrx_word' id='word_1_392' title='bbox 1235 1401 1317 1435; x_wconf 89' lang='lat' dir='ltr'>dieto</span> <span class='ocrx_word' id='word_1_393' title='bbox 1338 1402 1476 1436; x_wconf 90' lang='lat' dir='ltr'>subsidio</span> <span class='ocrx_word' id='word_1_394' title='bbox 1494 1403 1650 1437; x_wconf 86' lang='lat' dir='ltr'>mediante</span> <span class='ocrx_word' id='word_1_395' title='bbox 1667 1404 1822 1439; x_wconf 85' lang='lat' dir='ltr'>solutione</span> <span class='ocrx_word' id='word_1_396' title='bbox 1836 1416 1924 1449; x_wconf 83' lang='lat' dir='ltr'>prae-</span> 
     </span>
     <span class='ocr_line' id='line_1_71' title="bbox 1182 1455 1924 1504; baseline 0.008 -17"><span class='ocrx_word' id='word_1_397' title='bbox 1182 1455 1316 1488; x_wconf 84' lang='lat' dir='ltr'>fatarum</span> <span class='ocrx_word' id='word_1_398' title='bbox 1341 1456 1536 1499; x_wconf 86' lang='lat' dir='ltr'>gabellarum</span> <span class='ocrx_word' id='word_1_399' title='bbox 1573 1467 1629 1490; x_wconf 85' lang='lat' dir='ltr'>seu</span> <span class='ocrx_word' id='word_1_400' title='bbox 1660 1458 1794 1491; x_wconf 86' lang='lat' dir='ltr'>sisarum</span> <span class='ocrx_word' id='word_1_401' title='bbox 1829 1470 1924 1504; x_wconf 85' lang='lat' dir='ltr'>super</span> 
     </span>
     <span class='ocr_line' id='line_1_72' title="bbox 1183 1509 1923 1557; baseline 0.008 -16"><span class='ocrx_word' id='word_1_402' title='bbox 1183 1509 1264 1551; x_wconf 72' lang='lat' dir='ltr'>rino,</span> <span class='ocrx_word' id='word_1_403' title='bbox 1285 1514 1382 1551; x_wconf 88' lang='lat' dir='ltr'>aceto,</span> <span class='ocrx_word' id='word_1_404' title='bbox 1399 1511 1468 1545; x_wconf 87' lang='lat' dir='ltr'>oleo</span> <span class='ocrx_word' id='word_1_405' title='bbox 1489 1516 1520 1544; x_wconf 90' lang='lat' dir='ltr'>et</span> <span class='ocrx_word' id='word_1_406' title='bbox 1543 1521 1636 1545; x_wconf 87' lang='lat' dir='ltr'>carne</span> <span class='ocrx_word' id='word_1_407' title='bbox 1652 1512 1684 1545; x_wconf 92' lang='lat' dir='ltr'>in</span> <span class='ocrx_word' id='word_1_408' title='bbox 1707 1512 1798 1547; x_wconf 90' lang='lat' dir='ltr'>dictis</span> <span class='ocrx_word' id='word_1_409' title='bbox 1817 1514 1923 1557; x_wconf 84' lang='lat' dir='ltr'>regnis</span> 
     </span>
     <span class='ocr_line' id='line_1_73' title="bbox 1183 1563 1922 1611; baseline 0.008 -16"><span class='ocrx_word' id='word_1_410' title='bbox 1183 1563 1368 1607; x_wconf 85' lang='lat' dir='ltr'>colligendis</span> <span class='ocrx_word' id='word_1_411' title='bbox 1398 1569 1428 1597; x_wconf 92' lang='lat' dir='ltr'>et</span> <span class='ocrx_word' id='word_1_412' title='bbox 1452 1565 1675 1598; x_wconf 86' lang='lat' dir='ltr'>consumendis</span> <span class='ocrx_word' id='word_1_413' title='bbox 1704 1566 1922 1611; x_wconf 88' lang='lat' dir='ltr'>impositarum</span> 
     </span>
     <span class='ocr_line' id='line_1_74' title="bbox 1183 1618 1921 1664; baseline 0.008 -15"><span class='ocrx_word' id='word_1_414' title='bbox 1183 1622 1213 1650; x_wconf 90' lang='lat' dir='ltr'>et</span> <span class='ocrx_word' id='word_1_415' title='bbox 1228 1622 1402 1659; x_wconf 88' lang='lat' dir='ltr'>auctarum,</span> <span class='ocrx_word' id='word_1_416' title='bbox 1417 1622 1447 1652; x_wconf 89' lang='lat' dir='ltr'>et</span> <span class='ocrx_word' id='word_1_417' title='bbox 1463 1618 1596 1652; x_wconf 83' lang='lat' dir='ltr'>durante</span> <span class='ocrx_word' id='word_1_418' title='bbox 1613 1620 1760 1660; x_wconf 66' lang='lat' dir='ltr'>sexennio</span> <span class='ocrx_word' id='word_1_419' title='bbox 1776 1621 1921 1664; x_wconf 83' lang='lat' dir='ltr'>proximo</span> 
     </span>
     <span class='ocr_line' id='line_1_75' title="bbox 1182 1671 1921 1724; baseline 0.009 -22"><span class='ocrx_word' id='word_1_420' title='bbox 1182 1681 1199 1703; x_wconf 84' lang='lat' dir='ltr'>a</span> <span class='ocrx_word' id='word_1_421' title='bbox 1215 1671 1321 1715; x_wconf 72' lang='lat' dir='ltr'>prima</span> <span class='ocrx_word' id='word_1_422' title='bbox 1338 1671 1388 1704; x_wconf 88' lang='lat' dir='ltr'>die</span> <span class='ocrx_word' id='word_1_423' title='bbox 1404 1671 1478 1704; x_wconf 87' lang='lat' dir='ltr'>dicti</span> <span class='ocrx_word' id='word_1_424' title='bbox 1495 1673 1612 1706; x_wconf 85' lang='lat' dir='ltr'>mensis</span> <span class='ocrx_word' id='word_1_425' title='bbox 1629 1674 1753 1716; x_wconf 85' lang='lat' dir='ltr'>augusti</span> <span class='ocrx_word' id='word_1_426' title='bbox 1769 1684 1921 1724; x_wconf 55' lang='lat' dir='ltr'>Mncxnxu</span> 
     </span>
     <span class='ocr_line' id='line_1_76' title="bbox 1183 1725 1921 1768; baseline 0.007 -11"><span class='ocrx_word' id='word_1_427' title='bbox 1183 1725 1338 1768; x_wconf 84' lang='lat' dir='ltr'>inchoato,</span> <span class='ocrx_word' id='word_1_428' title='bbox 1355 1730 1386 1758; x_wconf 91' lang='lat' dir='ltr'>et</span> <span class='ocrx_word' id='word_1_429' title='bbox 1402 1736 1465 1759; x_wconf 92' lang='lat' dir='ltr'>non</span> <span class='ocrx_word' id='word_1_430' title='bbox 1480 1727 1572 1768; x_wconf 89' lang='lat' dir='ltr'>ultra,</span> <span class='ocrx_word' id='word_1_431' title='bbox 1589 1737 1625 1760; x_wconf 88' lang='lat' dir='ltr'>ac</span> <span class='ocrx_word' id='word_1_432' title='bbox 1643 1727 1700 1760; x_wconf 90' lang='lat' dir='ltr'>sub</span> <span class='ocrx_word' id='word_1_433' title='bbox 1718 1728 1811 1761; x_wconf 87' lang='lat' dir='ltr'>certis</span> <span class='ocrx_word' id='word_1_434' title='bbox 1829 1729 1921 1763; x_wconf 89' lang='lat' dir='ltr'>modo</span> 
     </span>
     <span class='ocr_line' id='line_1_77' title="bbox 1183 1778 1923 1824; baseline 0.007 -14"><span class='ocrx_word' id='word_1_435' title='bbox 1183 1782 1212 1810; x_wconf 90' lang='lat' dir='ltr'>et</span> <span class='ocrx_word' id='word_1_436' title='bbox 1236 1778 1337 1811; x_wconf 73' lang='lat' dir='ltr'>forma</span> <span class='ocrx_word' id='word_1_437' title='bbox 1361 1783 1434 1812; x_wconf 89' lang='lat' dir='ltr'>tunc</span> <span class='ocrx_word' id='word_1_438' title='bbox 1468 1779 1559 1812; x_wconf 89' lang='lat' dir='ltr'>etiam</span> <span class='ocrx_word' id='word_1_439' title='bbox 1592 1780 1766 1824; x_wconf 80' lang='lat' dir='ltr'>expressis,</span> <span class='ocrx_word' id='word_1_440' title='bbox 1791 1782 1828 1814; x_wconf 67' lang='lat' dir='ltr'>ea</span> <span class='ocrx_word' id='word_1_441' title='bbox 1855 1781 1923 1815; x_wconf 89' lang='lat' dir='ltr'>viee</span> 
     </span>
    </p>
   </div>
   <div class='ocr_carea' id='block_1_18' title="bbox 1164 1831 1923 1875">
    <p class='ocr_par' dir='ltr' id='par_1_19' title="bbox 1164 1831 1923 1875">
     <span class='ocr_line' id='line_1_78' title="bbox 1164 1831 1923 1875; baseline 0.007 -12"><span class='ocrx_word' id='word_1_442' title='bbox 1164 1831 1282 1874; x_wconf 62' lang='lat' dir='ltr'>⁴teneri</span> <span class='ocrx_word' id='word_1_443' title='bbox 1309 1837 1339 1864; x_wconf 89' lang='lat' dir='ltr'>et</span> <span class='ocrx_word' id='word_1_444' title='bbox 1363 1832 1518 1875; x_wconf 85' lang='lat' dir='ltr'>obligatos</span> <span class='ocrx_word' id='word_1_445' title='bbox 1543 1843 1610 1866; x_wconf 86' lang='lat' dir='ltr'>esse</span> <span class='ocrx_word' id='word_1_446' title='bbox 1635 1833 1840 1867; x_wconf 83' lang='lat' dir='ltr'>decrevimus.</span> <span class='ocrx_word' id='word_1_447' title='bbox 1865 1835 1923 1868; x_wconf 77' lang='lat' dir='ltr'>Vo-</span> 
     </span>
    </p>
   </div>
   <div class='ocr_carea' id='block_1_19' title="bbox 1181 1884 1922 2360">
    <p class='ocr_par' dir='ltr' id='par_1_20' title="bbox 1181 1884 1922 2360">
     <span class='ocr_line' id='line_1_79' title="bbox 1182 1884 1921 1930; baseline 0.008 -14"><span class='ocrx_word' id='word_1_448' title='bbox 1182 1884 1298 1918; x_wconf 91' lang='lat' dir='ltr'>luimus</span> <span class='ocrx_word' id='word_1_449' title='bbox 1318 1890 1421 1918; x_wconf 87' lang='lat' dir='ltr'>tamen</span> <span class='ocrx_word' id='word_1_450' title='bbox 1435 1886 1519 1930; x_wconf 91' lang='lat' dir='ltr'>quod</span> <span class='ocrx_word' id='word_1_451' title='bbox 1537 1886 1732 1930; x_wconf 86' lang='lat' dir='ltr'>praedictum</span> <span class='ocrx_word' id='word_1_452' title='bbox 1747 1887 1921 1922; x_wconf 86' lang='lat' dir='ltr'>subsidium</span> 
     </span>
     <span class='ocr_line' id='line_1_80' title="bbox 1182 1937 1922 1976; baseline 0.005 -5"><span class='ocrx_word' id='word_1_453' title='bbox 1182 1937 1291 1971; x_wconf 87' lang='lat' dir='ltr'>decem</span> <span class='ocrx_word' id='word_1_454' title='bbox 1313 1943 1343 1973; x_wconf 88' lang='lat' dir='ltr'>et</span> <span class='ocrx_word' id='word_1_455' title='bbox 1365 1950 1477 1972; x_wconf 79' lang='lat' dir='ltr'>novem</span> <span class='ocrx_word' id='word_1_456' title='bbox 1503 1940 1680 1973; x_wconf 88' lang='lat' dir='ltr'>millionum</span> <span class='ocrx_word' id='word_1_457' title='bbox 1701 1952 1772 1974; x_wconf 90' lang='lat' dir='ltr'>cum</span> <span class='ocrx_word' id='word_1_458' title='bbox 1792 1941 1922 1976; x_wconf 92' lang='lat' dir='ltr'>dimidio</span> 
     </span>
     <span class='ocr_line' id='line_1_81' title="bbox 1182 1992 1921 2030; baseline 0.008 -7"><span class='ocrx_word' id='word_1_459' title='bbox 1182 1992 1311 2025; x_wconf 85' lang='lat' dir='ltr'>alterius</span> <span class='ocrx_word' id='word_1_460' title='bbox 1335 1992 1485 2026; x_wconf 88' lang='lat' dir='ltr'>millionis</span> <span class='ocrx_word' id='word_1_461' title='bbox 1510 1993 1678 2026; x_wconf 87' lang='lat' dir='ltr'>succedere</span> <span class='ocrx_word' id='word_1_462' title='bbox 1700 1994 1829 2028; x_wconf 86' lang='lat' dir='ltr'>deberet</span> <span class='ocrx_word' id='word_1_463' title='bbox 1851 1995 1921 2030; x_wconf 89' lang='lat' dir='ltr'>Ioco</span> 
     </span>
     <span class='ocr_line' id='line_1_82' title="bbox 1182 2047 1922 2094; baseline 0.007 -16"><span class='ocrx_word' id='word_1_464' title='bbox 1182 2056 1457 2090; x_wconf 89' lang='lat' dir='ltr'>quorumcumque</span> <span class='ocrx_word' id='word_1_465' title='bbox 1477 2047 1609 2080; x_wconf 89' lang='lat' dir='ltr'>aliorum</span> <span class='ocrx_word' id='word_1_466' title='bbox 1635 2047 1846 2082; x_wconf 86' lang='lat' dir='ltr'>subsidiorum</span> <span class='ocrx_word' id='word_1_467' title='bbox 1866 2060 1922 2094; x_wconf 87' lang='lat' dir='ltr'>per</span> 
     </span>
     <span class='ocr_line' id='line_1_83' title="bbox 1182 2100 1922 2146; baseline 0.007 -15"><span class='ocrx_word' id='word_1_468' title='bbox 1182 2109 1239 2132; x_wconf 92' lang='lat' dir='ltr'>nos</span> <span class='ocrx_word' id='word_1_469' title='bbox 1264 2100 1414 2133; x_wconf 87' lang='lat' dir='ltr'>haetenus</span> <span class='ocrx_word' id='word_1_470' title='bbox 1439 2110 1533 2144; x_wconf 87' lang='lat' dir='ltr'>super</span> <span class='ocrx_word' id='word_1_471' title='bbox 1553 2100 1746 2134; x_wconf 88' lang='lat' dir='ltr'>millionibus</span> <span class='ocrx_word' id='word_1_472' title='bbox 1771 2103 1922 2146; x_wconf 86' lang='lat' dir='ltr'>approba—</span> 
     </span>
     <span class='ocr_line' id='line_1_84' title="bbox 1184 2155 1921 2199; baseline 0.008 -14"><span class='ocrx_word' id='word_1_473' title='bbox 1184 2158 1287 2186; x_wconf 87' lang='lat' dir='ltr'>torum</span> <span class='ocrx_word' id='word_1_474' title='bbox 1313 2158 1342 2186; x_wconf 90' lang='lat' dir='ltr'>et</span> <span class='ocrx_word' id='word_1_475' title='bbox 1367 2164 1600 2195; x_wconf 83' lang='lat' dir='ltr'>concessorum,</span> <span class='ocrx_word' id='word_1_476' title='bbox 1618 2155 1659 2188; x_wconf 87' lang='lat' dir='ltr'>ita</span> <span class='ocrx_word' id='word_1_477' title='bbox 1684 2156 1769 2199; x_wconf 88' lang='lat' dir='ltr'>quod</span> <span class='ocrx_word' id='word_1_478' title='bbox 1793 2156 1921 2191; x_wconf 89' lang='lat' dir='ltr'>illorum</span> 
     </span>
     <span class='ocr_line' id='line_1_85' title="bbox 1182 2208 1920 2256; baseline 0.008 -17"><span class='ocrx_word' id='word_1_479' title='bbox 1182 2208 1289 2250; x_wconf 77' lang='lat' dir='ltr'>vigore</span> <span class='ocrx_word' id='word_1_480' title='bbox 1321 2208 1399 2240; x_wconf 90' lang='lat' dir='ltr'>nihil</span> <span class='ocrx_word' id='word_1_481' title='bbox 1431 2208 1565 2252; x_wconf 87' lang='lat' dir='ltr'>amplius</span> <span class='ocrx_word' id='word_1_482' title='bbox 1597 2220 1614 2242; x_wconf 90' lang='lat' dir='ltr'>a</span> <span class='ocrx_word' id='word_1_483' title='bbox 1648 2221 1806 2254; x_wconf 85' lang='lat' dir='ltr'>quoquam</span> <span class='ocrx_word' id='word_1_484' title='bbox 1839 2212 1920 2256; x_wconf 83' lang='lat' dir='ltr'>exigi</span> 
     </span>
     <span class='ocr_line' id='line_1_86' title="bbox 1181 2261 1922 2308; baseline 0.008 -15"><span class='ocrx_word' id='word_1_485' title='bbox 1181 2267 1302 2304; x_wconf 79' lang='lat' dir='ltr'>posset3</span> <span class='ocrx_word' id='word_1_486' title='bbox 1328 2261 1475 2305; x_wconf 85' lang='lat' dir='ltr'>quodque</span> <span class='ocrx_word' id='word_1_487' title='bbox 1499 2263 1653 2306; x_wconf 86' lang='lat' dir='ltr'>pecuniae</span> <span class='ocrx_word' id='word_1_488' title='bbox 1677 2274 1735 2308; x_wconf 91' lang='lat' dir='ltr'>per</span> <span class='ocrx_word' id='word_1_489' title='bbox 1758 2264 1858 2299; x_wconf 88' lang='lat' dir='ltr'>dictos</span> <span class='ocrx_word' id='word_1_490' title='bbox 1876 2276 1922 2299; x_wconf 91' lang='lat' dir='ltr'>ee-</span> 
     </span>
     <span class='ocr_line' id='line_1_87' title="bbox 1181 2315 1917 2360; baseline 0.008 -13"><span class='ocrx_word' id='word_1_491' title='bbox 1181 2315 1371 2349; x_wconf 87' lang='lat' dir='ltr'>clesiastieos</span> <span class='ocrx_word' id='word_1_492' title='bbox 1394 2316 1425 2348; x_wconf 92' lang='lat' dir='ltr'>in</span> <span class='ocrx_word' id='word_1_493' title='bbox 1449 2317 1599 2360; x_wconf 77' lang='lat' dir='ltr'>praefatis</span> <span class='ocrx_word' id='word_1_494' title='bbox 1631 2318 1762 2360; x_wconf 85' lang='lat' dir='ltr'>gabellis</span> <span class='ocrx_word' id='word_1_495' title='bbox 1792 2319 1917 2353; x_wconf 86' lang='lat' dir='ltr'>solven-</span> 
     </span>
    </p>
   </div>
   <div class='ocr_carea' id='block_1_20' title="bbox 1163 2368 1921 2412">
    <p class='ocr_par' dir='ltr' id='par_1_21' title="bbox 1163 2368 1921 2412">
     <span class='ocr_line' id='line_1_88' title="bbox 1163 2368 1921 2412; baseline 0.005 -10"><span class='ocrx_word' id='word_1_496' title='bbox 1163 2376 1165 2402; x_wconf 88' lang='lat'>:</span> <span class='ocrx_word' id='word_1_497' title='bbox 1181 2368 1237 2401; x_wconf 85' lang='lat' dir='ltr'>dae</span> <span class='ocrx_word' id='word_1_498' title='bbox 1262 2368 1291 2401; x_wconf 90' lang='grc'>111</span> <span class='ocrx_word' id='word_1_499' title='bbox 1310 2370 1466 2412; x_wconf 80' lang='lat' dir='ltr'>praefatos</span> <span class='ocrx_word' id='word_1_500' title='bbox 1483 2375 1513 2403; x_wconf 90' lang='lat' dir='ltr'>et</span> <span class='ocrx_word' id='word_1_501' title='bbox 1529 2381 1591 2404; x_wconf 90' lang='lat' dir='ltr'>non</span> <span class='ocrx_word' id='word_1_502' title='bbox 1610 2371 1641 2404; x_wconf 92' lang='grc'>111</span> <span class='ocrx_word' id='word_1_503' title='bbox 1657 2371 1734 2405; x_wconf 85' lang='lat' dir='ltr'>alios</span> <span class='ocrx_word' id='word_1_504' title='bbox 1751 2382 1827 2405; x_wconf 89' lang='lat' dir='ltr'>usus</span> <span class='ocrx_word' id='word_1_505' title='bbox 1850 2383 1921 2406; x_wconf 91' lang='lat' dir='ltr'>con-</span> 
     </span>
    </p>
   </div>
   <div class='ocr_carea' id='block_1_21' title="bbox 1180 2424 1922 2577">
    <p class='ocr_par' dir='ltr' id='par_1_22' title="bbox 1180 2424 1922 2577">
     <span class='ocr_line' id='line_1_89' title="bbox 1181 2424 1922 2469; baseline 0.008 -15"><span class='ocrx_word' id='word_1_506' title='bbox 1181 2427 1389 2465; x_wconf 75' lang='lat' dir='ltr'>verterentur,</span> <span class='ocrx_word' id='word_1_507' title='bbox 1407 2428 1437 2456; x_wconf 86' lang='lat' dir='ltr'>et</span> <span class='ocrx_word' id='word_1_508' title='bbox 1456 2424 1541 2466; x_wconf 73' lang='lat' dir='ltr'>alias,</span> <span class='ocrx_word' id='word_1_509' title='bbox 1566 2430 1662 2469; x_wconf 89' lang='lat' dir='ltr'>prout</span> <span class='ocrx_word' id='word_1_510' title='bbox 1685 2425 1717 2458; x_wconf 91' lang='lat' dir='ltr'>in</span> <span class='ocrx_word' id='word_1_511' title='bbox 1740 2426 1855 2460; x_wconf 89' lang='lat' dir='ltr'>nostris</span> <span class='ocrx_word' id='word_1_512' title='bbox 1872 2426 1922 2460; x_wconf 89' lang='lat' dir='ltr'>de-</span> 
     </span>
     <span class='ocr_line' id='line_1_90' title="bbox 1181 2477 1921 2524; baseline 0.007 -16"><span class='ocrx_word' id='word_1_513' title='bbox 1181 2487 1275 2520; x_wconf 86' lang='lat' dir='ltr'>super</span> <span class='ocrx_word' id='word_1_514' title='bbox 1300 2477 1331 2509; x_wconf 90' lang='lat' dir='ltr'>in</span> <span class='ocrx_word' id='word_1_515' title='bbox 1356 2477 1450 2510; x_wconf 89' lang='lat' dir='ltr'>simili</span> <span class='ocrx_word' id='word_1_516' title='bbox 1466 2478 1567 2511; x_wconf 73' lang='lat' dir='ltr'>forma</span> <span class='ocrx_word' id='word_1_517' title='bbox 1585 2478 1691 2512; x_wconf 76' lang='lat' dir='ltr'>Brevis</span> <span class='ocrx_word' id='word_1_518' title='bbox 1714 2479 1808 2513; x_wconf 92' lang='lat' dir='ltr'>hodie</span> <span class='ocrx_word' id='word_1_519' title='bbox 1833 2490 1921 2524; x_wconf 84' lang='lat' dir='ltr'>expe-</span> 
     </span>
     <span class='ocr_line' id='line_1_91' title="bbox 1180 2529 1920 2577; baseline 0.007 -15"><span class='ocrx_word' id='word_1_520' title='bbox 1180 2529 1251 2563; x_wconf 83' lang='lat' dir='ltr'>ditis</span> <span class='ocrx_word' id='word_1_521' title='bbox 1268 2530 1389 2571; x_wconf 88' lang='lat' dir='ltr'>litteris,</span> <span class='ocrx_word' id='word_1_522' title='bbox 1407 2542 1540 2575; x_wconf 88' lang='lat' dir='ltr'>quarum</span> <span class='ocrx_word' id='word_1_523' title='bbox 1558 2536 1682 2566; x_wconf 88' lang='lat' dir='ltr'>tenores</span> <span class='ocrx_word' id='word_1_524' title='bbox 1701 2533 1920 2577; x_wconf 87' lang='lat' dir='ltr'>praesentibus</span> 
     </span>
    </p>
   </div>
   <div class='ocr_carea' id='block_1_22' title="bbox 1178 2601 1920 2682">
    <p class='ocr_par' dir='ltr' id='par_1_23' title="bbox 1178 2601 1920 2682">
     <span class='ocr_line' id='line_1_92' title="bbox 1214 2601 1920 2640; baseline 0.007 -13"><span class='ocrx_word' id='word_1_525' title='bbox 1214 2602 1227 2627; x_wconf 42' lang='lat'>‘1</span> <span class='ocrx_word' id='word_1_526' title='bbox 1251 2601 1296 2628; x_wconf 81' lang='lat' dir='ltr'>Vel</span> <span class='ocrx_word' id='word_1_527' title='bbox 1316 2603 1525 2631; x_wconf 76' lang='lat' dir='ltr'>commorantia</span> <span class='ocrx_word' id='word_1_528' title='bbox 1548 2606 1574 2632; x_wconf 80' lang='lat' dir='ltr'>et</span> <span class='ocrx_word' id='word_1_529' title='bbox 1598 2603 1796 2639; x_wconf 76' lang='lat' dir='ltr'>consistentia,</span> <span class='ocrx_word' id='word_1_530' title='bbox 1822 2607 1851 2632; x_wconf 86' lang='lat' dir='ltr'>ut</span> <span class='ocrx_word' id='word_1_531' title='bbox 1870 2613 1920 2640; x_wconf 79' lang='lat' dir='ltr'>pa-</span> 
     </span>
     <span class='ocr_line' id='line_1_93' title="bbox 1178 2645 1470 2682; baseline 0.007 -10"><span class='ocrx_word' id='word_1_532' title='bbox 1178 2645 1240 2681; x_wconf 82' lang='lat' dir='ltr'>gina</span> <span class='ocrx_word' id='word_1_533' title='bbox 1260 2645 1312 2674; x_wconf 78' lang='lat'>326</span> <span class='ocrx_word' id='word_1_534' title='bbox 1331 2655 1349 2673; x_wconf 85' lang='lat' dir='ltr'>a</span> <span class='ocrx_word' id='word_1_535' title='bbox 1368 2647 1470 2682; x_wconf 60' lang='lat' dir='ltr'>(min).</span> 
     </span>
    </p>
   </div>
   <div class='ocr_carea' id='block_1_23' title="bbox 1936 232 2121 262">
    <p class='ocr_par' dir='ltr' id='par_1_24' title="bbox 1936 232 2121 262">
     <span class='ocr_line' id='line_1_94' title="bbox 1936 232 2121 262; baseline 0.011 -2"><span class='ocrx_word' id='word_1_536' title='bbox 1936 232 1988 261; x_wconf 81' lang='lat' dir='ltr'>An.</span> <span class='ocrx_word' id='word_1_537' title='bbox 2003 232 2031 262; x_wconf 88' lang='lat' dir='ltr'>C.</span> <span class='ocrx_word' id='word_1_538' title='bbox 2053 232 2121 262; x_wconf 83' lang='lat'><strong>1633</strong></span> 
     </span>
    </p>
   </div>
  </div>
 </body>
</html>
