2248 3229
212 213 266 242 An.
287 213 317 242 C.
333 212 399 241 1631

254 487 398 516 'ri-:insumptis

213 513 272 536 credi
286 515 353 536 iubet.

247 1924 389 1947 Prooemium.

245 2354 351 2375 Recenset
361 2358 409 2378 pro-

224 2381 327 2401 visionem
363 2380 409 2400 cte-

224 2408 300 2429 mentis
306 2405 352 2428 VIII
359 2411 409 2427 con·

449 203 513 238 24⁶2

412 261 584 302 habentes,
612 261 673 294 illis
698 260 772 293 alifis
799 259 829 292 in
853 269 910 292 suo
935 259 1052 292 robore
1076 268 1151 302 per-

413 315 571 348 mansuris
586 341 593 355 ,
618 315 676 347 liae
701 313 767 346 vice
791 312 950 345 dumtaxat
980 312 1156 355 specialiter

414 374 444 402 et
461 378 607 412 expresse
623 367 827 409 derogamus;
846 366 1020 410 ceterisque
1036 371 1157 400 contra-

413 422 469 455 riis
494 421 755 464 quibuscumque.

459 475 473 517 ἓ
489 473 518 506 3.
540 474 691 506 Volumus
712 478 825 514 autem,
843 472 927 517 quod
944 473 1156 516 praesentium

414 526 630 569 transumptis,
657 526 748 559 ctiam
774 526 959 569 impressis,
984 536 1079 559 manu
1103 526 1158 558 mi-

413 580 505 612 nistri
529 590 585 612 scu
609 579 718 612 vicarii
743 585 796 612 aut
820 580 1036 623 procuratoris
1064 590 1157 623 gene-

414 632 488 666 ralis
508 633 660 677 praedicti
686 633 884 677 subscriptis,
896 631 932 666 ‘et
956 633 1059 676 sigillo
1084 633 1158 666 dicti

414 686 540 720 Ordinis
556 686 695 726 munitis,
710 686 818 719 eadem
835 697 967 730 prorsus
981 686 1058 719 sides
1075 686 1160 719 adhi-

414 740 537 780 beatur,
555 750 635 784 quae
653 740 770 772 eisdem
791 740 1011 784 praesentibus
1035 739 1160 773 adhibe-

414 798 512 834 retur,
538 794 563 826 si
587 794 689 827 serent
710 795 867 828 exhibitae
886 795 934 828 vel
960 800 1113 828 ostensae.

459 847 571 880 Datum
603 848 742 888 Romae,
775 848 859 892 apud
885 848 913 881 S.
940 848 1069 881 Mariam
1095 848 1159 881 Ma-

416 901 528 941 iorem,
561 901 619 934 sub
652 902 768 935 annulo
800 901 993 944 Piscatoris‚
1026 902 1078 935 die
1103 912 1160 936 xiii

416 955 604 999 septembris
638 964 801 996 iincxxxi,
825 955 1027 999 pontificatus
1057 955 1160 989 nostri

416 1020 497 1043 anno
518 1020 558 1043 ix.

452 1071 511 1099 Dat.
529 1071 571 1099 die
586 1072 621 1099 Δ13
636 1071 800 1108 septembris
818 1071 896 1106 1631,
916 1070 1011 1107 pontif.
1033 1078 1102 1099 anno
1122 1077 1157 1098 ix.

727 1196 849 1230 CDXIV.

416 1266 595 1301 Moderatio
627 1266 867 1299 constitutionis
898 1265 1003 1299 editae
1034 1275 1054 1298 α
1086 1265 1158 1300 Cte-

461 1325 568 1353 mente
590 1320 673 1353 VIII
683 1321 769 1352 circa
786 1319 1030 1352 distractionem
1048 1323 1163 1351 castro-

461 1384 534 1406 rum
560 1378 588 1406 et
613 1373 779 1414 bonorum,
808 1374 908 1406 etiam
931 1373 1160 1416 fideicommis-

461 1427 635 1468 sariorum,
653 1438 713 1470 pro
729 1427 952 1471 satisfactione
964 1427 1162 1460 creditorum

462 1481 621 1515 baronum
646 1486 675 1514 et
699 1481 946 1514 cloiizi'celtorum
970 1482 1080 1513 Status
1104 1481 1162 1513 Ec-

463 1535 658 1573 clesiafflci,
687 1535 773 1578 quod
808 1546 874 1567 izoiz
907 1535 1023 1567 habeat
1057 1535 1161 1567 locum

462 1589 571 1632 quoad
595 1589 702 1622 debita
727 1593 891 1621 contracta
910 1593 981 1632 post
998 1599 1052 1621 sese
1076 1599 1162 1621 iiten-

462 1652 510 1674 ses
534 1653 553 1674 a
578 1642 631 1675 clie
655 1641 906 1674 arcltivi‘otiost
930 1643 1162 1674 instrumento-

462 1705 536 1728 rum
562 1705 599 1728 ac
616 1695 859 1727 vinculationis
885 1696 1040 1728 bonorum
1053 1694 1072 1726 ¹.

623 1766 757 1793 Urbanus
778 1767 959 1800 Episcopus,

598 1818 703 1837 servus
734 1818 886 1838 servorum
913 1810 983 1842 Dei,

546 1855 581 1882 ad
601 1860 779 1889 perpetuam
798 1856 843 1881 rei
862 1855 1042 1881 memoriam.

464 1918 641 1950 Romanum
667 1916 756 1949 decet
781 1916 963 1949 Pontificem
989 1926 1034 1956 ea,
1052 1926 1132 1959 quae
1147 1927 1163 1949 a

421 1971 485 2004 suis
505 1970 812 2014 praedecessoribus,
833 1970 906 2002 licet
924 1970 1164 2012 rationabiliter,

421 2030 535 2057 statuta
552 2029 582 2057 et
598 2024 740 2057 ordinata
758 2034 825 2056 esse
843 2023 1047 2067 reperiuntur
1056 2022 1076 2065 ²,
1093 2034 1163 2056 cum

421 2077 520 2110 iustae
539 2077 667 2110 suadent
687 2088 808 2117 causac,
825 2077 982 2111 moderari
1009 2082 1035 2109 et
1054 2077 1182 2109 numu-³

422 2134 498 2171 tare,
515 2136 610 2174 prout
633 2131 709 2174 ipse,
727 2140 832 2163 rcruin
851 2136 877 2163 ct
898 2141 1104 2174 personarum
1130 2142 1165 2163 ac

421 2189 601 2228 temporum
622 2184 825 2227 qualitatihus
850 2184 954 2216 debite
980 2183 1162 2217 considera-

423 2238 472 2279 tis,
493 2238 646 2283 conspicit
670 2238 701 2270 in
725 2238 857 2271 Domino
883 2238 1052 2271 salubriter
1077 2248 1167 2282 expc-

423 2292 502 2325 dire.

469 2345 527 2390 §l
553 2345 635 2378 Alias
654 2344 807 2388 siquidem
826 2345 922 2377 felicis
939 2344 1166 2378 recordationis

424 2399 566 2434 Clemens
598 2399 678 2443 Papa
709 2399 772 2432 VIII
804 2399 1031 2443 praedecessor
1059 2404 1166 2432 noster

461 2490 472 2515 1
495 2487 655 2515 Constitutio
670 2487 788 2515 indicata
803 2487 948 2515 Clementis
962 2487 1022 2514 VIII
1043 2489 1083 2514 est
1098 2486 1166 2514 Con-

425 2532 480 2560 stit.
501 2539 600 2560 cxxxiii
618 2534 669 2568 (at.
693 2533 763 2568 127),
784 2533 919 2561 Iustitiae
939 2533 1031 2567 ratio,
1054 2536 1117 2559 toni.
1137 2539 1164 2567 x,

425 2584 487 2612 pag.
504 2577 566 2604 270.

461 2621 478 2648 2
497 2621 567 2649 Edit.
589 2621 667 2649 Maia.
688 2622 753 2658 legit
773 2622 963 2658 reperiantur
984 2622 1020 2657 (a.
1036 2621 1084 2656 T.).

986 211 1167 236 Bl'LLAItIUM
1190 211 1346 236 ROMANUM

1937 215 1990 243 An.
2011 216 2040 244 C.
2058 217 2123 245 1631

1190 260 1237 302 (ut
1260 260 1449 303 principum,
1475 261 1602 302 ducum,
1625 262 1855 306 marchionum,
1879 273 1929 298 co·
1944 279 1977 298 tra
1994 278 2087 300 bai-ones
2108 282 2142 301 et·

1189 312 1302 345 mitum
1327 318 1358 345 et
1383 313 1538 347 baronum
1553 324 1590 347 ac
1607 314 1846 350 domicellorum
1863 326 1930 350 san·
1944 305 1956 351 ἓ

1190 370 1258 399 ctae
1283 366 1441 400 Romanae
1460 367 1619 401 Ecclesiae
1637 368 1846 411 subditorum,
1866 376 1929 403 tam

1190 419 1221 452 in
1246 419 1330 453 Urbe
1354 420 1484 464 eiusque
1507 421 1662 462 districtu,
1687 432 1781 465 quam
1804 423 1836 456 in
1859 424 1930 456 uni-

1959 305 2066 326 omicettos
2079 311 2129 328 aere

1959 331 2014 353 lieno
2025 335 2131 358 gravatos.

1190 483 1281 506 verso
1298 473 1384 507 Statu
1401 474 1619 508 Ecclesiastico
1639 475 1850 516 existentium,
1867 486 1932 510 cre-
1972 511 1974 513 a

1191 526 1357 567 ditoribus,
1374 537 1434 571 pro
1454 527 1539 560 facili
1563 532 1593 560 et
1617 528 1761 572 expedita
1784 528 1932 573 pecunia-

1191 590 1263 612 rum
1289 580 1334 613 eis
1358 580 1535 613 debitarum
1551 582 1809 625 consequutione,
1827 581 1932 626 aliqua

1193 635 1374 678 opportuna
1391 634 1513 667 ratione
1528 635 1735 679 consuleret),
1752 645 1811 680 per
1827 645 1934 680 quam-

1192 687 1264 720 dam
1289 697 1377 719 suam
1395 687 1652 720 constitutionem
1672 693 1761 722 motu
1779 689 1847 722 eius
1862 699 1934 733 pro-

1193 740 1262 784 prio
1281 741 1338 773 sub
1355 740 1461 773 datum
1479 741 1624 774 videlicet
1640 751 1684 775 vn
1701 742 1849 775 kalendas
1865 742 1933 776 iulii

1193 794 1394 838 pontificatus
1419 794 1466 827 sui
1487 804 1568 827 anno
1585 805 1604 827 v
1622 795 1736 828 editam
1746 794 1766 836 ¹,
1786 796 1934 829 omnibus

1194 853 1223 880 et
1248 839 1501 891 'quibuscumque
1525 847 1729 888 investituris,
1751 849 1931 882 concessio-

1193 900 1295 941 nibus,
1320 900 1844 943 donationibus,fideicommissis,
1868 901 1934 946 pri-

1193 953 1413 997 mogenituris,
1427 958 1457 986 et
1473 953 1632 987 alienandi
1655 953 1933 997 prohibitionibus,

1193 1017 1316 1040 necnon
1334 1006 1434 1050 pactis
1451 1006 1490 1040 de
1506 1006 1714 1048 succedendo,
1732 1011 1795 1041 tam
1814 1007 1847 1041 in
1863 1019 1935 1042 con-

1193 1060 1346 1093 tractibus
1361 1070 1455 1104 quam
1472 1059 1504 1092 in
1520 1059 1640 1094 ultimis
1653 1060 1865 1094 voluntatibus
1881 1072 1936 1105 pu-

1193 1114 1323 1147 rificatis
1343 1119 1373 1147 et
1392 1113 1607 1158 purificandis,
1628 1125 1724 1158 super
1747 1114 1935 1156 civitatibus,

1195 1168 1296 1210 terris,
1323 1168 1443 1208 castris,
1468 1168 1641 1209 casalibus,
1665 1168 1789 1212 palatiis
1813 1174 1844 1202 et
1866 1169 1935 1202 aliis

1194 1221 1286 1254 bonis
1298 1221 1514 1254 immobilibus
1525 1231 1582 1265 per
1599 1225 1816 1266 quoscumque
1828 1232 1936 1256 ascen-

1195 1274 1314 1315 dentes,
1339 1284 1394 1306 seu
1417 1274 1624 1315 collaterales,
1641 1285 1677 1308 ae
1693 1275 1820 1319 penitus
1837 1278 1936 1310 extra·

1195 1338 1281 1369 neos,
1299 1332 1329 1360 et
1348 1328 1455 1360 forsan
1479 1328 1566 1372 ipsos
1590 1329 1750 1363 Romanos
1769 1329 1937 1363 Pontifices

1196 1381 1455 1425 praedecessores
1475 1392 1558 1422 suos,
1579 1382 1672 1415 etiam
1694 1387 1782 1416 motu
1799 1382 1894 1415 simili
1908 1388 1938 1416 et

1196 1435 1458 1469 consistorialiter
1481 1436 1645 1477 emanatis,
1665 1441 1696 1469 et
1719 1436 1778 1470 sub
1800 1436 1934 1480 quibus-

1195 1499 1331 1532 cumque
1367 1488 1515 1521 clausulis
1529 1515 1536 1529 ,
1577 1489 1710 1522 uinculis
1745 1493 1776 1522 et
1807 1489 1938 1523 cautelis

1196 1542 1434 1586 quomodolibet
1457 1542 1546 1576 sactis
1571 1548 1601 1576 et
1625 1543 1840 1583 confirmatis,
1863 1554 1940 1587 quo-

1195 1607 1267 1628 rum
1293 1596 1434 1629 omnium
1461 1601 1491 1628 et
1515 1596 1716 1639 singulorum
1740 1601 1866 1629 tenores
1879 1607 1938 1640 pro

1196 1649 1354 1693 expressis
1386 1649 1497 1683 baberi
1525 1650 1626 1682 voluit
1649 1650 1702 1693 (ad
1726 1649 1873 1683 effectum
1903 1654 1939 1682 ut

1196 1702 1353 1743 civitates,
1380 1708 1499 1743 terrae,
1525 1706 1642 1742 castra,
1667 1701 1798 1743 casalia,
1823 1701 1938 1745 palatia

1195 1761 1225 1789 et
1249 1755 1308 1787 alia
1331 1755 1415 1787 bona
1440 1754 1630 1794 huiusmodi,
1654 1755 1791 1798 praeviis
1814 1765 1937 1798 eorum,

1196 1819 1255 1852 pro
1279 1807 1505 1841 satisfaciendis
1530 1818 1567 1841 ex
1591 1808 1720 1841 illorum
1745 1808 1850 1852 pretio
1874 1819 1939 1843 cre-

1197 1861 1351 1895 ditoribus
1374 1861 1554 1905 praedictis,
1580 1861 1637 1894 sub
1665 1861 1759 1894 certis
1782 1862 1878 1896 modo
1909 1867 1940 1896 et

1197 1915 1299 1948 forma
1331 1920 1405 1947 tunc
1436 1914 1616 1958 expressis,
1641 1915 1878 1948 subhastatione
1908 1921 1940 1949 et

1198 1968 1436 2009 deliberatione,
1461 1978 1587 2011 semper
1611 1973 1642 2001 et
1665 1973 1819 2012 perpetuo
1842 1979 1939 2012 penes

1199 2022 1326 2055 illorum
1359 2027 1517 2065 emptores
1542 2027 1573 2054 ct
1596 2032 1706 2054 eorum
1738 2033 1939 2056 successores

1199 2076 1297 2108 libera
1315 2080 1345 2108 et.
1362 2080 1505 2118 exempta
1524 2074 1771 2119 remanercntff),
1788 2086 1824 2108 ac
1844 2076 1939 2109 ctiam

1200 2130 1326 2171 regulae
1341 2129 1378 2161 de
1392 2139 1456 2162 non
1472 2128 1612 2162 tollendo
1636 2129 1705 2161 iure
1722 2128 1864 2173 quaesito
1877 2131 1940 2174 ple-

1198 2183 1325 2215 nissime
1345 2188 1372 2215 et
1392 2182 1541 2215 latissime
1566 2182 1737 2226 apostolic-a
1755 2183 1940 2218 auctoritate

1199 2236 1396 2279 derogavit33
1421 2241 1451 2268 et
1475 2236 1663 2277 successive,
1689 2242 1825 2270 mentem
1850 2248 1940 2270 suam

1199 2290 1334 2333 amplius
1359 2290 1558 2330 declarando,
1584 2291 1823 2334 congregationi
1847 2291 1940 2324 desu-

1198 2355 1254 2388 per
1272 2344 1440 2384 institutae,
1458 2354 1581 2376 necnon
1598 2344 1726 2377 cuilibet
1743 2355 1778 2377 cx
1793 2345 1939 2388 personis

1198 2397 1297 2441 ipsius
1332 2397 1589 2440 congregationis
1620 2403 1707 2431 certo
1739 2397 1831 2431 etiarn
1866 2402 1941 2431 tunc

1235 2487 1245 2513 t
1265 2486 1348 2517 Quam
1365 2485 1424 2513 ride
1441 2485 1486 2513 cit.
1501 2485 1529 2512 in
1546 2487 1607 2513 nota
1622 2485 1655 2513 ad
1670 2486 1807 2514 rubi-icam
1822 2486 1861 2520 (R.
1876 2486 1926 2520 ⁹12).

1233 2530 1249 2557 2
1265 2530 1329 2558 vide
1348 2531 1361 2566 ἓ
1384 2533 1414 2557 12
1435 2531 1480 2558 eit.
1501 2530 1647 2558 Clementis
1662 2531 1722 2558 vlit
1742 2529 1941 2559 constitutionis

1210 2581 1233 2601 a.
1250 2582 1274 2601 Τ.
1293 2597 1297 2601 .

1197 2576 1207 2609 <
1233 2620 1250 2646 3
1266 2576 1331 2647 liide
1347 2620 1359 2654 ἓ
1378 2619 1410 2647 10
1425 2619 1546 2647 eiusdem
1561 2619 1758 2647 constitutionis
1770 2619 1810 2654 (R.
1827 2620 1875 2654 Τ.).
