2248 3229
207 274 258 301 An.
274 273 304 302 C,
322 272 389 302 1634-

236 1620 290 1643 Nihil
306 1621 388 1647 privato

203 1649 287 1669 nomine
308 1649 388 1670 habeu-

205 1675 261 1697 dum.

434 263 498 299 364

405 323 465 356 nisi
490 321 598 356 eodem
616 320 755 365 praelato
775 319 901 353 iubente
918 325 948 353 et
964 320 1141 361 mandante,

405 377 516 419 exequi
532 375 662 419 possint.
676 374 830 407 Pecuniae
845 378 949 408 autem
966 385 984 406 a
1000 375 1142 419 capserio

405 430 443 463 ad
467 429 497 461 id
523 439 637 462 munus
661 429 838 472 specialiter
862 428 1009 473 deputato
1038 435 1142 463 custo-

404 483 528 515 diantur
549 482 580 514 in
606 484 699 526 capsa
720 482 852 523 triclavi,
871 493 950 526 quae
964 482 995 515 in
1012 482 1143 525 singulis

404 536 602 568 monasteriis
626 536 777 570 habeatur
794 536 825 568 in
843 536 988 570 cubiculo
1001 537 1141 580 praelati,

404 599 575 632 earumque
587 589 720 622 clavium
731 600 825 622 unam
838 590 971 623 retineat
984 590 1142 634 praelatus

403 643 596 683 monasterii,
621 644 714 676 aliam
739 644 908 687 capserius,
934 644 1058 678 tertiam
1084 645 1144 678 cel-

403 696 545 738 lerarius,
570 707 627 740 per
647 708 740 741 quem
762 698 972 739 cellerarium,
990 708 1046 731 seu
1065 698 1142 731 alios

402 750 563 784 ministros
581 751 618 783 ad
635 762 713 794 quos
731 756 886 795 spectaret
903 756 936 784 ut
957 763 1062 796 supra,
1080 758 1142 785 tam

403 803 638 848 eleemosynae,
664 815 758 848 quam
784 806 988 846 munuscula,
1015 806 1039 838 si
1065 805 1141 849 qua¹

403 857 470 890 dari
495 858 628 899 licuerit,
653 859 776 899 dentur,
799 859 837 892 dc
864 860 1077 903 praelatorum
1102 865 1144 892 ta-

402 922 475 945 men
485 912 632 946 mandato
645 918 698 946 aut
709 913 844 956 licentia7
859 924 894 946 ac
909 916 1030 946 servata
1040 914 1142 947 forma

403 966 633 1000 constitutionis
657 967 824 1000 Clementis
843 967 906 1000 VIII
921 967 958 1000 de
976 968 1142 1011 largitione

403 1030 591 1063 munerum,
618 1031 806 1065 semperque
830 1021 896 1062 rei,
923 1032 1002 1064 quae
1029 1021 1121 1054 datur
1136 1050 1143 1063 ,

403 1074 545 1117 qualitas,
559 1074 723 1118 quantitas,
738 1079 775 1116 et⁷
794 1075 818 1107 si
835 1075 904 1107 lieri
922 1075 1030 1118 possit,
1049 1075 1142 1108 etiam

403 1128 531 1160 nomina
564 1138 674 1161 corum
706 1128 819 1171 quibus
851 1128 985 1168 dantur,
1011 1133 1063 1161 aut
1087 1139 1143 1172 per

403 1192 483 1224 quos
507 1182 771 1222 transmittuntur,
796 1182 827 1214 in
850 1181 932 1215 libro
957 1182 1020 1214 dati
1041 1187 1071 1215 et
1092 1193 1143 1215 ac-

404 1235 485 1278 cepti
509 1235 644 1268 fideliter
661 1236 889 1268 describantur.
910 1235 997 1274 Quod
1016 1236 1041 1268 si
1058 1246 1145 1279 prae-

404 1289 456 1320 lati
481 1288 641 1332 praedicta
672 1294 725 1321 aut
756 1288 860 1332 aliqua
890 1299 1001 1322 eorum
1031 1299 1087 1333 per
1112 1300 1144 1322 se

405 1342 509 1385 ipsos,
536 1347 566 1375 et
588 1352 652 1375 non
676 1342 823 1375 adhibitis
848 1343 1016 1383 ministris,
1041 1343 1144 1376 facere

404 1395 471 1428 ausi
495 1396 620 1437 suerint,
638 1402 711 1430 tunc
725 1396 756 1429 in
771 1407 834 1437 cos,
848 1402 1007 1441 tamquam
1027 1396 1145 1430 fraudis

404 1454 435 1481 ct
458 1460 570 1493 parum
585 1450 725 1483 sincerae
742 1450 1022 1484 administrationis
1036 1461 1144 1494 suspe-

404 1506 484 1544 ctos,
509 1508 571 1536 tam
597 1504 769 1548 capitulum
795 1515 889 1548 quam
914 1504 1091 1538 visitatores
1116 1507 1145 1537 et

403 1557 547 1600 regimen
570 1557 751 1601 procedant.

448 1611 524 1644 XIII.
550 1611 581 1645 Si
611 1611 680 1655 quis
711 1612 872 1655 praelatus
901 1616 954 1645 ant
978 1611 1145 1654 religiosus

403 1664 525 1709 privato
549 1665 677 1698 nornine
699 1675 805 1709 equos,
831 1665 980 1706 iumenta,
998 1665 1144 1709 pecudes,

403 1719 570 1760 flumenta,
587 1719 688 1759 blada,
705 1719 874 1762 legumina,
891 1724 944 1752 aut
960 1719 1037 1752 alios
1054 1729 1146 1763 quos-

404 1783 537 1816 cumque
562 1773 682 1806 sructus
698 1783 734 1805 ex
753 1774 837 1805 terra
853 1773 1083 1816 provenientes,
1102 1777 1145 1805 te-

403 1835 489 1866 nere,
505 1825 678 1869 possidere,
696 1830 748 1857 aut
767 1836 784 1857 a
805 1826 1003 1858 monasteriis
1028 1835 1144 1865 emere,

404 1879 452 1911 vel
477 1879 508 1911 in
533 1879 721 1912 solutionem
747 1879 889 1922 accipere
913 1890 1006 1912 ausus
1031 1879 1144 1919 suerit,

405 1933 440 1973 is,
454 1938 579 1976 praeter
596 1933 796 1965 amissionem
814 1944 889 1966 usus
907 1943 1016 1965 earum
1034 1943 1142 1966 rerum

405 1987 547 2020 omnium
573 1991 603 2020 et
627 1987 833 2029 singularum,
858 1988 883 2020 si
908 1988 1065 2031 praelatus
1091 1987 1144 2027 sit,

404 2051 538 2085 poenam
564 2046 673 2074 contra
698 2046 878 2074 exercentes
912 2046 1144 2081 mercaturam,

406 2093 560 2138 capxxv²
571 2095 827 2128 constitutionum
840 2100 984 2133 taxatam,
995 2095 1144 2133 incurrat,

405 2148 561 2187 monachi,
576 2148 627 2191 qui
642 2153 870 2191 trasgressores
886 2148 1001 2192 reperti
1019 2148 1144 2189 suerint⁷

404 2210 525 2246 poenae
549 2201 751 2234 inhabilitatis
782 2202 819 2234 ad
852 2202 954 2235 officia
987 2201 1092 2234 onmia
1117 2205 1146 2235 et

406 2256 572 2299 dignitates
587 2255 1075 2299 subiaceani;com-e1·sidenique
1089 2265 1146 2298 per

406 2318 522 2342 annum
547 2309 666 2343 carceri
691 2310 920 2353 mancipentur,
941 2316 971 2342 et
996 2308 1144 2352 deinceps

406 2363 444 2396 ab
462 2364 548 2397 omni
562 2364 728 2408 temporali
742 2364 1010 2397 administratione
1023 2372 1147 2395 arcean-

408 2422 467 2450 tur.
481 2417 527 2450 Ad
544 2417 690 2450 effectum
707 2428 781 2450 vero
798 2417 951 2461 probandi
966 2417 1144 2461 quempiam

407 2471 528 2514 privato
553 2472 680 2505 nomine
705 2472 809 2514 aliqua
838 2471 1073 2515 praedictorum
1096 2477 1143 2503 te«-

407 2524 512 2557 nuisse
536 2530 589 2558 aut
612 2525 805 2569 possedisse,
832 2524 965 2558 sufficiat
988 2525 1146 2568 probare,

409 2578 492 2621 quod
523 2590 540 2611 a
571 2579 621 2612 die
646 2580 836 2624 emptionis,
869 2578 1066 2623 adeptionis,
1096 2582 1149 2611 aut

446 2653 457 2677 1
476 2650 546 2678 Edit.
563 2651 641 2679 Main.
660 2651 740 2679 habet
756 2660 829 2687 quae
844 2651 945 2688 (n.·1·.).

444 2696 462 2723 2
476 2696 507 2723 In
523 2696 573 2724 loc.
591 2697 687 2732 parali.
704 2700 745 2724 est.
759 2703 823 2724 xxttt
837 2698 873 2731 (R.
891 2697 940 2732 T.).

962 270 1143 297 BULLARIUM
1166 270 1320 297 ROMANUM

1927 270 1980 301 An.
1997 271 2025 301 Π.
2041 266 2110 302 163⁴

1178 326 1286 365 captae
1311 319 1536 364 possessionis,
1560 329 1615 353 seu
1639 319 1835 355 intentionis¹
1861 331 1913 354 eo-

1177 386 1263 416 rum,
1281 375 1313 408 in
1331 374 1421 408 libris
1440 373 1574 418 publicis
1598 375 1779 408 monasterii
1798 376 1913 420 scripta

1177 438 1240 461 non
1264 428 1387 461 fuerint.

1220 483 1294 515 XIV.
1329 483 1362 515 In
1393 482 1585 516 visitatorem
1619 482 1775 516 minorem
1799 482 1913 516 assumi

1176 546 1239 570 non
1263 537 1383 580 possit,
1415 536 1467 580 qui
1499 536 1698 580 trigesimum
1723 536 1831 569 aetatis
1854 546 1911 569 an-

1176 602 1250 623 num
1271 601 1334 624 non
1359 591 1538 635 expleverit,
1559 591 1634 624 alias
1655 590 1765 624 electio
1779 590 1864 624 nulla
1876 590 1915 623 sit

1177 645 1245 688 ipso
1271 644 1348 677 iure.

1220 698 1280 731 XV.
1305 698 1349 731 Ex
1373 698 1525 742 patribus,
1546 698 1600 742 qui
1626 698 1804 731 immediate
1820 698 1852 730 in
1869 708 1915 731 re-

1176 751 1293 794 gimine
1318 751 1513 793 resederunt,
1537 762 1600 785 non
1628 752 1749 796 possint
1771 757 1915 796 tempore

1177 805 1303 849 capituli
1324 806 1441 839 assumi
1456 806 1487 838 in
1500 805 1690 847 definitores,
1704 806 1763 839 nisi
1780 806 1818 838 ad
1835 816 1916 839 sum-

1177 871 1263 892 mum
1288 860 1350 893 duo
1371 860 1491 892 tantum
1509 870 1567 903 pro
1587 859 1718 902 singulis
1737 859 1915 903 provinciis.

1176 914 1264 953 Quod
1289 914 1313 946 si
1339 919 1450 957 agatur
1474 914 1591 946 directe
1623 913 1672 946 vel
1703 913 1855 946 indirecte
1879 913 1918 946 de

1176 967 1311 1010 negotiis
1329 967 1367 1000 ad
1387 978 1557 1011 personam
1574 967 1621 1000 vel
1642 966 1785 1010 regimen
1799 977 1855 1000 seu
1868 966 1918 999 ad-

1177 1021 1439 1054 ministrationem
1471 1021 1602 1054 alicuius
1634 1032 1671 1054 ex
1699 1020 1918 1053 definitoribus

1178 1074 1419 1118 pertinentibus,
1433 1079 1508 1108 tunc
1521 1074 1598 1118 ipse,
1616 1074 1653 1107 de
1666 1074 1755 1107 cuius
1773 1072 1918 1116 negotiis,

1178 1135 1211 1162 ut
1235 1141 1340 1173 supra,
1365 1130 1478 1173 agitur,
1504 1130 1617 1163 debeat
1640 1129 1769 1163 omnino
1795 1128 1880 1163 exire
1901 1138 1918 1160 a

1177 1184 1367 1217 definitorio.

1221 1237 1295 1269 XVI.
1320 1238 1354 1269 In
1378 1236 1556 1270 definitorio
1581 1236 1695 1270 habeat
1718 1236 1846 1270 omnino
1870 1236 1917 1268 lo-

1178 1300 1250 1322 cum
1273 1300 1354 1323 unus
1379 1291 1487 1324 saltem
1500 1301 1537 1323 ex
1554 1290 1697 1324 discretis
1713 1300 1773 1334 pro
1786 1289 1917 1332 singulis

1178 1343 1358 1386 provinciis.

1222 1397 1311 1430 XVII.
1330 1396 1435 1430 Patres
1449 1397 1613 1440 regiminis
1628 1396 1771 1430 eamdem
1784 1396 1919 1430 habeant

1179 1450 1210 1482 in
1235 1450 1389 1493 regimine
1413 1451 1612 1485 durationem
1641 1456 1671 1484 et
1701 1449 1894 1484 vacationem
1910 1477 1918 1491 ‚

1179 1514 1273 1548 quam
1299 1504 1415 1538 habent
1438 1505 1571 1549 praelati
1591 1505 1622 1538 in
1639 1504 1795 1548 gubernio
1815 1514 1920 1537 mona-

1179 1557 1360 1599 steriorum,
1384 1558 1443 1592 nisi
1469 1559 1549 1592 sorte
1573 1558 1780 1592 assumendus
1802 1558 1841 1592 sit
1864 1557 1920 1590 ali-

1179 1612 1248 1656 quis
1274 1623 1311 1645 ex
1331 1612 1422 1645 dictis
1445 1612 1588 1656 patribus
1612 1613 1644 1645 in
1667 1611 1855 1656 praesidem.

1223 1665 1325 1698 XVIII.
1347 1665 1451 1698 Liceat
1473 1665 1618 1709 praesidi,
1636 1670 1707 1708 post
1731 1664 1853 1697 finitum
1873 1664 1918 1697 os-

1179 1718 1296 1761 ficium⁷
1322 1718 1438 1761 eligere
1458 1718 1516 1751 sibi
1534 1718 1618 1762 quod
1636 1717 1781 1750 maluerit
1800 1728 1837 1750 ex
1854 1727 1920 1750 rno-

1178 1771 1321 1805 nasteriis
1350 1782 1423 1804 suae
1450 1771 1631 1815 provinciae
1655 1769 1919 1814 gubernandum,

1179 1825 1325 1868 exceptis,
1344 1835 1402 1868 pro
1427 1825 1590 1868 provincia
1611 1823 1828 1864 Lomhardiae,
1850 1834 1918 1856 mo-

1179 1878 1323 1912 nasteriis
1355 1878 1552 1911 Claraevallis
1584 1876 1766 1917 Mediolani,
1790 1877 1819 1910 S.
1844 1877 1920 1909 Am-

1180 1933 1278 1966 brosii
1296 1932 1424 1966 maioris
1448 1932 1631 1973 Mediolani,
1656 1931 1684 1964 S.
1710 1930 1832 1964 Martini
1850 1930 1919 1962 Par-

1180 1986 1318 2026 mensis,
1343 1991 1373 2019 et
1403 1986 1431 2019 S.
1457 1985 1564 2019 Crucis
1592 1985 1624 2017 in
1655 1984 1851 2017 Hierusalem
1881 1983 1918 2015 de

1180 2039 1273 2079 Urbe,
1288 2042 1326 2079 et,
1345 2049 1404 2083 pro
1421 2038 1587 2083 provincia
1605 2037 1743 2078 Tusciae,
1761 2042 1919 2070 monaste-

1180 2092 1234 2125 riis
1259 2092 1399 2136 Septimi,
1426 2092 1541 2126 Cistelli
1562 2091 1744 2133 Florentini‚
1763 2095 1793 2124 et
1811 2089 1919 2123 Trium

1180 2146 1325 2179 Fontium
1343 2146 1380 2179 de
1398 2146 1491 2186 Urbe,
1508 2145 1546 2178 ad
1564 2156 1700 2189 quorum
1718 2143 1920 2178 monasterio-

1180 2211 1250 2233 rum
1275 2200 1556 2243 gubernationem,
1582 2200 1662 2233 sicut
1691 2203 1720 2233 ct
1749 2199 1781 2231 in
1805 2208 1919 2242 procu-

1180 2260 1318 2287 ratorem
1340 2254 1520 2298 provinciae
1546 2254 1577 2286 in
1597 2253 1690 2287 Curia
1711 2253 1862 2292 Romana,
1884 2252 1918 2290 is,

1180 2308 1232 2351 qui
1261 2307 1510 2351 praesidentatus
1539 2317 1671 2340 munere
1697 2305 1841 2350 proxime
1869 2304 1920 2336 de-

1180 2362 1303 2393 functus
1328 2365 1383 2401 est,
1408 2361 1495 2393 nullo
1515 2365 1606 2403 pacto
1624 2358 1696 2402 eligi
1722 2359 1830 2391 valeat.

1224 2415 1300 2447 XIX.
1318 2414 1428 2447 Nullus
1441 2413 1589 2447 abbatum
1604 2412 1676 2455 eligi
1690 2411 1788 2456 possit
1801 2410 1839 2443 ad
1852 2410 1920 2443 loca
1934 2415 2057 2463 menffiffis
2071 2418 2119 2468 {iffi

1182 2467 1356 2510 regiminis,
1376 2467 1435 2500 nisi
1449 2467 1557 2500 saltem
1572 2477 1628 2510 per
1645 2465 1814 2499 triennium
1826 2464 1920 2498 fuerit
1934 2470 2013 2491 moveri
2028 2470 2102 2496 possu-

1181 2521 1286 2554 abbas.

1226 2576 1287 2608 XX.
1313 2575 1500 2619 Superiores
1518 2585 1635 2616 omnes,
1654 2573 1839 2619 praesertim
1857 2581 1921 2606 nio-

1183 2629 1393 2663 nasteriorum
1430 2629 1462 2662 in
1497 2628 1610 2672 quibus
1644 2627 1728 2670 viget
1765 2625 1921 2669 regularis

1969 495 2018 519 Quis
2035 495 2113 521 eligen-

1929 522 1967 543 dus
1984 522 2086 543 visitator.

1945 735 1948 738 ⁴
1961 708 2048 731 Ouinam
2063 707 2113 729 defi-

1930 737 2015 756 nitores.

1950 1240 2102 1265 tit-tintinnum.

1955 1431 1959 1434 .
1975 1403 2048 1434 Patres
2063 1403 2116 1429 regi-

1933 1437 2000 1452 mults.

1968 1670 2057 1690 Praeses
2072 1669 2118 1691 sun-

1934 1699 1979 1718 ctus
1995 1697 2070 1717 oflicio.

1981 2572 2077 2596 noriano
2092 2574 2119 2596 ad

1935 2603 2062 2630 superium.

1221 2694 1231 2720 1
1250 2693 1345 2730 Aptius
1359 2693 1386 2720 in
1401 2693 1453 2722 loe.
1470 2693 1564 2729 parali,
1581 2695 1622 2720 est
1638 2692 1775 2721 [emtionis
1791 2692 1827 2728 (n.
1841 2693 1889 2726 τ.).
