2248 3229
219 233 269 262 An,
290 233 320 261 c.
339 233 405 262 1637
451 225 514 260 606

413 283 509 325 sactis,
534 283 704 322 declarare,
724 290 876 325 quaenam
903 291 1012 313 carum
1038 281 1069 313 in
1095 282 1150 314 Ec-

413 337 524 369 clesiae
544 335 702 374 daumum,
728 339 874 367 contrave
896 334 1061 367 canonicas
1084 344 1150 366 san-

414 389 530 423 ctiones
555 388 614 420 sint
637 387 732 427 sacta,
756 391 923 430 propterea
955 387 1150 431 praetermit-

414 439 556 473 tendum¹
575 451 636 473 non
650 440 847 481 existimavit,
862 441 936 484 quin
954 440 991 473 ad
1010 439 1149 473 eiusdem

414 495 529 528 decreti
555 495 795 539 praescriptum,
813 499 842 528 et
867 506 901 528 ex
927 495 1070 527 facultate
1091 494 1149 527 sibi

413 560 448 582 ex
482 548 593 582 eodem
617 548 743 582 decreto
773 550 920 582 concessa
936 576 943 589 ,
968 548 1148 582 huiusmodi

413 612 525 634 munus
557 601 625 634 aliis
657 601 884 644 subdelegaret.
912 602 1041 646 Itaque,
1066 601 1150 645 quod

412 654 519 687 attinet
541 655 579 687 ad
602 655 684 688 bona
708 665 787 698 quae
809 660 879 687 sunt
905 655 935 687 in
960 665 1149 698 unoquoque

412 707 618 752 episcopatu,
650 709 773 741 vicariis
807 708 1006 751 generalibus
1039 709 1070 740 in
1095 710 1150 741 sua

413 762 524 805 cuique
556 762 690 795 dioecesi
716 762 890 806 praesentis
914 762 1104 805 provinciae,
1122 766 1151 795 et

411 815 546 858 primam
572 815 602 847 in
627 815 737 848 eadem
763 815 934 848 cathedrali
959 815 1090 848 ecclesia
1108 815 1151 847 di-

411 868 560 910 gnitatern
594 868 745 902 obtinenti
777 868 909 911 cuique,
934 878 1056 901 necnon
1091 868 1150 901 col-

412 921 542 964 legiatae
566 922 716 955 secularis
751 921 900 955 ecclesiae
932 921 1150 965 antiquissimo

412 976 440 1007 in
456 976 533 1009 urbe
551 976 618 1020 ipsa
632 976 840 1009 commoranti
858 976 1046 1019 praeposito,
1065 975 1149 1009 omni

412 1029 534 1062 meliori
564 1029 676 1070 modo,
701 1029 883 1072 subdelegat
908 1034 937 1062 ct
963 1029 1149 1067 committit,

411 1082 487 1115 adeo
505 1088 538 1115 ut
551 1083 613 1116 duo
630 1093 665 1115 ex
687 1083 762 1126 ipsis
779 1082 885 1116 onmia
906 1083 1023 1126 possint
1040 1082 1150 1126 exequi

412 1141 440 1167 et
465 1135 631 1177 conficere,
655 1136 747 1170 tertio
772 1146 834 1168 non
861 1136 1015 1175 adhibito,
1042 1136 1082 1169 ita
1108 1140 1151 1167 ta-

412 1199 492 1231 men,
511 1189 535 1221 si
557 1189 698 1222 neutrius
723 1189 849 1221 illorum
876 1189 905 1220 id
932 1189 1068 1228 intersit,
1094 1199 1150 1221 nec

412 1242 493 1274 enim
518 1241 610 1275 debet
635 1242 774 1286 episcopi
801 1242 935 1274 vicarius
960 1241 997 1274 de
1022 1241 1150 1275 locatIo-

411 1296 502 1328 nibus
526 1296 564 1328 ab
589 1296 760 1340 episcopali
786 1297 894 1328 mensa
920 1296 1016 1336 sactis,
1037 1307 1093 1328 nec
1114 1295 1150 1328 de

411 1350 537 1393 capituli
562 1350 716 1383 locatione
735 1350 870 1392 dignitas
888 1349 1077 1393 capitularis,
1094 1359 1152 1382 ncc

412 1403 646 1446 antiquissimus
678 1403 879 1447 praepositus
910 1403 947 1435 de
980 1403 1068 1435 sactis
1104 1403 1151 1435 vel

412 1467 427 1488 a
453 1466 485 1489 se
505 1457 552 1489 vel
577 1456 615 1489 ab
639 1461 835 1490 antecessore
865 1467 921 1489 suo
945 1455 1152 1489 locationibus

413 1520 614 1552 cognoscere.
632 1509 719 1549 Quod
738 1509 762 1542 si
787 1520 850 1553 qua
875 1510 954 1542 sorte
972 1513 1052 1543 esset
1072 1509 1152 1542 iusta

413 1564 601 1607 suspicionis
626 1565 718 1596 causa
743 1564 787 1606 (ut
815 1569 900 1607 puta,
925 1563 949 1596 si
974 1573 1067 1606 quem
1086 1563 1152 1595 illo-

413 1626 494 1656 rum,
519 1627 596 1660 quos
613 1617 771 1658 diximus,
797 1616 827 1648 in
852 1616 1006 1649 eiusmodi
1038 1615 1152 1648 aliena-

413 1669 506 1709 tione,
523 1669 716 1702 locationeve
733 1669 925 1713 praefectum
940 1674 993 1701 aut
1016 1668 1151 1700 iudicem

414 1721 506 1754 fuisse
521 1722 725 1765 contigisset),
740 1728 812 1755 tunc
825 1721 862 1754 ad
883 1727 949 1754 acta
966 1732 1022 1764 per
1039 1731 1091 1753 cos
1106 1731 1152 1753 re-

413 1774 580 1807 scindenda
604 1780 633 1807 et
658 1775 745 1808 irrita
770 1775 927 1807 reddenda
952 1775 1043 1807 detur
1072 1774 1152 1806 actio

413 1837 470 1870 per
483 1827 608 1860 eosdem
625 1828 663 1860 de
677 1828 808 1861 consilio
822 1827 1035 1860 iurisconsulti
1054 1827 1150 1871 parti-

414 1880 472 1913 bus
487 1891 550 1914 non
568 1881 719 1925 suspecti,
737 1881 830 1925 idque
856 1881 1033 1924 sumptibus
1054 1880 1151 1923 suspi-

414 1933 535 1967 cionem
554 1935 770 1978 proponentis.
796 1934 917 1967 Mandat,
939 1939 1042 1966 autem
1066 1943 1152 1976 prae-

415 1996 483 2020 sens
495 1988 686 2030 provinciale
703 1988 871 2021 concilium
886 1987 1040 2031 episcopis
1056 1986 1152 2019 omni-

414 2040 523 2081 bus,ut
532 2040 712 2073 huiusmodi
722 2041 891 2073 locationes
899 2039 1152 2084 pervestigandas

415 2097 533 2133 curent,
549 2093 778 2137 praedictisque
794 2093 948 2126 iudicibus
966 2093 1087 2126 tradant
1105 2103 1153 2125 co-

415 2147 624 2188 gnoscendas3
638 2152 699 2189 aut,
715 2152 826 2190 agente
843 2146 909 2179 sisci
934 2151 1151 2190 procuratore,

415 2200 451 2232 ad
478 2200 602 2233 illarum
624 2200 665 2243 (si
691 2201 731 2233 ita
755 2200 802 2232 ius
828 2200 903 2239 erit)
940 2200 1151 2242 cognitionem

416 2259 445 2285 et
469 2253 725 2297 disceptationem
751 2254 877 2297 ipsimet
905 2253 1084 2292 deveniant3
1111 2252 1153 2285 id-

415 2317 475 2350 que
508 2307 633 2340 illorum
659 2308 712 2351 qui
737 2307 890 2340 eiusmodi
915 2307 1085 2339 locationes
1109 2306 1152 2338 se-

416 2360 525 2401 rerint,
545 2361 609 2393 sive
629 2360 801 2393 haeredum
820 2359 1015 2403 sumptibus3
1041 2359 1154 2402 quibus

417 2419 519 2445 tamen
536 2412 691 2446 liherum2
708 2413 745 2445 sit
757 2413 812 2453 liti,
830 2413 854 2445 si
872 2412 976 2453 velint,
994 2412 1152 2453 iuteresse⁷

417 2471 620 2510 sumptusque
641 2467 852 2511 suppeditare.
871 2467 900 2499 Si
919 2467 970 2510 qui
992 2465 1104 2498 suerint
1124 2465 1154 2497 in

457 2549 463 2573 t
483 2546 550 2573 Male
565 2546 608 2573 ed.
625 2547 703 2574 Maiu.
720 2547 784 2582 legit
796 2546 1042 2581 praemittendum
1062 2546 1096 2580 (a.
1107 2545 1154 2579 T.).

452 2591 469 2617 2
484 2591 608 2626 Improbe
629 2600 740 2626 prorsus
756 2592 819 2619 edit.
837 2592 914 2619 Main.
933 2592 996 2626 legit
1013 2591 1155 2617 librorum

419 2643 467 2670 pro
484 2635 606 2663 liberum
620 2639 656 2671 (R.
673 2637 719 2671 T.)⁴

996 233 1174 258 BELLARIUM
1198 233 1351 258 nomnen

1185 281 1235 313 tali
1254 292 1287 313 re
1302 280 1506 323 negligentes,
1525 290 1579 313 seu
1597 281 1746 325 episcopi,
1766 290 1822 314 seu
1841 279 1920 313 iudi-

1184 344 1245 373 ces,
1277 344 1332 366 seu
1362 333 1428 366 sisci
1459 337 1691 376 procuratores,
1719 333 1751 365 in
1775 333 1921 377 proximo

1183 386 1366 431 provinciali
1391 386 1524 419 concilio
1550 386 1701 419 rationem
1727 386 1865 420 reddent.
1888 386 1921 418 ln

1184 440 1313 483 reliquis
1345 439 1517 472 Tridentini
1547 439 1676 472 Concilii
1707 438 1833 471 decreta
1856 449 1921 472 ser-

1184 498 1295 525 ventur
1320 492 1466 532 omnino,
1489 491 1733 535 Pontifieiaeque
1757 491 1861 523 Bullae
1884 490 1922 522 de

1184 547 1273 579 bonis
1298 546 1378 578 male
1403 545 1560 587 alienatis,
1586 545 1686 589 deque
1716 544 1845 578 decimis
1869 544 1923 576 de-

1184 600 1257 632 bitis
1282 599 1446 641 solvendis⁷
1464 599 1699 642 Tridentinique
1723 597 1852 631 Concilii
1869 597 1923 630 de-

1185 656 1269 686 creta
1282 663 1347 696 cap.
1358 662 1399 693 xl,
1411 662 1485 685 sess.
1503 662 1578 692 xxn,
1589 657 1618 685 et
1630 662 1695 695 cap.
1710 662 1762 694 xn,
1777 661 1851 684 sess.
1862 660 1923 684 xxv

1185 706 1222 738 de
1240 711 1389 748 suggestu
1402 706 1520 749 populo
1537 705 1717 749 saepissime
1734 705 1922 738 denuncien-

1185 765 1253 799 tur;
1278 765 1312 792 ut
1336 759 1504 803 aliquando
1523 759 1632 792 moniti
1657 759 1856 802 resipiscant,
1876 769 1924 791 se-

1185 824 1244 857 que
1269 825 1286 846 a
1312 814 1454 847 censuris
1480 813 1654 854 vindicent,
1679 819 1741 846 tum
1774 813 1855 846 bona
1886 811 1923 844 ad

1185 867 1349 900 ecclesiam
1375 867 1503 910 eiusque
1535 867 1604 900 loca
1635 867 1804 910 spectantia
1827 866 1921 900 resti-

1186 922 1311 962 tuendo,
1329 927 1393 955 tum
1418 922 1537 955 debitas
1562 932 1688 965 quoque
1713 921 1850 954 decimas
1867 920 1925 953 sol-

1186 975 1294 1008 vendo.
1316 975 1449 1008 Caveant
1474 980 1576 1008 autem
1603 984 1712 1008 omnes
1735 973 1924 1013 beneficiati,

1184 1038 1223 1061 ne
1248 1028 1317 1068 illis,
1335 1028 1388 1072 qui
1414 1028 1461 1061 ius
1486 1027 1601 1061 liabent
1625 1032 1818 1071 patronatus,
1836 1037 1925 1070 prae-

1186 1081 1376 1121 sentationis,
1394 1081 1440 1113 vel
1458 1080 1691 1120 nominationis,
1711 1081 1815 1113 locent
1831 1080 1926 1112 eccle-

1186 1135 1247 1167 siae
1273 1135 1371 1174 bona;
1392 1145 1450 1167 nec
1467 1134 1536 1176 illis,
1554 1134 1606 1177 qui
1634 1133 1743 1166 iisdem
1765 1132 1925 1166 beneficiis

1186 1193 1355 1228 cesserunt,
1377 1198 1552 1231 eorumque
1570 1187 1600 1219 in
1626 1187 1729 1231 primo
1760 1186 1807 1219 vel
1829 1186 1858 1218 in
1879 1196 1925 1218 se-

1186 1241 1287 1273 cundo
1319 1240 1418 1284 gradu
1451 1240 1655 1284 propinquis,
1680 1250 1757 1272 neve
1787 1239 1856 1272 illos
1886 1238 1924 1270 ad

1186 1294 1305 1327 fructus
1331 1294 1377 1325 vel
1402 1294 1569 1337 pensiones
1595 1293 1782 1336 exigendas,
1807 1293 1925 1336 absque

1186 1347 1325 1390 episcopi
1339 1346 1473 1388 licentia,
1492 1352 1714 1390 procuratores
1727 1346 1923 1379 constituant.

1187 1400 1350 1433 Praeterea
1374 1400 1623 1432 animadvertant
1647 1410 1756 1432 omnes
1786 1399 1925 1443 praelati,

1186 1464 1239 1486 seu
1256 1453 1466 1487 ecclesiastica
1486 1453 1590 1497 aliqua
1616 1453 1766 1496 dignitate
1783 1452 1925 1496 praediti,

1185 1517 1234 1547 ne,
1260 1518 1329 1540 cum
1356 1506 1413 1539 sibi
1439 1506 1567 1539 facultas
1592 1506 1630 1539 ab
1651 1506 1831 1549 Apostolica
1848 1504 1925 1538 Sede

1185 1560 1378 1603 permittitur
1401 1559 1583 1592 huiusmodi
1608 1559 1819 1598 alienationes,
1845 1557 1869 1590 si
1896 1558 1925 1589 in

1186 1613 1360 1646 evidentem
1385 1613 1551 1646 utilitatem
1577 1612 1708 1653 cedant,
1735 1610 1925 1654 exequendi,

1185 1667 1380 1709 negligenter
1405 1676 1441 1698 co
1466 1665 1637 1707 fungantur
1662 1674 1811 1704 munere,
1837 1663 1922 1696 vica->

1186 1719 1263 1751 riam
1289 1719 1320 1751 in
1345 1720 1379 1751 ea
1405 1729 1438 1751 re
1464 1718 1640 1751 scribarum
1662 1728 1790 1761 operam
1817 1716 1927 1749 substi-

1186 1777 1323 1805 tuentes:
1343 1783 1451 1804 vcrum
1474 1782 1530 1815 per
1549 1781 1581 1803 se
1597 1771 1655 1814 ipsi
1673 1775 1851 1803 scrutentur
1864 1779 1927 1802 om-

1185 1827 1236 1858 nia
1260 1825 1426 1868 diligenter
1458 1830 1488 1858 et
1512 1825 1689 1868 inquirant,
1714 1824 1745 1856 in
1774 1833 1842 1856 rem
1879 1823 1925 1865 (si

1186 1890 1235 1912 res
1267 1879 1424 1923 postulet)
1453 1883 1649 1922 praesentem
1680 1878 1855 1910 venientes:
1888 1885 1926 1908 ne

1187 1933 1243 1976 ipsi
1269 1943 1395 1976 quoque
1432 1932 1674 1976 dilapidatorum
1701 1931 1738 1963 ad
1763 1930 1926 1964 ecclesiam

1185 1985 1273 2028 piave
1297 1985 1366 2018 loca
1391 1985 1596 2028 spectantium
1622 1984 1777 2017 bonorum
1803 1983 1926 2026 culpam

1186 2039 1366 2071 sustineant.
1383 2039 1540 2072 Bonorum
1560 2037 1842 2070 ecclesiasticorum
1857 2035 1928 2068 alie-

1185 2093 1270 2125 natio
1295 2094 1331 2124 ea
1351 2092 1419 2134 lege
1445 2092 1489 2134 (ut
1515 2091 1619 2130 debet)
1646 2091 1735 2131 sacta,
1753 2099 1792 2122 ne
1817 2089 1925 2130 valeat,

1185 2145 1245 2178 nisi
1281 2145 1455 2189 superioris
1490 2144 1659 2178 auctoritas
1695 2142 1926 2182 intercesserit,

1186 2199 1305 2232 adiecta
1331 2199 1479 2239 clausula,
1504 2203 1539 2231 ut
1564 2197 1715 2240 alloquin
1739 2197 1837 2229 irrita
1857 2205 1926 2228 cen-

1186 2257 1313 2291 seatur,
1342 2252 1483 2294 factaque
1513 2256 1583 2283 ante
1614 2249 1830 2293 interpositam
1861 2249 1923 2280 hu-

1188 2305 1319 2338 iusmodi
1345 2304 1561 2337 auctoritatem
1588 2303 1730 2341 traditio,
1757 2302 1846 2334 irrita
1870 2301 1924 2341 sit,

1187 2359 1245 2390 nisi
1272 2359 1302 2390 in
1327 2358 1513 2390 alienatione
1543 2361 1721 2389 reservetur
1750 2355 1925 2398 beneplaci-

1189 2417 1252 2443 tum
1272 2411 1359 2443 Sedis
1376 2411 1581 2454 Apostolicae,
1600 2415 1629 2442 et
1649 2409 1780 2442 servatis
1804 2418 1925 2441 servan-

1188 2465 1251 2503 dis3
1277 2475 1311 2497 ac
1337 2469 1402 2497 tum
1428 2464 1462 2504 is,
1480 2464 1531 2507 qui
1557 2463 1705 2507 possidet,
1723 2462 1843 2495 amittat
1859 2472 1927 2505 pos-

1188 2519 1374 2551 sessionem:
1395 2517 1447 2560 qui
1468 2528 1542 2550 vero
1567 2517 1657 2549 aliter
1681 2516 1803 2557 alienat,
1821 2525 1856 2548 ex
1881 2525 1926 2547 ca-

1188 2582 1305 2604 nonum
1338 2572 1495 2604 sanctione
1528 2571 1691 2615 puniatur:
1716 2579 1817 2612 neque
1842 2569 1925 2601 enim

1190 2630 1233 2657 est
1258 2625 1473 2660 dubitandum,
1496 2624 1569 2668 quin
1590 2624 1697 2668 poenis
1723 2623 1752 2655 in
1778 2622 1925 2655 ecclesiae

1935 229 1985 258 An.
2007 230 2036 258 C.
2054 229 2121 258 1637
