2248 3229
131 194 181 221 An.
202 193 231 222 C.
249 193 317 221 1635

156 257 228 278 sixtus
240 256 255 276 V
267 261 315 276 cen-

130 288 175 304 sum
206 282 314 308 accipitris

130 311 150 330 in
165 309 238 330 decem
250 310 314 329 nuca-

130 339 161 356 tus
187 336 234 356 auri
258 341 314 356 coin·

129 365 226 384 [nutavit.

167 898 225 922 Quae
246 898 315 918 omnia

131 925 264 945 confirmat-lt
271 924 316 946 Clo-

131 957 190 971 mens
210 951 261 971 VIII.

153 1218 230 1239 Paulus
240 1217 317 1239 Bessus

133 1244 243 1266 Ferret-ius
277 1245 317 1265 1³11-

133 1277 181 1292 scus
197 1272 317 1298 praedictas

133 1299 262 1324 apostolicas
284 1298 317 1318 lit-

132 1327 188 1344 teras
197 1325 317 1346 confirmari

133 1352 183 1377 peut
190 1352 217 1372 ab
225 1352 317 1373 Urbano.

212 2285 325 2306 Confirmat

140 2312 243 2333 Pontifex.

938 193 1079 217 rnuaxrs

374 240 389 284 g
414 240 442 273 4.
468 240 607 284 Cumque
633 240 752 274 ratione
777 240 850 273 dieti
876 241 1087 285 1narelii0na-l

331 300 379 327 tus
397 293 566 328 Masserani
587 294 654 339 ipse
671 294 856 328 Franciscus
874 294 1067 327 philibertus
1086 289 1087 292 ’

330 358 459 381 censum
484 348 577 381 unius
610 348 767 392 accipitris
792 348 917 391 singulo
942 337 1087 393 biennio}

330 412 473 435 camerae
498 402 656 446 praefatae
682 402 802 435 solvere
827 401 936 435 solitus
970 396 1087 442 essct,}

330 455 411 488 idem
437 456 540 491 Sixtus
557 457 578 488 V
604 456 828 500 praedecessor
845 465 973 489 censum
994 454 1070 487 acci-

330 509 420 553 pitris
444 510 625 544 huiusmodi
652 511 682 542 in
707 510 814 542 decem
847 509 976 542 ducatos
1001 503 1087 541 auri³

329 563 430 596 dictae
445 574 588 597 camerae
601 563 739 606 singulis
751 563 839 596 annis
853 563 954 596 eidem
970 573 1070 596 came·
1086 552 1087 591 l

329 628 382 650 rae
407 617 598 661 apostolicae
620 628 676 661 per
701 617 847 650 eumdem
868 616 1088 655 Franciscum(

331 670 538 703 philibertum
552 675 581 703 et
598 681 797 704 successores
811 670 987 714 praedictos
1004 679 1070 713 per·
1087 694 1088 714 i

331 724 496 757 solvendos
522 724 742 765 eommutavit,
769 724 901 767 illosque
926 722 964 755 ab
995 723 1072 756 ulte-

331 777 408 810 riori
440 777 595 811 solutione
625 777 699 811 dieti
731 777 887 820 accipitris
920 780 1071 819 perpetuo

330 831 483 864 liberavit.
1087 832 1088 835 ’

376 884 391 928 ἓ
416 885 445 917 5
471 884 581 917 Omnia
606 894 679 917 vero
705 890 734 917 et
755 883 877 926 singula
898 882 1070 927 praemissa

332 937 430 970 felicis
455 938 549 971 etiam
581 937 807 971 recordationis
838 936 982 970 Clemens
1016 935 1071 967 Pa-

332 1002 372 1036 pa
396 992 461 1025 vul
488 991 632 1024 similiter
655 991 879 1035 praedeeessor
896 994 1002 1022 noster
1020 999 1072 1032 ap-

332 1046 478 1090 probavit
502 1051 531 1078 et
551 1045 759 1085 confirmarit,
777 1047 870 1088 prout
891 1043 921 1075 in
939 1042 1072 1086 siugulis
1088 1057 1090 1075 ι

332 1099 489 1133 dictorum
508 1098 787 1142 praedeeessorum
805 1097 918 1131 litteris
936 1096 1073 1129 contiue-

333 1159 393 1186 tur.

376 1207 391 1251 ἓ
415 1207 444 1241 6.
466 1207 544 1242 Cum
569 1211 684 1247 autem,
709 1207 789 1239 sieut
813 1205 921 1238 eadem
948 1204 1073 1248 exposi-

333 1260 375 1294 tio
400 1260 620 1304 subiungebat,
645 1260 747 1293 dictus
764 1259 878 1293 Paulus
896 1259 1007 1291 Bessus
1025 1267 1075 1290 an-

332 1324 430 1348 nuum
456 1325 585 1348 censum
610 1314 718 1347 decem
744 1313 930 1346 ducatorum
951 1310 1018 1344 auri
1037 1311 1075 1343 de

332 1370 458 1401 camera
482 1374 512 1401 et
537 1367 667 1401 crateris
692 1365 833 1409 argentei
864 1364 1013 1409 ponderis
1039 1375 1074 1396 u-

332 1421 403 1454 nius
428 1421 524 1454 librae
551 1431 695 1454 camerac
719 1418 916 1464 persolverit,
934 1424 964 1450 et
981 1417 1013 1450 in
1032 1418 1076 1449 su-

335 1481 440 1508 turum
456 1475 577 1508 solvere
599 1480 727 1519 paratus
745 1474 794 1514 sit,
815 1478 848 1506 ut
867 1472 1010 1505 firmiora
1025 1472 1075 1504 illa

334 1529 475 1571 existant,
490 1539 570 1573 quae
582 1529 707 1572 saepius
725 1538 741 1560 a
758 1527 837 1561 Sede
854 1527 992 1570 praelata
1007 1535 1077 1559 con-

334 1582 520 1622 firmantur,
546 1582 633 1626 cupit
659 1586 829 1625 propterea
845 1581 946 1613 dictus
964 1581 1076 1613 Paulus

334 1636 446 1670 Bessus
463 1636 627 1669 Ferrerius
644 1635 764 1669 Fliseus
778 1635 925 1679 princeps
946 1634 1078 1677 singulis

334 1690 444 1723 litteris
468 1689 555 1722 Pauli
580 1688 619 1722 III
635 1716 642 1729 ‚
667 1699 702 1722 ae
727 1688 795 1721 Iulii
820 1688 881 1730 III⁷
908 1687 994 1720 Pauli
1019 1687 1076 1727 IV,

334 1743 379 1776 Pii
393 1744 426 1783 V,
444 1742 589 1786 Gregorii
606 1743 672 1776 XIII
694 1747 724 1776 et
748 1742 823 1776 Sixti
840 1743 874 1783 V,
893 1747 923 1774 et
939 1741 1077 1775 Clemen-

335 1796 372 1828 tis
389 1795 473 1828 VIII¹
491 1795 672 1829 huiusmodi
698 1795 988 1839 praedecessorum,
1015 1805 1078 1828 om-

334 1848 489 1893 nibusque
514 1849 582 1882 aliis
606 1854 636 1882 et
660 1849 792 1891 singulis
816 1848 1007 1892 praemissis,
1026 1847 1096 1881 no-i

334 1907 434 1935 strum
449 1907 479 1935 et
491 1902 591 1936 dictae
605 1903 794 1946 apostolicae
807 1902 966 1935 firmitatis
979 1902 1079 1935 robur

334 1955 436 1997 adiici,
451 1956 575 2000 sibique
589 1962 619 1989 et
631 1956 870 1990 successoribus
885 1955 1033 1999 praefatis
1049 1955 1079 1987 in

334 2010 517 2053 praemissis
542 2010 711 2053 provideri.
737 2010 838 2048 Quare
863 2009 953 2042 nobis
978 2009 1079 2041 humi-

335 2063 405 2098 liter
422 2064 595 2108 supplicari
614 2064 685 2097 fecit
704 2064 806 2097 dietus
826 2063 939 2096 Paulus
957 2063 1078 2104 Bessus,

336 2122 489 2160 quatenus
505 2118 565 2151 sibi
582 2118 613 2150 in
630 2117 748 2151 eisdem
767 2117 948 2161 praemissis
969 2127 1080 2160 oppor-

339 2176 411 2203 tune
436 2171 603 2214 providerc
628 2171 666 2204 de
689 2171 881 2214 benignitate
907 2170 1079 2214 apostolica

338 2223 553 2267 dignaremur.

384 2278 399 2321 ξ
419 2279 448 2311 7.
475 2278 536 2311 Nos
557 2277 663 2321 igitur,
681 2279 877 2322 singularum
894 2278 1080 2319 litterarum,

340 2331 597 2365 investiturarum
618 2337 648 2365 et
668 2332 916 2376 praemissorum
938 2331 1079 2364 omnium

340 2389 370 2419 et
393 2386 592 2429 singulorum
617 2386 711 2419 etiam
736 2386 875 2419 veriores
893 2391 922 2419 et
944 2390 1025 2418 totos
1043 2389 1082 2419 te-

340 2450 433 2473 nores
456 2440 673 2484 praesentibus
697 2451 755 2484 pro
775 2440 866 2483 plene
883 2444 913 2472 et
929 2439 1082 2472 sufficien-

341 2500 387 2526 ter
404 2494 560 2538 expressis
578 2494 738 2533 habentes,
753 2494 933 2536 dictumque
953 2493 1081 2526 Paulum

341 2547 470 2581 Bessum
503 2548 690 2591 specialibus
722 2548 880 2580 favoribus
913 2553 938 2579 et
973 2547 1082 2589 gratiis

376 2611 389 2636 ‘l
408 2609 554 2637 Numerum
575 2609 646 2636 VIII
659 2617 706 2639 nos
723 2609 845 2636 addimus
860 2616 899 2643 tn.
918 2610 966 2642 τ.).

1105 192 1159 216 vnl
1184 192 1231 216 rr.
1744 181 1807 213 4137

1102 239 1252 284 prosequi
1280 239 1427 279 volentes,
1443 237 1624 271 huiusmodi
1641 237 1843 282 supplicatio-

1103 294 1194 326 nibus
1220 293 1370 333 inclinati,
1392 292 1530 335 singulas
1547 292 1701 336 praefatas
1723 291 1841 324 litteras

1104 347 1188 380 Pauli
1215 347 1264 387 III,
1290 346 1358 379 Iulii
1384 346 1433 387 III,
1460 346 1545 378 Pauli
1571 345 1616 387 lv,
1635 345 1678 378 Pii
1705 345 1751 386 lv,
1772 345 1844 378 Gre-

1104 401 1183 443 gorii
1209 400 1287 437 XIII,
1307 400 1383 434 sixti
1403 400 1424 432 V
1443 403 1472 434 et
1488 400 1657 433 Clementis
1676 399 1740 432 VIII
1758 409 1844 442 prae-

1103 454 1303 487 decessorum
1323 454 1547 497 praefatorum,
1564 464 1599 487 ac
1616 453 1722 487 omnia
1739 456 1768 486 et
1784 452 1843 485 sin-

1104 507 1177 550 gula
1204 507 1233 539 in
1259 507 1374 540 eisdem
1401 507 1512 540 litteris
1537 511 1692 546 contenta,
1717 511 1747 539 et
1773 505 1842 538 indev

1105 566 1236 604 sequuta
1261 570 1490 604 quaecumque,
1516 560 1600 593 licita
1625 566 1729 593 tamcn
1743 565 1772 592 et
1789 559 1845 591 Ito-

1104 620 1201 654 uesta,
1225 624 1396 657 omnesque
1421 619 1451 646 et
1482 614 1620 656 singulas
1645 613 1845 645 investituras

1104 668 1269 711 praefatas,
1286 668 1537 700 marchionatum
1564 666 1730 700 Masserani
1749 671 1778 698 et
1797 676 1847 698 co-

1106 722 1248 755 mitatum
1266 721 1442 765 Cremeorii
1464 720 1688 754 concernentia
1707 719 1786 756 (sine
1807 725 1847 751 ta-

1107 786 1177 807 men
1201 775 1289 808 Sedis
1314 778 1343 808 et
1368 785 1510 808 camerae
1535 774 1726 818 apostolicae
1755 784 1845 817 prae-

1107 828 1232 866 iudicio,
1259 828 1300 860 ita
1326 828 1409 871 quod
1427 828 1546 860 nullum
1565 837 1682 860 novum
1701 827 1747 859 ius
1765 825 1847 858 dicto

1107 882 1202 915 Paulo
1216 881 1309 914 Besso
1328 882 1349 913 F
1353 881 1472 914 crrerio
1487 881 1588 914 Flisco
1602 880 1753 913 moderno
1767 879 1849 923 prin-

1106 935 1168 978 cipi
1193 935 1361 968 Masserani
1387 939 1415 967 et
1446 934 1551 968 comiti
1576 933 1765 978 Crepacorii,
1791 943 1847 966 ncr

1107 987 1247 1021 eiusdem
1266 987 1425 1032 ‘principis
1457 988 1680 1031 primogenito,
1705 990 1758 1020 aut
1782 986 1849 1019 cui<

1107 1052 1243 1085 eumque
1268 1041 1367 1081 alteri,
1391 1052 1447 1084 per
1472 1046 1653 1084 praesentes
1673 1045 1848 1076 accrescat,

1108 1106 1164 1129 nec
1189 1095 1357 1139 quicquam
1383 1094 1420 1127 de
1446 1094 1567 1126 iuribus
1593 1093 1680 1126 Sedis
1705 1098 1735 1125 et
1751 1102 1850 1125 came-

1108 1160 1160 1182 rae
1186 1148 1367 1182 earumdem
1395 1148 1487 1181 etiam
1513 1153 1622 1180 contra
1642 1146 1762 1179 litteras
1781 1145 1850 1189 piae

1108 1203 1281 1236 memoriae
1309 1202 1351 1235 Pii
1378 1203 1399 1233 Υ
1433 1202 1470 1233 dc
1501 1211 1563 1234 non
1598 1199 1793 1234 infeudandis
1822 1205 1848 1230 et

1108 1256 1280 1290 alienandis
1306 1256 1401 1289 rebus
1424 1255 1572 1288 eeclesiae
1594 1259 1622 1287 ct
1640 1253 1773 1286 aliorum
1795 1253 1851 1285 Ro-

1110 1321 1277 1344 manorum
1311 1308 1497 1342 Pontificum
1534 1318 1569 1341 ac
1605 1308 1699 1340 etiam
1735 1306 1851 1340 nostris

1110 1364 1256 1404 decedat,
1282 1373 1390 1395 verum
1423 1362 1526 1395 omnia
1553 1362 1583 1393 in
1608 1366 1705 1401 statu,
1732 1360 1763 1392 in
1789 1370 1851 1403 quo

1110 1423 1198 1451 erant
1222 1422 1293 1450 ante
1324 1420 1521 1460 praesentem
1559 1413 1851 1450 confirmationem,

1111 1476 1319 1513 remaneant),
1340 1469 1509 1514 apostoliea
1529 1467 1723 1508 auctoritate,
1743 1471 1850 1499 tenore

1111 1525 1347 1570 praesentium,
1385 1528 1537 1568 perpetuo
1567 1521 1792 1554 confirmamus
1824 1526 1850 1552 et

1111 1580 1343 1624 approbamus,
1368 1588 1403 1610 ae
1427 1577 1489 1609 illis
1514 1575 1674 1620 plenariae
1699 1580 1729 1607 et
1754 1575 1849 1607 invio-

1112 1635 1213 1668 labilis
1238 1634 1395 1668 firmitatis
1421 1632 1610 1676 apostolicae
1627 1631 1726 1665 robur
1750 1630 1853 1662 adiici<

1113 1699 1191 1721 mus.

1157 1740 1172 1782 ξ
1197 1738 1225 1777 S.
1252 1739 1320 1772 Non
1345 1737 1540 1771 obstantibus
1570 1735 1772 1780 praemissis,
1798 1744 1853 1767 nei·

1112 1803 1175 1827 non
1187 1802 1331 1826 camerae
1343 1791 1543 1835 apostolicae,
1556 1789 1852 1833 marchionatusqne

1113 1853 1142 1880 et
1162 1846 1357 1891 principatus
1383 1850 1412 1879 et
1437 1845 1622 1884 comitatus,
1648 1843 1854 1886 villarumque

1113 1900 1367 1945 praedictarum,
1394 1899 1587 1939 iuramento,
1617 1896 1855 1931 confirmatione

1113 1954 1297 1998 apostolica,
1317 1954 1365 1987 vel
1390 1952 1498 1997 quavis
1517 1952 1663 1985 firmitate
1683 1950 1743 1983 alia
1765 1950 1856 1984 robo-

1114 2008 1199 2049 ratis⁷
1222 2007 1353 2048 statutis,
1380 2005 1669 2045 consuetmtinibus,
1694 2003 1802 2037 usibus
1828 2010 1855 2035 et

1115 2061 1256 2102 naturis,
1283 2071 1317 2093 ac
1342 2060 1465 2103 legibus
1496 2059 1588 2092 etiam
1620 2057 1856 2102 imperialibus,

1114 2114 1289 2158 privilegiis
1307 2123 1442 2157 quoque,
1465 2113 1592 2146 indultis
1613 2118 1643 2145 et
1659 2112 1770 2147 litteris
1787 2122 1858 2156 apo-

1115 2168 1249 2209 stolicis,
1271 2167 1421 2211 illisque¹,
1443 2178 1616 2211 eorumque
1640 2166 1857 2210 superioribus

1116 2228 1145 2255 et
1169 2222 1322 2266 personis,
1348 2232 1382 2254 ae
1408 2221 1569 2265 quibusvis
1591 2221 1668 2263 aliis,
1687 2221 1717 2253 in
1742 2230 1856 2264 genere

1117 2276 1166 2309 vel
1191 2276 1223 2308 in
1249 2275 1362 2320 specie,
1386 2275 1443 2308 sub
1467 2275 1719 2319 quibusmlmque
1745 2274 1856 2307 tenori-

1117 2330 1176 2363 bus
1201 2335 1228 2363 et
1255 2329 1386 2371 formis,
1412 2340 1446 2361 ac
1473 2340 1543 2362 cum
1575 2328 1739 2372 quibusvis
1763 2328 1856 2360 etiam

1116 2383 1391 2426 derogatoriarum
1419 2382 1638 2425 derogaturus,
1663 2381 1795 2425 aliisque
1816 2383 1858 2412 et*-

1117 2437 1317 2470 ficacioribus
1338 2442 1367 2469 et
1393 2436 1524 2470 insolitis
1542 2436 1688 2468 clausulis
1705 2439 1735 2468 et
1752 2435 1857 2467 decre-

1117 2491 1164 2529 tis,
1190 2491 1283 2524 etiam
1309 2491 1370 2522 vim
1396 2495 1574 2523 contractus
1593 2494 1621 2520 et
1639 2487 1743 2521 statuti
1764 2488 1857 2521 etiam

1117 2544 1261 2588 perpetui
1293 2554 1347 2577 seu
1383 2544 1461 2585 legis
1492 2542 1731 2583 inducentibus,
1764 2541 1856 2575 etiam

1154 2610 1162 2634 1
1183 2607 1276 2641 Aptius
1292 2607 1426 2642 legeretur
1441 2605 1502 2633 illis
1520 2610 1554 2640 la.
1573 2607 1620 2639 r),

1855 190 1905 217 Au.
1926 190 1954 217 C.
1973 190 2040 218 1635

1871 1743 1981 1763 Contraria
1993 1743 2053 1762 tollit,
