2248 3229
939 210 1080 235 ruamus
1105 210 1160 234 vm
1185 210 1232 234 rr.
1751 195 1814 230 5339
1860 205 1910 234 An.
1926 204 1954 233 C.
1978 204 2046 233 1633

332 259 462 303 piscopo
476 258 744 292 Thessalonicensi
764 264 794 292 et
817 259 932 299 nuncio
950 264 1071 303 aposto·
1106 259 1219 291 bonam
1245 262 1275 290 et
1299 255 1432 289 validam
1458 260 1550 300 atque
1575 254 1710 295 sirmam,
1736 260 1766 286 et
1782 265 1845 288 non

331 313 392 346 lieo
415 312 498 357 apud
522 323 643 346 sacram
668 324 846 347 caesaream
865 313 1070 353 maiestatem,
1088 287 1089 341 i
1104 322 1265 351 revocare,
1290 315 1472 351 retractare,
1498 309 1666 350 moderari,
1691 308 1844 350 minuere,

331 366 615 410 plenipotentiariis
629 377 645 399 a
659 368 714 400 sua
739 367 905 400 Sanctitate
926 370 959 400 ut
976 375 1072 410 supra
1105 366 1291 410 impugnare
1308 365 1353 397 vel
1368 362 1538 409 impediri',
1551 374 1608 408 per
1621 373 1663 404 se,
1678 363 1727 395 vel
1741 361 1847 403 alium,

331 419 501 452 nominatis
527 423 557 453 et
581 419 748 464 deputatis,
772 419 990 463 praesentibus
1005 446 1012 459 ,
1042 423 1071 451 et
1105 430 1160 452 seu
1185 420 1274 459 alios,
1293 419 1323 451 in
1349 423 1413 452 toto
1428 418 1474 451 rel
1493 417 1601 462 quai-is
1622 421 1720 460 parte,
1738 415 1848 459 quovis

331 475 392 506 una
417 473 583 506 nobiseum
608 473 739 505 notariis
755 473 785 505 in
802 472 937 506 solidum
953 471 1072 515 rogatis
1088 454 1089 516 i
1106 472 1247 516 quaesito
1273 472 1390 512 colore,
1415 477 1588 515 praetextu,
1615 472 1708 503 causa
1734 470 1781 502 vel
1807 469 1849 501 in-

331 526 376 559 uti
400 526 535 570 publicis
560 531 587 560 et
613 526 802 566 authenticis
830 526 974 570 personis
995 525 1073 558 sole·
1088 517 1089 537 ¹
1107 525 1210 568 genio,
1236 525 1355 558 directe
1369 525 1415 557 rel
1436 525 1596 566 indirecte,
1615 523 1756 567 quinimo
1771 532 1848 555 sem-

332 580 448 613 mniter
467 585 497 613 et
516 579 655 623 legitime
673 579 895 624 stipulantibus
908 580 927 620 ¹,
944 584 974 612 et
989 588 1074 612 acce·
1089 588 1091 629 t
1106 584 1205 623 peret
1219 579 1304 612 omni
1321 584 1461 622 tempore
1476 577 1602 611 eosdem
1621 576 1848 610 ecclesiasticos

332 633 491 677 ptantibus
514 644 574 678 pro
598 633 755 676 omnibus,
777 643 913 677 quorum
934 633 1072 674 interest,
1089 630 1091 667 l
1108 632 1269 666 ministros
1293 637 1323 665 et
1348 632 1512 672 officiales,
1538 637 1572 664 ut
1598 630 1776 675 praefertur
1800 629 1849 662 de-

332 688 379 721 vel
415 688 447 720 in
481 687 620 720 futurum
656 687 893 732 quomodolibet
923 679 1283 731 interesse³putandos‚
1309 686 1341 719 in
1375 685 1495 728 libera,
1521 684 1653 729 pacifica
1685 690 1714 717 et
1743 683 1851 728 quieta

331 741 469 786 poterit,
501 740 665 775 annuum²
697 746 883 786 perpetuum
915 740 1073 773 redditum
1108 741 1315 784 possessione,
1342 740 1503 773 exactione
1517 744 1546 772 et
1559 738 1761 783 perceptione
1775 737 1851 770 dicti

331 795 511 839 quindecim
527 796 767 838 cruciferorum,
781 795 834 839 qui
848 798 992 839 quartam
1005 804 1075 838 par·
1091 790 1092 808 ¹
1108 795 1203 828 annui
1228 794 1368 828 redditus
1393 799 1606 836 manutenere,
1628 792 1796 826 defendere
1821 796 1851 825 et.

333 854 396 882 tem
421 848 534 883 floreni
555 849 730 883 Rhenensis
748 848 965 882 constituunt³
980 858 1075 892 super
1091 863 1092 867 ¹
1108 858 1314 889 conservare,
1339 858 1374 881 ac
1398 848 1438 880 ab
1470 847 1556 880 omni
1588 851 1618 880 et
1650 855 1849 891 quacumque

332 901 474 947 quolibet
498 902 605 936 modio
630 902 712 943 salis,
731 912 824 946 quem
846 901 940 944 vulgo
957 900 1071 934 Gross-
1090 877 1092 914 i
1108 902 1172 943 tite,
1197 902 1342 935 molestia
1368 906 1398 934 et
1418 901 1656 946 impedimento,
1671 905 1700 933 et
1714 899 1851 944 qualibet

332 955 476 990 kuessem
500 959 621 996 vocant,
646 955 678 988 in
701 955 820 989 dietum
838 954 1006 988 Bohemiae
1024 964 1074 987 re·
1108 956 1292 989 molestante
1318 959 1347 989 et
1372 955 1562 999 impediente
1587 955 1741 999 persona,
1767 963 1851 986 com-

331 1018 430 1053 gnum
453 1019 491 1043 ex
514 1011 713 1053 quacumque
733 1013 821 1052 parte
843 1007 1074 1048 introducendi,
1109 1010 1206 1053 muni,
1229 1010 1363 1053 collegio
1388 1013 1418 1043 et
1442 1008 1646 1042 universitate
1671 1007 1849 1046 defendere,

332 1063 380 1096 vel
400 1063 432 1096 in
451 1063 518 1107 ipso
536 1062 704 1097 Bohemiae
724 1072 822 1105 regno
840 1061 1009 1096 effodiendi
1027 1062 1074 1095 vel
1091 1066 1092 1109 ᾗ
1108 1063 1246 1097 eximere
1267 1068 1297 1097 et
1321 1063 1467 1103 liberare,
1492 1073 1528 1095 ae
1552 1062 1591 1094 de
1608 1061 1693 1095 omni
1720 1065 1747 1093 et
1774 1070 1850 1106 qua-

333 1117 536 1162 excoquendi,
551 1122 604 1150 aut
616 1117 856 1162 quomodolibet
876 1116 1073 1157 conficiendi,
1090 1110 1092 1154 l
1107 1128 1243 1161 eumque
1268 1117 1421 1150 evictioue
1446 1120 1475 1150 et
1506 1115 1687 1149 defensione
1712 1113 1849 1158 generali

332 1171 357 1204 si
381 1171 507 1216 quando
531 1171 604 1205 salis
628 1172 697 1204 fons
721 1181 777 1204 seu
800 1171 899 1204 salina
928 1171 959 1203 in
989 1170 1073 1204 dieto
1090 1160 1092 1199 f
1108 1177 1137 1204 et
1160 1171 1343 1216 particulari
1369 1171 1443 1204 dieti
1468 1170 1563 1203 annui
1585 1169 1725 1203 redditus
1743 1168 1773 1201 iu
1791 1179 1852 1201 am-

131 212 181 239 An.
198 211 226 239 C.
249 210 318 239 1633

332 1223 500 1258 Bohemiae
522 1235 620 1268 regno
639 1225 670 1257 in
688 1235 781 1258 usum
807 1224 920 1265 veniat,
937 1224 969 1256 in
989 1224 1071 1257 fare-
1090 1247 1092 1254 ,

332 1276 423 1312 rem⁴
453 1278 738 1312 ecclesiastieorum
768 1278 1014 1322 praedictorum,
1039 1266 1092 1317 ac']

332 1342 390 1375 per
413 1332 575 1365 ministros
600 1337 629 1365 et
649 1331 798 1365 officiales
818 1342 929 1364 eorum
947 1331 1074 1364 nemine
1091 1332 1092 1367 j

333 1385 530 1430 deputandos
561 1396 579 1418 a
608 1385 778 1430 praedietis
805 1385 947 1418 kalendis
976 1378 1092 1431 prae-js

334 1439 428 1472 sentis
453 1439 569 1473 mensis
593 1439 697 1472 martii
723 1444 752 1472 et
772 1439 810 1472 ab
832 1438 902 1471 inde
920 1438 951 1471 in
968 1443 1073 1482 poste·
1091 1433 1092 1447 ³

333 1503 404 1526 rum
429 1498 584 1537 perpetuo
609 1498 639 1526 et
662 1493 761 1526 libere
786 1491 992 1535 exigendum3

377 1547 453 1580 Item
479 1552 641 1580 cesserunt
665 1546 767 1579 eidem
793 1546 993 1579 Sanctissimo
1014 1545 1092 1583 D0-‡

1108 1225 1250 1269 plissima
1276 1224 1353 1257 iuris
1379 1224 1502 1257 forma:

1153 1278 1296 1311 Vicissim
1322 1289 1398 1311 vero
1422 1277 1602 1321 praedictus
1620 1276 1851 1310 illustrissimus

1108 1337 1138 1365 ct
1163 1331 1444 1365 reverendissiuuis
1458 1331 1604 1364 dominus
1625 1330 1774 1363 Ernestus
1788 1340 1852 1362 car-

1108 1386 1221 1418 dinalis
1245 1385 1283 1418 de
1314 1385 1465 1427 Harracli,
1491 1384 1750 1427 archiepiscopus
1774 1383 1849 1415 Pra-

1108 1439 1223 1482 gensis,
1233 1444 1261 1471 et
1275 1438 1507 1471 illustrissimus
1520 1447 1555 1470 ae
1568 1436 1850 1470 reverendissimus

1090 1492 1256 1529 [dominus
1279 1492 1411 1525 Ioannes
1435 1491 1572 1535 Baptista
1597 1489 1762 1534 presbyter
1785 1500 1851 1523 car-

1108 1546 1218 1579 dinalis
1234 1546 1394 1586 Pallottus,
1415 1545 1671 1588 archiepiscopus
1691 1544 1851 1577 Thessalo-

282 1613 284 1615 >
334 1599 420 1633 mino
443 1605 553 1634 nostro
573 1600 674 1644 Papae
699 1610 735 1633 ac
759 1604 885 1632 sanctae
905 1598 976 1632 Sedi
995 1599 1074 1642 Apo·
1090 1589 1092 1653 ἱ
1107 1599 1253 1642 nicensis,
1264 1599 1396 1632 nuncius
1410 1597 1850 1642 apostolicus,aSanetissimo

333 1653 477 1695 stolieae,
505 1664 563 1695 ac,
583 1664 641 1698 pro
668 1653 738 1694 illis,
766 1652 913 1697 praefatis
938 1652 1073 1685 dominis
1090 1668 1092 1672 Α
1108 1653 1242 1687 Domino
1266 1658 1376 1687 nostro
1401 1653 1483 1697 Papa
1509 1652 1680 1693 antedicto,
1705 1656 1739 1686 ut
1763 1662 1851 1696 prae-

332 1707 627 1752 plenipetentiariis,
645 1713 679 1740 ut
695 1707 883 1751 praefertur,
897 1716 958 1750 qua
978 1716 1073 1750 supra
1090 1695 1092 1758 ᾗ
1108 1707 1228 1748 fertur,
1254 1706 1404 1751 deputati,
1432 1706 1462 1738 in
1487 1706 1549 1739 vim
1575 1705 1728 1740 facultatis
1753 1705 1796 1738 eis
1821 1710 1852 1738 et

334 1761 538 1805 stipulatione
547 1760 900 1804 interveniente,omnia
913 1760 992 1802 iura,
1005 1765 1073 1801 ete,
1090 1759 1092 1797 Ξ
1108 1771 1219 1794 eorum
1234 1760 1372 1802 cuilibet,
1386 1763 1419 1793 ut
1436 1760 1625 1803 praefertur,
1637 1769 1804 1792 concessae
1822 1764 1851 1791 et

334 1814 373 1847 ad
396 1814 586 1857 habendum,
604 1821 672 1857 ete,
690 1819 851 1859 ponentes,
873 1819 940 1857 ete,
959 1814 1074 1848 consti·
1090 1798 1092 1840 i
1108 1814 1277 1847 attributae
1292 1841 1299 1854 ,
1330 1824 1366 1847 ac
1400 1823 1435 1846 ex
1461 1815 1554 1846 causa
1580 1812 1755 1856 praesentis
1780 1823 1851 1845 cou-

335 1872 466 1910 tuentes,
485 1872 553 1908 etc,
571 1867 679 1901 dantes
702 1867 872 1909 licentiam,
890 1873 958 1908 ete,
980 1872 1009 1901 et
1023 1867 1075 1900 do·
1090 1848 1092 1887 Ῑ
1108 1867 1263 1901 ventionis
1287 1867 1369 1900 inter
1394 1872 1500 1911 partes
1525 1869 1702 1900 contractae
1717 1893 1724 1906 ,
1757 1865 1851 1898 initae

334 1931 402 1963 nee,
420 1927 489 1963 etc„
507 1921 746 1962 constituerunt,
763 1926 836 1962 etc.;
854 1922 1074 1965 promittentes
1090 1895 1092 1950 i
1108 1926 1201 1966 atque
1226 1921 1378 1963 firmatae,
1404 1926 1515 1965 sponte
1536 1925 1563 1953 et
1585 1930 1620 1953 ex
1639 1930 1749 1953 eorum
1765 1921 1851 1953 certa

334 1974 430 2008 iidem
443 1975 646 2009 illustrissimi
660 1975 779 2008 demini
793 1975 933 2019 deputati
947 1975 1074 2009 nomine
1091 1993 1092 2001 κ
1108 1975 1257 2016 seientia,
1282 1974 1445 2018 liberaque
1474 1977 1567 2018 atquc
1598 1974 1771 2017 spontanea
1798 1983 1852 2006 vo-

334 2028 409 2061 dieti
434 2028 627 2062 serenissimi
652 2028 770 2062 domini
795 2027 984 2061 Ferdinandi
1016 2028 1072 2060 im·
1108 2029 1236 2069 luntate,
1261 2039 1297 2061 ae
1321 2027 1407 2061 omni
1433 2027 1556 2061 meliori
1582 2027 1686 2067 modo,
1712 2032 1780 2069 ete,
1798 2036 1851 2060 no-

334 2083 490 2126 peratoris
503 2087 534 2115 et
546 2082 639 2125 regis,
654 2082 783 2115 nomine
800 2092 866 2123 suo,
881 2092 1074 2125 suorumque
1109 2082 1193 2115 mine
1226 2092 1262 2115 ae
1293 2081 1359 2114 vice
1384 2080 1578 2115 Sanctissimi
1603 2080 1725 2114 Domini
1750 2080 1851 2113 nostri

335 2136 366 2169 in
379 2136 463 2169 dicto
480 2136 691 2170 haereditario
705 2136 874 2170 Bohemiae
891 2146 989 2179 regno
1004 2136 1076 2168 liae-
1091 2133 1093 2181 ζ
1109 2136 1208 2180 Papae
1233 2135 1387 2180 praedicti
1412 2138 1599 2179 sanctaeque
1616 2134 1704 2169 Sedis
1721 2135 1852 2178 Aposto-

335 2189 446 2223 redum
461 2194 490 2223 et
507 2200 726 2223 suceessorum
748 2200 1023 2234 quorumcumque
1044 2189 1074 2221 iu
1108 2190 1197 2230 linae,
1221 2199 1345 2223 necnon
1370 2189 1668 2231 ecclesiasticorum,
1688 2194 1749 2222 tam
1765 2199 1852 2222 seeu-

334 2249 524 2288 perpetuum
536 2245 556 2286 ⁵,
574 2244 818 2288 assignationem
844 2249 873 2277 et
898 2243 1075 2277 concessio·
1109 2244 1222 2277 larium
1237 2254 1330 2287 quam
1348 2243 1541 2286 regularium
1560 2243 1633 2275 dicti
1651 2243 1739 2285 regni
1754 2242 1851 2275 Bolie-

335 2308 407 2331 nem
432 2298 625 2342 praedictam
649 2298 831 2332 huiusmodi
856 2298 922 2332 sore
950 2308 1076 2342 semper
1111 2297 1190 2330 miae
1205 2295 1849 2340 quorumfflimque(nontamenliospitalis

1110 2350 1206 2383 sancti
1221 2349 1343 2383 Ioannis
1356 2349 1656 2395 Hierosolymitani'),
1671 2359 1742 2382 eum
1760 2348 1851 2381 iufra-

1110 2403 1235 2447 scriptis
1264 2408 1367 2436 tamen
1398 2403 1685 2445 observationibus,
1710 2402 1850 2435 declara-

1111 2456 1511 2498 tionibus,conditionibus,
1526 2456 1633 2500 pactis,
1648 2459 1677 2489 et
1688 2465 1750 2489 non
1764 2455 1850 2495 alias,

1111 2511 1210 2552 aliter,
1235 2521 1293 2543 uec
1317 2510 1378 2544 alio
1404 2510 1514 2551 modo,
1535 2515 1707 2550 cesserunt,
1725 2520 1851 2543 conces-

1110 2570 1216 2598 serunt
1241 2568 1270 2599 et
1295 2565 1520 2597 transtulerunt
1540 2564 1702 2608 praedicto
1719 2563 1851 2597 serenis-

373 2407 382 2432 1
402 2404 472 2432 Edit.
489 2404 567 2431 Main.
584 2403 648 2439 legit
662 2404 850 2439 stipulalibus
865 2403 903 2439 (a.
921 2404 967 2437 Τ.).

370 2449 386 2475 2
403 2449 547 2484 Perperam
562 2448 605 2476 ed.
622 2448 701 2476 Main.
719 2449 782 2484 legit
797 2457 910 2476 annum
926 2449 963 2483 (n.
980 2456 1005 2475 T.
1025 2469 1030 2475 .

370 2493 386 2521 3
402 2493 472 2520 Edit.
489 2494 572 2520 Main.
588 2493 652 2528 legit
667 2494 843 2521 constituant
856 2494 897 2528 (n.
915 2495 962 2525 Τ.).

370 2539 386 2564 4
401 2539 501 2566 Vocem
516 2539 642 2573 favorem
659 2537 782 2565 addimus
798 2546 829 2564 ex
850 2538 1007 2573 praemissis
1027 2547 1074 2574 pa-

334 2582 398 2618 gina
412 2582 464 2609 333
479 2591 497 2609 α
513 2583 549 2616 (a.
572 2581 620 2616 r).

371 2628 386 2653 ὅ
403 2626 478 2654 Adde
494 2626 663 2662 stipulanti«
679 2626 719 2654 ve]
732 2626 931 2662 promt'lleuli’s
951 2633 983 2661 R.
1001 2628 1047 2661 Τῇ.
1147 2630 1156 2655 1
1177 2628 1265 2655 Potius
1282 2628 1341 2663 lege
1356 2629 1500 2663 impedire
1514 2627 1551 2663 (R.
1569 2628 1616 2662 T.).
