2248 3229
276 227 325 256 An,
342 228 372 256 c,
392 228 458 256 1634
503 218 567 252 418
1051 222 1231 247 BULLARIUM
1255 222 1409 247 nomnen
2000 222 2050 250 An.
2066 222 2095 250 c,
2116 222 2184 251 1634

475 276 607 321 genibus
631 275 662 307 in
683 274 819 318 capitulo
840 273 879 305 ab
897 271 1043 305 omnibus
1064 270 1232 316 siatiibusl
1291 270 1559 303 Conscientiarum
1583 271 1801 316 tranquillitati
1821 270 1987 315 providere
2045 285 2076 307 ne
2090 285 2185 311 obbliga-

476 331 514 364 de
539 328 711 362 defectibus
735 332 765 360 et
789 327 890 370 culpis
915 325 1124 358 exteiioribus
1146 335 1215 369 pio·
1231 319 1428 383 leupientes,
1454 323 1650 356 declaramus
1674 325 1912 358 constitutiones
1935 334 1988 358 no·
2001 312 2185 360 iissssiimfm'mm

477 382 628 416 clamari:
666 380 713 413 his
751 384 780 413 et
814 379 969 413 similibus
1006 377 1115 449 poenis
1150 378 1233 421 ple·
1232 382 1348 429 stias,
1381 376 1506 420 quando
1538 387 1601 410 non
1637 377 1752 410 habent
1785 382 1986 422 praeceptum

477 439 598 470 utantur
1231 416 1415 479 {annexunn
1441 431 1488 463 vel
1511 430 1570 463 alia
1595 430 1664 473 lege
1685 429 1790 462 divina
1815 436 1867 464 aut
1892 431 1987 465 eccle-

519 488 540 520 l.
565 487 623 526 Qui
648 485 865 530 superioiibus
879 484 942 518 suis
960 484 1170 517 iir··eve1ente1
1188 485 1234 517 et
1249 483 1375 516 siastica
1388 483 1565 527 piohibitae
1582 487 1635 516 aut
1651 482 1814 516 mandatae
1827 493 1890 517 non
1906 489 1987 524 sunt,

476 539 612 584 supeibe
637 538 829 598 respondeie
853 537 1138 595 plaesumpseiint3
1250 547 1312 570 non
1343 536 1486 579 obligaie
1517 536 1555 569 ad
1591 536 1715 580 culpam
1747 536 1905 595 aliquam,
1935 537 1988 570 sed

521 594 556 627 ll.
581 592 639 633 Qui
665 592 821 633 convicio,
846 591 1012 624 maledicto
1029 596 1059 624 et
1077 589 1234 625 climinis

297 1355 326 1384 Do
336 1360 403 1380 poena
415 1360 461 1379 gra-

277 1387 369 1402 vissnna.

476 646 599 680 obiecto
624 646 761 689 aliquem
786 645 950 685 laeseiint;

520 699 569 734 III.
595 699 651 739 Qui
672 700 791 732 litteras
816 699 883 731 sine
903 697 1076 742 superioris
1092 696 1217 731 licentia

477 753 620 786 miserint
645 757 698 785 aut
722 756 864 796 receptas
889 751 1039 794 legerint3

521 807 567 841 IV.
593 807 650 847 Qui
676 817 727 840 res
752 806 810 841 sibi
835 806 964 840 collatas
988 805 1051 839 suis
1074 804 1217 849 superio-

478 861 567 895 ribus
592 860 771 902 celaverint,

520 915 554 947 V.
579 914 636 954 Qui
661 924 732 946 cum
764 913 957 947 secularibus
987 912 1053 946 sine
1086 911 1236 946 necessi-²

476 974 538 1002 tate
575 974 605 1001 et
639 967 811 1012 superioris
848 966 937 1000 venia
974 965 1096 1010 saepius
1131 965 1235 1009 loqui*

475 1021 748 1066 praesumpserint
757 1033 764 1061 ;

520 1076 568 1109 Vl.
593 1075 650 1114 Qui
669 1074 822 1108 malitiose
840 1073 967 1118 aliquid,
983 1073 1066 1117 quod
1085 1074 1218 1116 Congre-
1234 1095 1235 1099 =

477 1129 595 1172 gationi
619 1133 725 1172 posset
749 1137 874 1168 nocere,
899 1126 1051 1166 dixerint3

520 1182 580 1215 VII.
606 1182 664 1220 Qui
689 1185 775 1214 extra
800 1179 1026 1213 monasterium
1044 1179 1110 1212 sine
1126 1179 1235 1214 licen-i

476 1236 520 1268 tia
540 1240 593 1268 aut
604 1234 715 1277 grandi
733 1234 917 1267 necessitate
934 1244 1006 1266 cum
1024 1233 1218 1266 secularibus

477 1288 594 1333 aliquid
620 1288 681 1321 cibi
707 1292 759 1320 aut
783 1291 876 1331 potus
901 1286 1089 1330 acceperint.

520 1343 623 1376 Poena
640 1341 826 1385 gravissima
839 1340 898 1374 erit
911 1340 949 1373 ad
967 1344 1091 1384 tempus
1107 1339 1138 1372 in
1155 1349 1219 1372 car-

477 1407 582 1430 cerem
618 1400 646 1429 ti
649 1395 702 1428 udi
740 1406 797 1439 per
833 1394 952 1438 aliquot
987 1404 1106 1435 annos,
1144 1404 1236 1427 voce

477 1449 577 1483 activa
601 1454 631 1482 et
655 1449 779 1507 passiva
803 1448 942 1492 piixaii,
967 1447 1052 1481 omni
1084 1446 1236 1480 admini-·

478 1504 628 1537 §tratione
641 1502 770 1546 piivaii,
785 1506 814 1535 et
827 1502 963 1544 tandem
973 1501 1027 1534 ubi
1037 1501 1218 1534 huiusmodi

478 1567 598 1601 poenae
622 1567 684 1590 non
712 1560 862 1601 prosunt,
888 1566 905 1588 a
929 1555 1110 1588 definitione
1135 1554 1219 1599 capi-

478 1611 533 1644 tuli
569 1610 724 1654 generalis
761 1609 885 1653 expelli.
924 1608 977 1642 His
1012 1609 1122 1653 poenis
1158 1619 1217 1652 pu-

477 1664 603 1697 niantur

523 1716 543 1749 l.
565 1716 622 1756 Qui
645 1719 731 1750 extra
748 1715 976 1749 monasterium
990 1715 1056 1748 sine
1070 1716 1218 1759 expressa
1234 1748 1236 1768 4,

480 1770 605 1804 licentia
626 1773 678 1802 aut
702 1769 886 1803 necessitate
907 1768 1174 1813 pernoctaverintg

523 1823 558 1856 ΙΙ.
579 1823 636 1863 Qui
650 1823 823 1867 superioris
836 1827 1005 1867 praecepto
1023 1822 1147 1855 formali
1162 1832 1219 1866 per
1235 1836 1236 1841 ¹

479 1877 708 1911 contumaciam
732 1881 763 1910 et
789 1876 984 1910 manifestam
1015 1876 1218 1910 rebellionem

479 1941 541 1964 non
566 1930 853 1975 obtemperaverint
862 1941 869 1970 ;

523 1985 572 2018 III.
598 1984 654 2024 Qui
671 1995 729 2028 per
754 1984 1003 2018 coniurationem
1030 1985 1075 2017 vel
1101 1984 1220 2028 conspi-

479 2039 633 2072 rationem
654 2044 707 2071 aut
730 2038 915 2071 malitiosam
942 2038 1145 2071 concordiam
1170 2034 1238 2071 adst*

480 2102 589 2125 versus
620 2102 692 2125 suos
725 2091 903 2135 superiores
935 2102 966 2124 se
1003 2091 1157 2124 erexerint
1191 2096 1221 2124 et

480 2145 622 2179 ordinem
649 2145 859 2185 turbaverint3

523 2199 570 2232 IV.
602 2199 658 2238 Qui
688 2199 805 2232 litteras
842 2199 1014 2243 superioris
1039 2199 1218 2242 generalis,

480 2253 681 2286 definitorum
698 2280 705 2293 ,
730 2253 925 2285 visitatorum
951 2258 980 2285 et
1004 2253 1219 2296 procuratoris

480 2306 645 2349 generalis,
664 2312 716 2339 aut
733 2306 865 2339 aliorum
889 2306 1099 2350 superiorum,
1121 2306 1158 2339 ab
1175 2306 1219 2339 eis

481 2359 528 2392 vel
553 2359 590 2392 ad
615 2369 668 2392 eos
693 2359 814 2399 missas,
840 2359 992 2392 malitiose
1018 2359 1218 2403 aperuerint,

480 2413 709 2446 retardaverint
734 2418 783 2445 aut
809 2413 1011 2454 retinuerint,

526 2466 558 2498 V.
583 2466 639 2505 Qui
664 2466 694 2498 in
720 2467 855 2510 aliquem
878 2467 1027 2500 violentas
1046 2477 1156 2500 manus
1178 2466 1219 2499 in-

482 2519 612 2552 iecerint
636 2525 687 2552 aut
713 2520 955 2559 vulneraverint,

524 2572 571 2605 VI.
596 2572 653 2611 Qui
678 2574 851 2607 castitatem
877 2585 947 2608 cum
970 2574 1068 2609 altera
1083 2573 1217 2618 persona

481 2625 674 2661 violaverint.

1233 594 1370 623 tantum
1394 589 1432 622 ad
1448 599 1581 633 poenam
1599 593 1732 623 taxatam
1755 588 1786 622 in
1806 589 1850 622 eis
1867 590 1915 622 vel
1932 599 1989 634 per

1251 643 1447 687 superiorem
1479 642 1665 687 taxandam,
1698 653 1792 687 quam
1824 642 1877 687 qui
1908 642 1989 676 ferre

1250 696 1474 738 recusaverint,
1499 697 1625 741 culpam
1649 707 1711 731 non
1737 696 1885 738 evadent,
1909 696 1989 731 sicut

1250 761 1308 784 nec
1332 751 1385 795 qui
1417 750 1712 794 transgrederentur
1744 761 1780 784 ex
1808 755 1987 796 contemptu

1251 804 1510 847 constitutiones,
1543 809 1711 838 renuentes
1739 804 1850 838 subiici
1879 814 1989 838 earum

1252 857 1451 892 ordinationi.

1296 911 1429 946 Possunt
1438 911 1618 956 superiores
1626 911 1810 956 praecipere
1821 910 1878 944 sub
1890 913 1991 956 poena

1252 964 1587 999 excommunicationis
1612 968 1664 999 aut
1687 963 1903 1005 obedientiae,
1933 964 1991 998 hac

1252 1023 1355 1051 tamen
1379 1021 1532 1062 potestate
1555 1028 1619 1052 non
1644 1022 1781 1059 utantur,
1797 1017 1856 1051 nisi
1873 1027 1946 1051 raro
1963 1023 1993 1052 et

1251 1077 1384 1116 propter
1408 1082 1535 1115 gravem
1562 1076 1591 1105 et
1616 1071 1829 1105 inevitabilem
1856 1071 1991 1105 necessi-

1253 1129 1357 1159 tatem.
1384 1125 1452 1159 Non
1474 1131 1519 1158 est
1543 1125 1637 1158 etiam
1663 1125 1843 1159 intentionis
1866 1129 1992 1160 nostrae

1251 1189 1453 1223 quemquam,
1478 1179 1531 1223 qui
1556 1184 1666 1212 contra
1689 1179 1767 1212 haec
1792 1179 1918 1213 decreta
1941 1179 1992 1213 ali-

1252 1232 1327 1275 quid
1347 1232 1550 1273 commiserit,
1575 1232 1613 1265 ad
1626 1243 1772 1277 poenam,
1791 1233 1916 1277 quaein
1930 1232 1990 1266 illis

1252 1285 1450 1326 continetur,
1476 1285 1618 1329 obligare
1634 1313 1641 1327 ,
1666 1286 1726 1319 nisi
1751 1286 1896 1330 superior
1925 1285 1991 1319 eius

1252 1339 1338 1371 illam
1374 1338 1401 1371 ei
1437 1339 1621 1372 nominatim
1658 1338 1813 1372 indixerit.
1848 1338 1991 1372 Ceterum

1252 1392 1327 1426 alias
1351 1402 1461 1425 omnes
1485 1391 1724 1426 constitutiones
1748 1402 1765 1425 a
1782 1391 1927 1436 capitulis
1944 1402 1993 1436 ge-

1252 1445 1412 1479 neralibus
1424 1445 1683 1489 Congregationis
1700 1449 1826 1479 nostrae
1838 1445 1991 1479 hactenus

1234 1487 1350 1532 editas
1367 1509 1526 1532 cassamus
1542 1502 1572 1533 et
1584 1499 1794 1540 annullamus,
1809 1503 1992 1543 praesentes

1252 1557 1357 1586 autem
1381 1552 1420 1585 ab
1443 1552 1589 1586 omnibus
1606 1552 1769 1586 observari
1787 1552 1894 1587 stricte
1906 1562 1993 1597 prae-

1252 1607 1394 1651 cipimus.

1502 1679 1627 1707 QUARTA
1653 1679 1740 1703 PARS.

1341 1742 1386 1774 De
1405 1741 1634 1784 reformatione
1654 1741 1902 1785 hospitalitatis.

1296 1822 1371 1856 Cum
1398 1832 1433 1854 ex
1459 1821 1622 1865 primaeva
1647 1820 1771 1855 Ordinis
1803 1822 1902 1856 nostri
1927 1823 1993 1855 sun-

1252 1876 1377 1909 datione
1400 1885 1576 1919 pauperum
1601 1875 1673 1918 igne
1697 1885 1786 1908 sacro
1806 1885 1860 1908 seu
1878 1874 1993 1918 gehen-

1235 1930 1315 1963 'nali
1339 1930 1411 1973 igne
1436 1929 1533 1962 sancti
1559 1928 1684 1962 Antonii
1709 1929 1881 1972 vulgariter
1909 1929 1992 1964 dicto

1236 1988 1283 2032 aet
1305 1987 1487 2026 nuncupato
1511 1987 1695 2016 vexatorum
1717 1987 1746 2015 et
1775 1987 1992 2016 contactorum

1255 2047 1364 2070 curam
1388 2036 1556 2080 specialem
1581 2036 1699 2069 habere
1716 2035 1896 2079 debeamus,
1914 2042 1945 2070 et
1961 2036 1992 2070 in

1255 2091 1322 2134 ipsa
1346 2091 1454 2122 nostra
1472 2088 1545 2122 dicti
1563 2088 1687 2122 Ordinis
1711 2089 1935 2124 reformatione
1952 2090 1991 2124 le-

1253 2154 1325 2186 gem
1341 2153 1405 2176 non
1422 2142 1554 2175 velimus
1578 2142 1699 2175 solvere
1723 2142 1777 2175 sed
1800 2142 1992 2186 adimplere,

1254 2197 1438 2230 auctoritate
1462 2196 1633 2240 apostolica
1650 2196 1742 2229 nobis
1758 2196 1789 2228 in
1806 2196 1994 2231 aedificatio-

1253 2262 1323 2284 nem
1358 2251 1428 2283 daia
1465 2249 1629 2283 statuimus
1661 2256 1691 2283 et
1719 2250 1903 2284 mandamus
1926 2251 1994 2284 uni-

1254 2304 1350 2337 versis
1375 2303 1541 2337 domorum
1567 2308 1746 2337 nostrarum
1765 2303 1992 2348 superioribus,

1254 2358 1284 2390 in
1308 2358 1421 2401 quibus
1445 2358 1505 2390 erit
1529 2358 1664 2390 fratrum
1689 2357 1910 2401 congregatio,
1941 2363 1991 2399 ut,

1253 2411 1488 2456 quamprimum
1513 2411 1581 2444 fieri
1597 2411 1724 2455 poterit,
1742 2412 1810 2445 loca
1822 2411 1991 2455 antiquitus

1252 2466 1453 2510 hospitalitati
1478 2466 1631 2499 destinata
1655 2469 1841 2508 restaurent,
1859 2468 1913 2500 aut
1932 2465 1991 2499 alia

1252 2520 1288 2552 de
1306 2530 1387 2553 novo
1404 2523 1557 2564 coaptent,
1576 2511 1616 2552 ad
1631 2519 1773 2563 ipsorum
1792 2518 1991 2552 infirmorum

1251 2574 1483 2617 receptionem,
1515 2573 1546 2606 in
1577 2573 1692 2617 quibus
1716 2583 1733 2605 a
1757 2571 1832 2605 viris
1856 2571 1990 2606 feminae

1251 2626 1311 2660 sint
1334 2636 1392 2671 per
1411 2637 1539 2660 murum
1556 2630 1716 2671 separatae
1723 2636 1731 2667 ;
1749 2624 1989 2670 praecipientes,

2034 1829 2064 1850 De
2074 1830 2124 1858 eui-'a
2135 1827 2190 1848 infir·

2008 1862 2087 1877 morum
2101 1860 2148 1881 igue
2158 1860 2192 1876 sa·
2244 1863 2248 1878 ,-

2008 1888 2044 1904 cro
2083 1885 2191 1915 onntacto-
2243 1898 2246 1910 ἶ
