2226 3235
0 1809 2 1884 l

0 1888 4 2012 l

85 245 135 273 An.
156 245 186 273 C.
202 244 271 273 1629

138 523 203 547 Quam
234 521 269 542 hic

85 551 180 571 Pontifex
197 549 269 569 uti-*er-

87 577 130 597 vari
148 576 242 597 mand-tl.

126 1906 214 1928 Mandat
237 1913 276 1933 pu-

91 1935 131 1955 niri
159 1937 277 1960 transgres-

92 1967 157 1982 sores.

892 247 1035 271 UnBANUs
1061 247 1117 271 vm
1142 247 1191 270 Pi).

283 293 467 337 inquietare,
493 296 522 327 ct
545 292 630 335 alias,
656 299 751 337 prout
776 293 806 327 in
834 294 932 338 ipsius
956 296 1023 328 Cle-

283 346 395 380 mentis
416 346 667 390 praedecessoris
682 347 712 379 in
727 347 820 380 simili
838 348 938 381 forma
954 348 1025 381 Bre-

284 400 328 433 vis
353 400 488 443 desuper
512 400 665 444 expeditis
682 400 793 434 litteris
814 401 938 445 plenius
955 411 1026 435 con-

285 453 400 486 tinetur
413 453 432 486 ¹.

330 506 344 550 §
368 506 397 539 02.
418 507 493 539 Cum
519 512 634 546 autem,
653 507 731 540 sicut
746 507 853 541 eadem
873 507 1026 552 expositio

286 559 514 602 subiungebat,
540 554 733 603 praemissis
745 571 944 604 nequaquam
968 561 1026 593 ob-

286 612 440 645 stantibus
456 613 597 646 nonnulli
612 613 751 646 eiusdem
762 614 886 647 Ordinis
900 614 1026 646 abbates

286 665 464 707 generales,
491 676 665 710 eorumque
690 668 813 707 vicarii,
838 667 1025 711 quibusdam

287 719 449 752 monacbis
480 720 659 753 reformatis
689 721 727 753 ad
759 721 937 765 provincias
965 731 1027 754 non

287 772 472 806 reformatas
496 775 677 807 transeundi
703 775 859 808 licentiam
884 779 914 808 ct
934 775 1028 808 sacul-

287 829 380 859 talem
399 828 726 872 concesserim,atqiie
747 839 782 861 ex
806 829 866 861 hoc
890 838 953 861 non
982 828 1026 861 le-

287 890 339 913 ves
354 880 384 912 in
398 880 643 924 congregatione
660 883 828 915 reformata
845 882 1025 916 huiusmodi

287 933 468 967 exoriantur
481 936 747 978 perturbationes,
762 935 960 979 proindeque
971 946 1028 979 per

288 996 344 1019 nos
369 986 504 1031 desuper
524 992 700 1031 opportune
717 988 875 1032 provideri
891 999 1029 1022 summo-

288 1050 364 1083 pere
388 1040 557 1074 desideret:
575 1051 641 1081 nos,
662 1041 853 1085 praemissis,
876 1047 1027 1085 quantum

288 1104 359 1125 cum
376 1093 510 1127 Domino
528 1105 708 1137 possumus7
731 1095 854 1128 obviam
873 1096 934 1136 ire,
959 1107 1029 1140 pro-

288 1156 444 1189 speroque
468 1148 696 1181 monachorum
722 1148 956 1192 praedictorum
981 1159 1029 1182 re-

288 1192 398 1242 gimini
430 1206 461 1233 et
491 1201 645 1243 gubernio
674 1202 859 1244 consulere7
896 1203 1028 1247 illosque

289 1253 476 1296 specialibus
497 1255 658 1288 favoribus
687 1260 716 1288 et
744 1256 853 1298 gratiis
877 1257 1027 1300 prosequi

289 1307 444 1348 volentes:
463 1313 492 1341 et
517 1319 627 1341 eorum
653 1309 828 1352 singulares
844 1320 994 1353 personas
1011 1321 1028 1343 a

288 1361 449 1404 quibusvis
469 1366 526 1395 etc.
553 1367 726 1403 censentes,
745 1363 1028 1406 supplicationibus

289 1414 364 1447 dicti
390 1416 607 1458 procuratoris
627 1416 717 1449 nobis
738 1421 794 1449 etc.
817 1416 966 1456 inclinati,
990 1417 1028 1449 de

290 1468 516 1501 venerabilium
541 1469 672 1502 fratrum
698 1474 877 1503 nostrorum
904 1475 1028 1503 sanctae

291 1522 448 1554 Romanae
475 1522 633 1555 Ecclesiae
659 1523 864 1555 cardinalium
895 1524 1029 1565 negotiis

291 1575 483 1618 regularium
497 1575 749 1619 praepositorum
764 1576 905 1616 consilio,
915 1576 1028 1609 dilecto

290 1629 355 1661 filio
372 1629 474 1662 abbati
492 1629 631 1671 generali
649 1629 722 1662 dicti
741 1629 866 1662 Ordinis
878 1640 937 1673 pro
952 1633 1029 1663 tem-

290 1692 367 1725 pore
381 1682 523 1715 existenti
537 1693 594 1726 per
606 1688 788 1726 praesentes
805 1683 1029 1726 praecipimus,

290 1740 325 1767 ut
341 1735 371 1767 in
387 1741 547 1779 posterum
565 1736 741 1779 praedictas
753 1736 872 1769 litteras
886 1737 916 1768 in
930 1736 1030 1770 forma

291 1789 397 1822 Brevis
413 1789 564 1833 praedicti
590 1790 756 1823 Clementis
780 1790 1032 1834 praedecessoris

291 1842 419 1875 omnino
444 1842 588 1875 observet
612 1848 642 1876 et
665 1843 827 1877 observari
852 1844 958 1883 facian

336 1897 351 1940 g
375 1896 404 1930 3.
429 1897 637 1930 Decernentes
661 1897 761 1937 illurn,
778 1898 803 1930 si
824 1908 962 1942 unquam
981 1898 1033 1931 ali-

290 1960 385 1994 quem
405 1960 441 1982 ex
461 1950 623 1983 monachis
648 1950 826 1983 reformatis
851 1951 1031 1984 huiusmodi

291 2009 400 2037 contra
415 2003 655 2047 dispositionem
672 2003 828 2036 dictarum
854 2004 1031 2037 litterarum

290 2056 329 2089 ad
352 2056 529 2100 provincias
560 2066 623 2090 non
653 2057 838 2090 reformatas
862 2057 1031 2089 transferre

290 2110 557 2153 praesumpserit,
583 2120 714 2153 poenam
740 2110 923 2153 privationis
947 2111 1032 2142 vocis

290 2163 406 2196 activae
423 2169 453 2195 et
468 2163 609 2206 passivae
626 2174 664 2196 eo
684 2164 752 2207 ipso
773 2164 945 2205 incurrere7
973 2164 1031 2197 sic-

291 2227 352 2260 que
376 2217 415 2249 ab
440 2218 585 2250 omnibus
609 2219 740 2260 censeri,
763 2223 792 2251 et
810 2218 851 2250 ita
868 2229 926 2262 per
943 2228 1033 2261 quos-

291 2281 428 2314 cumque
452 2271 571 2304 iudices
595 2271 772 2305 ordinarios
793 2276 823 2305 et
846 2271 1031 2305 commissa-

290 2324 355 2357 rios
379 2324 488 2367 quavis
501 2325 686 2359 auctoritate
706 2326 872 2368 fungentes
889 2324 1031 2365 iudicari,

292 2383 349 2410 etc.
375 2377 529 2410 attentari.
562 2378 631 2411 Non
659 2378 854 2412 obstantibus
885 2379 1032 2412 omnibus

291 2431 363 2471 illis,
387 2442 467 2475 quae
483 2431 584 2464 dictus
600 2433 742 2465 Clemens
758 2432 982 2476 praedecessor
1000 2433 1030 2465 in

292 2484 356 2517 suis
380 2485 492 2517 litteris
516 2485 684 2528 praedictis
701 2485 799 2518 voluit
819 2496 882 2519 non
898 2485 1032 2527 obstare,

292 2538 468 2581 ceterisque
490 2538 655 2571 contrariis
679 2539 939 2583 quibuscumque.

336 2591 447 2624 Datum
469 2592 603 2632 Rornae,
631 2591 714 2635 apud
739 2591 768 2624 S.
789 2592 918 2625 Mariam
942 2593 1034 2626 Maio-

330 2654 341 2680 t
363 2652 433 2684 Quas
453 2653 513 2682 vide
532 2654 577 2682 cit.
599 2653 625 2681 in
645 2657 708 2682 nota
726 2653 759 2682 ad
777 2653 914 2682 rubricam
932 2654 1032 2690 (natu).

1704 237 1766 270 117
1813 246 1862 273 An.
1884 245 1912 272 c.
1931 234 1998 273 1629

1062 306 1138 337 rem,
1165 295 1221 327 sub
1239 295 1355 328 annulo
1372 294 1550 335 piscatoris,
1569 294 1617 327 die
1636 305 1697 328 xxx
1715 301 1802 327 octo-

1060 347 1125 380 bris
1143 358 1294 387 uncxxtx,
1313 347 1514 392 pontificatus
1532 347 1630 381 nostri
1649 357 1730 381 anno
1748 358 1799 381 vu.

1097 411 1155 439 Dat.
1176 412 1219 439 die
1239 412 1273 440 30
1288 413 1407 441 octobris
1422 412 1502 445 1629,
1519 412 1614 448 pontif.
1631 421 1675 440 an.
1693 419 1738 440 vit.

1370 539 1495 573 CCCLv.

1067 608 1209 652 Vecli'qal
1238 620 1334 653 super
1366 621 1462 644 carne
1482 615 1509 643 e!
1534 612 1628 652 vino,
1654 611 1738 655 quod
1762 612 1802 644 ab

1105 663 1329 696 ecclesiasticis
1365 664 1507 697 civitatis
1542 665 1803 710 ls'lgsssiponensis

1105 717 1194 759 exigui
1211 718 1413 760 permiserat,
1435 717 1472 750 ab
1492 718 1713 751 ecclesiasticis
1729 730 1803 762 quo-

1105 780 1167 812 que
1184 780 1360 813 reynerum
1384 771 1614 813 Porlttqalliae
1631 777 1658 804 c!
1675 773 1701 805 Α
1710 772 1799 815 lym*-

1107 823 1231 855 biorum
1251 824 1340 866 eoeiqz'
1360 834 1451 867 posse
1471 825 1647 868 indulqefl.

1061 894 1231 922 venerabili
1251 895 1339 923 fratri
1359 895 1521 924 Laurentio
1541 897 1680 931 episeopo
1700 898 1804 925 Hiera-

1098 940 1190 970 censi‚
1211 941 1351 967 moderno
1381 944 1411 968 et
1435 948 1487 974 pro
1507 944 1640 974 tempore
1661 942 1805 969 existenti

1099 984 1210 1011 iurium
1226 987 1257 1012 et,
1273 985 1434 1018 spoliorum
1446 992 1583 1013 camerae
1598 989 1720 1013 nostrae
1735 993 1805 1020 apo-

1097 1030 1225 1057 stolicae
1254 1030 1284 1056 in
1313 1030 1514 1064 Portuqalliae
1544 1033 1575 1058 et
1602 1030 1804 1065 Alqarbiorum

1097 1076 1197 1110 regnis
1219 1074 1373 1103 collectori
1393 1075 1537 1109 generali,

1267 1128 1401 1155 Urbanus
1423 1128 1502 1163 Papa
1522 1129 1600 1156 vm.

1281 1192 1465 1219 Venerabilis
1481 1192 1582 1226 frater,

1097 1236 1227 1263 salutem
1250 1239 1280 1264 et
1300 1236 1498 1270 apostolicam
1517 1236 1768 1265 benedictionem.

1847 1319 1951 1339 {incenset
1975 1320 2003 1339 in·

1107 1307 1121 1350 ἓ
1141 1307 1170 1339 ’1.
1196 1307 1279 1340 Alias
1303 1318 1320 1340 a
1344 1308 1436 1340 nobis
1469 1313 1654 1341 emanarunt
1682 1308 1804 1342 litterae

1063 1360 1119 1392 tibi
1145 1360 1281 1393 directae
1307 1361 1424 1394 tenoris
1449 1361 1678 1405 subsequentis,
1699 1362 1804 1394 videli-
1820 1346 2004 1403 fllfflssz‘fiss‘l'ffitgssxz

1063 1418 1125 1446 cet:
1146 1414 1330 1446 Venerabili
1344 1415 1444 1457 fratri
1456 1415 1646 1455 Laurentio,
1663 1421 1732 1457 etc„
1746 1415 1803 1448 sub
1820 1399 2005 1461 &⁴³¹ifflffsi0ifii

1063 1466 1170 1499 datum
1190 1477 1268 1500 xxxi
1288 1467 1419 1499 ianuarii
1438 1478 1588 1507 uncxxm
1607 1479 1688 1501 anno
1707 1478 1748 1501 vi.
1821 1451 2004 1506 fiiiss'niisi'b‘M‘

1107 1520 1122 1563 ξ
1147 1520 1176 1553 2.
1201 1521 1277 1553 Cum
1302 1526 1406 1553 autem
1432 1521 1533 1554 dietus
1558 1521 1722 1564 Philippus
1751 1532 1806 1554 rex
1858 1533 1934 1553 ruam
1950 1533 2005 1558 regn

1063 1573 1167 1607 denuo
1178 1574 1269 1606 nobis
1283 1574 1396 1617 exponi
1411 1574 1527 1615 fecerit,
1538 1575 1689 1608 maximas
1702 1586 1807 1608 neces·
1823 1562 2004 1606 {15⁰0.‚‡]T‡‘2‘L{-¹}l¹[›‘3

1064 1627 1169 1660 sitates
1190 1627 1442 1660 christifidelium
1465 1633 1495 1660 ct
1515 1628 1719 1661 ecclesiarum
1739 1629 1806 1661 illa·
1822 1616 2005 1675 illss¹¹⁶il³05fifif¹a⁰ii

1066 1692 1135 1713 rum
1150 1681 1286 1725 partium
1298 1681 1409 1715 maiori
1424 1681 1565 1724 indigere
1577 1682 1727 1724 subsidio⁷
1739 1694 1806 1726 per-
1821 1667 1912 1713 ifiiemssi
1937 1666 2005 1690 mm*

1066 1745 1219 1779 sonasque
1233 1735 1364 1767 aliarum
1380 1735 1550 1777 civitatum⁷
1569 1735 1757 1778 oppidorum
1777 1742 1805 1769 el

1066 1788 1210 1822 locorum
1228 1788 1413 1821 eorumdem
1431 1788 1641 1831 portugalliae
1658 1794 1688 1821 et
1700 1790 1807 1832 Algar-

1067 1841 1192 1874 biorum
1209 1852 1381 1884 regnorum
1401 1851 1533 1874 numero
1549 1842 1636 1874 valde
1654 1842 1807 1875 excedere

1066 1905 1217 1938 personas
1245 1895 1345 1928 dictae
1373 1895 1505 1928 civitatis
1535 1895 1785 1939 Ulyssiponensis
1800 1925 1806 1938 ‚

1067 1951 1341 1993 emolumentaque
1366 1949 1465 1982 dictae
1486 1949 1636 1991 gabellae,
1662 1949 1687 1981 si
1712 1950 1808 1988 illam,

1067 2014 1125 2046 pro
1151 2003 1263 2036 maiori
1283 2003 1425 2036 subsidio
1442 2002 1544 2035 eidem
1562 2003 1629 2045 regi
1655 2003 1692 2035 ad
1717 2014 1808 2046 prae-

1067 2056 1184 2089 dictum
1202 2057 1347 2089 effectum
1366 2056 1564 2100 praestando,
1578 2056 1755 2100 praedictae
1770 2057 1809 2088 ci-

1067 2110 1186 2150 vitates,
1201 2110 1316 2153 oppida
1329 2115 1359 2142 et
1372 2111 1439 2143 loca
1451 2109 1683 2153 praedictorum
1698 2120 1808 2153 regno—

1066 2174 1137 2195 rum
1156 2163 1364 2204 Portugalliae
1382 2168 1412 2195 et
1428 2162 1662 2205 Algarbiorum,
1677 2165 1806 2206 excepta
1838 2158 1841 2161 ’

1067 2216 1189 2249 civitate
1204 2216 1448 2260 Ulyssiponensi‚
1465 2216 1681 2259 imposuerint,
1692 2216 1739 2248 vel
1754 2216 1807 2248 im-

1067 2280 1184 2313 ponere
1197 2270 1363 2311 voluerint⁷
1382 2269 1481 2312 spatio
1498 2269 1649 2312 praedicti
1668 2269 1806 2302 sexennii

1066 2323 1181 2356 dictam
1196 2333 1350 2356 summam
1368 2323 1574 2356 ducentorum
1594 2323 1726 2355 millium
1741 2333 1808 2355 cru-

1067 2377 1221 2409 ciatorum
1235 2376 1386 2409 hactenus
1402 2387 1419 2408 a
1428 2376 1520 2409 nobis
1529 2387 1585 2419 per
1595 2375 1803 2420 praeinsertas

1066 2430 1184 2463 litteras
1201 2429 1293 2463 etiam
1318 2429 1421 2473 quoad
1445 2429 1672 2462 ecclesiasticos
1689 2440 1803 2473 appro-

1067 2483 1171 2515 batam
1188 2483 1280 2526 longe
1294 2482 1455 2522 excedere,
1469 2481 1549 2515 etad
1559 2492 1715 2514 summam
1728 2492 1805 2525 qua-

1104 2565 1115 2589 1
1138 2562 1174 2590 Ex
1194 2563 1304 2598 Regest.
1326 2562 1352 2589 in
1372 2562 1475 2589 Secret.
1498 2562 1573 2590 Brev.
1594 2578 1627 2582 —
1647 2561 1786 2589 Indultum
1799 2584 1806 2597 ,

1067 2607 1138 2644 quod
1160 2609 1203 2634 hic
1218 2611 1384 2641 recensetur,
1402 2608 1460 2643 lege
1482 2616 1542 2643 sup.
1559 2607 1585 2635 in
1605 2608 1696 2636 Const.
1712 2614 1806 2635 cccxxi

1069 2654 1113 2689 (al.
1130 2653 1202 2688 295),
1219 2653 1332 2688 Exponi
1346 2653 1437 2688 nobis,
1453 2661 1514 2688 pag.
1530 2653 1573 2681 43.
