2221 3224
202 230 250 256 An.
273 229 301 256 C.
320 229 387 256 1629
435 221 476 253 4-1

253 1407 296 1428 Rex
312 1407 377 1432 petit,

193 1434 271 1454 licitum
312 1441 378 1458 esse,

194 1460 313 1481 huiusmodi
345 1467 375 1480 ie-

194 1488 257 1512 cttgal
314 1490 376 1507 eliani

194 1513 220 1534 ab
249 1514 377 1533 ecclesiasti-

194 1546 223 1560 eis
239 1541 297 1562 solvi.

218 1778 317 1799 Urbanus
328 1785 376 1799 cccc

192 1807 257 1826 millia
270 1809 375 1825 scutorum

192 1833 243 1851 solui
272 1838 330 1857 piiss·-

193 1861 242 1878 [latu
262 1860 288 1879 ab
309 1860 374 1878 ενι-11·-

193 1885 376 1911 siasucisperuut-

192 1914 224 1932 tit.

388 976 593 1012 >rupatorum⁷
615 982 710 1014 super
730 972 869 1014 qualibet
885 972 959 1012 vini,
976 972 1061 1015 quod
1081 984 1136 1016 pu-

356 1840 375 1851 ι,-
392 1820 464 1863 lippi
491 1821 574 1863 regis
600 1823 686 1863 votis,
705 1830 855 1866 quantum
875 1836 945 1856 cum
971 1836 1042 1857 cum
1070 1826 1130 1859 Do-

399 278 522 311 illarum
554 279 691 322 partium
707 307 713 321 ,
740 289 894 311 summam
928 278 1136 311 ducentorum

401 332 531 363 millium
558 338 718 364 scutorum
740 337 883 364 monetae
908 342 1056 364 romanae
1073 342 1136 365 non

399 385 612 417 excedentium
626 385 643 424 ¹,
662 385 691 416 in
710 395 761 417 sex
779 395 876 417 annos
896 385 1092 428 repartitum,
1107 391 1136 418 et

398 439 536 480 prorata
556 438 722 470 cuiuslibet
735 438 806 469 anni
824 438 1065 480 persolvendum
1084 438 1136 471 ob-

400 492 550 533 tulissent,
571 497 602 523 ut
619 491 775 534 pecunias,
791 502 848 535 pro
863 492 1018 525 solutione
1035 493 1136 525 subsi-

399 545 440 576 dii
465 545 664 587 huiusmodi,
689 546 824 586 mitiori,
842 556 902 589 qua
926 546 995 579 fieri
1020 552 1134 590 posset,

399 598 517 631 ratione
542 603 571 630 et
596 598 709 631 minori
730 599 927 632 subditorum
948 599 1136 633 detrimento

398 662 568 693 congerere
593 657 739 694 possent,
769 652 926 695 gabellam
950 653 989 685 ad
1021 664 1132 686 sexen-

397 703 493 743 uium,
505 715 521 736 a
535 705 583 736 die
601 704 703 747 prima
719 706 834 738 mensis
853 706 984 738 ianuarii
998 707 1133 749 proximi

398 758 558 800 praeteriti
577 759 623 791 vel
641 769 658 790 a
675 758 723 791 die
742 770 804 802 quo
822 760 969 803 imposita
984 760 1078 794 suerit
1093 761 1136 793 in-

397 811 585 854 cipiendum,
596 811 792 851 duraturam,
803 813 895 846 unius
911 813 1028 847 scilicet
1041 824 1135 857 super

396 864 533 906 qualibet
554 865 633 896 libra
653 865 755 898 carnis
774 876 897 899 necnon
914 867 1043 900 alterius
1063 877 1136 910 qua-

396 923 569 958 trenorum,
586 917 615 949 in
630 918 770 961 partibus
787 918 856 960 illis,
871 920 934 952 reis
948 920 1042 962 vulgo
1060 930 1136 952 nun-

396 1022 476 1054 blice
503 1023 667 1065 venditur,
693 1027 861 1064 mensura,
888 1025 1016 1058 canada
1040 1026 1134 1068 vulgo

394 1078 588 1118 nuncupata,
607 1087 662 1119 pcr
679 1087 805 1109 carnem
826 1081 856 1111 et
869 1077 977 1110 vinum
995 1083 1134 1111 ementes

394 1138 610 1172 quoscunulue
635 1130 830 1172 solvendam,
857 1136 1016 1164 reservato
1043 1142 1134 1175 prae-

394 1182 499 1213 sertim
515 1183 615 1224 quoad
631 1184 857 1216 ecclesiasticos
875 1190 983 1217 nostro
998 1189 1028 1217 et
1045 1184 1134 1217 Sedis

394 1234 589 1277 Apostolicac
607 1236 801 1279 beneplacito
820 1248 877 1280 per
901 1238 1047 1270 eumdem
1067 1238 1135 1270 Phi-

394 1287 514 1330 lippum
541 1300 647 1331 rcgem
671 1290 877 1333 impetrando,
903 1291 1133 1335 imposuerunt,

393 1350 447 1372 seu
465 1341 627 1384 imponere
643 1343 833 1383 obtulerunt,
848 1345 895 1377 vel
914 1344 1131 1379 decreverunt.
1149 1375 1151 1379 .

437 1394 451 1436 ξ,
475 1394 504 1427 3.
530 1395 631 1433 Quare
652 1396 752 1429 dictus
770 1397 932 1440 Philippus
950 1408 1014 1439 rex,
1033 1399 1134 1431 consi-

392 1446 505 1479 derans
530 1449 681 1481 laicorum
714 1450 874 1482 facultates
903 1451 1059 1483 dictorum
1088 1463 1133 1484 re-

392 1511 527 1542 gnorum
563 1502 601 1533 ad
633 1503 805 1545 praemissa
842 1514 904 1536 non
941 1510 1150 1548 suppetere,³

390 1555 483 1587 nohis
500 1555 660 1589 humililer
685 1557 853 1599 supplicari
879 1557 959 1597 fecit,
977 1564 1009 1590 ut
1025 1558 1063 1590 de
1080 1569 1133 1601 op-

391 1611 526 1651 portuna
558 1612 663 1642 nostra
699 1616 729 1642 et
765 1611 857 1643 huius
889 1615 1011 1645 sanctae
1045 1609 1150 1645 Sedis‘

391 1661 516 1693 licentia
541 1662 572 1694 in
598 1664 779 1705 praemissis
804 1665 969 1707 providere
995 1665 1032 1697 de
1050 1665 1133 1698 beni-

391 1715 506 1756 gnitate
531 1717 703 1758 apostolica
728 1717 942 1759 dlanaremur.

435 1768 449 1810 ξ
469 1768 498 1800 4.
518 1769 579 1801 Nos
604 1769 710 1811 igitur,
732 1771 940 1803 laudabilibus
965 1771 1039 1804 dicti
1064 1773 1149 1805 Phi-¹>

392 1874 475 1906 mino
491 1886 666 1917 possumus,
679 1887 827 1916 annuere,
842 1888 977 1920 eumque
993 1879 1131 1922 speciali-

390 1928 448 1959 bus
472 1928 631 1962 favoribus
658 1936 687 1962 et
716 1931 825 1973 gratiis
846 1932 995 1975 prosequi
1026 1933 1131 1965 volen-

390 1987 444 2023 tes,
463 1982 645 2026 clerumque
664 1989 693 2015 et
714 1985 942 2017 ecclesiasticos
959 1996 1128 2027 regnorum

389 2035 621 2077 praedictorum
656 2037 866 2079 Portugalliae
891 2043 920 2070 el
955 2039 1126 2081 Algarbio-

389 2098 476 2127 rum,
502 2089 559 2120 sub
584 2100 718 2131 quorum
744 2090 883 2122 dominio
909 2091 1013 2123 Indiae
1039 2102 1129 2134 prae-

388 2140 487 2173 dictae
504 2142 685 2183 consistunt,
704 2154 761 2185 pro
775 2144 952 2176 necessaria
970 2144 1126 2176 dictorum
1144 2182 1146 2197 ⁴

388 2192 530 2225 locorum
554 2196 802 2238 recuperatione,
821 2207 856 2228 ac
877 2197 1127 2229 christifidelium
1144 2198 1146 2236 ’ς

388 2245 430 2277 ibi
455 2247 653 2280 existentium
679 2250 786 2289 salute,
813 2250 983 2282 catholicae
1006 2237 1146 2297 religio-{³

389 2300 436 2331 nis
453 2300 631 2334 defensioue
645 2308 675 2334 ct
688 2308 867 2345 augmento,
885 2303 922 2335 de
938 2303 1128 2346 patrimonio
1144 2300 1145 2354 l

389 2354 511 2394 Christi,
529 2356 616 2388 cuius
635 2368 728 2389 causa
750 2357 884 2389 maxime
903 2357 1016 2399 agitur,
1035 2358 1127 2389 etiam
1143 2369 1145 2422 ἱ

390 2416 497 2439 eorum
538 2414 636 2440 ratam
677 2410 817 2451 gabellae
856 2410 1037 2443 huiusmodi
1069 2421 1127 2453 pro
1143 2430 1144 2434 =

390 2470 482 2491 carne
500 2466 528 2492 ct
553 2462 623 2494 vino
649 2463 775 2505 publice
794 2463 928 2496 emendo
946 2464 1126 2497 solvendam

388 2511 521 2545 libenter
546 2516 802 2558 suppeditaturos
820 2517 911 2550 nobis
938 2517 1127 2560 persuaden-

427 2586 436 2610 1
461 2584 525 2611 Male
546 2586 608 2611 edit.
630 2586 707 2613 Malu.
733 2588 798 2622 legit
821 2588 1015 2615 eaecedemem:
1037 2593 1127 2624 posset

388 2629 469 2657 etiam
488 2630 540 2664 legi
555 2632 689 2658 eoeccdens
700 2653 707 2665 ,
731 2641 829 2668 nempe
844 2633 1003 2661 subsidium
1019 2638 1059 2668 tn„
1076 2627 1138 2669 ·1·.).¹

981 231 1159 254 nltLLAmUM
1184 230 1338 254 ROMANUM

1172 284 1226 320 tes,
1247 278 1485 322 praedictasque
1502 278 1701 311 necessitates
1721 278 1849 312 omnino
1867 284 1911 312 at-

1172 332 1342 372 tendentes,
1362 332 1542 365 huiusmodi
1567 333 1849 376 supplicationibus
1865 333 1910 365 in-

1171 385 1275 418 clinati
1289 412 1296 425 ,
1317 385 1375 417 tibi
1399 396 1458 429 per
1480 390 1660 429 praesentes
1684 387 1909 419 committimus

1171 444 1200 471 et
1224 438 1419 478 mandamus,
1440 443 1473 472 ut
1497 445 1560 472 tam
1585 440 1798 473 Ulisbonensis
1821 450 1910 483 prae-

1170 492 1270 524 dictae
1296 502 1354 535 pro
1371 491 1453 525 dicta
1473 495 1596 525 summa
1617 493 1823 526 ducentorum
1844 493 1910 525 mil-

1170 545 1246 578 lium
1272 545 1485 578 cruciatorum
1509 546 1699 588 huiusmodi,
1719 558 1813 591 quam
1839 547 1910 579 alia-

1171 609 1240 630 rum
1266 598 1449 631 eorumdem
1475 599 1685 642 Portugalliae
1702 606 1732 633 et
1748 600 1910 643 Aigai-hio-

1171 662 1240 683 rum
1265 661 1435 694 regnorum
1461 651 1642 693 civitatum,
1667 653 1854 696 oppidorum
1880 658 1908 685 et

1170 704 1322 745 locorum,
1347 715 1483 748 quorum
1510 706 1749 739 communitates
1772 716 1808 739 ac
1833 706 1906 739 uni-

1170 757 1330 791 versitates
1355 761 1385 791 et
1408 758 1552 791 homines
1582 769 1640 802 pro
1672 758 1908 802 recuperatione

1169 814 1199 843 et
1216 810 1452 843 manutentione
1477 811 1621 844 locorum
1646 811 1803 844 Indiarum
1821 821 1910 855 prae-

1169 862 1323 896 dictarum
1349 863 1495 896 eumdem
1520 864 1699 908 Philippum
1724 875 1832 907 regem
1856 864 1909 897 ali-

1169 927 1231 959 quo
1249 917 1341 949 etiam
1361 917 1507 950 subsidio
1533 917 1719 951 coadiuvare
1744 917 1908 959 voluerint,

1168 970 1436 1013 praesidentibus,
1462 971 1649 1004 officialibus
1681 976 1711 1004 et
1736 971 1908 1011 ministris,

1922 230 1972 257 An.
1993 230 2021 258 C.
2039 230 2105 258 1620

1168 1023 1278 1066 quovis
1302 1024 1397 1057 modo
1421 1025 1620 1068 nuncupatis,
1642 1025 1784 1057 eamdem
1806 1024 1909 1068 gabel-
1938 1054 1941 1055 γ

1168 1076 1231 1108 lam
1249 1077 1287 1120 (si
1304 1088 1399 1120 quam
1420 1088 1515 1121 super
1535 1088 1628 1111 carne
1645 1083 1675 1111 et
1695 1078 1766 1111 vino
1784 1078 1908 1121 publice

1168 1130 1318 1171 emendis,
1343 1136 1377 1163 ut
1401 1132 1587 1174 praefertur,
1604 1142 1639 1164 ac
1664 1132 1738 1164 alias
1764 1132 1858 1165 modo
1878 1137 1906 1164 et

1168 1184 1269 1217 forma
1293 1184 1486 1227 praemissis,
1512 1189 1540 1218 et
1565 1185 1644 1217 infra
1669 1185 1852 1218 sexennium
1876 1190 1909 1217 ut

1168 1238 1346 1280 praefertur
1383 1239 1651 1281 computandum,
1687 1239 1725 1272 ad
1762 1239 1907 1272 effectum

1167 1291 1375 1334 praemissum
1396 1292 1565 1334 dumtaxat,
1588 1292 1619 1324 in
1634 1292 1702 1325 aliis
1722 1292 1907 1333 civitatibus,

1169 1344 1260 1376 terris
1284 1350 1313 1377 et
1338 1345 1414 1378 locis
1440 1346 1582 1388 ipsorum
1607 1356 1780 1388 regnorum
1798 1346 1908 1378 Portu-

1167 1398 1279 1439 galliae
1304 1403 1333 1430 et
1357 1399 1591 1441 Algarbiorum,
1606 1410 1685 1442 quac
1706 1405 1809 1432 tamen
1833 1399 1908 1432 insi-

1149 1446 1232 1483 *mul
1257 1462 1320 1484 non
1344 1452 1493 1490 excedant
1517 1463 1672 1484 summam
1697 1452 1831 1485 aliorum
1856 1452 1910 1485 du-

1167 1509 1331 1536 centorum
1357 1505 1490 1537 millium
1515 1504 1727 1538 cruciatorum
1754 1505 1908 1545 valorem,

1167 1562 1337 1589 scutorum.
1360 1558 1568 1590 ducentorum
1601 1558 1733 1590 millium
1766 1562 1908 1592 monetae

1168 1621 1315 1643 romanae
1343 1611 1520 1654 praedictae
1556 1616 1589 1643 ut
1625 1611 1801 1654 praefertur
1836 1622 1909 1644 con-

1167 1662 1372 1703 stituentium,
1391 1664 1431 1696 ita
1455 1670 1489 1696 ut
1513 1664 1671 1707 praedicta
1695 1664 1826 1706 gabella,
1844 1668 1905 1698 tam

1166 1716 1298 1748 civitatis
1323 1717 1559 1757 Ulisbonensis,
1585 1728 1677 1760 quam
1708 1717 1800 1750 etiam
1829 1728 1906 1761 qua-

1166 1780 1373 1813 rumcumque
1398 1770 1529 1802 aliarum
1556 1771 1726 1811 civitatum,
1748 1776 1905 1809 terrarum

1166 1828 1194 1855 et
1219 1823 1360 1856 locorum
1395 1824 1603 1866 Pol-tugalliae
1628 1829 1657 1856 et
1682 1823 1906 1866 Algarhiorum

1166 1887 1337 1919 regnorum
1354 1877 1545 1917 huiusmodi,
1564 1877 1691 1910 insimul
1710 1883 1740 1910 et
1756 1878 1786 1909 in
1803 1882 1904 1910 totum

1146 1939 1320 1962 *summam
1346 1930 1648 1974 quadringentorum
1673 1931 1807 1963 millium
1833 1941 1905 1963 eru-

1165 1983 1317 2015 ciatorum
1348 1994 1401 2016 seu
1434 1989 1594 2016 scutorum
1627 1988 1770 2016 monetae
1800 1993 1905 2016 roma-

1164 2046 1220 2068 nae
1245 2047 1307 2069 non
1333 2036 1493 2077 excedam
1518 2036 1638 2079 imponi
1663 2036 1839 2078 contigerit,
1857 2037 1905 2068 vel

1164 2089 1335 2131 respective
1359 2089 1504 2133 imposita
1529 2089 1580 2131 sit)
1602 2089 1694 2121 etiam
1719 2099 1736 2121 a
1760 2088 1904 2132 personis

1164 2142 1401 2181 ecclesiasticis,
1426 2147 1488 2173 tam
1515 2141 1709 2174 secularibus
1737 2152 1832 2185 quam
1859 2152 1905 2174 re-

1163 2195 1335 2237 gularibus,
1360 2195 1585 2238 cuiuscumque
1609 2194 1778 2237 dignitatis,
1795 2200 1903 2235 statuS,

1163 2248 1300 2289 gradus,
1330 2248 1449 2280 ordinis
1475 2252 1504 2279 et
1529 2247 1716 2280 conditionis
1749 2248 1902 2288 existant,

1163 2301 1254 2333 etiam
1280 2301 1442 2344 exemptis,
1470 2305 1498 2334 et
1522 2302 1759 2344 quomodolibet
1783 2301 1904 2344 qualifi-

1162 2355 1247 2396 catis,
1266 2354 1371 2387 vinum
1391 2360 1420 2386 ct
1437 2365 1574 2395 carnem,
1595 2360 1629 2387 ut
1646 2355 1833 2398 praefertur,
1850 2365 1903 2398 pu-

1161 2407 1240 2439 blice
1258 2407 1445 2447 ementibus,
1466 2408 1584 2451 absque
1608 2408 1672 2441 ullo
1693 2407 1902 2441 conscientiae

1161 2461 1320 2504 scrupulo,
1335 2466 1387 2493 aut
1400 2471 1605 2494 censurarum
1620 2467 1650 2494 et
1666 2472 1840 2506 poenarum
1855 2472 1902 2494 ec-

1161 2514 1403 2547 clesiasticarum
1419 2514 1558 2556 incursu,
1569 2520 1598 2548 et
1611 2515 1743 2548 durante
1754 2514 1901 2547 sexennio

1195 2587 1207 2613 1
1227 2586 1293 2613 Male
1309 2591 1339 2612 ut
1353 2590 1417 2622 puto
1429 2586 1494 2613 edit.
1509 2586 1587 2614 Maia.
1599 2587 1664 2623 legit
1678 2587 1827 2619 excedant,
1838 2594 1902 2614 nam

1160 2632 1194 2660 de
1207 2631 1314 2667 gabella
1328 2633 1416 2667 agitur
1429 2633 1468 2667 (R.
1484 2632 1533 2668 T.).

2202 2922 2221 2950 ol
