2226 3235
82 228 135 256 An.
151 227 179 255 C.
199 227 267 255 1628

104 2470 225 2492 Mandatum
236 2470 261 2492 do

78 2497 180 2522 parendo.

888 227 1031 251 URBANUS
1064 227 1120 251 vm
1144 227 1192 251 PP-

280 279 484 319 exequantur,
502 284 573 307 cum
594 274 689 307 simili
706 275 753 307 vel
778 275 909 308 limitata
929 276 1021 308 sacul-

280 333 342 361 tate
366 328 556 372 deputandi,
584 338 620 360 ac
651 328 744 361 etiam
769 328 1019 371 quibuscumque

279 381 557 424 gubernatoribus,
584 381 770 414 officialibus
795 386 825 414 ct
849 382 917 414 aliis
937 382 1020 424 Apo-

280 434 407 467 stolicae
433 434 520 467 Sedis
545 434 715 474 ministris,
741 435 932 478 ubicumque
960 434 1021 466 exi-

280 489 443 529 stentibus,
469 494 561 532 atque
586 489 878 529 communitalilms,
898 488 1020 520 univer-

280 542 434 584 sitatibus,
455 552 491 575 ac
509 542 601 574 etiam
616 542 859 585 particularibus
876 541 1020 585 personis

281 595 311 627 in
339 594 507 628 territoriis
532 594 744 635 Ferrariensi,
774 594 961 627 Bononiensi
991 599 1020 626 et

280 648 460 692 provinciae
489 648 712 681 Romandiolae
747 654 777 681 et
814 648 1021 691 ipsaruimnct

280 701 439 735 civitatum
465 701 670 735 Bononiensis
698 706 727 734 et
752 700 970 740 Ferrariensis,
987 704 1020 734 111,

280 755 385 788 omnia
403 760 433 787 et
452 755 585 798 singula,
603 766 661 798 per
687 759 715 788 te
741 755 823 787 circa
848 754 1020 797 praemissa

280 808 453 841 ordinanda
483 813 513 841 et
537 808 715 848 statuenda,
740 807 862 840 debitae
888 817 1021 850 exequu-

281 862 358 895 tioni
389 861 579 894 demandare
610 866 802 905 procurent,
832 860 1019 893 auctoritate

279 916 389 948 nostra
406 914 589 954 mandandi;
610 925 645 947 ac
663 913 877 946 inobedientes
905 923 1020 957 oppor-

280 968 364 1001 tunis
388 967 465 1000 iuris
489 972 519 1000 et
542 967 612 1000 sacti
637 966 794 1007 remediis,
821 976 1020 1010 quacumque

280 1021 489 1066 appellatione
514 1025 544 1053 et
574 1030 706 1053 recursu
738 1019 942 1063 postpositis,
967 1030 1019 1053 co-

280 1075 373 1119 gendi
398 1080 428 1107 et
452 1074 678 1118 compellendi,
696 1083 859 1116 unumque
883 1073 931 1106 vel
955 1074 1020 1117 plu-

239 1139 242 1142 ’
279 1139 330 1163 res
355 1127 561 1172 depositarios
578 1132 608 1160 et
624 1132 785 1160 exactores
802 1132 944 1159 taxarum
964 1138 1020 1170 per

280 1188 309 1216 te
322 1188 352 1216 et
364 1187 418 1215 tuo
430 1182 575 1215 mandato
588 1182 801 1215 faciendarum
817 1182 855 1214 ab
869 1182 1020 1216 interesse

280 1235 467 1270 habentibus
483 1235 671 1279 supradictis
687 1235 912 1278 exigendarum
927 1236 1020 1279 depu-

281 1289 381 1329 tandi,
399 1295 496 1333 utque
510 1289 645 1322 fideliter
665 1290 697 1322 in
713 1300 792 1333 opus
813 1289 1019 1333 praedictum,

281 1348 311 1376 et
335 1353 398 1376 non
426 1343 457 1375 in
484 1343 580 1375 alium
609 1354 713 1384 usum,
745 1348 952 1387 exponantur,
982 1343 1020 1376 ab

282 1395 398 1428 eisdem
423 1395 621 1439 depositariis
654 1406 709 1429 scu
733 1396 932 1429 exactoribus
958 1397 1021 1429 1110-

282 1458 373 1481 neam
391 1448 567 1481 cautionem
592 1448 778 1492 recipiendi,
803 1449 940 1493 insuper,
961 1461 1020 1493 pro

282 1501 363 1534 felici
384 1502 513 1534 huiusce
533 1502 636 1545 operis
662 1503 907 1546 prosequutione
924 1508 951 1535 et
973 1514 1021 1536 ex-

281 1553 450 1597 peditione,
466 1564 530 1587 non
551 1555 652 1587 solum
681 1556 841 1598 praedicta
866 1555 970 1588 omnia
991 1561 1020 1588 et

281 1606 404 1649 singula
431 1617 467 1640 ac
496 1607 621 1640 decreta
646 1607 719 1640 dicti
743 1607 909 1641 Clementis
933 1619 1020 1652 prae-

280 1660 453 1693 decessoris
476 1660 614 1704 desuper
638 1661 721 1694 edita
745 1664 775 1694 et
797 1661 828 1693 in
854 1661 913 1694 illis
933 1672 1020 1705 prae-

280 1712 396 1756 scripta
420 1723 637 1757 quaecumque
658 1724 721 1747 non
746 1714 899 1756 servandi,
926 1720 955 1747 et
980 1714 1018 1748 ab

280 1766 323 1800 eis
347 1766 535 1807 recedendi,
563 1777 672 1800 verum
699 1768 803 1800 onmia
828 1772 857 1800 et
882 1768 1017 1810 singula,

279 1820 371 1853 etiam
396 1820 427 1852 in
451 1820 496 1853 eis
519 1831 583 1853 non
607 1824 772 1862 contenta,
802 1825 832 1855 et
856 1832 937 1864 quae
961 1822 1018 1854 tibi

279 1873 515 1917 quomodolibet
538 1874 715 1907 necessaria
735 1878 765 1908 et
784 1880 961 1918 opportuna
979 1875 1018 1908 vi-

278 1928 436 1960 debuntur
461 1928 596 1971 <etiamsi
621 1928 692 1960 talia
721 1928 782 1962 sint
813 1929 860 1961 vel
892 1929 1017 1969 suerint,

277 1981 315 2014 de
338 1981 453 2024 quibus
477 1981 630 2025 specialis,
649 1982 794 2026 specifica
818 1987 848 2014 et
872 1992 1018 2026 expressa

278 2035 395 2068 mentio
420 2035 561 2068 habenda
586 2036 690 2079 soret),
716 2046 838 2068 necnon
864 2036 957 2068 etiam
983 2047 1017 2069 ca

276 2100 356 2133 quae
370 2089 563 2122 venerabiles
576 2090 689 2122 fratres
704 2090 803 2123 nostri
817 2090 845 2122 S.
861 2091 895 2122 R.
906 2090 938 2122 E.
953 2100 1018 2122 car-

277 2143 396 2175 dinales
419 2153 513 2186 super
544 2143 633 2187 aquis
666 2143 848 2176 huiusmodi
880 2143 1017 2187 deputati

276 2197 378 2229 facere
397 2202 538 2240 possunt,
566 2198 710 2239 faciendi,
732 2197 865 2238 dicendi,
886 2197 1016 2240 gerendi

277 2255 306 2283 et
326 2250 507 2293 exequendi,
522 2261 593 2284 cum
609 2251 679 2291 boc,
696 2251 780 2295 quod
801 2251 839 2284 de
856 2251 1015 2291 faciendis,

276 2303 422 2346 gerendis
436 2308 466 2335 et
479 2304 668 2347 exequendis
682 2315 738 2348 per
756 2310 785 2337 te
802 2304 911 2347 vigore
929 2316 1017 2348 prae-

276 2356 412 2390 sentium
430 2357 548 2390 nemini
571 2363 794 2402 praeterquam
813 2359 870 2392 soli
889 2359 952 2392 Deo
969 2370 1016 2392 ra-

276 2410 394 2443 tionem
417 2410 550 2443 reddere
566 2412 711 2445 tenearis.

321 2463 335 2507 §
360 2463 388 2497 9.
414 2464 451 2496 Et
479 2464 683 2498 nihilominus
711 2465 832 2499 dilectis
856 2465 929 2499 siliis
959 2475 1016 2509 gu-

276 2517 508 2559 bernatoribus,
530 2517 715 2552 officialibus
733 2523 761 2553 et
778 2519 939 2561 ministris,
959 2530 1017 2553 nec

275 2580 340 2604 non
371 2571 670 2612 communitatibus,
702 2573 958 2606 universitatibus
987 2579 1017 2607 et

275 2623 518 2667 particularibus
531 2625 674 2668 personis
689 2625 950 2670 quibuscumque,
969 2637 1015 2660 ee-

1055 276 1201 318 terisque,
1221 274 1258 307 ad
1284 284 1364 318 quos
1388 278 1506 317 spectat
1527 277 1556 307 et
1580 274 1742 317 spectabit,
1759 280 1793 306 ut

1055 327 1108 359 tibi
1134 328 1165 359 in
1189 328 1335 360 omnibus
1369 332 1517 371 prompte
1541 326 1701 363 obediant,
1731 332 1793 358 1113-

1054 390 1113 423 que
1129 380 1211 412 iussa
1227 385 1430 423 exequantur,
1445 390 1500 423 per
1515 385 1692 423 praesentes
1705 390 1793 423 prae-

1054 434 1199 477 cipimus.

1099 487 1113 529 §
1137 487 1181 519 10.
1202 487 1267 520 Non
1286 487 1483 520 obstantibus
1501 487 1663 530 quibusvis
1684 489 1794 520 consti-
1843 501 1847 506 ·

1809 529 1970 547 [1111113110111111.

1055 540 1226 572 tutionibus
1258 546 1287 573 ct
1317 541 1568 575 ordinxuiouibus
1600 542 1793 585 apostolicis,

1054 605 1089 627 ac
1106 605 1378 638 quarumcumque
1403 596 1573 637 civitatum,
1593 600 1747 629 terrarum
1765 602 1792 628 et

1055 649 1206 690 locorum,
1226 649 1319 682 etiam
1345 649 1532 687 iuramento,
1556 650 1793 683 contirumtiom:

1054 701 1300 745 3[)05101101“1,1’01
1319 703 1427 746 quavis
1452 703 1599 735 firmitate
1620 704 1679 736 alia
1704 704 1795 737 robo-

1055 756 1139 795 ratis,
1150 756 1271 788 statutis
1284 761 1312 788 et
1325 756 1612 797 consuettulinibus,
1622 758 1794 800 privilegiis

1054 819 1190 852 quoque,
1204 808 1332 843 indultis
1347 815 1377 842 ct
1394 809 1504 842 litteris
1521 811 1709 853 apostolicis,
1725 812 1794 854 qui-

1054 862 1159 894 busvis
1172 872 1207 894 cx
1223 862 1412 905 supradictis
1426 864 1714 903 communitatibus,
1728 866 1795 896 uni-

1054 914 1266 955 versitatibus,
1282 926 1404 948 necnon
1425 916 1576 957 collegiis,
1598 918 1794 951 monasteriis

1055 973 1084 1001 et
1100 969 1177 1001 locis
1196 969 1267 1012 piis,
1282 980 1317 1001 ac
1335 970 1479 1013 personis
1497 975 1559 1002 tam
1578 972 1795 1005 ecclesiasticis

1055 1033 1149 1065 quam
1179 1023 1385 1064 secularibus,
1411 1023 1638 1067 cuiuscumque
1663 1026 1793 1067 gradus,

1055 1075 1174 1108 ordinis
1206 1081 1235 1108 et
1267 1076 1456 1109 conditionis
1490 1077 1712 1120 existentilssuts,
1738 1079 1795 1111 sub

1054 1129 1307 1172 quibuscumspte
1321 1131 1482 1163 tenoribus
1497 1134 1525 1164 ct
1542 1131 1661 1172 formis
1676 1142 1710 1164 ac
1724 1143 1795 1165 cum

1054 1183 1217 1225 quibusvis
1242 1184 1389 1216 clausulis
1414 1190 1443 1217 et
1467 1184 1610 1224 decretis,
1629 1185 1659 1217 in
1677 1191 1796 1218 contra-

1055 1236 1137 1268 rium
1170 1237 1420 1280 praemissorum
1454 1238 1692 1281 quomodolibet
1726 1250 1797 1272 con-

1054 1290 1159 1331 cessis,
1186 1290 1380 1323 confirmatis
1405 1295 1435 1324 et
1458 1291 1655 1334 approbatis;
1682 1293 1796 1335 quibus

1055 1343 1201 1376 omnibus
1219 1348 1249 1376 et
1273 1343 1414 1386 singulis,
1433 1354 1543 1376 eorum
1565 1350 1689 1377 tenores
1709 1356 1796 1388 prae-

1055 1396 1193 1429 sentibus
1207 1407 1266 1439 pro
1279 1397 1370 1440 plene
1386 1402 1415 1428 ct
1435 1397 1625 1430 sufficienler
1639 1399 1795 1441 expressis

1055 1460 1090 1481 ac
1107 1449 1145 1481 de
1163 1449 1258 1481 verbo
1276 1449 1314 1481 ad
1336 1449 1467 1482 verbum
1492 1450 1617 1483 insertis
1634 1451 1795 1491 habentes,

1054 1502 1115 1534 illis
1140 1502 1215 1534 alias
1241 1502 1271 1534 in
1295 1512 1350 1535 suo
1375 1503 1489 1535 robore
1515 1505 1739 1546 litermansuris,
1757 1506 1794 1537 ad

1054 1556 1302 1599 praemissorum
1318 1556 1473 1596 effectum,
1485 1557 1541 1590 bac
1555 1557 1621 1590 vice
1635 1558 1796 1593 dumtaxat

1053 1609 1230 1653 specialiter
1258 1615 1288 1642 et
1317 1621 1466 1654 expresse
1483 1611 1686 1654 derogamus
1713 1618 1795 1645 cete-

1053 1663 1160 1708 risque
1185 1663 1353 1697 contrariis
1379 1664 1639 1708 quibuscmnque.

1097 1717 1111 1759 ξ
1136 1717 1188 1749 11.
1210 1717 1360 1750 Volumus
1378 1723 1492 1758 autem,
1509 1724 1542 1750 ut
1559 1724 1621 1750 tam
1640 1724 1681 1759 tu,
1701 1730 1794 1762 quam

1053 1770 1096 1802 tui
1117 1771 1251 1803 ministri
1277 1771 1467 1815 quicumque
1490 1772 1520 1804 in
1543 1773 1724 1815 praemissis
1746 1775 1796 1807 ad-

1053 1824 1191 1861 hibendi,
1210 1824 1263 1868 qui
1290 1825 1395 1857 clerici
1421 1825 1587 1863 extiterint,
1606 1826 1636 1858 in
1656 1827 1795 1869 negociis

1052 1882 1083 1909 et
1107 1877 1209 1910 causis
1234 1877 1450 1910 criminalibus
1470 1879 1591 1911 ratione
1610 1881 1794 1913 eorumdem

1052 1931 1299 1974 praemissorum
1336 1942 1390 1963 vos
1422 1931 1651 1972 immiscendo,
1676 1934 1794 1966 nullam

1052 1989 1219 2028 propterea
1237 1995 1401 2017 censuram
1423 1985 1665 2019 ecclesiasticam
1681 1993 1734 2019 aut
1753 1988 1794 2020 ir-

1053 2038 1262 2080 regularitatis
1288 2044 1393 2071 notam
1421 2039 1599 2081 incurratis,
1622 2040 1794 2075 dmnmodo

1051 2102 1068 2123 a
1093 2092 1246 2124 sententia
1272 2092 1433 2135 sanguinis
1462 2104 1520 2136 per
1551 2093 1634 2137 ipsos
1666 2095 1793 2127 ferenda

1051 2144 1241 2177 abstineatis.

1094 2198 1206 2232 Dalum
1231 2199 1366 2239 Romae,
1392 2199 1476 2242 apud
1497 2200 1525 2232 S.
1550 2200 1678 2233 Mariam
1698 2201 1792 2235 Maio-

1051 2262 1129 2292 rem,
1151 2251 1208 2284 sub
1230 2252 1344 2285 annulo
1368 2252 1534 2285 Piscatoris
1549 2253 1598 2286 die
1617 2264 1647 2286 1v
1668 2265 1793 2287 novem-

1051 2305 1115 2338 bris
1132 2315 1310 2345 Mncvxvlu,
1325 2306 1525 2349 pontificatus
1538 2307 1637 2339 nostri
1655 2318 1736 2341 anno
1752 2318 1790 2341 v1.

1086 2369 1147 2395 Dat.
1169 2368 1212 2396 die
1232 2369 1247 2395 4
1268 2369 1422 2396 novembris
1444 2370 1522 2401 1528,
1537 2370 1628 2405 pontif.
1647 2379 1716 2398 anno
1736 2378 1773 2398 xl.

1351 2494 1491 2527 CCCXYI.

1052 2573 1258 2616 Confirmatio
1287 2574 1475 2607 Iz'lterarmn
1499 2574 1604 2608 Pauli
1623 2576 1735 2620 Papae
1761 2576 1791 2617 V,

1093 2627 1212 2670 quibus
1237 2627 1406 2662 indultam
1430 2628 1614 2672 Hispaniae
1637 2630 1707 2673 req&
1725 2630 1790 2672 fait

1810 226 1859 252 An.
1877 225 1903 252 C.
1923 225 1991 252 1628

1837 1729 1919 1749 Iudices
1928 1730 1995 1750 eccle-

1812 1757 1891 1776 >l-tstld
1911 1756 1936 1775 fltl
1955 1757 1994 1776 hoc

1811 1783 1905 1807 «1311111311
1918 1783 1938 1802 111
1950 1789 1994 1803 sus-

1811 1815 1815 1834 Ι
1819 1816 1874 1828 11111111
1876 1815 1932 1829 ‘uictu
1954 1816 1994 1830 [11111

1812 1836 1905 1855 111111111111
1921 1842 1940 1856 in
1956 1842 1994 1856 rri-

1811 1863 1922 1882 minalibus
1947 1868 1969 1888 pr

1811 1889 1913 1909 cedendo.
