2226 3235
92 251 141 278 An.
159 251 187 278 C.
209 250 279 278 ¹630

117 899 167 920 Cum
187 899 274 920 faculta-

92 926 155 950 tubus,
170 932 225 952 quae
240 927 274 948 hle

91 952 218 974 indicantur.

898 250 1039 274 t'RBANtts
1065 251 1121 274 vul
1145 252 1191 274 ΙΨ.

288 298 448 343 expeditas
462 297 603 341 litteras⁴,
617 298 821 332 benedicente
841 299 973 333 Domino
987 309 1033 332 ee-

288 351 475 385 lebrandum
501 351 557 391 sit,
582 362 639 385 nos
664 352 836 396 cupientes,
861 357 895 385 ut
915 352 1031 395 capitu-

290 406 353 438 lum
379 404 560 438 huiusmodi
586 411 670 438 recte
695 411 725 438 ct
750 405 884 438 fideliter
915 405 953 438 ad
978 405 1031 437 Dei

289 458 423 500 laudem,
443 458 649 501 eiusdemque
674 458 837 502 hospitalis
866 458 1030 491 utilitatem

289 511 477 551 celebretur,
495 516 534 551 te,
552 511 605 554 qui
627 511 803 554 haereticae
824 511 984 555 pravitatis
1001 511 1031 543 in

289 564 389 597 insula
403 564 554 597 lllelitensi
569 564 736 607 inquisitor
750 565 905 607 generalis
915 565 1031 605 existis,

289 623 319 650 et
343 617 381 650 de
406 617 497 650 cuius
513 616 585 657 fide,
605 617 730 661 pietate,
750 617 920 661 prudentia
939 622 968 650 et
987 627 1033 650 re-

290 670 415 713 ligionis
428 670 495 703 zelo
511 669 683 714 plurimum
706 670 736 703 in
758 670 890 704 Domino
906 670 1033 704 conlidi-

289 734 368 764 mus,
382 733 476 767 super
493 723 651 756 sexdecim
670 723 955 768 compromissariis
973 723 1032 756 ele-

289 776 356 819 ctis,
377 777 441 810 sive
454 776 561 820 plures
576 777 691 810 suerint
703 777 853 821 deputati,
871 781 978 810 nostro
1003 781 1032 809 et

290 830 486 874 Apostolicae
504 829 592 863 Sedis
615 830 743 863 nomine
766 829 1010 873 praesidentem,

333 884 348 926 ξ
372 883 402 916 ⁶3.
427 883 504 917 Cum
529 883 724 923 auctoritate,
749 881 960 922 facultatibus,
985 882 1032 915 iu-

290 936 491 978 risdictione,
516 936 690 970 honoribus
710 940 740 969 et
769 935 929 976 oneribus,
949 935 1032 968 simi-

291 990 372 1022 libus
396 988 648 1034 praesidentibus
673 989 935 1033 competentibus,
952 1000 987 1022 ac
1005 1000 1034 1022 a-

292 1042 340 1076 liis
364 1043 463 1076 solitis
487 1048 517 1076 et
541 1042 708 1084 consuetis,
726 1052 763 1076 ac
790 1053 863 1075 cum
888 1043 1032 1076 facultate

290 1107 504 1140 quascumque
538 1096 792 1141 propositiones,
830 1102 979 1130 tractatus
1004 1102 1033 1130 et

292 1150 508 1191 resolutiones,
528 1155 623 1194 prout
641 1150 753 1183 melius
778 1150 809 1182 in
828 1150 962 1184 Domino
979 1161 1032 1183 ex-

290 1203 399 1248 pedire
424 1203 621 1244 indicaveris,
643 1203 844 1248 impediendi,
861 1203 1032 1237 terminum

290 1256 468 1300 quindecim
493 1256 615 1289 dierum
645 1266 707 1290 non
733 1257 919 1290 feriatorum
943 1256 1032 1291 dictis

291 1310 575 1355 compromissariis
591 1321 651 1354 pro
671 1311 874 1355 expediendis
892 1311 1032 1354 negociis

290 1363 329 1396 ad
347 1363 430 1397 aliud
448 1363 503 1396 tibi
519 1363 701 1397 benevisum
717 1363 902 1397 extendendi
920 1370 947 1397 et
964 1374 1033 1408 pro-

291 1417 434 1461 rogandi,
450 1417 551 1450 dictos
567 1417 735 1459 sexdecim,
753 1423 783 1450 et
802 1417 909 1461 plures
926 1417 951 1450 si
969 1418 1034 1451 sue-

292 1470 364 1511 rint,
384 1474 414 1504 et
429 1470 507 1503 alios
527 1470 559 1503 in
583 1469 674 1503 dictis
696 1470 889 1504 sessionibus
906 1470 1034 1504 interes-

292 1528 393 1556 sentes
400 1523 532 1567 cogendi
541 1523 579 1556 ad
589 1523 799 1556 iuramentum
808 1523 1031 1567 praestandum

291 1576 329 1608 de
353 1586 416 1609 non
440 1575 607 1609 revelando
632 1586 688 1609 seu
712 1576 889 1617 indicando,
915 1576 1031 1619 verbo,

291 1628 419 1673 scripto,
433 1629 533 1673 signo,
547 1639 602 1662 seu
619 1629 698 1663 alios
713 1629 824 1673 quovis
841 1629 945 1671 inodo,
962 1640 1033 1674 pro-

291 1682 462 1727 positiones
474 1709 482 1724 ,
515 1686 663 1716 tractatus
699 1687 729 1716 et
760 1683 968 1716 resolutiones
1001 1684 1032 1716 in

291 1736 382 1771 dictis
413 1736 606 1769 sessionibus
625 1736 785 1770 habendas
805 1742 835 1770 et
853 1737 1010 1771 faciendas
1023 1737 1033 1754 ‘³

293 1790 391 1823 cuivis
408 1800 574 1835 personae,
594 1789 687 1823 etiam
705 1790 737 1823 in
753 1791 862 1834 quavis
882 1791 1033 1835 dignitate

293 1844 488 1885 constitutae,
509 1848 731 1888 praeterquam
748 1844 847 1878 ,dictis
872 1845 979 1879 electis
1004 1849 1034 1879 et

293 1897 561 1938 interessentibus,
586 1897 643 1930 sub
669 1897 779 1941 poenis
800 1898 987 1939 arbitrariis,
1006 1910 1033 1932 e-

293 1951 367 1984 tiam
392 1950 726 1985 excommunicationis
749 1951 827 1984 latae
852 1953 1032 1994 sententiae,

293 2006 392 2040 donec
409 2010 513 2038 tamen
530 2015 641 2038 eorum
657 2005 799 2039 omnium
815 2006 986 2049 publicatio
1003 2007 1033 2039 in

294 2059 428 2104 capitulo
438 2059 576 2103 generali
591 2059 670 2092 sacta
684 2059 787 2101 suerit,
802 2060 971 2104 capitulum
985 2070 1035 2103 ge-

293 2112 410 2153 nerale,
417 2112 550 2156 septima
560 2112 609 2145 die
619 2112 757 2146 octobris
766 2112 988 2154 inchoandum,
996 2113 1034 2146 ad

294 2166 386 2198 aliam
411 2165 505 2206 diem,
522 2165 548 2198 si
569 2165 623 2198 tibi
643 2165 810 2207 videbitur,
830 2166 1034 2210 prorogandi,

295 2224 335 2258 et,
349 2218 474 2262 quando
498 2218 529 2251 in
553 2218 643 2252 dictis
667 2219 857 2252 sessionibus
881 2230 1031 2264 compro--

295 2271 513 2305 missariorum
528 2272 678 2306 interesse
694 2273 884 2316 nequiveris,
898 2273 1034 2318 aliquam

295 2335 462 2370 personam
483 2325 538 2358 tibi
558 2326 738 2359 henevisam
758 2326 789 2359 in
811 2327 855 2360 tui
874 2327 979 2370 locum
996 2328 1034 2361 ad

295 2379 476 2413 huiusmodi
493 2390 607 2413 munus
623 2380 803 2414 obeundum
816 2380 1035 2423 substituendi,

296 2434 468 2478 apostolica
485 2433 679 2475 auctoritate,
689 2440 797 2468 tenore
810 2436 1035 2479 praesentium,

295 2488 437 2529 sacimuS,
451 2488 670 2522 constituimus
686 2494 716 2522 et
729 2489 924 2533 deputamus.

327 2568 342 2593 ⁴1
367 2566 437 2598 Quas
460 2566 554 2594 deesse
575 2570 640 2602 puto
659 2568 700 2602 (n.
716 2569 764 2602 T.).

329 2611 346 2638 *2
356 2611 423 2639 Male
434 2611 478 2639 ed.
489 2611 570 2639 Main.
582 2613 635 2648 leg.
643 2612 898 2648 propositionibus,
909 2614 1036 2642 tractati-

295 2656 345 2685 bus
352 2660 379 2686 et
386 2657 629 2688 resolutionibus...
637 2659 776 2688 habendis
784 2661 810 2687 et
817 2659 1035 2695 faciendisms).

1710 243 1765 277 131

1111 299 1125 341 ξ
1157 299 1186 331 3.
1212 300 1314 344 Teque
1347 300 1377 333 in
1411 300 1542 334 Domino
1578 301 1743 333 hortamur
1779 308 1805 333 et

1066 362 1243 392 monemus,
1268 357 1300 386 ut
1325 353 1480 387 sessiones
1502 353 1654 397 praefatas
1677 354 1807 387 feliciter

1066 415 1188 447 regere,
1203 410 1232 437 et
1257 406 1287 438 in
1313 406 1373 438 illis
1393 407 1508 448 onmia,
1526 417 1604 450 quac
1621 406 1659 439 ad
1680 418 1807 451 prospe-

1066 467 1136 490 rum
1162 459 1257 490 totius
1281 458 1443 502 hospitalis
1468 463 1592 497 statum,
1611 457 1753 503 regimen
1777 466 1804 493 et

1066 510 1255 553 gubernium
1274 512 1430 554 pertinere
1456 513 1652 553 indicaveris,
1668 513 1804 555 decerni,

1066 563 1156 597 statui
1175 569 1204 596 et
1222 564 1372 605 ordinari,
1391 576 1481 598 cures
1497 572 1526 599 ct
1543 567 1645 599 t'ucias.

1111 617 1179 659 §i
1214 617 1392 650 Mandantes
1427 625 1595 662 propterea
1631 620 1661 652 in
1693 621 1805 654 virtute

1067 675 1191 703 sanctae
1215 670 1411 704 obedientiae
1428 672 1548 705 dilectis
1573 673 1645 706 liliis
1665 674 1805 707 ciusdem

1067 722 1228 766 hospitalis
1249 734 1364 767 magno
1389 725 1551 768 magistro,
1570 726 1740 770 prioribus,
1758 727 1807 759 ba-

1067 775 1180 817 iulivis,
1204 778 1473 821 praeceptoribus,
1498 788 1552 812 seu
1578 780 1807 813 commendata-

1067 829 1132 870 riis,
1153 830 1329 875 ceterisque
1354 832 1514 874 fratribus,
1531 843 1731 877 quocumque
1756 845 1809 867 no-

1067 883 1151 916 mine
1176 885 1374 928 nuncupatis,
1391 889 1421 919 et
1446 886 1624 930 specialiter
1650 888 1808 921 vocalibus·

1067 936 1098 968 in
1123 936 1206 970 dicto
1231 938 1368 981 capitulo
1393 944 1422 971 et
1448 939 1642 973 sessionibus
1668 951 1805 984 congre-

1067 989 1156 1032 gatis,
1184 991 1314 1034 aliisque
1339 991 1377 1023 ad
1402 1001 1480 1034 quos
1506 998 1636 1036 spectat,
1656 998 1690 1027 ut
1721 999 1749 1027 te
1779 994 1807 1026 in

1067 1043 1253 1076 eorumdem
1289 1044 1446 1077 sexdecim
1471 1045 1535 1078 sire
1559 1046 1699 1089 plurium
1723 1057 1809 1080 coni-

1067 1096 1346 1139 promissariorum
1372 1097 1556 1131 electorum¹
1577 1105 1686 1132 nostro
1711 1105 1737 1133 et
1765 1101 1809 1133 di-

1067 1155 1135 1183 ctae
1151 1150 1239 1184 Sedis
1259 1151 1385 1185 nomine
1404 1152 1634 1195 praesidentem
1656 1154 1804 1198 recipiant

1067 1210 1259 1246 reverenter,
1281 1205 1409 1250 tibique,
1430 1217 1465 1239 ac
1489 1218 1546 1250 per
1571 1213 1598 1241 te
1623 1208 1808 1242 substituent<

1068 1257 1125 1290 dae
1148 1268 1302 1301 personae
1326 1259 1517 1302 huiusmodi,
1545 1261 1574 1293 in
1600 1262 1746 1294 omnibus
1770 1263 1806 1294 ad

1067 1311 1274 1354 praesidentis
1291 1312 1471 1346 huiusmodi
1496 1314 1635 1347 officium
1655 1315 1808 1358 pertinen-

1068 1364 1150 1397 tibus
1167 1371 1306 1409 pareant,
1322 1366 1467 1399 obediant
1482 1372 1511 1400 et
1525 1368 1680 1409 assistant,
1695 1374 1808 1413 tuaque

1067 1423 1095 1451 et
1121 1419 1261 1452 eiusdem
1290 1413 1446 1463 personaev
1477 1421 1613 1454 salubria
1638 1422 1756 1456 monita
1780 1429 1806 1455 et

1067 1472 1151 1504 iussa
1174 1472 1347 1516 suscipiant
1371 1479 1562 1515 reverenter,
1587 1480 1615 1507 et
1640 1475 1809 1509 efficaciter

1066 1525 1239 1569 adimplere
1263 1532 1445 1569 procurent.

1112 1579 1168 1622 ξῖ).
1190 1580 1257 1612 Non
1275 1580 1469 1614 obstantibus
1487 1582 1762 1616 constitutionibus
1780 1590 1808 1617 ct

1067 1632 1316 1667 ordinationibus
1339 1635 1529 1678 apostolicis,
1547 1635 1683 1680 dictique
1708 1637 1811 1681 hospi-

1069 1687 1147 1729 talis,
1167 1688 1353 1729 iuramento,
1371 1689 1610 1723 confirmatione
1627 1691 1809 1734 apostolica,

1067 1741 1116 1773 rel
1134 1741 1243 1784 quavis
1267 1742 1415 1775 firmitate
1429 1743 1489 1775 alia
1508 1744 1676 1780 roboratis,
1691 1745 1811 1778 statutis

1068 1800 1097 1827 et
1121 1796 1421 1836 consuetudinibus,
1442 1797 1675 1839 stabilimentis,
1701 1799 1810 1832 usibus

1068 1853 1098 1881 et
1116 1849 1247 1889 naturis,
1273 1849 1448 1893 privilegiis
1472 1861 1609 1895 quoquc,
1635 1851 1762 1886 indultis
1782 1859 1810 1885 et

1068 1901 1180 1935 litteris
1204 1903 1406 1946 apostolicis,
1436 1903 1466 1935 in
1500 1905 1694 1937 contrarium
1724 1916 1811 1949 prae-

1069 1955 1238 1989 missorum
1259 1956 1497 2000 quomodolibet
1513 1957 1682 1997 concessis,
1700 1959 1811 1992 confir-

1069 2009 1181 2051 matis,
1211 2010 1392 2053 approbatis
1429 2015 1459 2043 et
1495 2010 1665 2051 innovatis,
1697 2012 1810 2055 quibus

1069 2061 1215 2095 omnibus
1228 2068 1256 2095 et
1277 2063 1418 2106 singulis,
1438 2063 1564 2096 illorum
1583 2069 1708 2098 tenores
1724 2076 1811 2109 prae-

1070 2114 1210 2147 sentibus
1234 2126 1291 2159 pro
1320 2117 1412 2160 plene
1428 2122 1458 2149 et
1478 2117 1669 2152 sufficienter
1687 2128 1810 2162 expres-

1069 2168 1110 2201 sis
1138 2179 1174 2201 ac
1202 2169 1241 2201 de
1272 2169 1368 2203 verbo
1393 2170 1432 2203 ad
1455 2171 1586 2204 verbum
1612 2171 1736 2206 insertis
1761 2173 1811 2206 lia-

1069 2221 1187 2263 bentes,
1207 2222 1266 2255 illis
1291 2223 1367 2256 alias
1391 2224 1423 2256 in
1448 2234 1504 2257 suo
1530 2225 1644 2258 robore
1664 2236 1809 2269 perman-

1070 2275 1161 2316 suris,
1179 2276 1217 2308 ad
1234 2277 1480 2320 praemissorum
1498 2278 1654 2319 effectum,
1670 2279 1728 2312 hac
1745 2280 1810 2312 rice

1070 2329 1230 2363 dumtaxat
1254 2330 1430 2374 specialiter
1455 2337 1485 2363 ct
1513 2342 1659 2375 expresse
1683 2332 1811 2375 deroga-

1070 2393 1149 2422 musss,
1168 2383 1342 2427 ceterisque
1366 2384 1532 2417 contrariis
1549 2384 1809 2429 (plibuscumque.

1114 2437 1224 2470 Datum
1250 2438 1377 2479 Romae,
1401 2438 1484 2482 apud
1501 2439 1530 2472 S.
1556 2439 1684 2471 Mariam
1709 2439 1806 2472 Maio-

1070 2501 1147 2533 rem,
1166 2491 1223 2524 sub
1242 2492 1358 2524 annulo
1372 2491 1550 2532 piscatoris,
1568 2491 1618 2524 die
1637 2502 1668 2525 ιί
1685 2494 1809 2536 augusti

1039 2553 1044 2558 ·
1070 2555 1210 2585 Mncxxx,
1228 2545 1428 2588 pontificatus
1442 2546 1541 2579 nostri
1556 2555 1637 2579 anno
1655 2556 1720 2579 viu.

1106 2598 1163 2625 Dat.
1181 2598 1223 2625 die
1240 2598 1255 2625 6
1275 2598 1381 2633 augusti
1400 2598 1474 2631 1630,
1497 2599 1591 2638 pontif.
1609 2607 1678 2626 anno
1699 2606 1753 2626 vnt.

1108 2662 1118 2688 l
1136 2660 1201 2689 Male
1217 2659 1281 2688 edit.
1299 2660 1378 2688 lllain.
1395 2660 1458 2697 legit
1473 2661 1638 2690 electionem
1658 2662 1746 2697 (mn).

1818 254 1866 279 λιι.
1886 255 1912 279 tl,
1938 254 2003 281 1630

1846 316 1910 335 Adtnu
1919 318 1968 336 tum
1980 318 2005 336 ,ιιι

1823 343 1925 363 muntem,
1937 346 1956 362 ul
1971 344 2007 363 lm-

1823 375 1870 389 uum
1919 370 2005 390 ιιιιΙιιι.ιιι

1823 398 1889 417 rutel.

1849 634 1968 655 Mandatum
1980 634 2005 653 ·l›x

1822 668 1840 681 ci
1857 662 1955 687 patendo.

1840 1595 1874 1614 lm
1882 1598 1951 1617 ugano
1961 1601 2009 1616 con-

1824 1624 1863 1642 trat
1870 1628 1943 1642 mrum.
