2248 3229
55 246 154 276 Anac.
175 245 247 276 ¹63⁶

107 1271 242 1292 enndtuonoes

59 1298 167 1319 nonnullas
183 1302 242 1323 prae-

59 1327 139 1348 ια’ὼιι

870 243 1013 270 URBANUS
1038 243 1093 269 vnt
1117 244 1165 269 ΙΨ.

253 294 350 329 midio
382 303 442 340 pro
469 294 611 339 quolibet
641 294 822 328 centenario
854 300 885 327 et
913 304 994 327 anno

253 348 354 382 maius
379 348 538 389 interesse,
561 354 594 382 ut
611 359 718 393 supra,
736 347 938 392 persolvitur.
955 346 992 380 ad

253 401 398 436 effectum
422 413 475 436 aes
499 399 636 436 alienum
668 401 865 446 praedictum
899 401 995 436 extin-

252 455 379 500 guendi,
388 456 510 489 etiamsi
525 466 621 500 super
630 454 815 488 eorumdem
830 462 992 494 censuum,

252 509 396 549 locorum
421 510 575 544 montium
593 515 622 543 et
642 509 821 542 debitorum
838 507 994 541 solutione

253 567 283 598 et
305 564 495 597 extinctione
521 574 592 597 cum
614 562 844 596 mercatoribus
861 567 913 594 aut
930 560 996 605 qui—

253 615 360 649 busvis
384 616 452 649 aliis
477 616 620 660 personis
644 617 735 649 aliter
752 621 841 660 pacta
860 614 994 648 suerint'

254 679 310 702 seu
340 670 579 714 quomodolibet
612 670 845 710 contraxerint,
877 674 905 701 et
936 678 995 712 pro

254 722 323 756 aliis
346 733 458 759 eorum
483 725 725 757 occurrentibus
744 722 938 766 indigentiis,
957 722 995 755 de

253 779 362 810 nostra
379 788 662 822 successorumque
687 783 868 811 nostrorum
887 777 996 809 Roma-

254 840 368 864 norum
394 830 581 864 Pontificum
600 832 725 864 licentia
743 836 772 864 et
791 829 948 867 mandato,
966 835 996 862 et

254 894 317 918 non
341 884 426 925 alias,
445 885 636 929 participare
654 890 683 918 et
703 885 918 924 contribuere,
936 885 997 917 t'ru-

255 943 386 982 ctusque
409 938 449 971 ad
474 939 628 972 rationem
660 939 872 983 praedictam,
903 938 996 971 modo

255 998 284 1025 et
309 993 409 1026 forma
431 1003 466 1026 ac
499 992 530 1025 in
559 993 702 1026 terminis
727 993 808 1025 inl'ra
833 991 995 1032 dicendis,

255 1046 436 1089 persolvere
460 1046 589 1080 omnino
609 1057 703 1090 posse
727 1050 757 1080 et
781 1046 907 1078 debere.

300 1100 315 1143 ἓ
338 1099 368 1133 3.
395 1100 432 1133 Et
457 1100 599 1144 insuper,
621 1099 659 1132 ad
684 1099 837 1141 tollendas
862 1098 997 1132 difficul-

257 1159 344 1193 tates,
363 1164 443 1197 quae
461 1153 492 1185 in
510 1153 558 1185 liis
578 1157 706 1196 possent
723 1152 871 1191 suboriri,
889 1157 916 1184 et
936 1158 997 1184 tam

257 1206 518 1240 communitatum
543 1216 637 1250 quam
664 1206 885 1240 montistarum
912 1205 998 1238 inde-

258 1260 378 1294 mnitati
392 1270 428 1293 ac
441 1260 557 1304 potiori
582 1260 743 1292 securitati
760 1259 998 1299 consulendum,

259 1314 403 1347 volumus
419 1314 539 1358 pariter
562 1320 593 1347 et
617 1314 811 1354 ordinamus,
829 1314 912 1358 quod
932 1324 1000 1346 een-

259 1378 350 1401 suum
381 1368 616 1412 praedictorutu
646 1368 840 1409 creditores,
873 1368 999 1412 praevia

260 1421 392 1455 disdicta
419 1427 447 1454 et
474 1422 668 1454 intimatione
694 1432 749 1465 per
773 1422 852 1454 duos
877 1432 999 1454 menses

260 1478 349 1508 antea
374 1475 472 1518 (iuxta
497 1475 614 1511 bullam
644 1475 741 1508 l'elicis
773 1475 1000 1508 recordationis

262 1528 306 1560 Pii
332 1528 354 1560 V
378 1528 629 1572 praedecessoris
654 1528 754 1561 nostri
779 1538 874 1571 super
899 1529 998 1561 l'orma

260 1581 387 1615 creandi
411 1592 534 1622 census,
559 1591 595 1614 ac
621 1581 762 1624 ipsorum
787 1592 939 1614 censuum
960 1582 1002 1614 iu-

261 1639 508 1669 strumentorum
535 1637 668 1668 sormam
694 1641 723 1668 et
745 1635 1000 1679 dispositionem)

261 1688 412 1731 facienda,
427 1694 527 1722 sortes
545 1689 733 1732 principales
756 1689 913 1722 dictorum
933 1700 1001 1722 cen-

262 1752 353 1775 suum
385 1744 448 1776 una
484 1753 556 1775 cum
593 1742 746 1775 fructibus
778 1753 814 1775 ex
847 1749 919 1776 tunc
948 1743 1001 1775 de-

262 1797 362 1829 cursis
386 1801 416 1828 ct
439 1806 501 1829 non
525 1796 634 1829 solutis
659 1796 813 1840 recipere,
831 1807 866 1829 ac
884 1796 922 1829 dc
941 1797 1000 1829 illis

263 1849 466 1894 quietantiam
502 1850 623 1890 lacere,
659 1855 689 1882 et
724 1860 835 1882 eorum
870 1850 938 1883 iura
971 1855 1001 1883 ct

262 1903 400 1937 actiones
423 1914 641 1948 quaecumque
667 1904 845 1936 translative
877 1908 907 1937 et
939 1914 999 1937 non

263 1957 438 1997 extinctivc,
462 1968 497 1990 ac
523 1957 595 1990 talia
620 1957 722 2001 qualia
748 1958 865 1990 babent
893 1963 1002 1991 contra

263 2010 388 2043 easdem
413 2011 654 2044 communitates
679 2016 708 2043 et
734 2010 952 2043 universitates
973 2016 1003 2043 et

263 2073 479 2108 quoscumque
504 2064 582 2097 alios
615 2064 660 2097 eis
689 2064 929 2108 quomodolibet
955 2075 1003 2097 oc-

264 2117 389 2151 casione,
412 2118 568 2151 dictorum
594 2128 745 2151 censuum
773 2118 940 2161 obligatos,
965 2118 1003 2150 ad

264 2171 402 2205 savorem
427 2171 501 2205 dicti
533 2172 647 2205 montis
681 2172 827 2216 illiusque
851 2172 1003 2216 emptoris

265 2230 294 2258 et
318 2230 497 2269 emptorum
511 2231 541 2259 et
554 2226 733 2260 futurorum
758 2226 950 2259 creditorum
969 2236 1004 2258 ac

266 2279 497 2319 montistarum,
521 2279 559 2312 ad
586 2280 737 2312 maiorem
766 2290 876 2312 eorum
903 2286 1004 2313 caute-

267 2333 339 2374 lam,
356 2332 468 2366 cedere
483 2338 654 2366 teneantur.
671 2333 827 2377 Alioquin,
846 2333 870 2365 si
889 2338 1004 2367 statuto

266 2386 401 2420 termino
413 2386 635 2419 notilicationis
648 2391 679 2419 ct
697 2387 900 2420 intimationis
919 2398 1005 2431 prae-

266 2439 376 2480 dictae,
401 2446 434 2473 ut
458 2441 634 2484 praefertur
663 2440 831 2482 faciendae,
857 2441 1005 2484 pecunias

267 2493 462 2537 supradictas
476 2494 617 2537 recipere
633 2493 855 2533 recusaverint,
866 2499 917 2525 aut
930 2494 1006 2527 alias

267 2547 505 2591 quomodolibet
529 2546 707 2579 distulerint
725 2557 779 2578 seu
798 2546 1004 2588 neglexerint,

268 2607 341 2635 tunc
364 2601 515 2646 pecuniae
539 2600 717 2645 praedictae
741 2611 758 2633 a
782 2600 831 2633 dic
853 2600 929 2644 lapsi
947 2606 1006 2634 ter-

306 2666 315 2691 t
335 2664 490 2701 Legendum
501 2665 582 2700 pacti
595 2665 703 2698 suerint
719 2667 755 2696 (ιι.
772 2665 820 2697 r).

1027 293 1103 326 mini
1129 293 1159 326 in
1184 292 1362 336 depositum
1387 296 1470 325 stare
1496 290 1721 334 intelligantur,
1741 295 1771 323 et

1028 352 1118 387 stent,
1136 346 1319 379 eorumdem
1341 346 1534 379 creditorum
1560 344 1664 385 risico,
1686 343 1771 388 peri-

1028 399 1121 439 culo,
1155 400 1301 439 fortuna,
1333 399 1512 442 sumptibus
1542 403 1571 431 et
1604 396 1770 442 expensis,

1029 454 1211 496 fructusque
1237 452 1369 485 ulterius
1393 462 1455 484 non
1481 457 1620 492 currant,
1637 456 1667 484 et
1687 450 1772 494 quie-

1028 506 1141 538 tantia-2
1166 511 1196 538 et
1220 506 1378 539 cessiones
1397 505 1575 549 praedictae
1598 505 1771 548 habeantur

1029 570 1086 603 pro
1112 559 1215 599 saetis,
1239 559 1384 602 dictaque
1409 559 1479 592 iura
1501 562 1532 591 et
1555 558 1712 598 actiones,
1739 559 1791 590 ut'

1029 624 1133 657 supra,
1158 623 1246 646 cessa
1263 618 1291 645 ct
1310 613 1458 646 translata
1480 622 1547 644 esse
1568 616 1771 651 censeantur,

1029 672 1056 699 et
1076 666 1291 703 nibilominus,
1311 666 1574 710 quandocumque
1594 670 1702 708 postea
1721 664 1773 697 illa

1030 720 1216 764 receperint,
1238 720 1425 763 quietantias
1450 725 1479 752 et
1504 719 1661 752 cessiones
1685 728 1774 762 prae·

1029 774 1128 807 dictas
1152 774 1189 806 ad
1217 768 1368 807 maiorem
1395 774 1568 813 cautelam,
1587 778 1631 815 ,ut
1655 782 1772 815 supra,

1031 829 1132 861 facere
1158 834 1338 865 tetteanttu·;
1365 827 1406 860 ita
1432 833 1555 867 tamen,
1589 826 1674 870 quod
1706 825 1774 858 iura

1030 878 1190 926 praedicta
1203 893 1260 926 pro
1274 882 1457 915 cedularum
1482 881 1703 914 baneariarum
1718 890 1773 912 seu

1030 935 1263 969 fideiussorum¹
1275 935 1478 968 renovatione
1489 935 1536 968 vel
1551 933 1771 978 praestatione,

1031 991 1068 1023 ad
1086 1001 1191 1034 cpiam,
1209 1000 1264 1023 seu
1278 1000 1366 1033 quas,
1383 989 1625 1022 communitates
1642 998 1697 1020 seu
1711 986 1775 1020 uni-

1032 1044 1194 1077 versitates
1220 1043 1398 1087 praedictae
1429 1053 1462 1075 se
1493 1042 1695 1084 obligarunt,
1721 1040 1776 1074 mi-

1032 1108 1152 1141 nusque
1173 1108 1230 1141 pro
1256 1097 1410 1130 frus-tibus
1422 1097 1503 1128 ultra
1517 1096 1672 1128 rationem
1687 1097 1775 1138 prae-

1032 1151 1146 1185 dictam
1172 1161 1229 1194 pro
1253 1150 1395 1194 quolibet
1421 1149 1600 1183 centenario
1632 1153 1661 1181 et
1694 1157 1775 1180 anno

1033 1204 1194 1247 exigendis
1209 1205 1364 1237 ullatenus
1379 1203 1516 1247 experiri
1530 1207 1583 1235 aut
1599 1203 1674 1235 alias
1687 1212 1775 1234 exer-

1033 1269 1104 1291 cere
1118 1268 1180 1291 non
1194 1258 1323 1301 possint.
1338 1258 1495 1298 Ceterum,
1513 1262 1545 1289 ut
1563 1256 1656 1289 etiam
1675 1265 1775 1295 mons,

1034 1314 1077 1346 sic
1095 1324 1111 1345 a
1130 1312 1231 1352 nobis,
1257 1317 1289 1344 ut
1311 1311 1532 1355 praemittitur,
1547 1316 1671 1354 erectus
1685 1314 1715 1342 et
1733 1310 1775 1342 in-

1034 1367 1176 1406 stitutus,
1197 1377 1268 1398 suas
1294 1365 1405 1398 babeat
1437 1365 1556 1397 debitas
1581 1363 1717 1396 cautelas
1747 1368 1776 1395 et

1033 1420 1272 1463 assignationes,
1287 1425 1316 1451 et
1330 1419 1413 1451 illius
1427 1417 1636 1451 creditoribus
1650 1422 1678 1449 et
1693 1426 1777 1450 mon-

1035 1474 1113 1507 tistis
1138 1474 1168 1506 in
1194 1475 1254 1505 line
1280 1472 1447 1505 cuiuslibet
1479 1470 1640 1504 bimestris
1671 1469 1777 1502 debito

1036 1532 1175 1571 tempore
1193 1527 1243 1559 bie
1268 1527 1384 1558 Romae
1405 1525 1564 1558 fructuum
1583 1524 1697 1557 solutio
1713 1523 1776 1563 fiat,

1036 1582 1178 1615 volumus
1204 1585 1295 1625 alque
1321 1579 1498 1619 statuimus,
1523 1578 1607 1622 quod
1633 1588 1777 1611 corninu-

1035 1636 1145 1668 nitates
1170 1640 1199 1667 ct
1225 1633 1442 1666 universitates
1468 1632 1647 1676 praedictae
1676 1636 1776 1664 ratam

1035 1694 1155 1732 partem
1182 1688 1340 1720 fructuum
1367 1695 1621 1730 unamquaunpie
1638 1685 1777 1728 ipsarum

1035 1747 1230 1785 tangentem,
1257 1752 1314 1784 pro
1340 1740 1399 1772 illis
1424 1739 1499 1772 locis
1524 1744 1554 1771 et
1579 1737 1777 1782 portionibus

1034 1808 1092 1840 pro
1117 1795 1232 1839 quibus
1257 1794 1377 1828 ratione
1395 1798 1425 1826 et
1442 1795 1535 1826 causa
1555 1802 1717 1829 censuum,
1735 1792 1778 1823 lo-

1034 1861 1143 1883 corum
1169 1849 1324 1882 muntium
1351 1852 1380 1881 ct
1404 1847 1582 1879 debitorum
1605 1845 1779 1890 praedicto—

1035 1915 1104 1936 rutu
1139 1903 1168 1935 in
1202 1902 1313 1935 eodeni
1348 1906 1453 1933 monte,
1487 1905 1579 1932 erunt
1607 1899 1777 1942 participes

1036 1959 1150 1994 tactae,
1180 1960 1211 1990 ut
1240 1966 1345 1997 supra,
1375 1953 1578 1987 contribuant
1610 1953 1776 1994 integram,

1035 2011 1101 2043 sinc
1127 2010 1187 2042 utta
1213 2009 1432 2050 diminutione,
1459 2013 1487 2040 et
1512 2007 1550 2039 ab
1576 2006 1722 2039 omnibus
1747 2011 1778 2039 et

1036 2064 1166 2104 singulis
1189 2062 1348 2099 oneribus,
1374 2060 1638 2104 impositionibus,
1663 2059 1778 2093 contri-

1036 2117 1228 2157 butionibus,
1241 2116 1473 2157 collationibus,
1484 2115 1617 2155 tributis,
1629 2113 1778 2147 subsidiis

1037 2177 1065 2205 et
1079 2171 1228 2211 collectis,
1242 2182 1279 2203 ex
1293 2170 1403 2214 ‹piavis
1420 2171 1525 2207 eausa,
1543 2168 1636 2201 etiam
1651 2167 1777 2210 urgenti

1037 2230 1065 2257 et
1092 2224 1324 2267 urgentissima,
1349 2223 1442 2255 etiam
1469 2222 1556 2256 Sedis
1581 2226 1610 2253 et
1629 2221 1778 2254 Gamerae

1037 2277 1243 2322 Apostolicae„
1269 2281 1322 2309 aut
1346 2276 1439 2308 etiam
1466 2275 1728 2308 communitatum
1748 2279 1778 2307 et

1039 2331 1277 2363 universitatum
1307 2329 1562 2374 praedictarum,
1595 2327 1778 2361 necessitate

1038 2386 1130 2419 eliam
1143 2384 1267 2428 publica
1277 2389 1304 2416 et
1321 2394 1378 2427 pro
1390 2383 1449 2415 tide
1463 2382 1638 2415 orthodoxa
1651 2381 1776 2423 tuenda,

1039 2444 1068 2471 ct
1092 2437 1201 2481 quavis
1220 2437 1280 2469 alia
1299 2436 1499 2480 quantumvis
1524 2435 1712 2475 neccssaria,
1730 2444 1779 2467 co-

1039 2492 1134 2534 gitata
1159 2497 1189 2523 et
1209 2491 1378 2531 incogitata
1397 2492 1489 2522 causa
1508 2489 1659 2520 hactenus
1683 2488 1778 2521 ctiam

1039 2556 1095 2588 per
1119 2544 1246 2588 quosvis
1274 2543 1533 2587 praedecessores
1563 2547 1688 2575 nostros
1718 2541 1778 2575 Ro-

1040 2609 1148 2632 manos
1174 2598 1339 2643 Pontifices
1364 2602 1393 2630 et
1417 2607 1473 2629 nos
1494 2596 1658 2640 impositis,
1675 2601 1705 2629 et
1722 2605 1779 2640 per

1080 2663 1087 2690 l
1108 2661 1209 2689 Forsan
1226 2661 1370 2696 legendum
1386 2660 1608 2695 fideiussionnm
1624 2661 1660 2695 (n.
1678 2659 1725 2694 τε),

1675 225 1739 267 5229
1785 240 1835 269 Αιι.
1851 239 1880 269 c.
1902 239 1971 268 103⁸
