2248 3229
214 206 262 234 Ar..
283 205 310 234 c.
331 204 393 233 1631
443 195 507 229 236

239 534 395 561 Excquutorum

212 562 329 588 deputatio.

272 1862 403 1884 obstantium

219 1889 339 1916 derogatio.

410 253 503 286 etiam
529 261 692 285 causarum
717 251 822 295 palatii
843 250 1005 295 apostolici
1029 251 1148 284 audito-

409 315 470 347 res,
496 305 626 338 iudicari
645 310 675 337 et
692 304 815 336 definiri
833 304 960 345 debere,
973 314 1009 336 ac
1022 303 1146 337 irritum

410 362 440 392 et
463 358 564 398 inane,
590 359 613 390 si
639 367 728 390 secus
753 367 847 401 super
864 357 912 389 his
936 367 954 389 a
978 366 1147 400 quoquam,

410 414 517 458 quavis
531 412 727 452 auctoritate,
743 412 878 444 scienter
893 411 942 450 vel
955 410 1148 454 ignoranter,

411 467 577 509 contigerit
593 465 747 499 attentari.
786 475 790 480 ·

454 522 468 564 ξ
493 521 521 554 5.
547 521 700 559 Quocirca
729 519 850 552 dilectis
884 519 957 552 filiis
983 529 1167 552 causarum*

411 574 516 607 curiae
535 583 678 607 camerae
704 573 895 616 apostolicae
912 572 1050 615 generali
1067 571 1151 605 audi·
1166 608 1168 620 Ι

411 627 482 667 tori,
511 637 546 660 ac
570 627 687 660 decano
713 626 863 659 ecclesiae
889 625 1149 666 Albarasinensis‚

411 686 440 713 et
456 680 556 724 priori
581 680 731 713 secularis
748 685 778 712 et
795 679 978 722 collegiatae
1001 679 1151 712 ecclesiae

412 734 520 778 oppidi
538 733 575 767 de
596 734 691 774 Mora,
711 734 734 766 T
737 733 890 766 erulensis
907 732 1069 775 dioecesis,
1095 742 1151 776 per

411 792 591 831 praesentes
623 787 850 821 committimus
881 792 911 819 et
943 786 1150 828 mandamus,

412 846 565 885 quatenus
590 841 659 885 ipsi,
684 841 732 873 vel
757 840 829 881 duo,
854 845 907 873 aut
923 850 1004 873 unus
1029 849 1151 880 eorum,

411 905 468 938 per
493 905 541 937 se,
567 895 614 927 vel
640 894 746 935 alium,
772 904 828 927 seu
856 893 942 934 alios,
971 897 1151 937 praesentes

411 947 548 989 litteras,
573 953 602 981 et
625 947 657 980 in
682 947 726 981 eis
751 951 894 981 contenta
913 955 1150 991 quaecumque,

411 1000 466 1034 ubi
490 1005 520 1033 et
540 1000 665 1045 quando
683 1010 763 1044 opus
779 999 883 1040 suerit,
903 1009 938 1032 ac
957 998 1080 1043 quoties
1092 1007 1152 1041 pro

412 1059 501 1097 parte
525 1054 748 1098 exponentium
772 1053 1007 1097 praedictorum
1036 1051 1153 1085 fuerint

413 1107 565 1150 requisiti,
581 1106 762 1140 solemniter
779 1106 984 1149 publicantes,
998 1105 1105 1148 eisque
1121 1105 1152 1136 in

412 1160 593 1203 praemissis
618 1159 752 1192 efficacis
776 1158 964 1191 defensionis
995 1156 1153 1200 praesidio

413 1213 602 1252 assistentes,
627 1212 742 1244 faciant
766 1212 950 1244 auctoritate
969 1211 1078 1243 nostra
1099 1210 1153 1242 de·

390 1281 393 1283 ·
414 1271 534 1299 cretum
560 1265 755 1309 praedictum
781 1265 820 1296 ab
846 1263 1000 1305 omnibus,
1019 1263 1057 1295 ad
1075 1273 1154 1305 quos

414 1324 535 1363 spectat
559 1324 588 1351 et
613 1319 643 1351 in
667 1318 809 1351 futurum
834 1317 997 1361 spectabit,
1022 1316 1153 1349 inviola-

413 1374 520 1407 biliter
544 1373 719 1411 observari,
753 1382 815 1405 non
839 1371 1060 1415 permittentes
1085 1370 1155 1403 illos

415 1427 552 1471 desuper
565 1437 581 1459 a
595 1436 752 1470 quoquam
763 1425 1000 1469 quomodolibet
1016 1424 1155 1457 indebite

416 1481 592 1521 molestari3
619 1481 866 1514 contradictores
891 1479 1047 1523 quoslibet
1065 1483 1095 1511 et
1110 1488 1157 1511 re-

416 1534 531 1574 belles,
557 1540 586 1567 et
610 1534 792 1577 praemissis
817 1543 880 1567 non
904 1538 1069 1577 parentes,
1100 1541 1156 1575 per

417 1587 595 1628 sententias,
622 1597 770 1620 censuras
788 1592 818 1619 et
832 1596 950 1631 poenas
971 1584 1158 1618 ecclesiasti-

418 1651 482 1682 cas,
508 1640 630 1683 aliaque
653 1645 830 1683 opportuna
854 1639 931 1672 iuris
956 1643 986 1671 et
1009 1638 1082 1671 facti
1107 1648 1157 1670 re-

417 1693 541 1734 media,
573 1693 781 1736 appellatione
805 1692 997 1736 postposita,
1023 1700 1154 1735 compe·-

417 1746 547 1788 scendo,
573 1747 716 1778 invocato
741 1746 835 1778 etiam
860 1745 898 1777 ad
922 1745 1003 1786 hoc,
1028 1744 1053 1776 si
1077 1754 1157 1787 opus

417 1800 528 1840 suerit,
554 1800 669 1831 auxilio
694 1799 816 1831 brachii
841 1797 1001 1831 secularis,

463 1854 478 1896 ᾗ
503 1852 531 1885 6,
558 1854 624 1885 Non
650 1852 856 1893 obstantibus,
875 1857 932 1884 etc.
952 1861 987 1884 ac
1007 1851 1075 1883 aliis
1089 1860 1159 1883 con-

420 1905 634 1939 stitutionibus
654 1910 681 1937 et
704 1904 952 1937 ordinationibus
966 1904 1157 1948 apostolicis,

421 1960 596 2002 ceterisque
614 1958 779 1991 contrariis
799 1958 1063 2001 quibuscumque.

464 2013 577 2046 Datum
598 2013 730 2051 Romae,
752 2012 833 2055 apud
861 2012 889 2044 S.
916 2011 1044 2044 Mariam
1068 2011 1161 2044 Maio-

422 2077 501 2107 rem,
527 2067 584 2099 sub
605 2066 720 2099 annulo
735 2066 912 2106 piscatoris,
930 2065 980 2098 die
996 2075 1074 2099 xvm
1094 2065 1160 2098 iulii

421 2129 573 2159 MDcxxm,
592 2118 790 2162 pontificatus
815 2119 914 2151 nostri
931 2128 1013 2152 anno
1031 2128 1095 2152 vul.

457 2183 518 2211 Dat.
535 2182 577 2210 die
594 2182 625 2209 18
641 2181 701 2209 iulii
720 2182 796 2215 1631,
812 2181 908 2217 pontis.
926 2190 996 2210 anno
1012 2188 1068 2209 vui.

754 2306 837 2341 CDX.

423 2387 617 2431 Proroyatio
653 2386 879 2430 induloentiae
918 2386 1090 2431 plenariae
1128 2386 1165 2418 in

468 2443 573 2486 forma
597 2441 747 2482 Iubilaei,
777 2442 814 2474 de
838 2451 904 2485 qua
929 2451 1031 2485 supra
1051 2439 1165 2472 consti-

472 2496 556 2528 tione
574 2505 692 2533 CCCLVI,
709 2494 751 2527 acl
776 2495 857 2527 alios
876 2499 937 2527 tres
957 2503 1089 2532 menses,
1110 2492 1166 2525 sci-

472 2548 545 2581 licet
558 2548 758 2591 septembris,
776 2548 910 2581 octobris
928 2551 956 2580 el
974 2546 1162 2586 novembris,

473 2612 545 2636 cum
569 2601 715 2642 indulto,
742 2606 797 2643 ut,
824 2602 884 2644 qui
908 2600 1030 2634 dictam
1053 2598 1165 2633 indul-

983 202 1163 228 BULLARIUM
1186 203 1342 228 ROMANUM

1226 251 1368 294 qentiam
1392 250 1580 295 consequuti
1608 251 1678 284 iam
1701 255 1798 293 sant,
1823 250 1919 284 illam

1227 303 1331 337 denuo
1356 304 1508 348 consequi
1530 304 1679 345 valeant,
1712 316 1749 338 ac
1784 304 1916 346 decreto,

1225 362 1272 398 ut,
1308 358 1428 391 eisdem
1456 358 1559 391 tribus
1591 357 1755 392 inensibus
1787 358 1917 403 elapsis,

1226 420 1447 455 quaecumque
1471 411 1671 444 eoetensiones
1691 415 1719 444 et
1737 412 1921 456 ampliatio-

1226 474 1281 498 nes
1306 464 1532 508 indulqentiae
1558 464 1768 506 huiusmodi,
1795 464 1837 498 ad
1861 475 1922 498 cer-

1229 522 1297 551 tam
1323 522 1445 562 tempus
1469 519 1582 561 fitctae,
1611 519 1711 552 etiam
1728 528 1761 552 eo
1778 518 1846 562 ipso
1870 528 1922 550 ex-

1227 572 1345 615 pirent.

1385 651 1521 680 Urbanus
1542 652 1621 687 Papa
1640 652 1718 685 VIII,

1328 704 1365 732 ad
1384 704 1518 733 futuram
1536 704 1580 732 rei
1599 705 1779 733 memoriam.

1229 785 1311 819 Alias
1344 796 1361 818 a
1391 786 1483 820 nobis
1512 789 1697 820 emanarunt
1725 785 1847 819 litterae
1871 790 1919 819 te-

1187 891 1242 924 liis
1267 891 1350 925 clero
1366 896 1395 925 et
1405 892 1527 936 populo
1549 892 1704 932 Romano,
1732 895 1788 925 etc.
1812 890 1925 936 (Omit-

1187 945 1268 978 titur
1294 949 1393 986 tenor,
1418 946 1500 990 quia
1517 945 1613 978 habes
1629 954 1730 989 supra
1746 944 1811 978 loco
1828 944 1925 978 citato

1186 998 1222 1032 in
1238 999 1381 1040 rubrica,
1399 1010 1476 1043 pay.
1503 998 1597 1043 148).

1230 1052 1286 1095 §¹¹-
1313 1052 1348 1084 Et
1369 1052 1499 1085 subinde
1513 1052 1686 1088 multorum
1698 1050 1925 1085 venerabilium

1185 1104 1318 1138 fratrum
1328 1105 1639 1149 archiepiscoporum
1654 1110 1683 1138 et
1692 1105 1925 1149 episcoporum,

1186 1168 1308 1192 necnon
1326 1159 1512 1192 dilectorum
1533 1158 1683 1200 tiliorum,
1704 1158 1858 1191 nobilium
1882 1158 1926 1190 vi-

1187 1222 1307 1252 rorum,
1329 1211 1455 1252 ducum,
1476 1212 1655 1256 principum
1671 1216 1701 1244 et
1717 1211 1852 1244 aliorum
1865 1221 1927 1244 rna-

1187 1270 1318 1308 gnatum
1337 1265 1368 1297 in
1388 1265 1475 1298 ltalia
1490 1270 1519 1297 et
1536 1264 1645 1297 insulis
1657 1264 1701 1297 illi
1715 1263 1926 1298 adiacentibus

1189 1318 1396 1359 existentium,
1415 1317 1695 1361 supplicationibus
1718 1317 1809 1350 nobis
1833 1326 1927 1361 super

1189 1371 1248 1404 hoc
1271 1371 1432 1404 humiliter
1456 1370 1610 1415 porrectis
1635 1370 1783 1412 inclinati,
1808 1370 1927 1413 praein-

1190 1428 1288 1457 sertas
1313 1424 1431 1458 litteras
1455 1428 1579 1457 nostras
1596 1423 1807 1457 concessionis
1831 1422 1929 1456 indul-

1189 1477 1367 1520 gentiarum
1392 1488 1428 1510 ac
1451 1477 1607 1511 facultatis
1637 1476 1771 1520 eligendi
1801 1476 1926 1510 confes-

1190 1531 1325 1574 sarium,
1351 1541 1423 1564 cum
1447 1530 1594 1564 omnihus
1618 1535 1648 1563 et
1672 1529 1804 1574 singulis
1828 1529 1860 1562 in
1885 1529 1929 1563 eis

1190 1584 1344 1618 contentis
1374 1584 1524 1626 indultis,
1551 1583 1698 1617 clausulis
1722 1588 1752 1616 et
1774 1582 1928 1622 decretis,

1189 1638 1228 1671 ad
1248 1638 1411 1672 universos
1424 1638 1588 1681 utriusque
1603 1647 1695 1671 sexus
1712 1636 1929 1670 christifideles

1190 1691 1347 1725 seculares
1373 1696 1404 1724 et
1435 1691 1597 1734 regulares
1625 1696 1699 1724 tunc
1722 1689 1873 1734 temporis
1898 1689 1929 1722 in

1191 1744 1277 1777 ltalia
1297 1750 1327 1777 et
1350 1743 1459 1777 insulis
1476 1743 1645 1788 praedictis
1662 1743 1841 1782 existentes,
1857 1751 1929 1774 nec-

1190 1807 1254 1831 non
1271 1797 1418 1831 ecclesias
1442 1807 1501 1840 per
1517 1796 1699 1830 Ordinarios
1716 1796 1859 1829 locorum
1876 1804 1931 1828 seu

1190 1860 1247 1893 per
1267 1850 1344 1883 alios
1360 1850 1398 1882 de
1416 1860 1525 1883 eorum
1546 1849 1693 1882 mandato
1712 1847 1930 1891 designandas,

1192 1908 1221 1936 et
1245 1902 1454 1936 confessarios
1477 1903 1515 1935 ab
1540 1902 1651 1935 iisdem
1681 1901 1852 1936 Ordinariis
1868 1893 1932 1945 >ap-

1193 1956 1342 1999 probatos
1367 1966 1420 1989 seu
1445 1955 1680 2000 approbandos,
1706 1955 1806 1999 spatio
1837 1954 1931 1988 trium

1194 2010 1338 2043 similiter
1356 2010 1512 2043 mensium
1533 2020 1550 2042 a
1569 2010 1619 2042 die
1635 2008 1857 2053 publicationis
1882 2008 1933 2041 lit-

1195 2069 1333 2097 terarum
1354 2063 1490 2107 desuper
1509 2062 1726 2107 expeditarum
1746 2061 1933 2096 inchoando-

1195 2128 1264 2150 rum
1283 2117 1424 2157 durante,
1439 2115 1612 2160 apostolica
1628 2115 1813 2148 auctoritate
1833 2119 1934 2148 exten-

1195 2170 1308 2210 dimus,
1325 2169 1555 2213 praedictisque
1579 2167 1836 2201 christifidelibus
1863 2177 1933 2200 nec-

1195 2233 1259 2256 non
1272 2223 1411 2256 ecclesiis
1434 2227 1464 2255 et
1491 2221 1688 2255 confessariis
1705 2220 1932 2262 concessiones,

1196 2276 1356 2309 facultates
1376 2281 1406 2308 et
1429 2274 1548 2308 indulta
1571 2274 1729 2318 praedicta
1756 2284 1827 2308 cum
1852 2273 1935 2307 clau-

1197 2329 1272 2362 sulis
1300 2332 1330 2362 et
1358 2328 1491 2361 decretis
1514 2327 1696 2360 huiusmodi
1720 2325 1932 2360 communica-

1197 2383 1313 2422 vimus;
1339 2388 1368 2416 et
1392 2381 1604 2426 postmodum,
1625 2387 1688 2414 tam
1713 2380 1932 2425 praeinsertas,

1198 2446 1290 2480 quam
1307 2436 1381 2468 alias
1396 2435 1527 2469 subinde
1544 2435 1703 2479 expeditas
1719 2434 1837 2467 litteras
1848 2442 1934 2477 prae-

1198 2490 1311 2532 dictas,
1346 2500 1417 2522 cum
1451 2489 1597 2523 omnibus
1626 2494 1656 2522 et
1679 2487 1810 2530 singulis
1833 2486 1866 2519 in
1889 2484 1934 2519 eis

1199 2544 1353 2577 contentis
1373 2543 1637 2583 concessionibus
1665 2540 1872 2582 facultatibus,
1891 2539 1935 2573 in-

1198 2597 1303 2639 dultis,
1329 2596 1543 2641 indulgentiis,
1567 2595 1713 2631 clausulis
1737 2599 1768 2628 et
1790 2592 1934 2635 decretis,

1925 203 1978 230 An.
1999 203 2028 231 C.
2048 203 2112 231 1631

1965 796 2069 818 Recensat
2087 800 2122 816 ex-

1938 824 2044 844 tonsiones

1185 839 1271 872 noris
1296 839 1526 884 subsequentis,
1551 839 1711 873 videlicet:
1736 838 1872 873 Dilectis
1890 838 2012 881 fimens.
2069 822 2122 843 ’¹¹²'
