2248 3229
72 181 131 224 tn.
146 195 175 224 c.
197 195 262 224 1631
895 188 1038 215 caninus
1063 188 1120 214 v111
1143 188 1190 214 pp.
1704 177 1767 211 257
1814 186 1862 214 An.
1879 186 1906 214 c.
1929 186 1992 215 1631

59 240 63 246 '
108 259 193 280 Erectio
203 259 267 280 eone.
325 242 341 286 ξ
361 242 389 275 ’1.
407 241 613 285 Quapropter,
631 239 841 275 existimantes
856 248 912 284 per
929 239 1022 272 unius
1037 243 1040 288 t
1056 238 1123 271 lesu
1148 236 1261 271 Clu-isti
1295 245 1331 269 ac
1355 235 1384 269 S.
1410 233 1533 268 Ioannis
1558 233 1713 278 Baptistae
1742 235 1797 267 Na-

82 287 111 313 gu
134 291 172 312 ¹¹¹⁰
195 292 265 306 ''mm‘'
282 295 407 339 collegii
427 294 502 329 dicti
519 293 645 328 Ordinis
665 294 697 327 in
714 294 797 327 alma
815 293 898 327 L'rbe
915 295 1022 328 nostra
1037 289 1039 294 ’
1056 291 1209 325 tivitatum
1243 289 1461 323 festivitatibus
1477 317 1484 330 ,
1514 288 1640 333 praevia
1671 288 1796 322 illarum

82 313 128 334 chis
142 313 210 333 sancti
226 312 268 332 na-

82 339 135 360 sitii.
146 340 166 360 in
179 344 221 365 quo
231 339 267 359 de-

81 371 127 387 com
155 371 201 386 esse
230 365 267 386 ae.
281 348 472 383 erectionem
497 347 599 381 cidem
621 347 730 381 Ordini
754 357 816 380 non
835 357 946 391 parum
965 346 1022 380 uti-
1055 343 1302 384 transmissione,
1323 343 1560 387 persolvanturj.

82 392 146 440 i'J‘s-fn‘
167 392 266 417 ⁰⁰¹¹⁰g⁵³'
282 402 375 435 litatis
395 411 430 434 ac
451 401 683 435 commoditatis
699 406 729 434 et
747 400 870 434 decoris
894 400 1020 432 allatum
1100 398 1115 441 ξ
1139 398 1167 430 53.
1195 397 1324 441 Insuper
1348 397 1447 440 spolia
1472 396 1701 429 monachorum
1723 395 1796 429 dicti
1840 409 1996 435 mmmmm-

281 455 339 496 iri,
365 454 504 495 idcirco,
539 458 623 488 motu
659 454 793 498 proprio
819 459 847 486 et
874 463 909 486 ex
936 454 1021 487 certa
1038 456 1039 498 f
1056 451 1182 485 Ordinis
1208 452 1238 484 in
1264 451 1412 484 omnibus
1438 451 1520 483 illius
1544 450 1742 484 monasteriis
1766 450 1796 482 in
1812 437 1999 496 fl¹ss5fi¹ssl¹¹tns55¹sslfi

281 506 412 540 scicntia
437 516 472 539 ac
498 507 620 539 matura
645 505 871 538 deliberatione
895 503 1021 543 nostris,
1037 503 1040 547 l
1058 504 1143 536 ltalia
1168 508 1197 537 et
1222 504 1331 536 insulis
1356 504 1383 536 ei
1409 504 1622 537 adiacentibus
1647 514 1706 548 pro
1723 509 1797 536 tem-
1812 497 1843 538 [2¹12
1853 491 1997 539 {tissffil‘i'il

281 560 312 593 in
335 559 418 592 alma
444 558 526 593 Urbe
550 558 723 603 praedicta,
740 555 776 592 ae
793 559 862 591 loco
880 567 1022 601 congruo
1038 549 1040 591 l
1056 567 1133 601 pore
1160 556 1389 597 decedentium,
1414 557 1671 601 quandoquidem
1689 567 1723 590 ea
1741 568 1798 602 per
1813 547 1848 565 ω’

281 619 309 647 et
334 613 456 647 decenti
478 623 534 657 pcr
559 612 657 656 ipsius
688 611 812 645 Ordinis
842 611 1022 656 superiores
1056 610 1181 643 decreta
1205 610 1403 643 diversorum
1429 611 1638 654 capitulorum
1664 621 1796 653 genera-

281 667 426 711 eligendo
450 672 480 700 et
504 666 707 710 acquirendo,
735 676 832 699 unum
851 664 1022 699 monacho·
1056 663 1132 696 lium
1159 663 1299 696 eiusdem
1325 663 1449 696 Ordinis
1470 664 1662 697 monasterio
1680 664 1708 697 S.
1726 665 1798 697 Pan-

280 731 351 754 rum
376 720 451 753 dicti
476 719 603 754 Ordinis
630 719 798 763 collegium
829 729 888 763 pro
912 718 1020 751 decem
1057 717 1188 750 tateouis
1212 717 1250 750 de
1275 717 1358 750 Urbe
1382 717 1537 761 applicata
1561 723 1650 759 sunt,
1675 728 1796 752 necnon

281 773 499 817 collegialibus
523 772 599 806 dicti
623 772 748 806 Ordinis
776 769 1021 816 professoribus
1056 770 1217 813 redditus,
1244 770 1297 814 qui
1323 780 1360 803 ex
1384 771 1540 804 affictibus
1564 771 1732 805 domorum
1758 772 1796 804 ad

280 826 363 860 ultra
386 826 594 870 superiorem,
615 825 841 859 confessarium
858 829 889 857 et
912 823 1023 868 repeti·
1056 823 1173 856 dictum
1198 825 1425 857 monasterium
1455 825 1484 858 S.
1511 825 1707 859 Pantaleonis
1732 826 1788 859 hu*

281 886 394 921 torem,
411 879 442 913 in
459 890 522 924 quo
538 879 631 912 etiam
649 879 789 912 eiusdem
806 878 930 912 Ordinis
947 888 1023 922 pro·
1056 877 1191 910 iusmodi
1215 878 1432 921 spectantium,
1457 882 1509 912 aut
1526 888 1562 911 ex
1579 878 1797 913 investimento

281 938 409 967 curator
434 943 505 967 cum
530 932 765 978 provisionibus
784 932 824 965 ab
840 931 951 965 eodem
968 931 1022 965 Or·
1057 931 1150 975 pretii
1171 931 1354 964 earumdem
1371 932 1552 971 domorum,
1568 932 1593 964 si
1613 933 1796 975 vendantur,

280 986 353 1020 dine
377 986 406 1020 ei
430 986 596 1030 assignatis
624 986 764 1019 residere
789 985 946 1019 tenebitur
971 985 1021 1028 (ex
1055 984 1197 1018 faciendo
1213 984 1439 1029 percipiantur,
1458 985 1558 1017 eidem
1579 985 1722 1028 collegio,
1739 996 1796 1029 pro

280 1039 396 1084 quibus
412 1039 538 1084 quidem
558 1039 783 1083 collegialibus‚
797 1044 933 1082 quatuor
948 1049 1021 1083 per·
1056 1037 1123 1070 eius
1147 1037 1220 1071 dote
1237 1038 1292 1081 (ita
1314 1038 1399 1082 quod
1418 1038 1510 1071 liceat
1533 1039 1750 1082 superioribus
1767 1044 1798 1071 et

280 1098 377 1137 petuo
408 1102 446 1126 ex
474 1092 639 1137 provincia
672 1091 816 1133 Siciliae,
842 1097 873 1125 et
896 1097 960 1125 tres
984 1101 1021 1125 ex
1056 1091 1272 1135 collegialibus
1295 1091 1370 1125 dicti
1395 1092 1520 1135 collegii
1545 1102 1581 1125 ea
1605 1092 1710 1125 onmia
1728 1102 1798 1136 per-

280 1146 349 1180 aliis
371 1146 552 1180 nationibus
576 1145 708 1179 arbitrio
725 1145 927 1190 superiorum
947 1145 1021 1179 dicti
1055 1145 1172 1189 cipere,
1197 1145 1323 1188 exigere
1348 1151 1378 1179 et
1402 1146 1518 1186 levare,
1536 1156 1572 1179 ac
1589 1146 1619 1178 in
1637 1145 1711 1179 dicti
1737 1146 1798 1179 col-

280 1199 405 1233 Ordinis
421 1209 490 1233 esse
509 1199 667 1243 debeant),
693 1198 864 1243 apostolica
888 1198 1022 1231 auctori-
1055 1199 1129 1242 legii
1154 1209 1229 1232 usus
1246 1203 1276 1233 et
1292 1200 1458 1233 utilitatem
1485 1205 1680 1240 convertere,
1698 1210 1796 1243 eaque

279 1257 352 1296 tate,
377 1257 487 1288 tenore
509 1253 736 1297 praesentium,
760 1257 914 1296 perpetuo
932 1251 1112 1296 erigi-per
1145 1263 1218 1286 suos
1251 1253 1402 1286 officiales
1425 1253 1672 1297 administrare),
1702 1253 1795 1286 etiam

280 1316 351 1340 mus
375 1311 405 1340 et
429 1306 632 1339 instituimus.
1056 1311 1230 1350 perpetuo,
1262 1307 1447 1340 auctoritate
1472 1311 1501 1340 et
1533 1312 1641 1340 tenore
1676 1306 1797 1351 praedi-

111 1401 115 1404 ,
134 1375 211 1396 raxam
227 1380 265 1404 [πρ
325 1360 341 1404 ἓ
364 1359 394 1393 2.
412 1359 591 1393 Mandantes
603 1364 783 1403 propterea,
796 1364 831 1392 ut
846 1368 905 1403 pro
922 1357 1021 1403 ipsius
1055 1358 1123 1399 ctis,
1148 1359 1345 1403 applicamus
1371 1365 1401 1393 et
1424 1360 1676 1403 appropriamus.

80 1401 264 1456 23:3³,mgggtffss
280 1413 416 1457 collegii,
441 1424 497 1446 seu
520 1413 605 1446 illius
629 1413 727 1457 partis
750 1412 839 1453 dote,
859 1422 921 1445 una
941 1416 1019 1455 taxa,
1099 1412 1114 1455 ἓ
1138 1412 1167 1444 4.
1194 1412 1373 1445 Mandantes
1397 1419 1565 1456 propterea
1585 1413 1706 1445 dilectis
1723 1412 1796 1445 tiliis
1865 1424 1994 1454 *exiquuuo

280 1478 336 1501 seu
362 1467 571 1508 contributio,
603 1477 697 1511 super
725 1466 865 1500 eiusdem
896 1466 1020 1500 Ordinis
1054 1465 1239 1508 provinciali
1264 1476 1299 1498 ac
1324 1465 1543 1498 definitoribus
1561 1466 1794 1509 praedictarum
1811 1452 1997 1498 liliilss'ffffl'l‘iil'usaiff

280 1521 479 1555 monasteriis
495 1520 742 1562 citramontanis,
760 1520 855 1553 modo
872 1526 903 1553 et
919 1520 1020 1553 forma
1055 1518 1177 1551 Siciliae
1202 1524 1231 1551 et
1256 1519 1415 1552 Calabriae
1440 1519 1685 1563 provinciarum,
1704 1526 1736 1551 ut
1753 1519 1797 1552 di-
1811 1505 1917 1525 ”mndata

279 1575 498 1619 infrascriptis,
514 1574 704 1619 imponatur,
728 1573 882 1613 videlicet,
896 1578 929 1606 ut
946 1584 1019 1617 pro·
1055 1575 1119 1604 ctas
1143 1572 1395 1606 contributiones
1419 1583 1476 1616 per
1500 1573 1692 1605 monasteria
1717 1584 1793 1606 sua-

279 1628 382 1662 vincia
403 1628 564 1673 praedicta
588 1627 711 1660 Siciliae
729 1637 880 1671 expensas
893 1638 951 1672 pro
968 1639 1020 1661 sex
1053 1636 1125 1658 rum
1151 1625 1385 1669 provinciarum
1410 1626 1725 1670 proportionabiliter
1749 1638 1797 1660 re-

279 1681 494 1726 collegialibus
514 1681 553 1714 ad
570 1681 724 1715 rationem
740 1682 937 1725 septuaginta
955 1693 1020 1716 scu-
1055 1680 1241 1722 partiantur,
1255 1690 1291 1713 ac
1306 1684 1365 1714 tam
1381 1680 1456 1724 ipsis
1473 1682 1682 1722 monasteriis,
1702 1692 1795 1725 quam

279 1740 383 1769 torum
407 1739 552 1768 monetae
575 1744 726 1768 romanae
746 1745 805 1778 pro
825 1735 966 1778 quolibet
982 1746 1018 1768 ex
1054 1732 1178 1766 duobus
1195 1733 1360 1767 abbatibus
1383 1735 1647 1768 monasteriorum
1672 1735 1796 1779 praedi-

279 1788 370 1822 dictis
403 1788 621 1832 collegialibus
644 1788 694 1820 hic
719 1788 836 1821 Romae
859 1788 898 1820 ab
923 1798 1019 1821 onere
1055 1792 1177 1820 ctorum
1203 1787 1399 1830 Neapolitani
1425 1792 1454 1819 et
1480 1788 1611 1831 Cryptac
1637 1788 1658 1821 F
1661 1794 1792 1830 erratae,

279 1852 334 1876 seu
358 1842 540 1886 gravamine
564 1841 753 1882 liberorum,
778 1841 966 1874 immunium
990 1848 1019 1875 et
1035 1863 1037 1871 >
1054 1845 1087 1872 ut
1111 1845 1210 1872 ratam
1238 1850 1270 1872 se
1304 1845 1483 1882 tangentem
1509 1841 1572 1873 suis
1598 1837 1811 1885 temporibus*

279 1901 498 1941 exemptorum
523 1895 806 1940 persolvendorum
821 1922 829 1936 ‚
858 1895 1019 1938 provincia
1053 1893 1091 1926 ad
1117 1893 1245 1935 Urbem,
1264 1899 1297 1926 ut
1320 1894 1508 1937 praefertur,
1526 1896 1748 1929 transmittant.

279 1957 354 1981 vero
378 1947 541 1982 Calabriae
565 1956 717 1990 expensas
741 1956 801 1990 pro
825 1946 894 1979 aliis
918 1946 1019 1980 tribus
1098 1947 1113 1990 g
1137 1946 1166 1980 5.
1187 1947 1230 1980 Ac
1247 1947 1451 1981 decernentes
1467 1954 1647 1992 praesentes
1666 1950 1793 1991 litteras,
1837 1956 1956 1979 Ctausulae-

279 2000 495 2044 collegialibus
511 2000 550 2033 ad
567 1999 709 2033 eamdem
727 1999 880 2033 rationem
898 2004 1020 2044 septua-
1054 1999 1148 2032 etiam
1173 2010 1209 2032 ex
1235 2010 1293 2041 eo,
1318 2001 1401 2044 quod
1436 2002 1627 2046 quit-umque
1653 2003 1683 2035 in
1708 2014 1795 2047 prae-

279 2055 365 2099 ginta
393 2059 556 2088 scutorum
592 2053 742 2087 similium
774 2064 834 2098 pro
858 2054 1018 2098 quolibet,
1054 2053 1157 2086 missis
1181 2053 1334 2087 interesse
1357 2054 1508 2088 habentes
1533 2055 1569 2087 ad
1594 2055 1624 2088 id
1644 2057 1744 2089 vocati
1765 2060 1795 2090 et

279 2119 339 2154 pro
363 2108 589 2141 sustentatione
613 2113 717 2141 autern
745 2107 877 2140 aliarum
902 2118 1016 2152 perso·
1053 2106 1149 2140 auditi
1171 2117 1234 2140 non
1252 2107 1378 2148 suerint,
1392 2114 1443 2140 aut
1461 2118 1498 2140 ex
1515 2119 1715 2152 quacumque
1733 2110 1794 2142 alia

279 2172 390 2196 narum
405 2161 478 2196 dicti
495 2161 630 2205 collegii,
644 2172 680 2195 ac
696 2161 794 2205 ipsius
811 2171 1019 2205 expensarum
1053 2162 1147 2193 causa
1172 2161 1372 2204 quantumvis
1389 2161 1527 2204 legitima
1545 2167 1576 2195 et
1592 2162 1735 2202 iuridica,
1756 2163 1795 2196 dc

279 2216 527 2260 supportatione,
544 2215 607 2249 duo
631 2215 771 2248 ciusdem
791 2214 926 2255 Ordinis,
944 2215 1020 2248 Nea·
1036 2234 1037 2238 =
1054 2214 1266 2258 subreptionis
1295 2214 1342 2247 rel
1360 2215 1556 2258 obreptionis
1580 2216 1664 2257 vitio,
1683 2221 1735 2250 aut
1752 2217 1795 2249 in-

279 2269 454 2314 politanum
485 2269 604 2302 scilicet
634 2274 665 2302 et
693 2269 826 2314 Cryptae
850 2269 1018 2310 Ferratae,
1054 2268 1200 2302 tentionis
1226 2273 1353 2301 nostrae
1382 2269 1429 2301 rel
1454 2269 1515 2302 alio
1540 2270 1689 2313 quopiam
1715 2270 1794 2302 defc-

279 2322 460 2367 provinciae
484 2322 642 2356 Romanae
666 2323 878 2363 monasteria,
903 2323 940 2355 ad
966 2334 1018 2355 ra-
1053 2327 1105 2355 ctu
1122 2322 1234 2364 notari,
1255 2322 1445 2366 impugnari,
1464 2322 1638 2363 invalidari,
1653 2323 1792 2365 infringi,

279 2376 395 2409 tionem
421 2375 620 2419 septuaginta
651 2381 812 2409 scutorum
838 2386 898 2420 pro
922 2375 1020 2420 quoli—
1053 2381 1104 2409 aut
1136 2376 1166 2408 in
1198 2375 1247 2409 ius
1279 2376 1326 2408 vel
1359 2376 1606 2410 controversiam
1631 2376 1792 2415 revocari,

279 2425 329 2461 het
354 2428 547 2461 monasterio
567 2428 777 2469 contribuant,
794 2439 874 2472 quae
890 2429 1017 2472 quidem
1053 2436 1103 2462 aut
1129 2429 1166 2462 ad
1191 2429 1343 2463 terminos
1368 2429 1446 2462 iuris
1470 2429 1588 2471 reduci,
1614 2430 1792 2462 nullatenus

280 2481 528 2515 contributiones
548 2481 599 2514 hic
623 2481 655 2514 in
679 2482 763 2515 Urbe
785 2481 905 2515 liberae
920 2510 927 2524 ,
953 2483 1012 2515 im-
1052 2494 1163 2528 posse,
1188 2483 1242 2516 sed
1267 2493 1318 2515 eas
1343 2493 1467 2527 semper
1490 2482 1607 2515 validas
1632 2482 1739 2515 firmas
1763 2487 1793 2516 et

279 2546 390 2570 munes
412 2541 442 2570 et
466 2541 651 2579 exemptae,
682 2541 712 2569 et
747 2536 953 2580 anticipatae,
986 2538 1018 2570 in
1052 2537 1193 2570 efficaces
1217 2535 1350 2568 existere
1375 2540 1403 2568 et
1427 2535 1508 2576 sore,
1533 2546 1569 2568 ac
1593 2535 1677 2568 dicto
1701 2535 1794 2569 colle-

279 2589 402 2624 duobus
427 2589 581 2630 terminis,
606 2589 749 2622 videlicet
773 2590 897 2623 Domini
917 2591 1016 2625 nostri
1052 2591 1104 2634 gio
1121 2589 1301 2634 plenissime
1318 2589 1496 2633 suffragari,
1512 2589 1618 2633 sicque
1631 2600 1689 2633 per
1702 2600 1793 2634 quos-

389 2652 466 2680 Butt.
481 2652 566 2680 Rom.
579 2667 610 2672 -—
630 2651 690 2679 Vol.
708 2651 784 2679 XIV.
946 2652 980 2680 33
