2248 3229
123 234 174 262 An.
194 232 223 262 C.
240 231 310 262 ¹636

154 827 263 849 clausulas
274 832 312 854 ap-

125 860 138 882 p
143 856 192 876 onlt.

943 230 1086 256 URBANUS
1110 230 1167 255 vm
1190 230 1239 255 1³1³.

322 278 473 313 thedralis
488 278 518 314 S.
543 278 663 323 Angeli,
681 279 784 324 quoad
801 279 987 324 spiritualia,
1006 289 1065 323 pro

322 332 421 378 ipsius
445 332 598 367 dioecesis
621 333 847 377 ampliatione,
873 333 966 366 etiam
992 343 1064 376 per-

323 391 418 430 petuo
430 386 497 421 sine
511 386 642 421 alicuius
660 386 854 431 praeiudicio
871 386 1067 430 annectimus

324 445 355 472 et
377 439 629 485 incorporamus,
647 445 824 484 statumque
849 446 880 473 et
899 440 1066 475 essentiam

324 493 442 527 nullius
466 494 620 528 dioecesis
644 494 737 528 etiam
756 499 912 539 perpetuo
930 493 1067 528 tollimus

325 553 356 580 et
388 548 600 592 extinguimus
631 554 661 582 et
692 549 903 592 abrogamus,
934 557 1066 592 eamque

327 606 443 634 terram
468 612 524 634 seu
548 602 699 646 oppidum
718 603 864 636 Lamolae
885 601 988 646 quoad
1005 601 1068 645 spi-

326 654 461 698 ritualia,
487 660 516 688 et
540 655 600 688 alia
629 655 668 688 ad
693 656 796 689 sorum
821 655 1068 689 ecclesiasticum

327 709 519 752 spectantia,
545 708 646 742 eidem
682 709 875 754 episcopatui
900 708 930 742 S.
959 707 1068 751 Angeli

327 762 511 796 subiicimus
535 768 566 797 et
589 764 804 808 supponimus.

372 815 440 859 §3-
472 817 683 851 Deeernentes
714 822 895 862 praesentes
927 816 1069 857 litteras,

329 870 498 914 omniaque
512 877 542 904 et
555 872 678 915 singula
695 871 726 904 in
743 872 787 905 eis
801 875 955 912 contenta,
976 871 1069 904 etiam

329 934 365 957 ex
387 934 424 958 eo
441 924 526 969 quod
550 925 742 969 quicumque
766 925 797 958 in
821 924 1005 968 praemissis
1025 924 1071 956 in-

331 983 447 1012 teresse
471 978 634 1020 habentes,
654 989 709 1013 seu
725 978 842 1012 habere
866 977 1071 1022 praetenden-

331 1037 386 1073 tes,
406 1032 445 1066 ad
469 1043 505 1066 ea
529 1033 659 1066 minime
683 1032 785 1066 vocati
809 1037 840 1066 et
863 1031 984 1074 auditi,
1011 1030 1070 1064 mi-

330 1095 452 1130 nusque
466 1096 588 1127 causae,
602 1091 734 1130 propter
751 1096 829 1130 quas
842 1085 969 1119 eaedem
984 1095 1071 1129 prae-

331 1143 433 1173 sentes
457 1140 688 1181 emanaverint,
707 1139 869 1179 adductae,
894 1138 1072 1172 verificatae

331 1202 386 1224 seu
399 1191 582 1226 iustificatae
596 1192 721 1234 suerint,
738 1192 825 1225 nullo
842 1201 981 1236 unquam
999 1197 1073 1224 tem-

331 1256 407 1289 pore
432 1246 470 1280 de
494 1247 719 1291 subreptionis,
737 1247 933 1291 obreptionis
957 1251 986 1280 et
1003 1246 1071 1279 nul-

332 1299 429 1332 litatis
454 1300 540 1341 vitio,
565 1310 620 1334 seu
644 1300 824 1335 intentionis
848 1304 992 1340 nostrae,
1021 1302 1073 1331 aut

332 1352 393 1386 alio
418 1353 529 1397 (plevis
563 1353 685 1387 defectu
716 1353 839 1395 notari,
872 1352 1073 1396 impugnari,

333 1406 507 1450 invalidam,
533 1407 716 1448 retractari,
741 1408 771 1440 in
797 1407 845 1440 ius
870 1407 916 1440 vel
942 1412 1070 1440 contro-

335 1460 468 1494 versiam
493 1461 646 1502 revocari,
680 1466 733 1494 aut
757 1460 795 1494 ad
821 1461 973 1494 terminos
997 1459 1075 1493 iuris

333 1513 451 1554 reduci,
477 1515 524 1547 vel
549 1514 701 1548 adversus
724 1514 792 1547 illas
816 1513 1024 1547 restitutionis
1045 1512 1074 1545 in

334 1565 511 1609 integrum,
539 1567 723 1611 aperitionis
746 1566 855 1608 horis,
884 1565 1075 1599 reductionis

333 1619 372 1651 ad
389 1619 471 1653 viam
488 1625 519 1653 et
537 1620 688 1654 terminos
701 1620 788 1662 iuris,
810 1623 862 1654 aut
875 1619 959 1652 aliud
980 1618 1078 1662 quod-

334 1683 469 1717 cumque
493 1673 582 1714 iuris,
615 1673 697 1714 sacti,
725 1673 844 1717 gratiae
870 1673 917 1706 vel
943 1672 1077 1705 iustitiae.

334 1726 511 1760 remedium
547 1726 708 1771 impetrari
746 1737 801 1760 seu
840 1725 1078 1770 quomodolibet

336 1780 486 1822 concedi,
516 1786 546 1814 et
570 1786 623 1814 aut
654 1781 823 1826 impetrato
847 1780 896 1814 vel
927 1790 1078 1814 concesso

336 1835 516 1878 quempiam
533 1835 588 1877 uti,
602 1846 658 1869 seu
672 1845 705 1869 se
721 1835 828 1869 iuvare
848 1834 879 1868 in
900 1834 1016 1868 iudicio
1030 1834 1077 1867 vel

337 1891 424 1922 extra
439 1887 460 1929 ¹,
477 1888 530 1922 sed
548 1888 616 1921 illas
632 1899 758 1932 semper
774 1887 903 1929 validas,
924 1888 1032 1921 firmas
1049 1893 1080 1921 et

337 1941 478 1975 efficaces
495 1945 601 1976 extare
618 1947 648 1975 et
672 1942 749 1983 sore,
769 1952 904 1986 suosque
921 1942 1080 1986 plenarios

339 2000 367 2027 et
382 1995 522 2038 integros
537 1995 666 2029 ess'ectus
679 1995 785 2028 sortiri
800 2000 830 2028 et
846 1994 1007 2034 obtinere;
1025 1995 1081 2027 sic-

338 2059 398 2092 que
413 2059 469 2093 per
488 2059 707 2094 quoscumque
723 2049 842 2082 iudices
858 2048 1036 2082 ordinarios
1050 2054 1081 2081 et

339 2101 514 2146 delegatos,
531 2102 623 2136 etiam
650 2113 816 2136 causarum
835 2102 940 2147 palatii
959 2106 1081 2146 aposto-

339 2155 390 2188 lici
403 2155 574 2199 auditores,
591 2166 627 2189 ac
641 2156 670 2189 S.
686 2156 718 2189 [t.
733 2155 766 2189 E.
784 2156 969 2196 cardinales,
987 2155 1079 2188 etiam

340 2209 378 2242 de
395 2210 491 2243 latere
508 2210 639 2254 legatos,
656 2215 686 2243 et
709 2210 798 2253 alios,
814 2210 923 2254 quavis
944 2209 1080 2243 auctori-

342 2269 402 2296 tate
415 2264 590 2307 fungentes,
604 2264 726 2298 sublata
750 2264 795 2297 eis
811 2269 839 2297 et
857 2274 968 2297 eorum
993 2263 1081 2297 cuili-

341 2316 392 2350 bet
408 2317 517 2360 quavis
530 2317 620 2350 aliter
637 2316 793 2350 iudicandi
811 2322 841 2350 et
855 2317 1081 2361 interpretandi

342 2370 487 2404 facultate
513 2375 543 2403 ct
570 2370 775 2411 auctoritate,
809 2370 940 2404 iudicari
966 2375 996 2403 et
1022 2371 1080 2403 de-

343 2423 426 2456 smiri
452 2423 579 2463 debere,
599 2434 635 2457 ae
660 2424 784 2458 irritum
809 2429 839 2457 et
863 2424 964 2465 inane,
985 2424 1009 2457 si
1039 2435 1083 2457 se-

343 2488 398 2510 cus
418 2487 524 2521 super,
541 2482 610 2519 ete,
626 2477 780 2510 attentari.
803 2477 870 2511 Non
888 2477 1083 2511 obstantibus

344 2531 547 2574 praemissis,
572 2541 607 2564 ac
640 2533 748 2564 nostra
781 2531 819 2563 du
851 2541 914 2566 non
946 2531 1084 2566 tollendo

1100 278 1238 312 tionibus
1257 282 1285 311 et
1306 275 1556 311 ordinationibus
1572 274 1764 319 apostolicis,
1780 275 1842 319 pri-

1102 332 1221 375 vilegiis
1245 342 1382 376 quoque,
1410 336 1479 374 etc„
1506 333 1536 364 et
1559 329 1627 363 aliis
1651 327 1784 363 decretis
1808 328 1841 361 in

1101 395 1216 429 genere
1240 385 1288 418 vel
1313 385 1344 418 in
1368 384 1481 429 specie,
1506 394 1543 417 ac
1566 383 1641 416 alias
1664 381 1697 415 in
1721 386 1842 415 contra-

1101 439 1182 472 rium
1208 438 1447 483 quomodolibet
1463 437 1630 478 concessis,
1648 435 1841 470 confirmatis

1101 498 1127 525 et
1149 491 1451 535 i11noi‘atis;s111ib11s
1475 491 1621 525 omnibus
1645 495 1675 523 ct
1699 489 1840 532 singulis,

1102 546 1223 579 etiamsi
1240 557 1298 590 pro
1320 545 1446 578 illorum
1458 545 1623 578 sufficienti
1637 543 1842 587 derogatione

1102 600 1139 634 de
1166 600 1225 633 illis
1250 610 1433 643 eorumque,
1463 605 1531 640 etc„
1556 598 1765 641 derogamus3
1791 607 1844 631 ee-

1103 654 1239 698 terisque.
1264 653 1430 687 contrariis
1449 653 1710 697 quibuscumque.

1147 708 1257 740 Datum
1283 708 1314 740 in
1341 708 1421 740 Arce
1444 706 1637 750 Gamlulplii,
1660 704 1844 738 Albanensis

1103 762 1266 802 dioecesis,
1291 761 1348 795 sub
1374 761 1489 794 annulo
1514 760 1703 801 Piscatoris,
1729 759 1779 792 die
1804 768 1846 792 xx

1103 815 1242 850 octobris
1281 825 1463 858 nncxxxvx,
1502 814 1704 859 pontificatus
1745 812 1844 847 nostri

1103 879 1185 903 anno
1202 880 1273 910 x1v;

1140 931 1198 959 Dat.
1216 931 1259 959 die
1274 932 1309 959 '20
1323 931 1443 960 octobris
1466 931 1544 966 1636,
1565 930 1658 967 pontif.
1676 938 1720 958 an.
1737 936 1792 957 xiv.

1429 1075 1528 1108 DLIX.

1108 1155 1201 1196 Onocl
1225 1156 1263 1189 de
1293 1160 1392 1189 celero
1415 1155 1530 1188 nullus
1554 1155 1698 1197 fratrum
1723 1154 1761 1187 de
1788 1153 1850 1188 Ob-

1150 1209 1265 1242 t'antt'a
1282 1210 1317 1242 in
1334 1208 1560 1253 yuarclianum
1577 1211 1635 1240 aul
1652 1208 1849 1251 vzayislrum

1150 1264 1347 1296 novitiorum
1372 1263 1408 1294 in
1433 1262 1641 1295 conventibus
1664 1260 1851 1294 Recolleclo·

1150 1328 1224 1350 rum
1246 1317 1435 1360 provinciae
1462 1315 1675 1350 Granatensis
1699 1314 1852 1358 deputari

1149 1371 1261 1414 possit,
1281 1371 1363 1413 quin
1376 1370 1471 1413 prius
1489 1369 1640 1402 habitum
1653 1378 1712 1412 per
1728 1367 1852 1401 eosdem

1151 1423 1342 1458 Recolleclos
1355 1423 1478 1466 yeslari
1493 1422 1627 1455 solitum
1643 1421 1819 1465 susceperit
1832 1419 1850 1452 ¹.

1308 1504 1445 1532 Urbanus
1480 1503 1559 1537 Papa
1588 1502 1666 1537 vm,

1256 1549 1292 1576 ad
1311 1549 1445 1576 futuram
1464 1548 1510 1575 rei
1524 1547 1705 1575 memoriam.

1154 1620 1241 1660 Cum,
1266 1619 1347 1653 sicut
1370 1619 1561 1663 accepimus,
1586 1616 1691 1651 dilecti
1713 1617 1769 1650 filii
1796 1617 1855 1650 sra-

1112 1679 1174 1706 tres
1191 1673 1315 1707 Ordinis
1335 1673 1490 1706 Minorum
1517 1671 1614 1705 sancti
1637 1671 1796 1704 Francisci
1816 1670 1854 1704 de

1111 1726 1314 1760 Observantia
1327 1726 1579 1760 Recollectorum
1596 1729 1853 1769 nuncupatorum

1112 1779 1290 1825 provinciae
1322 1779 1524 1813 Granatensis
1549 1779 1579 1812 in
1605 1779 1711 1822 regnis
1735 1778 1852 1822 IIispa-

1112 1834 1247 1875 niarum,
1265 1834 1340 1867 dum
1360 1844 1378 1866 a
1403 1832 1649 1877 provincialibus
1669 1842 1732 1865 non
1750 1831 1857 1865 Recol-

1112 1889 1210 1931 lcctis,
1228 1888 1281 1922 sed
1303 1887 1342 1921 de
1366 1886 1570 1921 observantia
1595 1886 1766 1926 dumtaxat,
1791 1896 1853 1929 gu-

1112 1942 1296 1983 bernantur,
1313 1941 1438 1974 diversa
1462 1939 1713 1974 inconvenientia
1730 1939 1794 1972 sive
1811 1939 1857 1972 in-

1113 1995 1280 2029 commoda
1305 1995 1425 2038 experti
1450 1994 1529 2036 sint,
1558 1993 1707 2037 quoniam
1733 1992 1857 2037 provin-

1114 2049 1208 2082 ciales
1219 2048 1370 2092 praedicti
1385 2047 1590 2081 conventibus
1602 2047 1854 2080 Recollectorum

1115 2102 1306 2145 guardianos
1326 2101 1514 2145 praeficiunt
1534 2099 1678 2133 similiter
1693 2099 1732 2132 de
1746 2099 1857 2133 Obser-

1116 2155 1239 2198 vantia,
1260 2155 1313 2198 qui
1338 2154 1501 2197 rig-orosae
1526 2157 1716 2198 exactaeque
1736 2153 1857 2196 regula-

1116 2209 1158 2242 ris
1183 2209 1367 2253 disciplinae
1403 2208 1642 2249 observantiae,
1673 2209 1731 2241 sub
1768 2207 1857 2241 cuius

1116 2263 1234 2306 regulis
1259 2262 1316 2307 ipsi
1343 2262 1511 2296 Recollecti
1537 2263 1654 2303 vivunt,
1680 2262 1785 2295 minus
1813 2272 1858 2295 as-

1116 2317 1217 2357 sueti,
1258 2315 1489 2360 modorumque
1522 2321 1552 2349 et
1583 2315 1856 2349 coeremoniarum

1116 2369 1301 2403 eorumdem
1328 2370 1580 2403 Recollectorum
1608 2369 1726 2410 nescii,
1752 2368 1859 2401 multis

1118 2423 1363 2457 relaxationibus
1396 2423 1608 2467 abusibusque
1640 2433 1746 2456 ansam
1771 2432 1859 2466 prae-

1118 2478 1201 2518 bent,
1218 2487 1280 2510 non
1305 2477 1371 2510 sine
1396 2477 1524 2520 regulae
1542 2481 1571 2510 et
1587 2486 1719 2510 normae
1736 2475 1859 2509 vivendi

1155 2559 1164 2584 1
1185 2558 1221 2586 Ne
1242 2559 1295 2585 iam
1315 2558 1433 2586 indicata
1451 2558 1536 2586 otiose
1559 2562 1680 2594 repetam
1705 2559 1745 2585 sas
1760 2558 1796 2585 sit
1816 2565 1861 2585 re-

346 2585 412 2618 iffl'ss
436 2585 587 2629 quaesilQ
609 2590 639 2618 ‘st
661 2585 823 2629 (lnibUSViS
839 2585 907 2619 aliis
931 2586 1084 2620 consum·
1119 2612 1231 2631 censere
1251 2602 1379 2631 Clement.
1398 2603 1441 2630 Vll
1458 2603 1547 2631 Const.
1565 2610 1641 2637 xmn,
1661 2603 1697 2631 In
1712 2610 1859 2638 suprema,

382 2649 393 2675 t
413 2647 476 2676 lleic
492 2647 570 2676 deest
585 2647 697 2676 verbum
710 2656 790 2683 posse
805 2648 843 2683 (a.
859 2649 907 2683 τ.).

1121 2652 1184 2676 tom.
1202 2655 1238 2682 vi,
1255 2656 1315 2683 pag.
1335 2648 1393 2677 155.

1745 216 1810 252 563
1854 225 1904 255 An.
1924 225 1955 254 C.
1971 224 2041 255 ¹6³6

1894 1627 1974 1650 Modra
1991 1627 2055 1650 huius

1869 1655 2038 1678 Constitutionis.
