2248 3229
135 221 186 250 An.
206 219 235 249 C.
251 219 316 249 1631

164 657 320 679 contrafacien·

136 684 193 705 tibus
201 690 281 711 poenas
290 685 320 706 in-

136 711 196 737 fligit.

164 1139 222 1161 naec
240 1140 266 1161 ad
287 1145 322 1161 no-

138 1168 203 1187 tai-tos
215 1170 272 1187 extra
285 1167 322 1188 Ur-

138 1192 185 1214 bem
206 1194 322 1215 residentes

139 1221 239 1241 extendit.

154 1725 256 1747 Clausulas
266 1732 326 1753 prae·

140 1754 252 1773 servaturis
272 1755 326 1775 hanc

145 1779 321 1802 constitutionem

140 1807 214 1828 munit.

942 216 1083 241 URBANUS
1107 215 1164 240 VIII
1187 216 1234 240 PP,

334 277 415 308 rum,
436 265 615 311 supradicta
634 265 742 310 peragi
764 275 857 309 posse
869 265 1025 306 volumus,
1047 270 1077 298 et

334 322 461 365 insuper
492 320 671 362 notarium,
697 325 730 352 ut
755 320 932 364 praefertur
955 329 1072 362 appro-

333 374 471 408 bandum
500 378 530 409 et
558 373 804 414 admittendum,
829 373 1074 418 praemissorum

334 428 497 462 occasione
514 428 545 461 in
563 428 668 472 aliqua
688 429 833 471 expensa,
855 432 1075 471 praeterquam

335 481 443 515 decem
462 482 611 516 iuliorum
630 484 773 515 monetae
787 491 935 514 romanae
954 490 1012 524 pro
1029 479 1077 512 lit-

335 536 410 569 teris
437 535 616 580 patentibus
640 545 697 579 per
721 534 923 568 arcliivistam
948 533 1076 576 exigen-

335 589 467 631 dorum,
492 589 616 633 gravari
640 599 703 623 non
728 599 838 633 posse;

380 643 437 687 §4
452 643 489 677 Et
505 643 530 677 si
547 643 617 687 quis
629 653 666 676 ex
679 643 824 687 superius
839 640 1077 686 comprehensis

336 697 467 730 notariis
487 702 598 730 contra
613 697 826 747 praesentium
841 702 994 736 tenorem,
1014 704 1077 728 non

336 750 464 784 obtenta
482 750 671 784 admissione
689 756 722 784 ut
738 751 925 795 praefertur,
939 749 1075 782 officium

336 804 508 839 notariatus
524 815 672 838 exercerc
697 815 790 838 ausus
816 803 918 844 suerit,
942 813 1076 847 poenam

336 859 405 892 salsi
430 859 603 899 incurrere,
617 863 647 893 et
663 863 749 893 actus
767 869 824 902 per
841 858 945 902 ipsum
970 858 1076 897 factos,

336 913 469 958 perinde
493 924 529 947 ac
552 914 577 947 si
606 924 766 957 nunquam
791 912 933 945 notarius
953 916 1077 945 creatus

338 966 507 1009 extitisset,
533 966 636 1000 nullos
671 971 701 1000 et
725 966 876 1010 invalidos
901 976 936 998 ac
961 964 1078 998 nullius

338 1020 463 1055 roboris
477 1025 506 1053 et
523 1020 674 1054 momenti
689 1020 721 1052 in
733 1020 850 1053 iudicio
867 1023 896 1053 et
912 1024 998 1052 extra
1011 1019 1078 1052 sore

338 1079 368 1107 et
388 1084 465 1117 esse,
487 1073 686 1107 decernimus
702 1078 732 1106 et
748 1073 954 1106 declaramus.

381 1127 397 1171 g
419 1127 449 1160 5.
477 1127 561 1166 Quae
585 1126 712 1170 quidem
737 1127 844 1160 omnia
868 1126 970 1170 quoad
994 1131 1079 1158 nota-

337 1181 402 1214 rios
419 1186 506 1214 extra
523 1180 638 1214 Urbem
654 1180 837 1223 residentes,
852 1186 882 1214 et
898 1180 1007 1224 quavis
1025 1190 1078 1213 au-

338 1235 490 1278 ctoritate,
516 1236 609 1269 etiam
636 1246 672 1268 ex
698 1235 781 1268 L'rbe
805 1236 1018 1279 proveniente,
1043 1245 1079 1268 ac

336 1299 394 1332 per
411 1289 646 1332 protonotarios
671 1294 700 1321 et
724 1289 895 1332 scriptores
920 1289 1078 1321 Romanae

337 1341 458 1382 Curiae,
478 1352 602 1375 necnon
627 1341 887 1374 cormimnitatum
909 1340 956 1373 et¹
978 1338 1097 1373 archi-¹

337 1395 460 1428 viorum
472 1395 614 1437 collegia,
625 1401 654 1427 et
664 1395 741 1427 alios
751 1405 976 1437 quoscumque,
987 1395 1078 1428 etiam

338 1449 522 1491 apostolica,
537 1449 583 1481 vel
603 1448 767 1491 imperiali,
785 1453 839 1480 aut
855 1448 915 1480 aliti
933 1458 1079 1491 quacun]-

338 1513 399 1545 que
420 1502 564 1535 suffultos
593 1503 789 1541 auctoritate,
808 1507 939 1542 creatos,
958 1501 1079 1534 etiamsi

338 1555 370 1587 in
390 1556 602 1588 instrumento
623 1556 792 1588 creationis
812 1555 1019 1598 particulares
1038 1555 1081 1587 iu-

339 1607 424 1640 dices
441 1609 580 1651 deputati
601 1609 826 1652 reperirentur,
841 1609 945 1641 locuni
963 1608 1080 1641 habere

340 1665 370 1694 et
382 1661 543 1694 observari
556 1662 701 1694 volumus
715 1662 833 1705 pariter
844 1667 874 1694 et
886 1662 1079 1694 mandamus.

385 1715 399 1758 g
424 1714 453 1747 6.
483 1715 666 1747 Praesentes
698 1726 823 1758 quoque
851 1720 880 1748 ct
909 1716 1014 1749 onmia
1046 1726 1081 1748 ac

342 1767 466 1810 singula
486 1768 517 1800 in
537 1768 582 1800 eis
599 1773 745 1801 contenta
762 1768 869 1811 (etiam
886 1779 921 1801 ex
940 1780 977 1801 co
998 1769 1081 1811 quod

342 1821 514 1865 scriptores
530 1822 688 1854 Romanae
705 1822 815 1855 Curiae
831 1827 861 1855 et
882 1822 1016 1855 aliorum
1035 1833 1083 1855 ar-

342 1875 518 1907 chiviorum
537 1875 761 1918 praefatorum,
785 1886 821 1908 ac
841 1876 955 1908 notarii
976 1881 1006 1908 et
1030 1876 1081 1908 alii

341 1929 542 1972 quicumque,
562 1929 592 1960 in
612 1928 793 1971 praemissis
818 1940 872 1962 seu
897 1940 1007 1961 eorum
1031 1930 1083 1961 ali-

341 1993 404 2026 quo
428 1983 580 2015 interesse
605 1982 765 2022 habentes,
790 1982 838 2014 vel
863 1982 979 2015 babere
1004 1993 1082 2025 qno-

342 2036 516 2069 modolibet
539 2036 791 2080 praetendentes,
816 2036 998 2080 praemissis
1018 2037 1084 2068 nul-

341 2091 463 2124 latenus
488 2092 713 2132 consenserint,
731 2096 761 2124 et
778 2091 816 2123 ad
836 2091 896 2124 hoc
914 2091 1014 2124 vocati
1031 2096 1084 2123 aut

342 2145 439 2177 auditi
456 2155 519 2178 non
536 2145 668 2186 fuerint,
690 2145 857 2189 minusque
875 2156 997 2185 causae,
1015 2156 1085 2188 pro-

342 2202 412 2241 pter
435 2209 513 2242 quas
538 2199 665 2232 eaedem
690 2205 870 2243 praesentes
896 2198 1083 2239 emanarint,

344 2251 506 2293 deductae,
520 2253 709 2293 rei-isicatae,
727 2264 782 2286 seu
793 2253 868 2285 alias
882 2253 1084 2293 sufficienter,

344 2309 398 2339 aut
421 2306 513 2338 etiam
537 2306 725 2347 nullatcnus,
743 2307 929 2339 iustificatae
951 2306 1084 2349 suerint)

345 2359 432 2392 nullo
456 2370 605 2403 umquam
636 2366 777 2404 tempore
801 2360 839 2393 de
864 2359 1084 2404 subreptionis,

346 2413 563 2457 obreptionis,
595 2414 748 2446 nullitatis
762 2442 769 2454 ,
801 2419 854 2447 aut
886 2414 1086 2447 invaliditatis

346 2467 431 2508 vitio,
449 2478 503 2500 seu
521 2467 701 2501 intentionis
717 2473 842 2501 nostrae
861 2473 913 2500 aut
930 2467 991 2501 alio
1013 2478 1088 2510 quo-

346 2522 392 2556 vis
422 2522 544 2555 defectu
558 2549 566 2563 ,
590 2522 684 2555 etiam
716 2522 915 2566 quantumvis
950 2532 1065 2564 magno
1080 2548 1087 2562 ‚

328 2606 332 2608 *
382 2596 394 2621 1
413 2593 552 2621 Coniunct.
568 2597 594 2622 et
609 2593 678 2623 addo
694 2598 826 2621 commate
842 2593 874 2621 ad
890 2594 1010 2628 colleyz'a
1025 2601 1089 2628 pro·

347 2638 427 2666 ducto
443 2640 484 2674 (n.
500 2639 547 2672 Τ.).

1111 263 1321 307 inexcogitato
1353 268 1383 296 et
1415 262 1609 296 substantiali
1634 262 1712 306 (sive
1742 272 1779 296 ex
1811 272 1848 296 eo

1111 318 1195 361 quod
1228 318 1259 350 in
1293 317 1474 361 praemissis
1510 327 1564 350 seu
1600 327 1710 349 corum
1743 316 1848 360 aliquo

1111 371 1324 404 solemnitates
1349 376 1379 404 et
1403 371 1530 415 quaevis
1555 370 1613 403 alia
1641 370 1792 403 servanda
1820 374 1851 403 et

1111 425 1310 468 adimplenda
1334 430 1455 458 servata
1473 429 1503 457 ct
1518 424 1687 468 adimpleta
1702 433 1765 457 non
1787 423 1851 456 fue-

1112 479 1184 519 rint,
1202 484 1256 511 aut
1272 489 1308 511 ex
1329 479 1441 522 quovis
1465 478 1525 511 alio
1551 478 1663 522 capite,
1680 488 1698 510 a
1717 478 1785 510 iure
1801 476 1850 510 vel

1111 534 1191 566 sacto
1216 538 1270 566 aut
1293 536 1407 567 statuto
1432 543 1484 565 sen
1510 532 1735 566 consuetudine
1753 530 1852 564 resul-

1112 591 1205 627 tante,
1230 586 1277 619 vel
1302 586 1576 630 praescriptionis,
1603 586 1696 619 etiam
1722 584 1852 629 quadra-

1112 640 1198 683 ginta
1229 650 1386 674 annorum
1417 644 1446 674 et
1476 640 1580 679 ultra,
1605 645 1658 672 aut
1689 639 1851 682 enormis,

1111 694 1350 728 enormissimae
1367 722 1374 735 ,
1399 705 1435 728 ac
1460 693 1582 727 totalis¹
1606 693 1775 734 laesionis,
1799 696 1852 726 aut

1111 759 1311 793 quocumque
1332 749 1393 782 alio
1418 749 1534 789 colore,
1553 748 1645 780 etiam
1667 747 1697 779 in
1718 757 1853 791 corpore

1112 803 1190 836 iuris
1204 803 1320 845 clauso,
1332 813 1387 835 scu
1400 802 1574 844 occasione,
1586 802 1633 835 vel
1643 802 1747 841 causa,
1758 800 1853 833 etiam

1112 856 1313 899 quantumvis
1337 856 1434 897 iusta,
1460 854 1639 888 rationabili
1670 859 1700 887 et
1723 853 1850 897 privile-

1112 910 1204 952 giata,
1221 910 1314 942 etiam
1329 909 1392 949 tati,
1405 919 1484 952 quac
1502 908 1540 941 ad
1557 908 1703 941 effectum
1716 906 1853 939 validita-

1113 963 1151 996 tis
1167 964 1415 1007 praemissorum
1443 962 1620 995 necessario
1649 960 1854 1005 exprimenda

1113 1017 1203 1057 soret,
1228 1022 1281 1050 aut
1306 1016 1391 1061 quod
1415 1015 1453 1049 de
1477 1016 1636 1049 voluntate
1660 1015 1768 1048 nostra
1792 1013 1852 1046 hu-

1113 1069 1249 1104 iusmodi
1280 1075 1310 1103 et
1341 1070 1410 1103 aliis
1443 1069 1587 1113 superius
1616 1067 1774 1112 expressis
1799 1077 1854 1100 seu

1113 1125 1229 1166 relatis,
1254 1124 1332 1157 nibil
1358 1123 1445 1157 ullibi
1471 1128 1659 1167 appareret,
1685 1132 1740 1155 seu
1764 1121 1854 1154 aliter

1113 1178 1240 1222 probari
1266 1178 1384 1221 posset)
1403 1176 1592 1221 impugnari,
1614 1174 1787 1217 invalidari,
1808 1184 1856 1207 re-

1115 1232 1251 1272 tractari,
1265 1232 1296 1264 in
1314 1231 1361 1264 ius
1375 1231 1422 1264 vel
1436 1229 1684 1264 controversiam
1701 1227 1854 1268 revocari,

1114 1292 1166 1319 aut
1183 1285 1219 1318 ad
1240 1285 1390 1319 terminos
1408 1284 1484 1317 iuris
1499 1283 1618 1322 reduci,
1636 1282 1683 1315 vel
1705 1281 1854 1314 adversus

1115 1340 1182 1371 illas
1199 1339 1406 1372 restitutionis
1426 1338 1457 1369 in
1483 1337 1652 1380 integrum,
1670 1334 1854 1379 aperitionis

1114 1394 1200 1433 oris,
1230 1392 1422 1425 reductionis
1455 1391 1493 1424 ad
1522 1391 1604 1423 viam
1637 1401 1673 1422 ac
1705 1388 1856 1421 terminos

1114 1447 1201 1487 iuris,
1227 1452 1279 1479 aut
1303 1445 1387 1478 aliud
1412 1445 1634 1488 quodcumque
1661 1442 1749 1482 iuris,
1773 1441 1856 1481 sacti,

1114 1500 1233 1543 gratiae
1256 1500 1305 1532 vel
1330 1499 1465 1531 iustitiae
1486 1497 1661 1531 remedium
1679 1495 1855 1540 impetrari,

1114 1564 1169 1585 seu
1195 1553 1434 1597 quomodolibet
1450 1551 1590 1591 concedi,
1611 1555 1664 1583 aut
1688 1550 1856 1593 impetrato

1115 1608 1162 1640 vcl
1180 1618 1329 1640 concesso
1354 1606 1538 1650 quempiam
1563 1605 1609 1637 nti
1627 1615 1682 1637 scu
1699 1614 1731 1637 se
1749 1603 1857 1635 iuvare

1115 1662 1146 1693 in
1178 1661 1294 1693 iudicio
1324 1661 1371 1693 vel
1405 1667 1492 1693 extra
1522 1659 1598 1691 illud
1622 1669 1730 1702 posse,
1754 1667 1858 1700 neque

1116 1715 1199 1758 ipsas
1224 1718 1406 1758 ljn‘acsentcs
1431 1713 1489 1745 sub
1514 1712 1676 1755 quibusvis
1707 1710 1857 1743 similium

1116 1769 1163 1800 vel
1181 1768 1381 1800 dissimilium
1403 1767 1577 1809 gratiarum
1592 1763 1856 1803 revocationibus,

1116 1821 1396 1865 suspensionibus,
1423 1819 1684 1858 limitationibus‚
1709 1823 1762 1850 aut
1790 1816 1858 1849 aliis

1116 1874 1283 1907 contrariis
1292 1873 1552 1917 dispositionibus
1564 1882 1622 1915 pro
1632 1875 1774 1914 tempore
1784 1879 1859 1913 quo-

1117 1928 1288 1961 modolibet
1327 1927 1477 1960 faciendis
1516 1924 1769 1969 comprehendi,
1805 1923 1859 1956 sed

1117 1993 1242 2026 semper
1259 1982 1297 2014 ab
1322 1981 1383 2014 illis
1401 1985 1555 2024 exceptas,
1574 1984 1791 2023 perpetuoque
1811 1987 1860 2010 va-

1117 2036 1206 2076 lidas,
1222 2036 1330 2068 firmas
1355 2040 1385 2067 et
1409 2034 1551 2067 efficaces
1576 2033 1710 2065 existere
1730 2037 1759 2064 et
1782 2032 1859 2072 fore,

1118 2100 1255 2133 suosque
1270 2088 1427 2132 plenarios
1444 2092 1475 2120 et
1495 2088 1635 2129 integros
1653 2085 1782 2118 effectus
1795 2095 1859 2118 sor-

1118 2143 1169 2176 tiri
1188 2148 1218 2175 et
1234 2142 1388 2182 obtinere,
1406 2151 1441 2174 ac
1454 2151 1510 2184 per
1532 2150 1641 2173 omnes
1658 2144 1688 2172 et
1705 2139 1858 2182 singulos,

1118 2197 1156 2229 ad
1175 2207 1254 2239 quos
1271 2200 1390 2239 spectat
1407 2199 1437 2227 et
1453 2193 1691 2238 quomodolibet
1706 2192 1860 2237 spectabit

1119 2251 1150 2282 in
1174 2250 1328 2289 futurum,
1354 2247 1575 2281 inviolabiliter
1599 2247 1778 2286 observari;

1164 2304 1179 2347 ξ
1204 2304 1232 2336 7.
1254 2303 1377 2346 Sicque‚
1395 2307 1425 2334 et
1444 2312 1506 2333 non
1528 2301 1614 2341 alias,
1630 2301 1661 2332 in
1678 2298 1860 2343 praemissis

1120 2357 1265 2391 ominbus
1290 2362 1321 2390 et
1347 2356 1478 2399 singulis
1498 2367 1554 2399 por
1578 2363 1794 2399 quoscumque
1818 2353 1861 2386 iu-

1120 2413 1204 2445 dices
1219 2411 1396 2444 ordinarios
1413 2414 1442 2444 et
1458 2410 1626 2451 delegatos,
1644 2408 1737 2440 etiam
1756 2417 1861 2440 causa-

1120 2476 1191 2498 rum
1209 2463 1314 2508 palatii
1327 2463 1489 2507 apostolici
1506 2462 1675 2503 auditores,
1690 2465 1720 2493 et
1733 2461 1761 2494 S.
1776 2461 1810 2493 R.
1824 2460 1859 2493 E.

1121 2518 1304 2557 cardinales,
1329 2517 1422 2550 etiam
1448 2516 1485 2549 de
1510 2516 1606 2549 latere
1630 2515 1760 2558 legatos,
1783 2523 1860 2546 nun-

1121 2572 1189 2612 tios,
1202 2582 1238 2604 ac
1251 2571 1329 2603 alios
1343 2570 1451 2614 quavis
1465 2569 1651 2602 auctoritate
1664 2572 1694 2602 et
1706 2571 1860 2612 potestate

1159 2637 1167 2661 1
1188 2634 1256 2662 Edit.
1274 2634 1356 2661 Maia.
1373 2633 1437 2668 legit
1453 2632 1535 2662 totali
1548 2633 1589 2667 (n.
1607 2632 1654 2665 Τ,),

1747 204 1810 239 267
1856 213 1906 242 Αιι.
1927 213 1956 243 C.
1977 214 2044 244 163¹

1902 2306 1979 2333 Sicqne
1989 2307 2010 2326 et
2019 2310 2059 2327 non

1875 2333 1927 2354 alias
1942 2360 1945 2363 Α
1965 2333 2060 2363 judicari

1875 2362 1987 2386 praecipit.
