<?xml version="1.0" encoding="UTF-8"?>
<!DOCTYPE html PUBLIC "-//W3C//DTD XHTML 1.0 Transitional//EN"
    "http://www.w3.org/TR/xhtml1/DTD/xhtml1-transitional.dtd">
<html xmlns="http://www.w3.org/1999/xhtml" xml:lang="en" lang="en">
 <head>
  <title>
</title>
<meta http-equiv="Content-Type" content="text/html;charset=utf-8" />
  <meta name='ocr-system' content='tesseract 3.04.00' />
  <meta name='ocr-capabilities' content='ocr_page ocr_carea ocr_par ocr_line ocrx_word'/>
</head>
<body>
  <div class='ocr_page' id='page_1' title='image "./bullarumdiplomat14cath_0479.png"; bbox 0 0 2248 3229; ppageno 0'>
   <div class='ocr_carea' id='block_1_1' title="bbox 131 250 316 281">
    <p class='ocr_par' dir='ltr' id='par_1_1' title="bbox 131 250 316 281">
     <span class='ocr_line' id='line_1_1' title="bbox 131 250 316 281; baseline 0 -1"><span class='ocrx_word' id='word_1_1' title='bbox 131 251 181 280; x_wconf 78' lang='lat' dir='ltr'>An.</span> <span class='ocrx_word' id='word_1_2' title='bbox 200 250 230 280; x_wconf 85' lang='lat' dir='ltr'>C.</span> <span class='ocrx_word' id='word_1_3' title='bbox 246 251 316 281; x_wconf 66' lang='lat'><strong>1634</strong></span> 
     </span>
    </p>
   </div>
   <div class='ocr_carea' id='block_1_2' title="bbox 312 2175 1070 2224">
    <p class='ocr_par' dir='ltr' id='par_1_2' title="bbox 312 2175 1070 2224">
     <span class='ocr_line' id='line_1_2' title="bbox 312 2175 1070 2224; baseline 0.003 -13"><span class='ocrx_word' id='word_1_4' title='bbox 312 2175 401 2211; x_wconf 86' lang='lat' dir='ltr'>&#39;usus</span> <span class='ocrx_word' id='word_1_5' title='bbox 415 2179 651 2220; x_wconf 83' lang='lat' dir='ltr'>conferendum,</span> <span class='ocrx_word' id='word_1_6' title='bbox 668 2190 727 2212; x_wconf 89' lang='lat' dir='ltr'>nee</span> <span class='ocrx_word' id='word_1_7' title='bbox 746 2181 865 2224; x_wconf 86' lang='lat' dir='ltr'>pariter</span> <span class='ocrx_word' id='word_1_8' title='bbox 883 2180 1006 2224; x_wconf 87' lang='lat' dir='ltr'>pietatis</span> <span class='ocrx_word' id='word_1_9' title='bbox 1023 2181 1070 2214; x_wconf 73' lang='lat' dir='ltr'>vel</span> 
     </span>
    </p>
   </div>
   <div class='ocr_carea' id='block_1_3' title="bbox 325 253 1090 2171">
    <p class='ocr_par' dir='ltr' id='par_1_3' title="bbox 938 253 1081 279">
     <span class='ocr_line' id='line_1_3' title="bbox 938 253 1081 279; baseline 0.007 -1"><span class='ocrx_word' id='word_1_10' title='bbox 938 253 1081 279; x_wconf 67' lang='lat' dir='ltr'><strong>URBANUS</strong></span> 
     </span>
    </p>

    <p class='ocr_par' dir='ltr' id='par_1_4' title="bbox 328 299 1089 558">
     <span class='ocr_line' id='line_1_4' title="bbox 372 299 1089 343; baseline 0.004 -11"><span class='ocrx_word' id='word_1_11' title='bbox 372 299 403 333; x_wconf 85' lang='lat' dir='ltr'>Si</span> <span class='ocrx_word' id='word_1_12' title='bbox 427 300 498 343; x_wconf 86' lang='lat' dir='ltr'>quis</span> <span class='ocrx_word' id='word_1_13' title='bbox 522 310 581 343; x_wconf 88' lang='lat' dir='ltr'>per</span> <span class='ocrx_word' id='word_1_14' title='bbox 605 301 833 335; x_wconf 77' lang='lat' dir='ltr'>contumaciam</span> <span class='ocrx_word' id='word_1_15' title='bbox 854 302 903 335; x_wconf 71' lang='lat' dir='ltr'>vel</span> <span class='ocrx_word' id='word_1_16' title='bbox 929 302 1089 341; x_wconf 55' lang='lat' dir='ltr'>mandes-1</span> 
     </span>
     <span class='ocr_line' id='line_1_5' title="bbox 329 353 1089 399; baseline 0.004 -14"><span class='ocrx_word' id='word_1_17' title='bbox 329 357 392 386; x_wconf 87' lang='lat' dir='ltr'>tam</span> <span class='ocrx_word' id='word_1_18' title='bbox 409 353 615 386; x_wconf 86' lang='lat' dir='ltr'>rebellionem</span> <span class='ocrx_word' id='word_1_19' title='bbox 633 354 817 388; x_wconf 78' lang='lat' dir='ltr'>inobediens</span> <span class='ocrx_word' id='word_1_20' title='bbox 840 367 896 389; x_wconf 92' lang='lat' dir='ltr'>suo</span> <span class='ocrx_word' id='word_1_21' title='bbox 914 356 1071 399; x_wconf 72' lang='lat' dir='ltr'>superiori</span> <span class='ocrx_word' id='word_1_22' title='bbox 1088 362 1089 373; x_wconf 67' lang='lat'>¹</span> 
     </span>
     <span class='ocr_line' id='line_1_6' title="bbox 328 407 1073 452; baseline -0.001 -12"><span class='ocrx_word' id='word_1_23' title='bbox 328 407 473 448; x_wconf 77' lang='lat' dir='ltr'>extiterit,</span> <span class='ocrx_word' id='word_1_24' title='bbox 493 408 539 440; x_wconf 78' lang='lat' dir='ltr'>rel</span> <span class='ocrx_word' id='word_1_25' title='bbox 566 419 637 440; x_wconf 83' lang='lat' dir='ltr'>euin</span> <span class='ocrx_word' id='word_1_26' title='bbox 663 420 700 441; x_wconf 87' lang='lat' dir='ltr'>eo</span> <span class='ocrx_word' id='word_1_27' title='bbox 726 409 807 441; x_wconf 86' lang='lat' dir='ltr'>intus</span> <span class='ocrx_word' id='word_1_28' title='bbox 833 410 879 441; x_wconf 73' lang='lat' dir='ltr'>rel</span> <span class='ocrx_word' id='word_1_29' title='bbox 904 410 980 442; x_wconf 81' lang='lat' dir='ltr'>soris</span> <span class='ocrx_word' id='word_1_30' title='bbox 1002 420 1073 452; x_wconf 84' lang='lat' dir='ltr'>pro-</span> 
     </span>
     <span class='ocr_line' id='line_1_7' title="bbox 328 460 1072 505; baseline 0.004 -13"><span class='ocrx_word' id='word_1_31' title='bbox 328 465 414 494; x_wconf 78' lang='lat' dir='ltr'>terve</span> <span class='ocrx_word' id='word_1_32' title='bbox 447 462 636 494; x_wconf 78' lang='lat' dir='ltr'>contendere</span> <span class='ocrx_word' id='word_1_33' title='bbox 669 473 762 494; x_wconf 86' lang='lat' dir='ltr'>ausus</span> <span class='ocrx_word' id='word_1_34' title='bbox 794 463 906 503; x_wconf 74' lang='lat' dir='ltr'>l&#39;ueiit,</span> <span class='ocrx_word' id='word_1_35' title='bbox 933 460 1072 505; x_wconf 81' lang='lat' dir='ltr'>legitime</span> 
     </span>
     <span class='ocr_line' id='line_1_8' title="bbox 328 514 926 558; baseline 0 -11"><span class='ocrx_word' id='word_1_36' title='bbox 328 514 500 554; x_wconf 71' lang='lat' dir='ltr'>convictus,</span> <span class='ocrx_word' id='word_1_37' title='bbox 519 514 701 548; x_wconf 67' lang='lat' dir='ltr'>carceribus</span> <span class='ocrx_word' id='word_1_38' title='bbox 720 516 926 558; x_wconf 82' lang='lat' dir='ltr'>mancipetur.</span> 
     </span>
    </p>

    <p class='ocr_par' dir='ltr' id='par_1_5' title="bbox 326 562 1090 1041">
     <span class='ocr_line' id='line_1_9' title="bbox 371 562 1074 611; baseline 0 -10"><span class='ocrx_word' id='word_1_39' title='bbox 371 567 405 601; x_wconf 91' lang='lat' dir='ltr'>ln</span> <span class='ocrx_word' id='word_1_40' title='bbox 428 568 620 611; x_wconf 76' lang='lat' dir='ltr'>praesidium</span> <span class='ocrx_word' id='word_1_41' title='bbox 647 562 906 611; x_wconf 70' lang='lat' dir='ltr'>Congrcgationis</span> <span class='ocrx_word' id='word_1_42' title='bbox 929 574 960 601; x_wconf 88' lang='lat' dir='ltr'>et</span> <span class='ocrx_word' id='word_1_43' title='bbox 984 568 1074 601; x_wconf 82' lang='lat' dir='ltr'>disci·</span> 
     </span>
     <span class='ocr_line' id='line_1_10' title="bbox 327 621 1073 665; baseline 0.003 -12"><span class='ocrx_word' id='word_1_44' title='bbox 327 621 431 665; x_wconf 89' lang='lat' dir='ltr'>plinae</span> <span class='ocrx_word' id='word_1_45' title='bbox 456 621 611 663; x_wconf 86' lang='lat' dir='ltr'>regularis</span> <span class='ocrx_word' id='word_1_46' title='bbox 634 622 850 654; x_wconf 71' lang='lat' dir='ltr'>fulcimentum</span> <span class='ocrx_word' id='word_1_47' title='bbox 869 622 1026 654; x_wconf 89' lang='lat' dir='ltr'>sancimus</span> <span class='ocrx_word' id='word_1_48' title='bbox 1043 628 1073 655; x_wconf 89' lang='lat' dir='ltr'>et</span> 
     </span>
     <span class='ocr_line' id='line_1_11' title="bbox 327 675 1072 718; baseline 0.004 -12"><span class='ocrx_word' id='word_1_49' title='bbox 327 675 501 715; x_wconf 87' lang='lat' dir='ltr'>statuimus,</span> <span class='ocrx_word' id='word_1_50' title='bbox 521 678 563 714; x_wconf 92' lang='lat' dir='ltr'>ut,</span> <span class='ocrx_word' id='word_1_51' title='bbox 584 675 774 718; x_wconf 74' lang='lat' dir='ltr'>quicumque</span> <span class='ocrx_word' id='word_1_52' title='bbox 791 676 923 708; x_wconf 77' lang='lat' dir='ltr'>fratrum</span> <span class='ocrx_word' id='word_1_53' title='bbox 948 682 1072 709; x_wconf 89' lang='lat' dir='ltr'>nostro-</span> 
     </span>
     <span class='ocr_line' id='line_1_12' title="bbox 327 728 1073 773; baseline 0.003 -13"><span class='ocrx_word' id='word_1_54' title='bbox 327 738 398 761; x_wconf 90' lang='lat' dir='ltr'>rum</span> <span class='ocrx_word' id='word_1_55' title='bbox 424 728 462 760; x_wconf 86' lang='lat' dir='ltr'>ad</span> <span class='ocrx_word' id='word_1_56' title='bbox 489 729 592 761; x_wconf 89' lang='lat' dir='ltr'>curias</span> <span class='ocrx_word' id='word_1_57' title='bbox 613 730 771 762; x_wconf 84' lang='lat' dir='ltr'>seculares</span> <span class='ocrx_word' id='word_1_58' title='bbox 795 740 854 773; x_wconf 87' lang='lat' dir='ltr'>pro</span> <span class='ocrx_word' id='word_1_59' title='bbox 878 730 982 762; x_wconf 82' lang='lat' dir='ltr'>debita</span> <span class='ocrx_word' id='word_1_60' title='bbox 1008 740 1073 762; x_wconf 88' lang='lat' dir='ltr'>cor-</span> 
     </span>
     <span class='ocr_line' id='line_1_13' title="bbox 326 782 1090 830; baseline 0.001 -15"><span class='ocrx_word' id='word_1_61' title='bbox 326 782 467 815; x_wconf 79' lang='lat' dir='ltr'>rectione</span> <span class='ocrx_word' id='word_1_62' title='bbox 497 786 525 816; x_wconf 91' lang='lat' dir='ltr'>et</span> <span class='ocrx_word' id='word_1_63' title='bbox 549 783 713 826; x_wconf 82' lang='lat' dir='ltr'>punitione</span> <span class='ocrx_word' id='word_1_64' title='bbox 739 784 863 816; x_wconf 73' lang='lat' dir='ltr'>vitanda</span> <span class='ocrx_word' id='word_1_65' title='bbox 889 784 1090 830; x_wconf 69' lang='lat' dir='ltr'>recur1·erit,{</span> 
     </span>
     <span class='ocr_line' id='line_1_14' title="bbox 327 835 1089 879; baseline 0 -11"><span class='ocrx_word' id='word_1_66' title='bbox 327 835 395 879; x_wconf 80' lang='lat' dir='ltr'>ipso</span> <span class='ocrx_word' id='word_1_67' title='bbox 420 835 502 869; x_wconf 79' lang='lat' dir='ltr'>facto</span> <span class='ocrx_word' id='word_1_68' title='bbox 527 837 817 869; x_wconf 80' lang='lat' dir='ltr'>excommunicatus</span> <span class='ocrx_word' id='word_1_69' title='bbox 835 837 874 868; x_wconf 89' lang='lat' dir='ltr'>sit</span> <span class='ocrx_word' id='word_1_70' title='bbox 897 841 927 869; x_wconf 91' lang='lat' dir='ltr'>et</span> <span class='ocrx_word' id='word_1_71' title='bbox 951 837 1089 878; x_wconf 46' lang='lat' dir='ltr'>existant</span> 
     </span>
     <span class='ocr_line' id='line_1_15' title="bbox 326 890 1090 934; baseline 0.001 -12"><span class='ocrx_word' id='word_1_72' title='bbox 326 890 542 933; x_wconf 77' lang='lat' dir='ltr'>quoadusque,</span> <span class='ocrx_word' id='word_1_73' title='bbox 558 890 673 923; x_wconf 86' lang='lat' dir='ltr'>iudicio</span> <span class='ocrx_word' id='word_1_74' title='bbox 690 891 817 934; x_wconf 89' lang='lat' dir='ltr'>capituli</span> <span class='ocrx_word' id='word_1_75' title='bbox 835 891 1001 933; x_wconf 85' lang='lat' dir='ltr'>generalis,</span> <span class='ocrx_word' id='word_1_76' title='bbox 1019 890 1073 923; x_wconf 90' lang='lat' dir='ltr'>be-</span> <span class='ocrx_word' id='word_1_77' title='bbox 1088 902 1090 915; x_wconf 56' lang='lat'><strong>³</strong></span> 
     </span>
     <span class='ocr_line' id='line_1_16' title="bbox 327 943 1089 987; baseline 0 -11"><span class='ocrx_word' id='word_1_78' title='bbox 327 943 476 976; x_wconf 86' lang='lat' dir='ltr'>neficium</span> <span class='ocrx_word' id='word_1_79' title='bbox 492 944 698 982; x_wconf 69' lang='lat' dir='ltr'>absolutionis</span> <span class='ocrx_word' id='word_1_80' title='bbox 716 954 732 976; x_wconf 88' lang='lat' dir='ltr'>a</span> <span class='ocrx_word' id='word_1_81' title='bbox 750 944 914 987; x_wconf 80' lang='lat' dir='ltr'>superiore</span> <span class='ocrx_word' id='word_1_82' title='bbox 932 944 1072 987; x_wconf 85' lang='lat' dir='ltr'>generali</span> <span class='ocrx_word' id='word_1_83' title='bbox 1088 965 1089 971; x_wconf 67' lang='lat'>.</span> 
     </span>
     <span class='ocr_line' id='line_1_17' title="bbox 326 996 837 1041; baseline 0 -12"><span class='ocrx_word' id='word_1_84' title='bbox 326 996 538 1040; x_wconf 77' lang='lat' dir='ltr'>promeritus¹</span> <span class='ocrx_word' id='word_1_85' title='bbox 564 997 658 1030; x_wconf 84' lang='lat' dir='ltr'>fuerit</span> <span class='ocrx_word' id='word_1_86' title='bbox 683 997 837 1041; x_wconf 86' lang='lat' dir='ltr'>accipere.</span> 
     </span>
    </p>

    <p class='ocr_par' dir='ltr' id='par_1_6' title="bbox 326 1050 1089 1523">
     <span class='ocr_line' id='line_1_18' title="bbox 371 1050 1072 1094; baseline 0 -10"><span class='ocrx_word' id='word_1_87' title='bbox 371 1051 440 1084; x_wconf 79' lang='lat' dir='ltr'>Non</span> <span class='ocrx_word' id='word_1_88' title='bbox 465 1051 566 1084; x_wconf 89' lang='lat' dir='ltr'>solum</span> <span class='ocrx_word' id='word_1_89' title='bbox 591 1061 686 1083; x_wconf 88' lang='lat' dir='ltr'>curae</span> <span class='ocrx_word' id='word_1_90' title='bbox 707 1051 746 1082; x_wconf 82' lang='lat' dir='ltr'>sit</span> <span class='ocrx_word' id='word_1_91' title='bbox 762 1050 913 1084; x_wconf 78' lang='lat' dir='ltr'>fratribus</span> <span class='ocrx_word' id='word_1_92' title='bbox 930 1050 1072 1094; x_wconf 87' lang='lat' dir='ltr'>superio-</span> 
     </span>
     <span class='ocr_line' id='line_1_19' title="bbox 327 1104 1072 1148; baseline 0.001 -11"><span class='ocrx_word' id='word_1_93' title='bbox 327 1115 398 1137; x_wconf 88' lang='lat' dir='ltr'>rum</span> <span class='ocrx_word' id='word_1_94' title='bbox 420 1105 512 1137; x_wconf 88' lang='lat' dir='ltr'>iussis</span> <span class='ocrx_word' id='word_1_95' title='bbox 526 1104 850 1148; x_wconf 81' lang='lat' dir='ltr'>quampersectissime</span> <span class='ocrx_word' id='word_1_96' title='bbox 864 1104 1003 1145; x_wconf 84' lang='lat' dir='ltr'>obedire,</span> <span class='ocrx_word' id='word_1_97' title='bbox 1018 1105 1072 1138; x_wconf 86' lang='lat' dir='ltr'>sed</span> 
     </span>
     <span class='ocr_line' id='line_1_20' title="bbox 329 1158 1072 1199; baseline 0 -8"><span class='ocrx_word' id='word_1_98' title='bbox 329 1169 440 1191; x_wconf 89' lang='lat' dir='ltr'>eorum</span> <span class='ocrx_word' id='word_1_99' title='bbox 465 1159 559 1192; x_wconf 86' lang='lat' dir='ltr'>etiarn</span> <span class='ocrx_word' id='word_1_100' title='bbox 585 1158 878 1199; x_wconf 73' lang='lat' dir='ltr'>constitutionibus,</span> <span class='ocrx_word' id='word_1_101' title='bbox 904 1159 1072 1192; x_wconf 84' lang='lat' dir='ltr'>ordinatio-</span> 
     </span>
     <span class='ocr_line' id='line_1_21' title="bbox 326 1211 1072 1253; baseline 0 -9"><span class='ocrx_word' id='word_1_102' title='bbox 326 1211 428 1253; x_wconf 87' lang='lat' dir='ltr'>nibus,</span> <span class='ocrx_word' id='word_1_103' title='bbox 454 1212 581 1252; x_wconf 88' lang='lat' dir='ltr'>litteris,</span> <span class='ocrx_word' id='word_1_104' title='bbox 601 1211 747 1252; x_wconf 87' lang='lat' dir='ltr'>nunciis,</span> <span class='ocrx_word' id='word_1_105' title='bbox 771 1212 915 1252; x_wconf 87' lang='lat' dir='ltr'>nutibus,</span> <span class='ocrx_word' id='word_1_106' title='bbox 940 1222 975 1245; x_wconf 90' lang='lat' dir='ltr'>ac</span> <span class='ocrx_word' id='word_1_107' title='bbox 1002 1212 1072 1245; x_wconf 87' lang='lat' dir='ltr'>sub-</span> 
     </span>
     <span class='ocr_line' id='line_1_22' title="bbox 327 1256 1070 1309; baseline 0 -11"><span class='ocrx_word' id='word_1_108' title='bbox 327 1256 479 1298; x_wconf 79' lang='lat' dir='ltr'>ordinatis</span> <span class='ocrx_word' id='word_1_109' title='bbox 504 1265 700 1298; x_wconf 84' lang='lat' dir='ltr'>officialibus.</span> <span class='ocrx_word' id='word_1_110' title='bbox 725 1265 771 1299; x_wconf 91' lang='lat' dir='ltr'>Ad</span> <span class='ocrx_word' id='word_1_111' title='bbox 804 1276 990 1298; x_wconf 85' lang='lat' dir='ltr'>communes</span> <span class='ocrx_word' id='word_1_112' title='bbox 1014 1276 1070 1309; x_wconf 86' lang='lat' dir='ltr'>pa-</span> 
     </span>
     <span class='ocr_line' id='line_1_23' title="bbox 327 1318 1089 1367; baseline 0.001 -16"><span class='ocrx_word' id='word_1_113' title='bbox 327 1318 404 1353; x_wconf 87' lang='lat' dir='ltr'>riter</span> <span class='ocrx_word' id='word_1_114' title='bbox 427 1319 667 1353; x_wconf 73' lang='lat' dir='ltr'>‘exercitationes</span> <span class='ocrx_word' id='word_1_115' title='bbox 688 1324 741 1352; x_wconf 86' lang='lat' dir='ltr'>aut</span> <span class='ocrx_word' id='word_1_116' title='bbox 761 1318 1089 1367; x_wconf 61' lang='lat' dir='ltr'>e1·ecti01ies‘²‚signo‡</span> 
     </span>
     <span class='ocr_line' id='line_1_24' title="bbox 327 1372 1071 1416; baseline 0.001 -12"><span class='ocrx_word' id='word_1_117' title='bbox 327 1381 497 1416; x_wconf 85' lang='lat' dir='ltr'>campanae</span> <span class='ocrx_word' id='word_1_118' title='bbox 522 1372 639 1413; x_wconf 89' lang='lat' dir='ltr'>audito,</span> <span class='ocrx_word' id='word_1_119' title='bbox 655 1372 721 1405; x_wconf 87' lang='lat' dir='ltr'>sine</span> <span class='ocrx_word' id='word_1_120' title='bbox 746 1375 835 1405; x_wconf 75' lang='lat' dir='ltr'>mora</span> <span class='ocrx_word' id='word_1_121' title='bbox 859 1372 1029 1413; x_wconf 84' lang='lat' dir='ltr'>confluant,</span> <span class='ocrx_word' id='word_1_122' title='bbox 1043 1377 1071 1406; x_wconf 88' lang='lat' dir='ltr'>et</span> 
     </span>
     <span class='ocr_line' id='line_1_25' title="bbox 327 1426 1072 1470; baseline 0.001 -12"><span class='ocrx_word' id='word_1_123' title='bbox 327 1436 546 1470; x_wconf 85' lang='lat' dir='ltr'>quaecumque</span> <span class='ocrx_word' id='word_1_124' title='bbox 562 1426 665 1459; x_wconf 85' lang='lat' dir='ltr'>officia</span> <span class='ocrx_word' id='word_1_125' title='bbox 682 1437 739 1470; x_wconf 82' lang='lat' dir='ltr'>per</span> <span class='ocrx_word' id='word_1_126' title='bbox 756 1436 959 1459; x_wconf 86' lang='lat' dir='ltr'>communem</span> <span class='ocrx_word' id='word_1_127' title='bbox 979 1427 1072 1459; x_wconf 88' lang='lat' dir='ltr'>tabel-</span> 
     </span>
     <span class='ocr_line' id='line_1_26' title="bbox 326 1479 1025 1523; baseline 0.001 -12"><span class='ocrx_word' id='word_1_128' title='bbox 326 1479 388 1512; x_wconf 87' lang='lat' dir='ltr'>lam</span> <span class='ocrx_word' id='word_1_129' title='bbox 408 1479 502 1522; x_wconf 80' lang='lat' dir='ltr'>ipsis³</span> <span class='ocrx_word' id='word_1_130' title='bbox 525 1479 665 1512; x_wconf 84' lang='lat' dir='ltr'>iniuncta</span> <span class='ocrx_word' id='word_1_131' title='bbox 681 1480 849 1522; x_wconf 81' lang='lat' dir='ltr'>diligenter</span> <span class='ocrx_word' id='word_1_132' title='bbox 865 1485 1025 1523; x_wconf 75' lang='lat' dir='ltr'>peragant.</span> 
     </span>
    </p>

    <p class='ocr_par' dir='ltr' id='par_1_7' title="bbox 325 1533 1089 1954">
     <span class='ocr_line' id='line_1_27' title="bbox 371 1533 1071 1577; baseline 0 -11"><span class='ocrx_word' id='word_1_133' title='bbox 371 1533 587 1576; x_wconf 85' lang='lat' dir='ltr'>Praecipimus</span> <span class='ocrx_word' id='word_1_134' title='bbox 611 1539 775 1577; x_wconf 86' lang='lat' dir='ltr'>praeterea</span> <span class='ocrx_word' id='word_1_135' title='bbox 801 1533 857 1566; x_wconf 79' lang='lat' dir='ltr'>ex⁴</span> <span class='ocrx_word' id='word_1_136' title='bbox 882 1534 910 1566; x_wconf 71' lang='lat' dir='ltr'>vi</span> <span class='ocrx_word' id='word_1_137' title='bbox 943 1534 1071 1577; x_wconf 78' lang='lat' dir='ltr'>regulae</span> 
     </span>
     <span class='ocr_line' id='line_1_28' title="bbox 325 1582 1089 1635; baseline 0.003 -16"><span class='ocrx_word' id='word_1_138' title='bbox 325 1597 365 1620; x_wconf 94' lang='lat' dir='ltr'>ne</span> <span class='ocrx_word' id='word_1_139' title='bbox 392 1587 481 1631; x_wconf 83' lang='lat' dir='ltr'>quis⁵</span> <span class='ocrx_word' id='word_1_140' title='bbox 506 1587 625 1620; x_wconf 82' lang='lat' dir='ltr'>litteras</span> <span class='ocrx_word' id='word_1_141' title='bbox 650 1587 688 1620; x_wconf 89' lang='lat' dir='ltr'>ad</span> <span class='ocrx_word' id='word_1_142' title='bbox 713 1587 849 1631; x_wconf 85' lang='lat' dir='ltr'>aliquem</span> <span class='ocrx_word' id='word_1_143' title='bbox 877 1588 988 1628; x_wconf 85' lang='lat' dir='ltr'>mittat,</span> <span class='ocrx_word' id='word_1_144' title='bbox 1014 1582 1089 1635; x_wconf 67' lang='lat' dir='ltr'>nec}</span> 
     </span>
     <span class='ocr_line' id='line_1_29' title="bbox 326 1639 1088 1694; baseline 0.001 -20"><span class='ocrx_word' id='word_1_145' title='bbox 326 1647 471 1685; x_wconf 89' lang='lat' dir='ltr'>acceptas</span> <span class='ocrx_word' id='word_1_146' title='bbox 495 1641 596 1683; x_wconf 82' lang='lat' dir='ltr'>legat,</span> <span class='ocrx_word' id='word_1_147' title='bbox 621 1641 680 1673; x_wconf 89' lang='lat' dir='ltr'>nisi</span> <span class='ocrx_word' id='word_1_148' title='bbox 713 1641 803 1685; x_wconf 87' lang='lat' dir='ltr'>prius</span> <span class='ocrx_word' id='word_1_149' title='bbox 828 1641 1006 1684; x_wconf 78' lang='lat' dir='ltr'>superiori⁶</span> <span class='ocrx_word' id='word_1_150' title='bbox 1026 1639 1088 1694; x_wconf 41' lang='lat' dir='ltr'>le-l&#39;</span> 
     </span>
     <span class='ocr_line' id='line_1_30' title="bbox 327 1694 1089 1738; baseline 0.001 -11"><span class='ocrx_word' id='word_1_151' title='bbox 327 1694 444 1738; x_wconf 81' lang='lat' dir='ltr'>gendas</span> <span class='ocrx_word' id='word_1_152' title='bbox 461 1694 619 1734; x_wconf 85' lang='lat' dir='ltr'>obtulerit,</span> <span class='ocrx_word' id='word_1_153' title='bbox 640 1694 699 1727; x_wconf 86' lang='lat' dir='ltr'>nisi</span> <span class='ocrx_word' id='word_1_154' title='bbox 721 1705 793 1727; x_wconf 90' lang='lat' dir='ltr'>cum</span> <span class='ocrx_word' id='word_1_155' title='bbox 810 1695 930 1738; x_wconf 89' lang='lat' dir='ltr'>aliquo⁷</span> <span class='ocrx_word' id='word_1_156' title='bbox 949 1695 1089 1728; x_wconf 67' lang='lat' dir='ltr'>ratione}</span> 
     </span>
     <span class='ocr_line' id='line_1_31' title="bbox 327 1748 1072 1792; baseline 0 -10"><span class='ocrx_word' id='word_1_157' title='bbox 327 1748 375 1782; x_wconf 89' lang='lat' dir='ltr'>sui</span> <span class='ocrx_word' id='word_1_158' title='bbox 399 1748 494 1782; x_wconf 85' lang='lat' dir='ltr'>officii</span> <span class='ocrx_word' id='word_1_159' title='bbox 518 1748 664 1792; x_wconf 83' lang='lat' dir='ltr'>superior</span> <span class='ocrx_word' id='word_1_160' title='bbox 685 1748 932 1792; x_wconf 86' lang='lat' dir='ltr'>dispensandum</span> <span class='ocrx_word' id='word_1_161' title='bbox 957 1748 1072 1782; x_wconf 86' lang='lat' dir='ltr'>iudica-</span> 
     </span>
     <span class='ocr_line' id='line_1_32' title="bbox 327 1802 1072 1846; baseline 0.001 -11"><span class='ocrx_word' id='word_1_162' title='bbox 327 1802 415 1836; x_wconf 86' lang='lat' dir='ltr'>verit.</span> <span class='ocrx_word' id='word_1_163' title='bbox 441 1802 472 1836; x_wconf 87' lang='lat' dir='ltr'>Si</span> <span class='ocrx_word' id='word_1_164' title='bbox 496 1803 565 1846; x_wconf 90' lang='lat' dir='ltr'>quis</span> <span class='ocrx_word' id='word_1_165' title='bbox 589 1808 694 1835; x_wconf 87' lang='lat' dir='ltr'>autem</span> <span class='ocrx_word' id='word_1_166' title='bbox 719 1814 808 1836; x_wconf 87' lang='lat' dir='ltr'>secus</span> <span class='ocrx_word' id='word_1_167' title='bbox 832 1804 943 1837; x_wconf 86' lang='lat' dir='ltr'>secisse</span> <span class='ocrx_word' id='word_1_168' title='bbox 968 1804 1072 1837; x_wconf 85' lang='lat' dir='ltr'>eonvi-</span> 
     </span>
     <span class='ocr_line' id='line_1_33' title="bbox 327 1856 1071 1903; baseline 0 -13"><span class='ocrx_word' id='word_1_169' title='bbox 327 1860 404 1903; x_wconf 53' lang='lat' dir='ltr'>clus·</span> <span class='ocrx_word' id='word_1_170' title='bbox 418 1856 522 1897; x_wconf 82' lang='lat' dir='ltr'>suerit,</span> <span class='ocrx_word' id='word_1_171' title='bbox 536 1856 709 1889; x_wconf 88' lang='lat' dir='ltr'>secundum</span> <span class='ocrx_word' id='word_1_172' title='bbox 729 1857 846 1890; x_wconf 85' lang='lat' dir='ltr'>dictam</span> <span class='ocrx_word' id='word_1_173' title='bbox 861 1859 1015 1901; x_wconf 84' lang='lat' dir='ltr'>regulam,</span> <span class='ocrx_word' id='word_1_174' title='bbox 1033 1857 1071 1890; x_wconf 87' lang='lat' dir='ltr'>ad</span> 
     </span>
     <span class='ocr_line' id='line_1_34' title="bbox 327 1910 1042 1954; baseline 0.003 -11"><span class='ocrx_word' id='word_1_175' title='bbox 327 1910 494 1943; x_wconf 86' lang='lat' dir='ltr'>arbitrium</span> <span class='ocrx_word' id='word_1_176' title='bbox 511 1910 684 1954; x_wconf 87' lang='lat' dir='ltr'>praepositi</span> <span class='ocrx_word' id='word_1_177' title='bbox 702 1911 829 1954; x_wconf 76' lang='lat' dir='ltr'>gravius</span> <span class='ocrx_word' id='word_1_178' title='bbox 847 1913 1042 1946; x_wconf 84' lang='lat' dir='ltr'>emendetur.</span> 
     </span>
    </p>

    <p class='ocr_par' dir='ltr' id='par_1_8' title="bbox 325 1964 1072 2171">
     <span class='ocr_line' id='line_1_35' title="bbox 371 1964 1071 1999; baseline 0 -1"><span class='ocrx_word' id='word_1_179' title='bbox 371 1964 505 1998; x_wconf 75' lang='lat' dir='ltr'>Caveant</span> <span class='ocrx_word' id='word_1_180' title='bbox 530 1964 622 1997; x_wconf 88' lang='lat' dir='ltr'>etiam</span> <span class='ocrx_word' id='word_1_181' title='bbox 648 1975 757 1998; x_wconf 88' lang='lat' dir='ltr'>omnes</span> <span class='ocrx_word' id='word_1_182' title='bbox 788 1975 828 1998; x_wconf 90' lang='lat' dir='ltr'>ne</span> <span class='ocrx_word' id='word_1_183' title='bbox 853 1965 920 1998; x_wconf 88' lang='lat' dir='ltr'>sine</span> <span class='ocrx_word' id='word_1_184' title='bbox 944 1966 1071 1999; x_wconf 78' lang='lat' dir='ltr'>licentia</span> 
     </span>
     <span class='ocr_line' id='line_1_36' title="bbox 326 2017 1072 2063; baseline 0.001 -12"><span class='ocrx_word' id='word_1_185' title='bbox 326 2017 500 2062; x_wconf 87' lang='lat' dir='ltr'>superioris</span> <span class='ocrx_word' id='word_1_186' title='bbox 524 2017 689 2060; x_wconf 79' lang='lat' dir='ltr'>negotium</span> <span class='ocrx_word' id='word_1_187' title='bbox 713 2018 850 2062; x_wconf 85' lang='lat' dir='ltr'>aliquod,</span> <span class='ocrx_word' id='word_1_188' title='bbox 872 2019 1072 2063; x_wconf 79' lang='lat' dir='ltr'>quantumvis</span> 
     </span>
     <span class='ocr_line' id='line_1_37' title="bbox 325 2071 1072 2116; baseline 0.003 -12"><span class='ocrx_word' id='word_1_189' title='bbox 325 2071 425 2116; x_wconf 88' lang='lat' dir='ltr'>pium,</span> <span class='ocrx_word' id='word_1_190' title='bbox 444 2071 626 2115; x_wconf 80' lang='lat' dir='ltr'>suscipiant,</span> <span class='ocrx_word' id='word_1_191' title='bbox 643 2077 695 2105; x_wconf 89' lang='lat' dir='ltr'>aut</span> <span class='ocrx_word' id='word_1_192' title='bbox 713 2072 832 2116; x_wconf 89' lang='lat' dir='ltr'>aliquid</span> <span class='ocrx_word' id='word_1_193' title='bbox 850 2074 889 2106; x_wconf 87' lang='lat' dir='ltr'>ab</span> <span class='ocrx_word' id='word_1_194' title='bbox 910 2073 1015 2116; x_wconf 88' lang='lat' dir='ltr'>aliquo</span> <span class='ocrx_word' id='word_1_195' title='bbox 1032 2073 1072 2106; x_wconf 85' lang='lat' dir='ltr'>al-</span> 
     </span>
     <span class='ocr_line' id='line_1_38' title="bbox 326 2125 1070 2171; baseline 0.004 -14"><span class='ocrx_word' id='word_1_196' title='bbox 326 2125 386 2158; x_wconf 88' lang='lat' dir='ltr'>teri</span> <span class='ocrx_word' id='word_1_197' title='bbox 410 2125 640 2158; x_wconf 87' lang='lat' dir='ltr'>restituendum</span> <span class='ocrx_word' id='word_1_198' title='bbox 665 2126 829 2170; x_wconf 81' lang='lat' dir='ltr'>accipiant,</span> <span class='ocrx_word' id='word_1_199' title='bbox 855 2127 902 2160; x_wconf 71' lang='lat' dir='ltr'>vel</span> <span class='ocrx_word' id='word_1_200' title='bbox 927 2127 959 2160; x_wconf 90' lang='lat' dir='ltr'>in</span> <span class='ocrx_word' id='word_1_201' title='bbox 983 2125 1070 2171; x_wconf 74' lang='lat' dir='ltr'>pios8</span> 
     </span>
    </p>
   </div>
   <div class='ocr_carea' id='block_1_4' title="bbox 326 2233 1071 2277">
    <p class='ocr_par' dir='ltr' id='par_1_9' title="bbox 326 2233 1071 2277">
     <span class='ocr_line' id='line_1_39' title="bbox 326 2233 1071 2277; baseline 0.004 -12"><span class='ocrx_word' id='word_1_202' title='bbox 326 2233 450 2277; x_wconf 78' lang='lat' dir='ltr'>aliquo⁹</span> <span class='ocrx_word' id='word_1_203' title='bbox 463 2239 638 2277; x_wconf 82' lang='lat' dir='ltr'>praetextu,</span> <span class='ocrx_word' id='word_1_204' title='bbox 651 2233 773 2277; x_wconf 87' lang='lat' dir='ltr'>aliquos</span> <span class='ocrx_word' id='word_1_205' title='bbox 792 2234 914 2268; x_wconf 90' lang='lat' dir='ltr'>libellos</span> <span class='ocrx_word' id='word_1_206' title='bbox 938 2235 985 2268; x_wconf 81' lang='lat' dir='ltr'>vel</span> <span class='ocrx_word' id='word_1_207' title='bbox 1009 2240 1071 2268; x_wconf 90' lang='lat' dir='ltr'>tra-</span> 
     </span>
    </p>
   </div>
   <div class='ocr_carea' id='block_1_5' title="bbox 1087 378 1092 2367">
    <p class='ocr_par' dir='ltr' id='par_1_10' title="bbox 1087 378 1092 2367">
     <span class='ocr_line' id='line_1_40' title="bbox 1087 378 1092 2367; baseline 0 0"><span class='ocrx_word' id='word_1_208' title='bbox 1087 378 1092 2367; x_wconf 95' lang='lat' dir='ltr'> </span> 
     </span>
    </p>
   </div>
   <div class='ocr_carea' id='block_1_6' title="bbox 358 2313 1068 2713">
    <p class='ocr_par' dir='ltr' id='par_1_11' title="bbox 362 2313 959 2349">
     <span class='ocr_line' id='line_1_41' title="bbox 362 2313 959 2349; baseline 0.003 -9"><span class='ocrx_word' id='word_1_209' title='bbox 362 2316 374 2340; x_wconf 85' lang='lat'><strong>1</strong></span> <span class='ocrx_word' id='word_1_210' title='bbox 392 2313 462 2340; x_wconf 88' lang='lat' dir='ltr'>Edit.</span> <span class='ocrx_word' id='word_1_211' title='bbox 479 2313 557 2340; x_wconf 83' lang='lat' dir='ltr'>Main.</span> <span class='ocrx_word' id='word_1_212' title='bbox 575 2313 639 2349; x_wconf 79' lang='lat' dir='ltr'>legit</span> <span class='ocrx_word' id='word_1_213' title='bbox 649 2322 705 2348; x_wconf 81' lang='lat' dir='ltr'>pro</span> <span class='ocrx_word' id='word_1_214' title='bbox 721 2314 841 2342; x_wconf 72' lang='lat' dir='ltr'>meritus</span> <span class='ocrx_word' id='word_1_215' title='bbox 854 2314 893 2349; x_wconf 78' lang='lat' dir='ltr'>(n.</span> <span class='ocrx_word' id='word_1_216' title='bbox 910 2315 959 2349; x_wconf 75' lang='grc' dir='ltr'>τ.).</span> 
     </span>
    </p>

    <p class='ocr_par' dir='ltr' id='par_1_12' title="bbox 359 2357 1068 2439">
     <span class='ocr_line' id='line_1_42' title="bbox 360 2357 1068 2396; baseline 0.004 -11"><span class='ocrx_word' id='word_1_217' title='bbox 360 2357 377 2385; x_wconf 76' lang='lat'>2</span> <span class='ocrx_word' id='word_1_218' title='bbox 388 2358 463 2385; x_wconf 88' lang='lat' dir='ltr'>Fors.</span> <span class='ocrx_word' id='word_1_219' title='bbox 474 2359 668 2386; x_wconf 75' lang='lat' dir='ltr'>recreationes</span> <span class='ocrx_word' id='word_1_220' title='bbox 684 2367 731 2394; x_wconf 89' lang='lat' dir='ltr'>pro</span> <span class='ocrx_word' id='word_1_221' title='bbox 743 2360 900 2387; x_wconf 78' lang='lat' dir='ltr'>erectiones</span> <span class='ocrx_word' id='word_1_222' title='bbox 909 2359 964 2396; x_wconf 83' lang='lat' dir='ltr'>leg.</span> <span class='ocrx_word' id='word_1_223' title='bbox 977 2360 1068 2396; x_wconf 54' lang='grc' dir='ltr'>(Κῶ).</span> 
     </span>
     <span class='ocr_line' id='line_1_43' title="bbox 359 2402 829 2439; baseline -0.002 -8"><span class='ocrx_word' id='word_1_224' title='bbox 359 2403 376 2431; x_wconf 87' lang='lat'>3</span> <span class='ocrx_word' id='word_1_225' title='bbox 391 2402 462 2430; x_wconf 88' lang='lat' dir='ltr'>Edit.</span> <span class='ocrx_word' id='word_1_226' title='bbox 478 2402 558 2429; x_wconf 77' lang='lat' dir='ltr'>Main.</span> <span class='ocrx_word' id='word_1_227' title='bbox 574 2402 639 2437; x_wconf 82' lang='lat' dir='ltr'>legit</span> <span class='ocrx_word' id='word_1_228' title='bbox 656 2403 711 2437; x_wconf 78' lang='lat' dir='ltr'>ipsi</span> <span class='ocrx_word' id='word_1_229' title='bbox 728 2404 764 2439; x_wconf 78' lang='lat' dir='ltr'>(n.</span> <span class='ocrx_word' id='word_1_230' title='bbox 781 2404 829 2439; x_wconf 88' lang='lat' dir='ltr'>T.).</span> 
     </span>
    </p>

    <p class='ocr_par' dir='ltr' id='par_1_13' title="bbox 360 2447 812 2483">
     <span class='ocr_line' id='line_1_44' title="bbox 360 2447 812 2483; baseline 0.002 -9"><span class='ocrx_word' id='word_1_231' title='bbox 360 2449 376 2475; x_wconf 72' lang='lat'>4</span> <span class='ocrx_word' id='word_1_232' title='bbox 391 2447 462 2475; x_wconf 85' lang='lat' dir='ltr'>Edit..</span> <span class='ocrx_word' id='word_1_233' title='bbox 479 2448 562 2474; x_wconf 86' lang='lat' dir='ltr'>Main.</span> <span class='ocrx_word' id='word_1_234' title='bbox 580 2448 643 2483; x_wconf 86' lang='lat' dir='ltr'>legit</span> <span class='ocrx_word' id='word_1_235' title='bbox 658 2457 690 2475; x_wconf 84' lang='lat' dir='ltr'>ca</span> <span class='ocrx_word' id='word_1_236' title='bbox 706 2451 747 2482; x_wconf 77' lang='lat' dir='ltr'>(R.</span> <span class='ocrx_word' id='word_1_237' title='bbox 765 2451 812 2481; x_wconf 84' lang='grc' dir='ltr'>Τ.).</span> 
     </span>
    </p>

    <p class='ocr_par' dir='ltr' id='par_1_14' title="bbox 359 2493 875 2529">
     <span class='ocr_line' id='line_1_45' title="bbox 359 2493 875 2529; baseline 0.002 -9"><span class='ocrx_word' id='word_1_238' title='bbox 359 2493 376 2520; x_wconf 83' lang='grc'>5</span> <span class='ocrx_word' id='word_1_239' title='bbox 390 2493 461 2520; x_wconf 84' lang='lat' dir='ltr'>Edit.</span> <span class='ocrx_word' id='word_1_240' title='bbox 478 2493 560 2519; x_wconf 84' lang='lat' dir='ltr'>Maia.</span> <span class='ocrx_word' id='word_1_241' title='bbox 578 2493 642 2527; x_wconf 84' lang='lat' dir='ltr'>legit</span> <span class='ocrx_word' id='word_1_242' title='bbox 658 2495 757 2528; x_wconf 75' lang='lat' dir='ltr'>nequis</span> <span class='ocrx_word' id='word_1_243' title='bbox 771 2496 809 2528; x_wconf 76' lang='lat' dir='ltr'>(n.</span> <span class='ocrx_word' id='word_1_244' title='bbox 827 2494 875 2529; x_wconf 88' lang='lat' dir='ltr'>T.).</span> 
     </span>
    </p>

    <p class='ocr_par' dir='ltr' id='par_1_15' title="bbox 359 2537 907 2574">
     <span class='ocr_line' id='line_1_46' title="bbox 359 2537 907 2574; baseline 0.002 -9"><span class='ocrx_word' id='word_1_245' title='bbox 359 2538 375 2565; x_wconf 85' lang='lat'>6</span> <span class='ocrx_word' id='word_1_246' title='bbox 391 2537 461 2565; x_wconf 86' lang='lat' dir='ltr'>Edit.</span> <span class='ocrx_word' id='word_1_247' title='bbox 478 2537 558 2564; x_wconf 79' lang='lat' dir='ltr'>Main.</span> <span class='ocrx_word' id='word_1_248' title='bbox 576 2538 641 2573; x_wconf 80' lang='lat' dir='ltr'>legit</span> <span class='ocrx_word' id='word_1_249' title='bbox 655 2539 790 2573; x_wconf 76' lang='lat' dir='ltr'>superior</span> <span class='ocrx_word' id='word_1_250' title='bbox 806 2542 842 2570; x_wconf 74' lang='lat' dir='ltr'>(R.</span> <span class='ocrx_word' id='word_1_251' title='bbox 859 2538 907 2574; x_wconf 83' lang='lat' dir='ltr'>T.).</span> 
     </span>
    </p>

    <p class='ocr_par' dir='ltr' id='par_1_16' title="bbox 360 2582 960 2618">
     <span class='ocr_line' id='line_1_47' title="bbox 360 2582 960 2618; baseline 0.002 -8"><span class='ocrx_word' id='word_1_252' title='bbox 360 2583 374 2610; x_wconf 87' lang='lat'><em>7</em></span> <span class='ocrx_word' id='word_1_253' title='bbox 389 2582 456 2609; x_wconf 81' lang='lat' dir='ltr'>Male</span> <span class='ocrx_word' id='word_1_254' title='bbox 471 2582 536 2609; x_wconf 87' lang='lat' dir='ltr'>edit.</span> <span class='ocrx_word' id='word_1_255' title='bbox 554 2582 636 2609; x_wconf 53' lang='lat' dir='ltr'>alain⁴</span> <span class='ocrx_word' id='word_1_256' title='bbox 653 2583 718 2618; x_wconf 82' lang='lat' dir='ltr'>legit</span> <span class='ocrx_word' id='word_1_257' title='bbox 735 2584 837 2618; x_wconf 71' lang='lat' dir='ltr'>aliqua</span> <span class='ocrx_word' id='word_1_258' title='bbox 859 2588 896 2617; x_wconf 78' lang='lat' dir='ltr'>(R.</span> <span class='ocrx_word' id='word_1_259' title='bbox 913 2584 960 2618; x_wconf 60' lang='lat'>12).</span> 
     </span>
    </p>

    <p class='ocr_par' dir='ltr' id='par_1_17' title="bbox 359 2627 872 2664">
     <span class='ocr_line' id='line_1_48' title="bbox 359 2627 872 2664; baseline 0 -8"><span class='ocrx_word' id='word_1_260' title='bbox 359 2628 375 2656; x_wconf 90' lang='lat'>8</span> <span class='ocrx_word' id='word_1_261' title='bbox 389 2628 462 2656; x_wconf 87' lang='lat' dir='ltr'>Edit.</span> <span class='ocrx_word' id='word_1_262' title='bbox 478 2627 558 2655; x_wconf 71' lang='grc' dir='ltr'>Μαίη.</span> <span class='ocrx_word' id='word_1_263' title='bbox 575 2627 641 2663; x_wconf 80' lang='lat' dir='ltr'>legit</span> <span class='ocrx_word' id='word_1_264' title='bbox 656 2628 753 2663; x_wconf 76' lang='lat' dir='ltr'>inpios</span> <span class='ocrx_word' id='word_1_265' title='bbox 767 2629 806 2664; x_wconf 74' lang='lat' dir='ltr'>(u.</span> <span class='ocrx_word' id='word_1_266' title='bbox 823 2630 872 2663; x_wconf 64' lang='lat'>12).</span> 
     </span>
    </p>

    <p class='ocr_par' dir='ltr' id='par_1_18' title="bbox 358 2673 1064 2713">
     <span class='ocr_line' id='line_1_49' title="bbox 358 2673 1064 2713; baseline 0.004 -12"><span class='ocrx_word' id='word_1_267' title='bbox 358 2673 375 2701; x_wconf 81' lang='lat'>9</span> <span class='ocrx_word' id='word_1_268' title='bbox 387 2674 445 2703; x_wconf 80' lang='lat' dir='ltr'>Vox</span> <span class='ocrx_word' id='word_1_269' title='bbox 459 2674 518 2702; x_wconf 85' lang='lat' dir='ltr'>alio</span> <span class='ocrx_word' id='word_1_270' title='bbox 535 2674 576 2701; x_wconf 76' lang='lat' dir='ltr'>vel</span> <span class='ocrx_word' id='word_1_271' title='bbox 590 2674 715 2702; x_wconf 88' lang='lat' dir='ltr'>addenda</span> <span class='ocrx_word' id='word_1_272' title='bbox 725 2674 766 2702; x_wconf 90' lang='lat' dir='ltr'>vel</span> <span class='ocrx_word' id='word_1_273' title='bbox 780 2675 967 2704; x_wconf 85' lang='lat' dir='ltr'>substituenda</span> <span class='ocrx_word' id='word_1_274' title='bbox 975 2675 1064 2713; x_wconf 56' lang='lat' dir='ltr'>(nat).</span> 
     </span>
    </p>
   </div>
   <div class='ocr_carea' id='block_1_7' title="bbox 439 2728 1029 2758">
    <p class='ocr_par' dir='ltr' id='par_1_19' title="bbox 439 2728 1029 2758">
     <span class='ocr_line' id='line_1_50' title="bbox 439 2728 1029 2758; baseline 0.002 -2"><span class='ocrx_word' id='word_1_275' title='bbox 439 2728 517 2758; x_wconf 79' lang='lat' dir='ltr'>Bull.</span> <span class='ocrx_word' id='word_1_276' title='bbox 532 2728 617 2758; x_wconf 87' lang='lat' dir='ltr'>Rom.</span> <span class='ocrx_word' id='word_1_277' title='bbox 629 2744 663 2749; x_wconf 91' lang='lat'>—</span> <span class='ocrx_word' id='word_1_278' title='bbox 682 2728 742 2758; x_wconf 78' lang='lat' dir='ltr'>Vol.</span> <span class='ocrx_word' id='word_1_279' title='bbox 759 2728 836 2758; x_wconf 85' lang='lat' dir='ltr'><strong><em>XIV.</em></strong></span> <span class='ocrx_word' id='word_1_280' title='bbox 998 2729 1029 2757; x_wconf 88' lang='lat'>51</span> 
     </span>
    </p>
   </div>
   <div class='ocr_carea' id='block_1_8' title="bbox 1105 254 1851 1527">
    <p class='ocr_par' dir='ltr' id='par_1_20' title="bbox 1105 254 1851 720">
     <span class='ocr_line' id='line_1_51' title="bbox 1105 254 1232 279; baseline 0.008 -1"><span class='ocrx_word' id='word_1_281' title='bbox 1105 254 1162 278; x_wconf 85' lang='lat' dir='ltr'>vm</span> <span class='ocrx_word' id='word_1_282' title='bbox 1185 255 1232 279; x_wconf 83' lang='grc' dir='ltr'>ΡΡ.</span> 
     </span>
     <span class='ocr_line' id='line_1_52' title="bbox 1105 303 1850 348; baseline 0.001 -13"><span class='ocrx_word' id='word_1_283' title='bbox 1105 308 1216 343; x_wconf 85' lang='lat' dir='ltr'>etatus,</span> <span class='ocrx_word' id='word_1_284' title='bbox 1235 303 1328 336; x_wconf 89' lang='lat' dir='ltr'>etiam</span> <span class='ocrx_word' id='word_1_285' title='bbox 1342 313 1450 337; x_wconf 89' lang='lat' dir='ltr'>rerum</span> <span class='ocrx_word' id='word_1_286' title='bbox 1469 303 1692 348; x_wconf 83' lang='lat' dir='ltr'>spiritualium,</span> <span class='ocrx_word' id='word_1_287' title='bbox 1709 312 1768 336; x_wconf 88' lang='lat' dir='ltr'>nee</span> <span class='ocrx_word' id='word_1_288' title='bbox 1786 303 1850 347; x_wconf 87' lang='lat' dir='ltr'>qui-</span> 
     </span>
     <span class='ocr_line' id='line_1_53' title="bbox 1105 356 1851 400; baseline 0.001 -12"><span class='ocrx_word' id='word_1_289' title='bbox 1105 356 1175 389; x_wconf 80' lang='lat' dir='ltr'>dem</span> <span class='ocrx_word' id='word_1_290' title='bbox 1191 357 1352 400; x_wconf 80' lang='lat' dir='ltr'>simplices</span> <span class='ocrx_word' id='word_1_291' title='bbox 1365 357 1577 397; x_wconf 83' lang='lat' dir='ltr'>collectiones,</span> <span class='ocrx_word' id='word_1_292' title='bbox 1591 360 1781 400; x_wconf 84' lang='lat' dir='ltr'>componant</span> <span class='ocrx_word' id='word_1_293' title='bbox 1797 362 1851 390; x_wconf 90' lang='lat' dir='ltr'>aut</span> 
     </span>
     <span class='ocr_line' id='line_1_54' title="bbox 1105 410 1851 450; baseline 0.004 -9"><span class='ocrx_word' id='word_1_294' title='bbox 1105 410 1294 450; x_wconf 74' lang='lat' dir='ltr'>describant,</span> <span class='ocrx_word' id='word_1_295' title='bbox 1309 411 1524 444; x_wconf 86' lang='lat' dir='ltr'>multominus</span> <span class='ocrx_word' id='word_1_296' title='bbox 1538 411 1606 444; x_wconf 86' lang='lat' dir='ltr'>aliis</span> <span class='ocrx_word' id='word_1_297' title='bbox 1616 411 1851 444; x_wconf 79' lang='lat' dir='ltr'>communicare</span> 
     </span>
     <span class='ocr_line' id='line_1_55' title="bbox 1107 463 1847 508; baseline 0.004 -14"><span class='ocrx_word' id='word_1_298' title='bbox 1107 468 1324 505; x_wconf 85' lang='lat' dir='ltr'>praesumant,</span> <span class='ocrx_word' id='word_1_299' title='bbox 1351 463 1409 496; x_wconf 89' lang='lat' dir='ltr'>nisi</span> <span class='ocrx_word' id='word_1_300' title='bbox 1442 464 1509 507; x_wconf 90' lang='lat' dir='ltr'>ipse</span> <span class='ocrx_word' id='word_1_301' title='bbox 1539 464 1686 508; x_wconf 88' lang='lat' dir='ltr'>superior</span> <span class='ocrx_word' id='word_1_302' title='bbox 1710 474 1746 497; x_wconf 87' lang='lat' dir='ltr'>ea</span> <span class='ocrx_word' id='word_1_303' title='bbox 1770 463 1847 497; x_wconf 85' lang='lat' dir='ltr'>sub-</span> 
     </span>
     <span class='ocr_line' id='line_1_56' title="bbox 1106 517 1851 561; baseline 0.001 -12"><span class='ocrx_word' id='word_1_304' title='bbox 1106 517 1286 560; x_wconf 77' lang='lat' dir='ltr'>scripserit,</span> <span class='ocrx_word' id='word_1_305' title='bbox 1307 518 1391 561; x_wconf 90' lang='lat' dir='ltr'>quod</span> <span class='ocrx_word' id='word_1_306' title='bbox 1412 518 1437 550; x_wconf 90' lang='lat' dir='ltr'>si</span> <span class='ocrx_word' id='word_1_307' title='bbox 1462 518 1537 561; x_wconf 89' lang='lat' dir='ltr'>quid</span> <span class='ocrx_word' id='word_1_308' title='bbox 1562 518 1742 551; x_wconf 85' lang='lat' dir='ltr'>huiusmodi</span> <span class='ocrx_word' id='word_1_309' title='bbox 1759 518 1791 550; x_wconf 92' lang='lat' dir='ltr'>in</span> <span class='ocrx_word' id='word_1_310' title='bbox 1807 518 1851 550; x_wconf 90' lang='lat' dir='ltr'>lu-</span> 
     </span>
     <span class='ocr_line' id='line_1_57' title="bbox 1106 571 1851 615; baseline 0.004 -13"><span class='ocrx_word' id='word_1_311' title='bbox 1106 581 1173 603; x_wconf 89' lang='lat' dir='ltr'>cem</span> <span class='ocrx_word' id='word_1_312' title='bbox 1208 571 1300 604; x_wconf 88' lang='lat' dir='ltr'>edere</span> <span class='ocrx_word' id='word_1_313' title='bbox 1329 572 1590 615; x_wconf 76' lang='lat' dir='ltr'>praetenderent,</span> <span class='ocrx_word' id='word_1_314' title='bbox 1620 572 1644 604; x_wconf 89' lang='lat' dir='ltr'>si</span> <span class='ocrx_word' id='word_1_315' title='bbox 1675 572 1713 604; x_wconf 87' lang='lat' dir='ltr'>ad</span> <span class='ocrx_word' id='word_1_316' title='bbox 1745 582 1851 605; x_wconf 86' lang='lat' dir='ltr'>mores</span> 
     </span>
     <span class='ocr_line' id='line_1_58' title="bbox 1106 623 1849 669; baseline 0.001 -13"><span class='ocrx_word' id='word_1_317' title='bbox 1106 623 1289 666; x_wconf 88' lang='lat' dir='ltr'>pertineret,</span> <span class='ocrx_word' id='word_1_318' title='bbox 1307 634 1324 656; x_wconf 88' lang='lat' dir='ltr'>a</span> <span class='ocrx_word' id='word_1_319' title='bbox 1348 625 1568 668; x_wconf 87' lang='lat' dir='ltr'>superioribus</span> <span class='ocrx_word' id='word_1_320' title='bbox 1588 625 1849 669; x_wconf 86' lang='lat' dir='ltr'>approbationem</span> 
     </span>
     <span class='ocr_line' id='line_1_59' title="bbox 1106 677 1685 720; baseline 0.003 -11"><span class='ocrx_word' id='word_1_321' title='bbox 1106 683 1136 710; x_wconf 89' lang='lat' dir='ltr'>et</span> <span class='ocrx_word' id='word_1_322' title='bbox 1153 688 1170 709; x_wconf 90' lang='lat' dir='ltr'>a</span> <span class='ocrx_word' id='word_1_323' title='bbox 1186 677 1325 720; x_wconf 83' lang='lat' dir='ltr'>generali</span> <span class='ocrx_word' id='word_1_324' title='bbox 1342 678 1500 710; x_wconf 84' lang='lat' dir='ltr'>licentiam</span> <span class='ocrx_word' id='word_1_325' title='bbox 1515 678 1685 712; x_wconf 83' lang='lat' dir='ltr'>obtineant.</span> 
     </span>
    </p>

    <p class='ocr_par' dir='ltr' id='par_1_21' title="bbox 1105 731 1851 1204">
     <span class='ocr_line' id='line_1_60' title="bbox 1150 731 1850 765; baseline 0.001 -2"><span class='ocrx_word' id='word_1_326' title='bbox 1150 731 1173 763; x_wconf 80' lang='lat' dir='ltr'>A</span> <span class='ocrx_word' id='word_1_327' title='bbox 1199 731 1420 764; x_wconf 89' lang='lat' dir='ltr'>communibus</span> <span class='ocrx_word' id='word_1_328' title='bbox 1445 732 1602 764; x_wconf 82' lang='lat' dir='ltr'>exercitiis</span> <span class='ocrx_word' id='word_1_329' title='bbox 1623 741 1717 765; x_wconf 90' lang='lat' dir='ltr'>nemo</span> <span class='ocrx_word' id='word_1_330' title='bbox 1735 731 1801 764; x_wconf 90' lang='lat' dir='ltr'>sine</span> <span class='ocrx_word' id='word_1_331' title='bbox 1817 732 1850 765; x_wconf 92' lang='lat' dir='ltr'>li-</span> 
     </span>
     <span class='ocr_line' id='line_1_61' title="bbox 1106 784 1850 829; baseline 0.004 -13"><span class='ocrx_word' id='word_1_332' title='bbox 1106 784 1209 816; x_wconf 82' lang='lat' dir='ltr'>centia</span> <span class='ocrx_word' id='word_1_333' title='bbox 1225 785 1314 823; x_wconf 89' lang='lat' dir='ltr'>absit,</span> <span class='ocrx_word' id='word_1_334' title='bbox 1332 785 1391 817; x_wconf 90' lang='lat' dir='ltr'>nisi</span> <span class='ocrx_word' id='word_1_335' title='bbox 1406 786 1485 818; x_wconf 84' lang='lat' dir='ltr'>sorte</span> <span class='ocrx_word' id='word_1_336' title='bbox 1502 785 1615 829; x_wconf 89' lang='lat' dir='ltr'>aliquis</span> <span class='ocrx_word' id='word_1_337' title='bbox 1632 791 1702 818; x_wconf 91' lang='lat' dir='ltr'>actu</span> <span class='ocrx_word' id='word_1_338' title='bbox 1719 785 1850 829; x_wconf 87' lang='lat' dir='ltr'>proprio</span> 
     </span>
     <span class='ocr_line' id='line_1_62' title="bbox 1106 830 1850 879; baseline 0.003 -9"><span class='ocrx_word' id='word_1_339' title='bbox 1106 838 1209 870; x_wconf 83' lang='lat' dir='ltr'>officio</span> <span class='ocrx_word' id='word_1_340' title='bbox 1235 838 1446 879; x_wconf 88' lang='lat' dir='ltr'>detineretur,</span> <span class='ocrx_word' id='word_1_341' title='bbox 1479 844 1509 872; x_wconf 90' lang='lat' dir='ltr'>et</span> <span class='ocrx_word' id='word_1_342' title='bbox 1539 838 1660 871; x_wconf 81' lang='lat' dir='ltr'>differri</span> <span class='ocrx_word' id='word_1_343' title='bbox 1685 830 1850 872; x_wconf 82' lang='lat' dir='ltr'>commode</span> 
     </span>
     <span class='ocr_line' id='line_1_63' title="bbox 1105 891 1848 936; baseline 0.003 -13"><span class='ocrx_word' id='word_1_344' title='bbox 1105 901 1168 923; x_wconf 91' lang='lat' dir='ltr'>non</span> <span class='ocrx_word' id='word_1_345' title='bbox 1192 897 1298 934; x_wconf 85' lang='lat' dir='ltr'>posset</span> <span class='ocrx_word' id='word_1_346' title='bbox 1324 891 1408 935; x_wconf 90' lang='lat' dir='ltr'>quod</span> <span class='ocrx_word' id='word_1_347' title='bbox 1433 892 1506 934; x_wconf 79' lang='lat' dir='ltr'>agit.</span> <span class='ocrx_word' id='word_1_348' title='bbox 1532 892 1630 925; x_wconf 73' lang='lat' dir='ltr'>Nemo</span> <span class='ocrx_word' id='word_1_349' title='bbox 1656 892 1723 925; x_wconf 82' lang='lat' dir='ltr'>sine</span> <span class='ocrx_word' id='word_1_350' title='bbox 1750 903 1848 936; x_wconf 90' lang='lat' dir='ltr'>supe-</span> 
     </span>
     <span class='ocr_line' id='line_1_64' title="bbox 1106 944 1850 979; baseline 0.003 -3"><span class='ocrx_word' id='word_1_351' title='bbox 1106 944 1200 977; x_wconf 85' lang='lat' dir='ltr'>rioris</span> <span class='ocrx_word' id='word_1_352' title='bbox 1224 944 1350 978; x_wconf 81' lang='lat' dir='ltr'>licentia</span> <span class='ocrx_word' id='word_1_353' title='bbox 1368 945 1497 978; x_wconf 88' lang='lat' dir='ltr'>alterius</span> <span class='ocrx_word' id='word_1_354' title='bbox 1517 946 1628 978; x_wconf 89' lang='lat' dir='ltr'>cellam</span> <span class='ocrx_word' id='word_1_355' title='bbox 1653 951 1684 979; x_wconf 87' lang='lat' dir='ltr'>et</span> <span class='ocrx_word' id='word_1_356' title='bbox 1708 945 1850 979; x_wconf 84' lang='lat' dir='ltr'>officinas</span> 
     </span>
     <span class='ocr_line' id='line_1_65' title="bbox 1106 998 1849 1042; baseline 0.003 -12"><span class='ocrx_word' id='word_1_357' title='bbox 1106 998 1333 1041; x_wconf 86' lang='lat' dir='ltr'>ingrediatur¹,</span> <span class='ocrx_word' id='word_1_358' title='bbox 1353 999 1398 1031; x_wconf 91' lang='lat' dir='ltr'>rei</span> <span class='ocrx_word' id='word_1_359' title='bbox 1424 999 1598 1042; x_wconf 91' lang='lat' dir='ltr'>cuiuspiam</span> <span class='ocrx_word' id='word_1_360' title='bbox 1617 1010 1709 1032; x_wconf 89' lang='lat' dir='ltr'>usum</span> <span class='ocrx_word' id='word_1_361' title='bbox 1726 1000 1849 1040; x_wconf 88' lang='lat' dir='ltr'>habeat,</span> 
     </span>
     <span class='ocr_line' id='line_1_66' title="bbox 1106 1051 1849 1095; baseline 0.003 -11"><span class='ocrx_word' id='word_1_362' title='bbox 1106 1052 1154 1084; x_wconf 72' lang='lat' dir='ltr'>vel</span> <span class='ocrx_word' id='word_1_363' title='bbox 1180 1051 1269 1084; x_wconf 67' lang='lat' dir='ltr'>eam²</span> <span class='ocrx_word' id='word_1_364' title='bbox 1293 1052 1383 1084; x_wconf 89' lang='lat' dir='ltr'>alteri</span> <span class='ocrx_word' id='word_1_365' title='bbox 1408 1053 1565 1095; x_wconf 87' lang='lat' dir='ltr'>praebeat,</span> <span class='ocrx_word' id='word_1_366' title='bbox 1591 1053 1721 1086; x_wconf 84' lang='lat' dir='ltr'>alterius</span> <span class='ocrx_word' id='word_1_367' title='bbox 1745 1053 1849 1086; x_wconf 85' lang='lat' dir='ltr'>officio</span> 
     </span>
     <span class='ocr_line' id='line_1_67' title="bbox 1106 1105 1851 1150; baseline 0.003 -12"><span class='ocrx_word' id='word_1_368' title='bbox 1106 1116 1139 1139; x_wconf 89' lang='lat' dir='ltr'>se</span> <span class='ocrx_word' id='word_1_369' title='bbox 1162 1105 1296 1148; x_wconf 76' lang='lat' dir='ltr'>ingerat,</span> <span class='ocrx_word' id='word_1_370' title='bbox 1317 1106 1593 1139; x_wconf 83' lang='lat' dir='ltr'>mortificationem</span> <span class='ocrx_word' id='word_1_371' title='bbox 1618 1107 1776 1150; x_wconf 83' lang='lat' dir='ltr'>publicam</span> <span class='ocrx_word' id='word_1_372' title='bbox 1800 1117 1851 1140; x_wconf 88' lang='lat' dir='ltr'>ne-</span> 
     </span>
     <span class='ocr_line' id='line_1_68' title="bbox 1106 1160 1793 1204; baseline 0.001 -12"><span class='ocrx_word' id='word_1_373' title='bbox 1106 1170 1166 1204; x_wconf 88' lang='lat' dir='ltr'>que</span> <span class='ocrx_word' id='word_1_374' title='bbox 1186 1161 1401 1193; x_wconf 84' lang='lat' dir='ltr'>austeritatem</span> <span class='ocrx_word' id='word_1_375' title='bbox 1424 1171 1461 1193; x_wconf 90' lang='lat' dir='ltr'>eo</span> <span class='ocrx_word' id='word_1_376' title='bbox 1479 1160 1676 1194; x_wconf 82' lang='lat' dir='ltr'>inconsulto³</span> <span class='ocrx_word' id='word_1_377' title='bbox 1691 1161 1793 1193; x_wconf 72' lang='lat' dir='ltr'>saciat,</span> 
     </span>
    </p>

    <p class='ocr_par' dir='ltr' id='par_1_22' title="bbox 1105 1214 1851 1527">
     <span class='ocr_line' id='line_1_69' title="bbox 1149 1214 1850 1259; baseline 0.003 -13"><span class='ocrx_word' id='word_1_378' title='bbox 1149 1214 1226 1247; x_wconf 86' lang='lat' dir='ltr'>Cum</span> <span class='ocrx_word' id='word_1_379' title='bbox 1251 1214 1290 1246; x_wconf 90' lang='lat' dir='ltr'>ad</span> <span class='ocrx_word' id='word_1_380' title='bbox 1314 1214 1493 1258; x_wconf 80' lang='lat' dir='ltr'>regularem</span> <span class='ocrx_word' id='word_1_381' title='bbox 1517 1214 1717 1259; x_wconf 85' lang='lat' dir='ltr'>disciplinam</span> <span class='ocrx_word' id='word_1_382' title='bbox 1735 1215 1767 1247; x_wconf 93' lang='lat' dir='ltr'>in</span> <span class='ocrx_word' id='word_1_383' title='bbox 1791 1215 1850 1248; x_wconf 87' lang='lat' dir='ltr'>sin-</span> 
     </span>
     <span class='ocr_line' id='line_1_70' title="bbox 1106 1268 1851 1313; baseline 0.001 -13"><span class='ocrx_word' id='word_1_384' title='bbox 1106 1268 1187 1311; x_wconf 86' lang='lat' dir='ltr'>gulis</span> <span class='ocrx_word' id='word_1_385' title='bbox 1218 1269 1443 1312; x_wconf 90' lang='lat' dir='ltr'>religiosorum</span> <span class='ocrx_word' id='word_1_386' title='bbox 1470 1268 1641 1302; x_wconf 88' lang='lat' dir='ltr'>Ordinibus</span> <span class='ocrx_word' id='word_1_387' title='bbox 1675 1279 1851 1313; x_wconf 87' lang='lat' dir='ltr'>propagan—</span> 
     </span>
     <span class='ocr_line' id='line_1_71' title="bbox 1105 1322 1850 1365; baseline 0.003 -11"><span class='ocrx_word' id='word_1_388' title='bbox 1105 1322 1176 1354; x_wconf 89' lang='lat' dir='ltr'>dam</span> <span class='ocrx_word' id='word_1_389' title='bbox 1193 1328 1246 1354; x_wconf 88' lang='lat' dir='ltr'>aut</span> <span class='ocrx_word' id='word_1_390' title='bbox 1262 1322 1485 1355; x_wconf 86' lang='lat' dir='ltr'>destruendam</span> <span class='ocrx_word' id='word_1_391' title='bbox 1499 1323 1577 1354; x_wconf 89' lang='lat' dir='ltr'>nihil</span> <span class='ocrx_word' id='word_1_392' title='bbox 1592 1332 1691 1365; x_wconf 88' lang='lat' dir='ltr'>aeque</span> <span class='ocrx_word' id='word_1_393' title='bbox 1705 1323 1850 1356; x_wconf 82' lang='lat' dir='ltr'>conferre</span> 
     </span>
     <span class='ocr_line' id='line_1_72' title="bbox 1105 1377 1850 1420; baseline 0.001 -11"><span class='ocrx_word' id='word_1_394' title='bbox 1105 1382 1305 1420; x_wconf 87' lang='lat' dir='ltr'>compertum</span> <span class='ocrx_word' id='word_1_395' title='bbox 1317 1377 1365 1417; x_wconf 90' lang='lat' dir='ltr'>sit,</span> <span class='ocrx_word' id='word_1_396' title='bbox 1380 1387 1474 1420; x_wconf 88' lang='lat' dir='ltr'>quam</span> <span class='ocrx_word' id='word_1_397' title='bbox 1488 1377 1671 1419; x_wconf 79' lang='lat' dir='ltr'>diligentem</span> <span class='ocrx_word' id='word_1_398' title='bbox 1684 1382 1737 1410; x_wconf 91' lang='lat' dir='ltr'>aut</span> <span class='ocrx_word' id='word_1_399' title='bbox 1752 1377 1850 1420; x_wconf 85' lang='lat' dir='ltr'>negli-</span> 
     </span>
     <span class='ocr_line' id='line_1_73' title="bbox 1105 1430 1850 1473; baseline 0.001 -10"><span class='ocrx_word' id='word_1_400' title='bbox 1105 1435 1231 1473; x_wconf 84' lang='lat' dir='ltr'>gentem</span> <span class='ocrx_word' id='word_1_401' title='bbox 1255 1431 1448 1464; x_wconf 78' lang='lat' dir='ltr'>novitiorum</span> <span class='ocrx_word' id='word_1_402' title='bbox 1466 1431 1712 1470; x_wconf 87' lang='lat' dir='ltr'>institutionem;</span> <span class='ocrx_word' id='word_1_403' title='bbox 1730 1430 1850 1464; x_wconf 86' lang='lat' dir='ltr'>idcirco</span> 
     </span>
     <span class='ocr_line' id='line_1_74' title="bbox 1105 1483 1850 1527; baseline 0.001 -11"><span class='ocrx_word' id='word_1_404' title='bbox 1105 1485 1281 1524; x_wconf 87' lang='lat' dir='ltr'>statuimus,</span> <span class='ocrx_word' id='word_1_405' title='bbox 1297 1489 1331 1516; x_wconf 89' lang='lat' dir='ltr'>ut</span> <span class='ocrx_word' id='word_1_406' title='bbox 1354 1483 1385 1518; x_wconf 89' lang='lat' dir='ltr'>in</span> <span class='ocrx_word' id='word_1_407' title='bbox 1410 1484 1599 1527; x_wconf 87' lang='lat' dir='ltr'>recipiendis</span> <span class='ocrx_word' id='word_1_408' title='bbox 1616 1484 1752 1525; x_wconf 80' lang='lat' dir='ltr'>novitiis,</span> <span class='ocrx_word' id='word_1_409' title='bbox 1770 1488 1800 1518; x_wconf 91' lang='lat' dir='ltr'>et</span> <span class='ocrx_word' id='word_1_410' title='bbox 1819 1484 1850 1517; x_wconf 89' lang='lat' dir='ltr'>in</span> 
     </span>
    </p>
   </div>
   <div class='ocr_carea' id='block_1_9' title="bbox 1087 1537 1851 1580">
    <p class='ocr_par' dir='ltr' id='par_1_23' title="bbox 1087 1537 1851 1580">
     <span class='ocr_line' id='line_1_75' title="bbox 1087 1537 1851 1580; baseline 0.001 -10"><span class='ocrx_word' id='word_1_411' title='bbox 1087 1549 1216 1575; x_wconf 67' lang='lat' dir='ltr'>⁴eorum</span> <span class='ocrx_word' id='word_1_412' title='bbox 1234 1537 1428 1580; x_wconf 87' lang='lat' dir='ltr'>educatione,</span> <span class='ocrx_word' id='word_1_413' title='bbox 1447 1548 1570 1571; x_wconf 89' lang='lat' dir='ltr'>necnon</span> <span class='ocrx_word' id='word_1_414' title='bbox 1596 1538 1627 1570; x_wconf 93' lang='lat' dir='ltr'>in</span> <span class='ocrx_word' id='word_1_415' title='bbox 1653 1549 1763 1571; x_wconf 90' lang='lat' dir='ltr'>eorum</span> <span class='ocrx_word' id='word_1_416' title='bbox 1788 1548 1851 1571; x_wconf 90' lang='lat' dir='ltr'>ma-</span> 
     </span>
    </p>
   </div>
   <div class='ocr_carea' id='block_1_10' title="bbox 1104 1591 1851 2390">
    <p class='ocr_par' dir='ltr' id='par_1_24' title="bbox 1104 1591 1851 2390">
     <span class='ocr_line' id='line_1_76' title="bbox 1105 1591 1850 1634; baseline 0 -10"><span class='ocrx_word' id='word_1_417' title='bbox 1105 1591 1195 1634; x_wconf 81' lang='lat' dir='ltr'>gistri</span> <span class='ocrx_word' id='word_1_418' title='bbox 1219 1592 1382 1632; x_wconf 87' lang='lat' dir='ltr'>electione,</span> <span class='ocrx_word' id='word_1_419' title='bbox 1407 1591 1533 1624; x_wconf 83' lang='lat' dir='ltr'>decreta</span> <span class='ocrx_word' id='word_1_420' title='bbox 1557 1591 1687 1625; x_wconf 88' lang='lat' dir='ltr'>Concilii</span> <span class='ocrx_word' id='word_1_421' title='bbox 1722 1591 1850 1624; x_wconf 87' lang='lat' dir='ltr'>Triden-</span> 
     </span>
     <span class='ocr_line' id='line_1_77' title="bbox 1105 1645 1849 1687; baseline 0.001 -10"><span class='ocrx_word' id='word_1_422' title='bbox 1105 1646 1170 1686; x_wconf 88' lang='lat' dir='ltr'>tini,</span> <span class='ocrx_word' id='word_1_423' title='bbox 1188 1656 1224 1678; x_wconf 89' lang='lat' dir='ltr'>ac</span> <span class='ocrx_word' id='word_1_424' title='bbox 1244 1645 1342 1678; x_wconf 84' lang='lat' dir='ltr'>felicis</span> <span class='ocrx_word' id='word_1_425' title='bbox 1357 1645 1586 1679; x_wconf 86' lang='lat' dir='ltr'>recordationis</span> <span class='ocrx_word' id='word_1_426' title='bbox 1604 1645 1650 1678; x_wconf 90' lang='lat' dir='ltr'>Pii</span> <span class='ocrx_word' id='word_1_427' title='bbox 1668 1645 1700 1687; x_wconf 89' lang='lat' dir='ltr'>V,</span> <span class='ocrx_word' id='word_1_428' title='bbox 1719 1645 1795 1679; x_wconf 76' lang='lat' dir='ltr'>Sixti</span> <span class='ocrx_word' id='word_1_429' title='bbox 1815 1646 1849 1686; x_wconf 87' lang='lat' dir='ltr'>V,</span> 
     </span>
     <span class='ocr_line' id='line_1_78' title="bbox 1104 1699 1850 1739; baseline 0.001 -8"><span class='ocrx_word' id='word_1_430' title='bbox 1104 1699 1271 1732; x_wconf 87' lang='lat' dir='ltr'>Clementis</span> <span class='ocrx_word' id='word_1_431' title='bbox 1296 1699 1371 1739; x_wconf 80' lang='lat' dir='ltr'>VIII,</span> <span class='ocrx_word' id='word_1_432' title='bbox 1389 1704 1419 1732; x_wconf 91' lang='lat' dir='ltr'>et</span> <span class='ocrx_word' id='word_1_433' title='bbox 1449 1699 1572 1732; x_wconf 91' lang='lat' dir='ltr'>Domini</span> <span class='ocrx_word' id='word_1_434' title='bbox 1599 1699 1700 1732; x_wconf 88' lang='lat' dir='ltr'>nostri</span> <span class='ocrx_word' id='word_1_435' title='bbox 1730 1699 1850 1732; x_wconf 85' lang='lat' dir='ltr'>Urbani</span> 
     </span>
     <span class='ocr_line' id='line_1_79' title="bbox 1105 1752 1851 1793; baseline 0.001 -9"><span class='ocrx_word' id='word_1_436' title='bbox 1105 1753 1199 1785; x_wconf 90' lang='lat' dir='ltr'>etiam</span> <span class='ocrx_word' id='word_1_437' title='bbox 1217 1752 1293 1793; x_wconf 81' lang='lat' dir='ltr'>VIII,</span> <span class='ocrx_word' id='word_1_438' title='bbox 1311 1753 1517 1786; x_wconf 81' lang='lat' dir='ltr'>Summorum</span> <span class='ocrx_word' id='word_1_439' title='bbox 1534 1752 1733 1793; x_wconf 88' lang='lat' dir='ltr'>Pontificum,</span> <span class='ocrx_word' id='word_1_440' title='bbox 1751 1752 1851 1786; x_wconf 87' lang='lat' dir='ltr'>consi-</span> 
     </span>
     <span class='ocr_line' id='line_1_80' title="bbox 1105 1806 1849 1847; baseline 0.001 -9"><span class='ocrx_word' id='word_1_441' title='bbox 1105 1807 1213 1839; x_wconf 84' lang='lat' dir='ltr'>derata</span> <span class='ocrx_word' id='word_1_442' title='bbox 1227 1806 1370 1839; x_wconf 89' lang='lat' dir='ltr'>locorum</span> <span class='ocrx_word' id='word_1_443' title='bbox 1383 1811 1413 1839; x_wconf 85' lang='lat' dir='ltr'>et</span> <span class='ocrx_word' id='word_1_444' title='bbox 1423 1806 1603 1839; x_wconf 87' lang='lat' dir='ltr'>reddituum</span> <span class='ocrx_word' id='word_1_445' title='bbox 1615 1806 1849 1847; x_wconf 86' lang='lat' dir='ltr'>commoditate,</span> 
     </span>
     <span class='ocr_line' id='line_1_81' title="bbox 1105 1861 1790 1904; baseline -0.001 -10"><span class='ocrx_word' id='word_1_446' title='bbox 1105 1862 1137 1894; x_wconf 93' lang='lat' dir='ltr'>in</span> <span class='ocrx_word' id='word_1_447' title='bbox 1150 1866 1302 1904; x_wconf 87' lang='lat' dir='ltr'>quantum</span> <span class='ocrx_word' id='word_1_448' title='bbox 1317 1861 1466 1904; x_wconf 87' lang='lat' dir='ltr'>possibile</span> <span class='ocrx_word' id='word_1_449' title='bbox 1484 1861 1554 1901; x_wconf 88' lang='lat' dir='ltr'>erit,</span> <span class='ocrx_word' id='word_1_450' title='bbox 1569 1861 1790 1894; x_wconf 82' lang='lat' dir='ltr'>observentur.</span> 
     </span>
     <span class='ocr_line' id='line_1_82' title="bbox 1149 1914 1850 1959; baseline 0.001 -12"><span class='ocrx_word' id='word_1_451' title='bbox 1149 1915 1345 1959; x_wconf 85' lang='lat' dir='ltr'>Quicumque</span> <span class='ocrx_word' id='word_1_452' title='bbox 1371 1914 1505 1948; x_wconf 72' lang='lat' dir='ltr'>voluerit</span> <span class='ocrx_word' id='word_1_453' title='bbox 1530 1914 1681 1948; x_wconf 89' lang='lat' dir='ltr'>Ordinem</span> <span class='ocrx_word' id='word_1_454' title='bbox 1704 1920 1850 1948; x_wconf 85' lang='lat' dir='ltr'>nostrum</span> 
     </span>
     <span class='ocr_line' id='line_1_83' title="bbox 1105 1969 1851 2013; baseline 0 -11"><span class='ocrx_word' id='word_1_455' title='bbox 1105 1969 1228 2012; x_wconf 79' lang='lat' dir='ltr'>ingredi</span> <span class='ocrx_word' id='word_1_456' title='bbox 1254 1975 1284 2002; x_wconf 88' lang='lat' dir='ltr'>et</span> <span class='ocrx_word' id='word_1_457' title='bbox 1306 1969 1461 2013; x_wconf 85' lang='lat' dir='ltr'>profiteri,</span> <span class='ocrx_word' id='word_1_458' title='bbox 1482 1969 1521 2001; x_wconf 89' lang='lat' dir='ltr'>sit</span> <span class='ocrx_word' id='word_1_459' title='bbox 1545 1969 1583 2002; x_wconf 89' lang='lat' dir='ltr'>de</span> <span class='ocrx_word' id='word_1_460' title='bbox 1608 1970 1740 2003; x_wconf 79' lang='lat' dir='ltr'>honesta</span> <span class='ocrx_word' id='word_1_461' title='bbox 1764 1969 1851 2003; x_wconf 88' lang='lat' dir='ltr'>fami-</span> 
     </span>
     <span class='ocr_line' id='line_1_84' title="bbox 1104 2023 1850 2066; baseline 0.001 -11"><span class='ocrx_word' id='word_1_462' title='bbox 1104 2023 1146 2055; x_wconf 82' lang='lat' dir='ltr'>lia</span> <span class='ocrx_word' id='word_1_463' title='bbox 1176 2028 1206 2056; x_wconf 88' lang='lat' dir='ltr'>et</span> <span class='ocrx_word' id='word_1_464' title='bbox 1234 2023 1377 2066; x_wconf 84' lang='lat' dir='ltr'>legitimo</span> <span class='ocrx_word' id='word_1_465' title='bbox 1409 2023 1612 2056; x_wconf 84' lang='lat' dir='ltr'>matrimonio</span> <span class='ocrx_word' id='word_1_466' title='bbox 1636 2028 1749 2065; x_wconf 90' lang='lat' dir='ltr'>natus,</span> <span class='ocrx_word' id='word_1_467' title='bbox 1774 2034 1850 2057; x_wconf 87' lang='lat' dir='ltr'>sano</span> 
     </span>
     <span class='ocr_line' id='line_1_85' title="bbox 1105 2075 1849 2121; baseline 0.001 -13"><span class='ocrx_word' id='word_1_468' title='bbox 1105 2075 1222 2109; x_wconf 87' lang='lat' dir='ltr'>iudicio</span> <span class='ocrx_word' id='word_1_469' title='bbox 1241 2076 1395 2118; x_wconf 84' lang='lat' dir='ltr'>donatus,</span> <span class='ocrx_word' id='word_1_470' title='bbox 1417 2076 1543 2119; x_wconf 88' lang='lat' dir='ltr'>linguae</span> <span class='ocrx_word' id='word_1_471' title='bbox 1572 2077 1687 2109; x_wconf 89' lang='lat' dir='ltr'>latinae</span> <span class='ocrx_word' id='word_1_472' title='bbox 1718 2077 1849 2121; x_wconf 87' lang='lat' dir='ltr'>peritus,</span> 
     </span>
     <span class='ocr_line' id='line_1_86' title="bbox 1105 2129 1848 2174; baseline 0.003 -12"><span class='ocrx_word' id='word_1_473' title='bbox 1105 2140 1163 2174; x_wconf 88' lang='lat' dir='ltr'>pro</span> <span class='ocrx_word' id='word_1_474' title='bbox 1188 2130 1322 2170; x_wconf 88' lang='lat' dir='ltr'>clerico,</span> <span class='ocrx_word' id='word_1_475' title='bbox 1346 2129 1440 2162; x_wconf 79' lang='lat' dir='ltr'>firma</span> <span class='ocrx_word' id='word_1_476' title='bbox 1471 2130 1648 2163; x_wconf 78' lang='lat' dir='ltr'>valetudine</span> <span class='ocrx_word' id='word_1_477' title='bbox 1670 2130 1848 2174; x_wconf 84' lang='lat' dir='ltr'>praeditus,</span> 
     </span>
     <span class='ocr_line' id='line_1_87' title="bbox 1105 2183 1849 2228; baseline 0.003 -12"><span class='ocrx_word' id='word_1_478' title='bbox 1105 2193 1222 2216; x_wconf 86' lang='lat' dir='ltr'>annum</span> <span class='ocrx_word' id='word_1_479' title='bbox 1236 2194 1311 2216; x_wconf 88' lang='lat' dir='ltr'>suae</span> <span class='ocrx_word' id='word_1_480' title='bbox 1327 2184 1437 2216; x_wconf 87' lang='lat' dir='ltr'>aetatis</span> <span class='ocrx_word' id='word_1_481' title='bbox 1450 2183 1460 2200; x_wconf 82' lang='lat'>⁴</span> <span class='ocrx_word' id='word_1_482' title='bbox 1490 2184 1829 2228; x_wconf 72' lang='lat' dir='ltr'>vigesimumquintum</span> <span class='ocrx_word' id='word_1_483' title='bbox 1839 2185 1849 2201; x_wconf 81' lang='lat'>⁵</span> 
     </span>
     <span class='ocr_line' id='line_1_88' title="bbox 1105 2237 1848 2280; baseline 0.003 -10"><span class='ocrx_word' id='word_1_484' title='bbox 1105 2237 1268 2279; x_wconf 76' lang='lat' dir='ltr'>excedens,</span> <span class='ocrx_word' id='word_1_485' title='bbox 1279 2242 1310 2270; x_wconf 88' lang='lat' dir='ltr'>et</span> <span class='ocrx_word' id='word_1_486' title='bbox 1322 2237 1598 2280; x_wconf 87' lang='lat' dir='ltr'>quadragesimum</span> <span class='ocrx_word' id='word_1_487' title='bbox 1612 2248 1676 2271; x_wconf 92' lang='lat' dir='ltr'>non</span> <span class='ocrx_word' id='word_1_488' title='bbox 1685 2238 1848 2279; x_wconf 85' lang='lat' dir='ltr'>excedens,</span> 
     </span>
     <span class='ocr_line' id='line_1_89' title="bbox 1104 2291 1849 2332; baseline 0 -7"><span class='ocrx_word' id='word_1_489' title='bbox 1104 2301 1167 2325; x_wconf 88' lang='lat' dir='ltr'>non</span> <span class='ocrx_word' id='word_1_490' title='bbox 1190 2291 1284 2324; x_wconf 85' lang='lat' dir='ltr'>fuerit</span> <span class='ocrx_word' id='word_1_491' title='bbox 1311 2291 1499 2332; x_wconf 85' lang='lat' dir='ltr'>haereticus,</span> <span class='ocrx_word' id='word_1_492' title='bbox 1520 2292 1568 2324; x_wconf 72' lang='lat' dir='ltr'>vel</span> <span class='ocrx_word' id='word_1_493' title='bbox 1588 2291 1627 2325; x_wconf 89' lang='lat' dir='ltr'>de</span> <span class='ocrx_word' id='word_1_494' title='bbox 1650 2292 1774 2325; x_wconf 90' lang='lat' dir='ltr'>haeresi</span> <span class='ocrx_word' id='word_1_495' title='bbox 1801 2303 1849 2325; x_wconf 85' lang='lat' dir='ltr'>su-</span> 
     </span>
     <span class='ocr_line' id='line_1_90' title="bbox 1104 2345 1847 2390; baseline 0.003 -12"><span class='ocrx_word' id='word_1_496' title='bbox 1104 2351 1240 2390; x_wconf 85' lang='lat' dir='ltr'>spectus,</span> <span class='ocrx_word' id='word_1_497' title='bbox 1252 2355 1317 2379; x_wconf 87' lang='lat' dir='ltr'>non</span> <span class='ocrx_word' id='word_1_498' title='bbox 1336 2345 1375 2380; x_wconf 84' lang='lat' dir='ltr'>sit</span> <span class='ocrx_word' id='word_1_499' title='bbox 1390 2345 1586 2387; x_wconf 72' lang='lat' dir='ltr'>obaeratus⁸‚</span> <span class='ocrx_word' id='word_1_500' title='bbox 1599 2356 1657 2380; x_wconf 88' lang='lat' dir='ltr'>nec</span> <span class='ocrx_word' id='word_1_501' title='bbox 1669 2345 1847 2380; x_wconf 86' lang='lat' dir='ltr'>reddendae</span> 
     </span>
    </p>
   </div>
   <div class='ocr_carea' id='block_1_11' title="bbox 1133 2451 1841 2713">
    <p class='ocr_par' dir='ltr' id='par_1_25' title="bbox 1139 2451 1754 2489">
     <span class='ocr_line' id='line_1_91' title="bbox 1139 2451 1754 2489; baseline 0.002 -9"><span class='ocrx_word' id='word_1_502' title='bbox 1139 2454 1150 2480; x_wconf 84' lang='lat'>1</span> <span class='ocrx_word' id='word_1_503' title='bbox 1169 2451 1239 2479; x_wconf 86' lang='lat' dir='ltr'>Edit.</span> <span class='ocrx_word' id='word_1_504' title='bbox 1255 2451 1335 2478; x_wconf 84' lang='lat' dir='ltr'>Main.</span> <span class='ocrx_word' id='word_1_505' title='bbox 1352 2451 1416 2487; x_wconf 82' lang='lat' dir='ltr'>legit</span> <span class='ocrx_word' id='word_1_506' title='bbox 1431 2452 1641 2486; x_wconf 62' lang='lat' dir='ltr'>inqredzantzcr</span> <span class='ocrx_word' id='word_1_507' title='bbox 1657 2453 1693 2489; x_wconf 85' lang='lat' dir='ltr'>(n.</span> <span class='ocrx_word' id='word_1_508' title='bbox 1705 2454 1754 2488; x_wconf 85' lang='grc' dir='ltr'>τ.).</span> 
     </span>
    </p>

    <p class='ocr_par' dir='ltr' id='par_1_26' title="bbox 1136 2496 1753 2535">
     <span class='ocr_line' id='line_1_92' title="bbox 1136 2496 1753 2535; baseline 0.003 -11"><span class='ocrx_word' id='word_1_509' title='bbox 1136 2499 1152 2524; x_wconf 71' lang='lat'><strong>2</strong></span> <span class='ocrx_word' id='word_1_510' title='bbox 1168 2496 1238 2524; x_wconf 83' lang='lat' dir='ltr'>Edit.</span> <span class='ocrx_word' id='word_1_511' title='bbox 1255 2496 1335 2523; x_wconf 77' lang='lat' dir='ltr'>Maia.</span> <span class='ocrx_word' id='word_1_512' title='bbox 1352 2496 1417 2532; x_wconf 83' lang='lat' dir='ltr'>legit</span> <span class='ocrx_word' id='word_1_513' title='bbox 1432 2497 1494 2524; x_wconf 82' lang='lat' dir='ltr'>iam</span> <span class='ocrx_word' id='word_1_514' title='bbox 1510 2505 1557 2532; x_wconf 88' lang='lat' dir='ltr'>pro</span> <span class='ocrx_word' id='word_1_515' title='bbox 1574 2506 1639 2525; x_wconf 83' lang='lat' dir='ltr'>eam</span> <span class='ocrx_word' id='word_1_516' title='bbox 1654 2501 1692 2532; x_wconf 76' lang='lat' dir='ltr'>(n.</span> <span class='ocrx_word' id='word_1_517' title='bbox 1705 2499 1753 2535; x_wconf 87' lang='grc' dir='ltr'>τ.).</span> 
     </span>
    </p>

    <p class='ocr_par' dir='ltr' id='par_1_27' title="bbox 1137 2541 1728 2579">
     <span class='ocr_line' id='line_1_93' title="bbox 1137 2541 1728 2579; baseline 0.002 -10"><span class='ocrx_word' id='word_1_518' title='bbox 1137 2543 1152 2570; x_wconf 84' lang='lat'><strong>3</strong></span> <span class='ocrx_word' id='word_1_519' title='bbox 1168 2541 1240 2568; x_wconf 89' lang='lat' dir='ltr'>Edit.</span> <span class='ocrx_word' id='word_1_520' title='bbox 1257 2541 1340 2568; x_wconf 82' lang='lat' dir='ltr'>Main.</span> <span class='ocrx_word' id='word_1_521' title='bbox 1357 2541 1422 2576; x_wconf 82' lang='lat' dir='ltr'>legit</span> <span class='ocrx_word' id='word_1_522' title='bbox 1438 2542 1470 2568; x_wconf 82' lang='lat' dir='ltr'>in</span> <span class='ocrx_word' id='word_1_523' title='bbox 1487 2543 1614 2570; x_wconf 79' lang='lat' dir='ltr'>consulto</span> <span class='ocrx_word' id='word_1_524' title='bbox 1630 2546 1667 2575; x_wconf 77' lang='lat' dir='ltr'>(R.</span> <span class='ocrx_word' id='word_1_525' title='bbox 1680 2543 1728 2579; x_wconf 81' lang='grc' dir='ltr'>Τ.).</span> 
     </span>
    </p>

    <p class='ocr_par' dir='ltr' id='par_1_28' title="bbox 1136 2585 1739 2623">
     <span class='ocr_line' id='line_1_94' title="bbox 1136 2585 1739 2623; baseline 0.005 -11"><span class='ocrx_word' id='word_1_526' title='bbox 1136 2587 1151 2613; x_wconf 80' lang='grc'>4</span> <span class='ocrx_word' id='word_1_527' title='bbox 1168 2586 1238 2613; x_wconf 87' lang='lat' dir='ltr'>Edit.</span> <span class='ocrx_word' id='word_1_528' title='bbox 1255 2585 1335 2613; x_wconf 83' lang='lat' dir='ltr'>Malu.</span> <span class='ocrx_word' id='word_1_529' title='bbox 1352 2585 1419 2621; x_wconf 85' lang='lat' dir='ltr'>legit</span> <span class='ocrx_word' id='word_1_530' title='bbox 1433 2595 1502 2613; x_wconf 78' lang='lat' dir='ltr'>suae</span> <span class='ocrx_word' id='word_1_531' title='bbox 1516 2587 1584 2614; x_wconf 79' lang='lat' dir='ltr'>catis</span> <span class='ocrx_word' id='word_1_532' title='bbox 1598 2588 1639 2622; x_wconf 75' lang='lat' dir='ltr'>(a.</span> <span class='ocrx_word' id='word_1_533' title='bbox 1654 2589 1702 2623; x_wconf 83' lang='grc' dir='ltr'>τ.).</span> <span class='ocrx_word' id='word_1_534' title='bbox 1731 2594 1739 2602; x_wconf 94' lang='grc'>·</span> 
     </span>
    </p>

    <p class='ocr_par' dir='ltr' id='par_1_29' title="bbox 1133 2628 1841 2713">
     <span class='ocr_line' id='line_1_95' title="bbox 1135 2628 1841 2668; baseline 0.007 -12"><span class='ocrx_word' id='word_1_535' title='bbox 1135 2630 1151 2657; x_wconf 88' lang='lat'>5</span> <span class='ocrx_word' id='word_1_536' title='bbox 1161 2628 1237 2656; x_wconf 86' lang='lat' dir='ltr'>Fors.</span> <span class='ocrx_word' id='word_1_537' title='bbox 1248 2630 1301 2664; x_wconf 83' lang='lat' dir='ltr'>leg.</span> <span class='ocrx_word' id='word_1_538' title='bbox 1314 2629 1609 2664; x_wconf 67' lang='lat' dir='ltr'>decimumqttineam,</span> <span class='ocrx_word' id='word_1_539' title='bbox 1617 2635 1646 2658; x_wconf 91' lang='lat' dir='ltr'>ut</span> <span class='ocrx_word' id='word_1_540' title='bbox 1656 2635 1751 2667; x_wconf 85' lang='lat' dir='ltr'>postea</span> <span class='ocrx_word' id='word_1_541' title='bbox 1759 2631 1795 2668; x_wconf 84' lang='lat' dir='ltr'>(n.</span> <span class='ocrx_word' id='word_1_542' title='bbox 1803 2633 1841 2668; x_wconf 82' lang='lat' dir='ltr'>T).</span> 
     </span>
     <span class='ocr_line' id='line_1_96' title="bbox 1133 2674 1682 2713; baseline 0.004 -11"><span class='ocrx_word' id='word_1_543' title='bbox 1133 2674 1150 2702; x_wconf 87' lang='lat'>6</span> <span class='ocrx_word' id='word_1_544' title='bbox 1164 2674 1234 2703; x_wconf 87' lang='lat' dir='ltr'>Edit.</span> <span class='ocrx_word' id='word_1_545' title='bbox 1251 2675 1334 2703; x_wconf 81' lang='lat' dir='ltr'>Main.</span> <span class='ocrx_word' id='word_1_546' title='bbox 1351 2674 1417 2711; x_wconf 83' lang='lat' dir='ltr'>legit</span> <span class='ocrx_word' id='word_1_547' title='bbox 1431 2675 1567 2705; x_wconf 77' lang='lat' dir='ltr'>oboracus</span> <span class='ocrx_word' id='word_1_548' title='bbox 1583 2676 1622 2712; x_wconf 71' lang='lat' dir='ltr'>(a.</span> <span class='ocrx_word' id='word_1_549' title='bbox 1635 2677 1682 2713; x_wconf 63' lang='lat'>12).</span> 
     </span>
    </p>
   </div>
   <div class='ocr_carea' id='block_1_12' title="bbox 1747 228 2049 284">
    <p class='ocr_par' dir='ltr' id='par_1_30' title="bbox 1747 228 2049 284">
     <span class='ocr_line' id='line_1_97' title="bbox 1747 228 2049 284; baseline 0.01 -5"><span class='ocrx_word' id='word_1_550' title='bbox 1747 243 1808 280; x_wconf 76' lang='lat'>401</span> <span class='ocrx_word' id='word_1_551' title='bbox 1856 228 1908 282; x_wconf 50' lang='lat' dir='ltr'>an.</span> <span class='ocrx_word' id='word_1_552' title='bbox 1928 254 1957 284; x_wconf 86' lang='lat' dir='ltr'>c.</span> <span class='ocrx_word' id='word_1_553' title='bbox 1979 255 2049 284; x_wconf 69' lang='lat'>1634</span> 
     </span>
    </p>
   </div>
   <div class='ocr_carea' id='block_1_13' title="bbox 1866 1225 2050 1274">
    <p class='ocr_par' dir='ltr' id='par_1_31' title="bbox 1866 1225 2050 1274">
     <span class='ocr_line' id='line_1_98' title="bbox 1899 1225 2050 1252; baseline 0.007 -6"><span class='ocrx_word' id='word_1_554' title='bbox 1899 1225 1930 1246; x_wconf 81' lang='lat' dir='ltr'>De</span> <span class='ocrx_word' id='word_1_555' title='bbox 1945 1226 2050 1252; x_wconf 76' lang='lat' dir='ltr'>recipien-</span> 
     </span>
     <span class='ocr_line' id='line_1_99' title="bbox 1866 1251 2035 1274; baseline 0 -1"><span class='ocrx_word' id='word_1_556' title='bbox 1866 1252 1897 1273; x_wconf 78' lang='lat' dir='ltr'>dis</span> <span class='ocrx_word' id='word_1_557' title='bbox 1913 1253 1934 1273; x_wconf 90' lang='lat' dir='ltr'>in</span> <span class='ocrx_word' id='word_1_558' title='bbox 1949 1251 2035 1274; x_wconf 76' lang='lat' dir='ltr'>Ordine.</span> 
     </span>
    </p>
   </div>
  </div>
 </body>
</html>
