2248 3229
93 255 143 282 An.
159 253 189 281 C.
208 252 278 281 1639

129 1220 204 1244 Eidem
228 1226 279 1242 con-

93 1248 189 1275 ‘vegatio
212 1248 280 1269 tacul-

93 1277 158 1296 uleni
181 1275 280 1296 coneedit

92 1304 197 1323 rectorem
216 1302 279 1323 alios-

109 1334 136 1349 no
171 1328 279 1350 annisu-os

109 1354 218 1382 eputaudi.

93 1860 279 1918 ,qmllffilff‘lll

92 1913 212 1936 roitciendi.

121 2392 181 2415 Bona
190 2391 280 2414 admini-

94 2419 184 2442 nsandi.

907 252 1049 277 nnn-mus
1074 252 1130 275 vul
1155 252 1202 276 PF.

289 300 390 346 pellas
413 301 542 335 omnino
563 300 782 342 iurisdictioni‚
801 300 1033 344 gubernationi,

289 355 478 400 protectioni
499 361 528 388 et
552 355 718 389 directioni
736 365 820 388 nunc
837 359 867 389 et
885 366 943 399 pro
961 361 1034 388 tem-

290 420 367 453 pore
391 409 590 443 existentium
617 410 758 442 eiusdem
784 414 907 443 sanctae
926 408 1035 442 ltoiua-

290 473 348 496 nae
366 462 523 501 Ecclesiae
543 463 750 496 cardinalium
771 463 900 505 negotio
918 462 1032 505 Propa-

291 515 426 558 gationis
447 515 532 549 Fidei
551 516 738 560 praepositis
760 515 953 552 huiusmodi,
973 515 1034 559 pri-

291 569 391 600 vative
433 568 538 612 quoad
574 579 683 602 omnes
722 569 800 601 alios
835 578 1034 611 quacumque

290 621 443 664 dignitate
460 623 636 664 fungentes,
653 622 776 655 etiamsi
801 622 968 666 specialem
992 632 1036 654 re-

291 675 455 718 quirerent
480 676 687 715 mentionem,
712 675 764 719 qui
790 686 886 719 super
911 675 1033 717 collegii

291 727 456 772 personis,
482 728 577 762 rebus
602 735 632 762 et
657 729 747 762 bonis
773 728 962 773 praedietis,
988 720 1034 760 vel

292 791 400 814 earum
425 781 592 825 aliquibus,
610 782 744 815 similem
763 782 1035 825 gubernationem,

292 835 540 879 protectionem,
566 836 814 870 iurisdictionem
841 841 870 868 et
894 836 1036 868 directio-

291 898 364 921 nem
389 898 426 921 ex
451 899 650 932 quacumque
680 891 774 922 causa
799 888 1035 933 quomodolibet

292 940 430 981 habent,
462 951 518 974 seu
551 941 668 975 habere
702 942 763 975 dici
795 946 847 976 aut
875 942 1035 985 praetendi

292 1000 425 1039 possunt
461 1006 515 1028 seu
547 1001 695 1039 poterunt
731 995 971 1039 quomodolibet
1006 995 1036 1028 in

292 1049 453 1090 futurum,
483 1050 654 1093 apostolica
687 1049 895 1088 auctoritate,
928 1054 1038 1081 tenore

294 1102 520 1148 praesentium,
537 1107 691 1146 perpetuo
711 1101 897 1135 subiicimus
917 1106 947 1136 et
970 1102 1040 1135 sub-

295 1155 460 1189 mittimus.

339 1209 354 1253 ἓ
383 1207 412 1242 3.
438 1207 628 1252 Eisdemque
659 1208 872 1241 cardinalibus
904 1209 1037 1251 negocio

295 1261 536 1306 Propagationis
549 1261 635 1294 Fidei
653 1261 833 1295 huiusmodi
849 1263 1037 1306 praepositis

294 1324 378 1348 nunc
402 1320 433 1348 et
456 1325 515 1358 pro
532 1319 675 1359 tempore
693 1315 898 1348 existentibus
919 1316 1039 1360 praedi-

294 1374 343 1402 cta
374 1368 507 1410 collegia
537 1373 568 1401 et
592 1379 703 1402 eorum
735 1368 918 1412 quodlibet,
945 1376 1035 1413 prout

293 1423 339 1456 eis
363 1422 464 1454 visum
490 1421 594 1462 fuerit,
619 1422 828 1467 reformandi,
855 1423 984 1465 regendi
1009 1429 1037 1458 et

293 1474 507 1519 gubernandi,
533 1480 746 1519 rectoresque,
763 1475 891 1516 iudices,
914 1477 1039 1520 cappel—

294 1529 393 1569 lanos,
419 1538 611 1562 oeconomos
635 1533 665 1562 et
690 1529 768 1562 alios
801 1529 961 1563 ministros
987 1540 1039 1571 eo-

293 1582 440 1616 rumdem
462 1582 670 1625 collegiorum
690 1586 719 1616 et
736 1582 904 1616 cuiuslibet
928 1593 1037 1616 eorum

293 1636 464 1681 deputandi
477 1639 506 1670 et
519 1636 740 1676 constituendi,
754 1647 872 1680 eosque
889 1642 919 1670 et
933 1649 1039 1681 quem-

293 1689 369 1723 libet
401 1699 512 1722 eorum
545 1688 583 1721 ad
615 1689 800 1723 eorumdem
829 1690 1036 1723 cardinalium

294 1753 429 1785 merum,
453 1743 591 1776 liberum
611 1748 642 1775 et
658 1743 837 1776 absolutum
863 1744 1039 1787 beneplaci-

294 1801 371 1837 tum,
396 1795 490 1830 etiam
511 1796 628 1839 absque
653 1796 717 1828 ulla
743 1798 836 1829 causa
861 1798 1037 1838 amovendi,

294 1849 326 1882 in
339 1848 482 1892 collegiis
498 1848 668 1892 praedictis
684 1849 845 1882 scholares
866 1861 921 1883 seu
942 1850 1038 1883 alum-

294 1913 352 1936 nos
368 1912 404 1936 ex
421 1902 593 1946 provinciis
614 1902 644 1934 in
665 1901 902 1936 fundationibus
927 1914 1036 1936 eorum

295 1956 455 2000 expressis
479 1961 510 1989 et
533 1955 703 1989 nominatis
728 1956 880 1996 oriundis,
899 1957 952 2000 qui
978 1963 1037 1990 tes-

295 2010 472 2044 timoniales
497 2010 616 2044 litteras
640 2021 770 2044 suorum
797 2010 1036 2045 Ordinariorum

293 2064 332 2098 de
356 2063 428 2106 vita,
454 2064 596 2098 moribus
620 2069 650 2097 et
674 2064 843 2097 idoneitate
874 2065 912 2098 ad
937 2065 1038 2098 studia

293 2117 457 2158 deserant,
482 2117 688 2158 admittendi,
713 2127 850 2161 eosque,
877 2117 902 2150 si
927 2117 1036 2151 discoli

294 2175 348 2204 aut
372 2171 468 2215 inepti
493 2170 531 2203 ad
556 2170 659 2203 studia
679 2171 810 2211 fuerint,
835 2171 882 2204 vel
907 2171 982 2204 alias
1007 2172 1037 2204 in

293 2224 407 2258 litteris
423 2224 470 2257 vel
488 2223 579 2257 bonis
596 2223 738 2257 moribus
755 2234 818 2257 non
835 2224 1037 2268 profecerint,

295 2284 326 2312 et
349 2278 486 2322 denique
503 2278 528 2311 si
546 2277 785 2312 constitutiones
803 2278 1036 2322 praedictorum

295 2332 503 2376 collegiorum
518 2341 581 2365 non
601 2331 848 2372 observaverint,
866 2342 882 2365 e
897 2332 1038 2374 collegiis

295 2385 371 2430 ipsis
395 2390 426 2418 et
450 2395 561 2418 eorum
582 2385 724 2429 quolibet
741 2384 895 2424 eiiciendi;
916 2395 1037 2418 necnon

295 2438 483 2473 eorumdem
507 2438 715 2481 collegiorum
740 2442 770 2471 et
794 2438 961 2471 cuiuslibet
985 2449 1038 2471 eo-

295 2503 368 2526 rum
393 2492 485 2532 bona,
511 2491 579 2525 iura
604 2497 634 2525 et
658 2491 894 2525 iurisdictiones
919 2495 947 2526 et
972 2492 1040 2526 red-

297 2545 380 2579 ditus
404 2545 587 2579 huiusmodi
613 2545 865 2586 administrandi,
891 2545 1038 2590 ipsosque

296 2599 438 2633 redditus
463 2599 494 2632 in
519 2598 637 2632 alendis
657 2599 856 2632 scholaribus
881 2604 911 2632 et
936 2599 1039 2631 minis-

295 2653 370 2695 tris,
394 2663 430 2687 ac
462 2652 493 2686 in
525 2652 704 2687 reficiendis
729 2659 758 2687 et
783 2653 968 2698 reparandis
993 2654 1036 2687 fa-

1713 241 1776 275 727

1070 300 1164 333 brieis
1182 310 1292 333 corum
1310 299 1516 342 collegiorum
1536 304 1566 332 ct
1583 308 1693 332 eorum
1712 299 1813 332 cuius-

1070 354 1153 393 tibet,
1172 358 1223 387 aut
1241 354 1326 391 alias,
1345 359 1436 397 prout
1462 353 1629 397 expediens
1645 352 1812 393 videbitur,

1069 408 1151 440 circa
1178 408 1446 440 manutentionem
1479 412 1509 439 et
1541 406 1812 439 conservationem

1069 460 1226 493 dictorum
1245 460 1451 501 collegiorum
1470 465 1499 493 et
1516 461 1683 493 cuiuslibet
1702 470 1811 493 eorum

1071 514 1258 553 insumendi,
1280 514 1424 557 bonaque
1448 519 1477 546 et
1503 514 1735 547 iurisdictiones
1760 514 1814 546 ltn-

1071 567 1204 599 iusntodi
1242 567 1279 598 ad
1313 573 1436 610 tempus
1469 578 1487 599 a
1521 567 1588 600 iure.
1622 568 1813 611 permissum

1071 620 1193 653 locandi
1225 626 1255 652 et
1287 620 1477 659 dislocandi,
1502 621 1623 654 aflictus
1648 621 1813 663 exigendi,

1071 684 1188 717 eosque
1214 673 1401 712 insumendi,
1428 679 1460 705 ut
1485 684 1591 718 supra,
1616 685 1652 707 ac
1673 674 1710 707 de
1735 685 1810 707 exa-

1071 727 1128 760 ctis
1154 726 1334 770 qnietandi,
1360 727 1482 770 aliaque
1516 727 1558 760 inv
1577 728 1760 770 praemissis
1784 733 1815 761 et

1072 780 1155 812 eirea
1180 790 1214 812 ca
1240 779 1475 822 quomodolibet
1504 781 1734 814 neccssaria-et
1758 792 1813 825 op-

1073 839 1208 876 portuna
1232 833 1376 870 faciendi,
1401 833 1535 874 dicendi,
1561 834 1738 875 exercendi,
1763 845 1814 879 pe·

1073 886 1155 919 tendi
1181 897 1217 919 ae
1241 887 1430 930 procurandi
1457 893 1486 920 et
1511 887 1694 931 exequendi,
1720 888 1814 921 etiam

1073 939 1223 983 privative
1249 940 1351 983 quoad
1385 951 1493 973 omnes
1523 941 1616 981 alios,
1642 947 1674 973 ut
1699 952 1814 985 snpra,

1073 993 1189 1025 eisdem
1215 994 1399 1025 auctoritate
1424 999 1453 1026 et
1479 1000 1596 1032 tenore,
1614 995 1755 1038 plenam,
1777 996 1814 1028 li-

1074 1047 1180 1079 beram
1206 1052 1235 1078 et
1260 1047 1485 1087 omnimodam,
1511 1048 1685 1080 absolutam
1713 1049 1814 1081 licen-

1074 1100 1146 1132 tiam
1173 1105 1202 1132 et
1227 1100 1402 1133 facultatem
1429 1112 1463 1133 ac
1488 1102 1704 1135 auctoritatem
1723 1102 1815 1135 etiam

1073 1159 1226 1197 perpetuo
1251 1154 1454 1187 comedimus
1479 1160 1507 1187 et
1534 1155 1741 1198 impertimur.

1117 1210 1132 1250 ξ
1156 1207 1186 1239 lt.
1212 1207 1336 1240 Eisdem
1363 1208 1595 1250 cardinalibus,
1621 1214 1653 1241 ut
1686 1209 1815 1242 faculta-

1075 1266 1136 1292 tem
1167 1263 1196 1293 ct
1223 1260 1441 1293 auctoritatem
1475 1261 1519 1293 cis
1543 1267 1576 1294 ut
1608 1272 1703 1305 supra
1734 1273 1807 1295 con-

1074 1324 1192 1346 cessam
1213 1319 1242 1346 et
1263 1314 1454 1357 impertitam
1469 1315 1553 1347 circa
1571 1316 1752 1359 praeniissa,
1769 1316 1816 1349 vel

1073 1378 1183 1400 eorum
1213 1368 1351 1411 aliquod,
1378 1378 1414 1401 ac
1440 1369 1470 1400 in
1499 1374 1573 1410 toto,
1592 1369 1639 1402 rel
1665 1370 1696 1402 in
1717 1375 1816 1413 parte,

1075 1426 1169 1465 prout
1186 1421 1230 1453 eis
1249 1422 1416 1461 ridebitur,
1430 1432 1512 1454 nunc
1537 1426 1567 1455 et
1587 1433 1644 1466 pro
1675 1428 1816 1467 ternpore

1072 1475 1277 1507 existentibus
1310 1475 1421 1517 legatis
1454 1476 1501 1508 vel
1534 1477 1704 1520 prolegatis
1735 1478 1816 1510 Ave-

1072 1529 1287 1568 nionensibus‚
1304 1535 1355 1561 aut
1377 1530 1613 1572 congregationi
1633 1530 1816 1574 particulari

1074 1583 1104 1615 in
1121 1582 1245 1615 civitate
1262 1582 1470 1616 Arenionensi
1488 1590 1609 1616 erectae
1627 1595 1682 1617 seu
1697 1585 1819 1628 erigen-

1072 1636 1129 1669 dae
1150 1637 1385 1670 communicare
1411 1637 1510 1669 libere
1535 1642 1565 1669 et
1590 1637 1673 1670 licite
1697 1638 1818 1682 possint

1072 1694 1102 1722 et
1119 1690 1248 1729 valeant,
1259 1690 1443 1723 auctoritate
1461 1696 1491 1723 et
1505 1696 1612 1723 tenore
1627 1691 1817 1733 huiusmodi,

1073 1742 1110 1775 de
1136 1743 1263 1786 speciali
1288 1743 1389 1787 gratia
1414 1743 1558 1777 similiter
1587 1750 1743 1788 perpetuo
1770 1745 1816 1778 in-

1072 1797 1251 1839 dulgemus.

1116 1850 1131 1893 g
1156 1849 1184 1883 5.
1203 1851 1265 1883 Nec
1285 1860 1348 1883 non
1364 1849 1488 1883 easdem
1510 1856 1702 1895 praesentes,
1721 1851 1815 1884 etiam
1849 1860 1962 1882 comnia(-
1977 1868 2016 1894 ”5⁰

1847 1891 2018 1939 21:222:¹.¹¹··3:-at:

1831 1946 1883 1964 tale.

1072 1914 1109 1936 ex
1135 1913 1172 1936 eo
1197 1903 1282 1947 quod
1311 1904 1443 1946 collegia
1473 1904 1539 1947 ipsa
1565 1905 1611 1936 vel
1637 1915 1745 1938 eorum
1771 1894 1846 1938 al-l'⁴

1073 1963 1174 1990 terum
1202 1957 1381 1990 immediate
1414 1957 1602 2000 protectioni
1628 1958 1721 1991 liuius
1745 1969 1816 1991 san·

1072 2015 1139 2042 ctae
1155 2010 1243 2043 Sedis
1260 2010 1458 2053 Apostolicae
1475 2010 1581 2043 forsan
1599 2011 1738 2044 subiecta
1755 2011 1818 2045 sint

1073 2074 1128 2096 seu
1153 2063 1327 2096 subiectum
1340 2063 1389 2102 sit,
1414 2069 1444 2096 ct
1467 2063 1705 2107 quicumqucin
1730 2075 1817 2108 prae-

1074 2116 1178 2149 missis
1198 2117 1245 2150 vel
1270 2116 1354 2149 circa
1377 2126 1411 2149 ea
1432 2117 1668 2159 quomodolibet
1690 2118 1817 2152 interes-

1073 2180 1105 2203 se
1139 2169 1291 2202 habentes
1330 2174 1383 2202 aut
1422 2169 1538 2203 habere
1576 2171 1816 2214 praetendentes

1073 2223 1254 2268 praemissis
1279 2233 1341 2256 non
1367 2224 1605 2264 consenserint,
1633 2230 1686 2257 aut
1717 2225 1756 2258 ad
1780 2236 1816 2259 ea

1074 2277 1182 2318 vocati,
1205 2282 1234 2309 et
1255 2287 1376 2316 causae,
1398 2282 1528 2320 propter
1553 2288 1630 2321 quas
1655 2278 1705 2310 illa
1730 2278 1815 2320 siant,

1072 2342 1178 2364 corani
1204 2331 1264 2364 loci
1282 2330 1447 2364 Ordinario
1465 2336 1517 2363 aut
1536 2342 1737 2376 quocumque
1754 2333 1816 2366 alio

1072 2385 1237 2429 superiore
1259 2385 1438 2418 verificatae
1466 2385 1513 2420 rel
1542 2385 1725 2419 justificatae
1753 2396 1816 2420 non

1072 2438 1205 2478 fuerint,
1230 2442 1284 2470 aut
1307 2437 1418 2481 quovis
1443 2437 1505 2470 alio
1529 2442 1691 2482 praetextu
1716 2449 1816 2483 quan-

1074 2492 1187 2525 tumvis
1212 2491 1355 2535 legitimo
1369 2491 1558 2533 ct,itti·idico‚
1577 2492 1615 2524 de
1636 2493 1815 2537 subreptio-

1073 2546 1130 2585 nis,
1156 2545 1202 2578 vel
1229 2545 1445 2589 obreptionis,
1471 2551 1524 2578 aut
1548 2546 1698 2580 nullitatis
1723 2547 1814 2589 vitio,

1073 2610 1127 2631 scu
1153 2599 1333 2632 intentionis
1357 2605 1482 2632 nostrae
1501 2627 1508 2641 ,
1532 2604 1586 2632 aut.
1617 2601 1728 2643 quovis
1753 2600 1814 2634 alio

1072 2654 1194 2688 defectu
1226 2653 1328 2687 notari
1360 2654 1407 2687 vel
1439 2653 1618 2698 impugnari
1651 2664 1814 2699 nunquam

1823 252 1872 278 An.
1889 252 1917 279 C.
1940 251 2008 280 1030

1870 1222 1968 1247 Alis-<qun
1987 1220 2015 1242 ad

1831 1254 1840 1268 t·
1849 1248 1905 1269 iili-in
1917 1248 2016 1274 del-:gau-
