2248 3229
225 228 275 255 An.
287 226 315 254 c.
339 227 405 255 1638
453 219 517 252 674

253 607 309 630 Quas
325 606 407 626 litteras

226 635 363 654 communitus
385 632 409 652 Α·

226 659 344 680 riminen-is
374 663 409 684 pe-

226 688 252 706 ut
264 685 392 706 confirmari.

254 869 354 896 Sequitur
362 873 410 890 ecn-

227 895 324 917 firmatio.

262 1927 379 1948 Clausulas.

312 2560 422 2586 norogauo

242 2587 400 2608 contrariorum.

998 222 1175 246 normaton

422 276 618 309 firmavimus
635 278 665 306 et
681 271 941 316 approbavimus)
963 269 1162 303 confirmatas

425 334 455 362 et
475 328 668 367 confirmata,
687 323 839 368 capitanei
856 328 967 367 portus
982 322 1162 355 huiusmodi

424 382 574 421 officium,
598 379 636 411 ad
661 378 745 422 quod
769 387 850 410 unus
874 376 912 408 de
937 375 1068 409 consilio
1086 375 1164 408 eius-

425 434 494 466 dem
520 432 652 466 civitatis
676 441 732 474 per
756 435 828 463 vota
849 434 969 462 secreta
986 428 1162 472 quotannis,

424 492 459 519 ut
482 485 639 526 asseritis,
672 483 745 525 eligi
770 488 800 515 et
829 482 947 515 assumi
980 481 1163 521 consuevit,

425 539 537 572 ceteris
562 537 694 570 civitatis
712 536 822 568 officiis
839 535 1056 568 honorabilius
1073 545 1165 578 repu-

424 596 516 633 tetur,
528 595 557 623 et
574 594 741 634 propterea
757 588 882 621 easdem
898 588 984 620 Pauli
998 588 1020 620 V
1034 587 1164 627 litteras,

425 644 508 677 circa
537 654 571 676 ea
602 653 681 686 quae
708 641 847 674 officium
872 641 1025 684 capitanei
1054 646 1165 683 portus

424 696 604 731 huiusmodi
630 700 833 735 concernunt,
849 694 1001 738 peculiari
1022 694 1183 737 apostoli-.

426 761 478 784 cae
505 748 754 783 confirmationis
771 747 946 780 munimine
964 746 1164 791 comprobari

425 812 627 846 summopere
651 801 854 834 desideretis:

470 858 484 901 ἓ
509 856 538 889 2
560 857 632 896 Nos,
650 855 860 899 amplioribus
876 854 1036 888 favoribus
1053 859 1083 887 et
1100 864 1167 896 gra-

425 910 476 943 tiis
493 920 547 943 vos
568 908 717 953 prosequi
736 908 884 947 volentes,
902 913 932 939 et
949 912 1086 940 vestrum
1104 907 1166 939 sin-

426 963 551 1006 gulares
576 971 726 1005 personas
751 971 768 993 a
793 960 956 1005 quibusvis
986 970 1166 992 excommu-

426 1015 601 1055 nicationis,
620 1014 833 1058 suspensionis
851 1018 879 1046 et
899 1012 1067 1052 interdicti,
1088 1012 1168 1044 aliis-

426 1079 487 1113 que
511 1067 729 1101 ecclesiasticis
760 1066 940 1105 sententiis,
973 1065 1114 1098 censuris
1139 1071 1168 1097 et

427 1122 547 1166 poenis,
564 1132 581 1153 a
605 1121 674 1153 iure
700 1120 746 1152 vel
771 1121 809 1151 ab
836 1119 973 1160 homine,
993 1118 1102 1161 quavis
1119 1128 1169 1151 00-

428 1175 553 1208 casione
577 1175 624 1206 vel
650 1175 743 1206 causa
772 1173 860 1213 latis,
886 1173 911 1205 si
944 1172 1057 1215 quibus
1090 1181 1168 1214 quo-

427 1228 599 1261 modolibet
618 1226 782 1260 innodatae
807 1226 950 1265 existunt,
965 1225 1003 1257 ad
1024 1224 1167 1257 effectum

426 1281 639 1327 praesentium
657 1280 817 1312 dumtaxat
839 1278 1105 1322 consequendum,
1120 1278 1170 1309 lia-

427 1345 499 1368 rum
530 1334 611 1366 serie
642 1333 837 1366 absolventes
862 1338 891 1365 et
916 1332 1074 1365 absolutas
1104 1332 1169 1363 sore

428 1394 600 1428 censentes,
626 1386 806 1420 huiusmodi
832 1385 1112 1429 supplicationibus
1128 1385 1171 1416 in-

429 1441 555 1483 clinati,
588 1440 763 1484 praedictas
796 1440 883 1472 Pauli
916 1438 1170 1482 [antedecessoris

430 1494 610 1527 huiusmodi
632 1494 751 1526 litteras
768 1499 795 1525 et
814 1493 844 1525 in
863 1493 905 1525 eis
925 1497 1079 1531 contenta,
1096 1502 1171 1535 quo-

431 1548 469 1581 ad
494 1558 529 1580 ea
553 1558 633 1591 quae
657 1547 775 1580 dictum
801 1547 953 1590 capitanci
979 1551 1091 1589 portus
1119 1545 1167 1578 of-

431 1601 537 1634 ficium
556 1606 760 1640 concernunt,
778 1600 951 1644 apostolica
976 1598 1170 1638 auctoritate,
1188 1603 1189 1607 ’

431 1660 541 1687 tenore
566 1654 790 1697 praesentium,
812 1653 1037 1686 confirmamus
1061 1656 1091 1683 et.
1115 1662 1170 1694 ap-

431 1708 618 1751 probamus,
645 1708 768 1750 illisque
793 1706 982 1750 apostolicae
1013 1705 1189 1739 firmitatis:

432 1761 531 1794 robur
544 1761 718 1800 adiieirnus,
733 1771 768 1792 ac
782 1770 891 1792 omnes
908 1765 938 1792 et
955 1759 1095 1801 singulos
1109 1763 1170 1790 tam
1188 1782 1189 1791 1

433 1814 510 1846 iuris
534 1823 627 1856 quam
654 1813 724 1844 faeti
749 1811 897 1851 desectus,
920 1811 943 1843 si
963 1811 1016 1854 qui
1037 1806 1190 1853 desuper‘

433 1866 671 1910 quomodolibet
688 1865 923 1905 intervenerint,
941 1864 1133 1907 supplemus.

479 1921 493 1963 ξ
520 1919 550 1952 3.
579 1920 787 1952 Decernentes
820 1919 888 1951 illas
920 1927 1043 1950 necnon
1080 1927 1171 1960 prae-

435 1978 537 2006 sentes
563 1973 681 2004 litteras
706 1971 832 2011 validas,
858 1972 966 2003 sirmas
985 1976 1014 2002 et
1031 1970 1172 2002 efficaces
1190 2004 1191 2011 ,

435 2027 567 2059 existere
593 2030 620 2058 01
647 2026 723 2065 sore,
749 2035 885 2068 suosque
911 2024 1069 2068 [denarios
1086 2029 1115 2056 et
1133 2016 1191 2063 in-f

435 2084 540 2122 tegros
565 2078 694 2111 effectus
719 2078 824 2111 sortiri
850 2083 879 2110 et
903 2076 1192 2118 0111111010,101115-Ι

435 2143 495 2177 que
519 2132 700 2176 plenissime
725 2132 755 2164 111
780 2131 926 2164 omnibus
944 2136 973 2163 et
997 2141 1053 2174 per
1070 2130 1192 2173 omnia,

436 2186 618 2228 suffragari,
644 2186 750 2229 sieque
774 2196 831 2229 per
856 2196 1071 2228 quoscumque
1096 2178 1193 2216 iudi-l

436 2251 486 2273 ces
511 2239 687 2272 ordinarios
711 2244 739 2271 et
765 2239 934 2279 delegatos,
959 2239 1052 2271 etiam
1071 2248 1176 2271 causa-

436 2303 506 2325 rum
532 2293 637 2335 palatii
662 2292 824 2336 apostolici
850 2293 1019 2332 auditores,
1043 2292 1193 2334 1111110311

436 2351 466 2378 et
490 2346 614 2378 deliniri
642 2346 779 2387 debere,
805 2356 840 2378 ae
866 2346 989 2378 irritum
1017 2351 1045 2378 et
1071 2345 1175 2385 1113110,

436 2400 460 2432 51
486 2410 575 2432 secus
600 2410 693 2442 super
710 2399 758 2431 1115
778 2410 794 2431 a
815 2410 983 2442 quoquam,
1002 2400 1110 2443 (11111115
1127 2410 1177 2432 au-

437 2453 590 2491 ctoritate,
611 2453 744 2485 scienter
762 2453 808 2485 vel
831 2453 1021 2495 ignoranter,
1043 2453 1177 2497 contige-

438 2512 478 2538 rit
501 2506 655 2538 attentari.

483 2559 497 2602 g
516 2558 544 2590 4.
563 2560 629 2591 Non
647 2559 843 2593 obstantibus
858 2560 1132 2594 constitutionibus
1148 2566 1177 2592 et

441 2611 689 2646 ordinationibus
710 2614 897 2657 apostolicis,
916 2625 961 2655 ac,
980 2619 1131 2658 quatenus
1149 2625 1178 2647 0-

1201 222 1353 245 1101111011

1197 279 1256 312 pus
1277 268 1325 308 sit,
1342 267 1443 301 dictae
1467 267 1609 308 civitatis,
1627 267 1721 300 etiam
1745 267 1934 307 iuramento,

1197 321 1436 354 confirmatione
1461 319 1649 363 apostolica,
1673 320 1721 351 vel
1745 319 1854 362 quavis
1881 319 1935 352 fir-

1198 374 1304 407 mitate
1329 373 1389 406 alia
1416 372 1584 412 roboratis,
1605 371 1727 404 statutis
1751 377 1781 404 et
1805 382 1935 405 consue-

1198 426 1366 467 tudinibus,
1391 425 1564 469 privilegiis
1589 434 1731 467 quoque,
1756 424 1883 456 indultis
1907 430 1937 457 et

1198 479 1308 512 litteris
1333 478 1512 522 apostolicis
1528 479 1561 510 in
1577 476 1771 510 contrarium
1788 477 1937 520 praemis-

1198 543 1306 565 sorum
1331 531 1569 575 quomodolibet
1584 530 1749 571 concessis,
1775 529 1938 562 confirma-

1199 585 1237 618 tis
1262 590 1292 618 et
1314 584 1484 624 innovatis;
1510 584 1625 627 quibus
1649 582 1797 616 omnibus
1821 587 1851 615 et
1873 582 1937 615 sin-

1199 639 1303 682 gulis,
1327 639 1454 671 illorum
1478 642 1604 670 tenores
1635 635 1856 679 praesentibus
1879 645 1938 679 pro

1199 693 1290 736 plene
1308 697 1338 724 et
1355 690 1546 724 sufficienter
1563 688 1720 732 expressis
1737 698 1773 721 30
1790 687 1828 720 de
1840 687 1938 720 verbo

1200 746 1238 778 ab
1262 745 1394 778 verbum
1428 743 1554 777 insertis
1584 742 1753 782 habentes,
1778 741 1840 774 illis
1863 741 1939 773 alias

1200 799 1231 832 in
1256 809 1313 832 suo
1333 799 1449 831 robore
1473 796 1698 841 permansuris,
1723 795 1761 827 ad
1785 794 1939 838 praemis-

1201 863 1307 886 sorum
1329 852 1486 891 effectum,
1510 851 1570 883 hac
1593 850 1661 882 vice
1685 849 1846 881 dumtaxat
1869 858 1939 891 spe-

1201 906 1322 939 cialiter
1347 910 1377 938 et
1401 914 1549 948 expresse
1577 903 1788 945 derogamus3
1813 900 1940 934 ceteris-

1201 971 1261 1004 que
1276 959 1443 993 contrariis
1463 957 1724 1002 quibuscumque.

1245 1014 1357 1047 Datum
1381 1013 1509 1051 Romae,
1535 1011 1617 1054 apud
1646 1010 1674 1043 S.
1704 1009 1832 1042 Mariam
1852 1009 1943 1042 Maio-

1202 1078 1289 1107 rem,
1321 1067 1378 1099 sub
1406 1066 1522 1098 annulo
1556 1064 1722 1098 Piscatoris
1741 1091 1748 1105 ,
1791 1063 1840 1096 die
1879 1072 1942 1096 xxv

1202 1121 1340 1154 octobris
1357 1129 1556 1160 Mncxxxvm,
1566 1117 1766 1162 pontificatus
1779 1116 1878 1150 nostri
1894 1126 1944 1148 an-

1202 1186 1243 1209 no
1260 1184 1324 1207 xvi.

1239 1237 1298 1264 Dat.
1320 1235 1362 1263 die
1378 1235 1412 1263 ⁶25
1428 1235 1546 1263 octobris
1561 1234 1642 1268 1638,
1658 1233 1753 1270 pontif.
1771 1241 1841 1260 aimo
1856 1239 1911 1260 xvi.

1506 1368 1644 1402 DCXXII.

1187 1455 1189 1475 1
1208 1441 1417 1484 Confirmatio
1435 1439 1599 1472 electionis
1616 1437 1824 1472 Ferdz'nandi
1837 1436 1893 1471 III
1910 1437 1946 1469 in

1248 1505 1354 1538 reyem
1379 1495 1601 1527 Romanorum
1625 1493 1778 1535 futurum
1805 1492 1946 1535 impera-

1252 1548 1380 1582 lorem¹.

1414 1620 1547 1646 Urbanus
1563 1618 1737 1652 Episcopus,

1384 1671 1489 1690 servus
1521 1670 1674 1690 servorum
1707 1662 1769 1696 Dei,

1207 1710 1386 1745 charissimo
1414 1717 1446 1743 in
1478 1716 1593 1743 Christo
1621 1715 1684 1742 filio
1713 1718 1815 1743 nostro
1843 1716 1945 1743 Perdi-

1242 1763 1351 1795 nando,
1373 1762 1567 1788 Romanorum
1583 1763 1614 1787 et
1629 1761 1798 1794 nungariae
1814 1767 1848 1787 ac
1860 1760 1947 1788 Bobe-

1241 1807 1317 1833 miae
1332 1806 1398 1839 regi
1413 1805 1539 1839 illustri,
1557 1806 1686 1832 salutem
1703 1808 1733 1832 et
1749 1805 1946 1838 apostolicam

1243 1851 1490 1878 benedictionem.

1251 1922 1325 1955 Cum
1352 1922 1434 1954 vices
1459 1921 1553 1961 illius,
1578 1921 1631 1964 qui
1656 1926 1766 1964 regnat
1790 1920 1821 1953 in
1843 1921 1946 1961 caelis,

1207 1982 1235 2008 01
1260 1987 1317 2019 per
1341 1986 1435 2018 11110111
1460 1985 1551 2018 reges
1576 1975 1607 2007 in
1631 1975 1723 2008 terris
1745 1974 1947 2007 dominantur

1208 2035 1237 2061 et
1260 2029 1421 2073 principes
1446 2029 1610 2072 imperant,
1630 2028 1661 2060 in
1685 2028 1881 2071 Apostolicae
1898 2027 1947 2061 Se-

1208 2083 1255 2115 dis
1280 2083 1406 2126 specula
1432 2082 1552 2115 meritis
1576 2082 1648 2114 licet
1673 2081 1856 2124 imparibus,
1882 2081 1948 2114 sola

1209 2135 1275 2168 cius
1300 2135 1502 2168 miseratione
1527 2140 1555 2167 et
1581 2134 1682 2176 gratia
1702 2134 1783 2174 sreti,
1801 2134 1948 2167 sustinea-

1210 2199 1298 2228 mus,
1325 2188 1464 2220 niuneris
1488 2187 1587 2220 nostri
1613 2192 1718 2230 partes
1742 2197 1810 2220 esse
1835 2187 1947 2221 inlelli-

1210 2242 1323 2283 gimus,
1345 2252 1424 2284 quae
1449 2240 1625 2273 communis
1653 2240 1810 2280 utilitatis,
1841 2241 1948 2274 salutis

1210 2301 1237 2327 et
1264 2295 1412 2338 praesidii
1439 2297 1530 2326 eausa
1556 2299 1737 2336 comparata
1764 2299 1948 2334 noscuntur,

1210 2354 1302 2391 11111110
1327 2348 1364 2380 ad
1390 2347 1470 2379 sacri
1501 2347 1632 2379 Romani
1664 2347 1788 2390 imperii
1813 2352 1949 2388 statum,

1211 2401 1305 2434 decus
1330 2406 1359 2433 et
1383 2400 1623 2444 amplitudinem
1652 2400 1822 2444 praecipue
1847 2400 1946 2443 perti-

1210 2460 1292 2496 nent,
1318 2454 1423 2486 iudicii
1444 2459 1473 2487 et
1493 2454 1686 2488 auctoritatis
1705 2458 1831 2487 nostrae
1848 2453 1950 2486 muni-

1212 2508 1295 2541 mine
1320 2508 1484 2541 roborare.

1250 2626 1259 2649 1
1284 2623 1319 2650 Ex
1338 2624 1443 2658 llegest.
1470 2623 1495 2650 in
1512 2624 1611 2650 Secret.
1631 2624 1707 2650 Brev.

1950 219 2000 246 An.
2013 219 2041 245 C.
2066 219 2131 246 1538

1990 1932 2110 1953 Exordium.
