2248 3229
258 581 352 608 Eamque
367 587 416 602 san-

233 611 279 628 ctae
299 609 371 629 Crucis
390 609 415 629 de

232 635 288 655 Luca
300 635 414 661 nuncupari

231 662 324 683 mandat.

275 1910 411 1930 Constitutio-

226 1941 306 1962 nesque
335 1943 411 1962 {ippor-

228 1964 287 1983 tunas
303 1963 401 1986 faciendi.

234 201 325 230 Amc.
347 201 412 229 1631
461 193 524 228 222
1007 205 1186 229 BULLARIUM

432 251 545 294 niaque
562 255 592 284 et
615 251 737 294 singula
760 251 932 294 privilegia,
951 252 1067 294 gratias
1084 258 1112 285 et
1130 253 1190 284 in-,

431 304 516 338 dulta
540 304 610 344 illis,
627 305 671 336 uti
695 304 904 346 regularibus,
926 315 1083 346 concessa,
1102 315 1174 349 apo-

432 358 542 390 stolica
570 357 767 397 auctoritate,
800 362 909 390 tenore
943 359 1171 401 praesentium,

432 410 658 453 supprimimus
683 413 712 443 et
737 410 966 453 extinguimus,
992 412 1172 445 eeclesiam-

431 473 490 505 que
507 462 699 505 praedictam
721 463 759 495 ad
784 464 1014 497 secularitatem
1039 465 1171 498 reduci-

432 525 515 555 mus,
541 525 671 559 eamque
689 517 796 559 (quam
816 517 853 549 de
878 522 982 551 cetero
1007 519 1171 562 perpetuis

431 567 543 601 futuris
570 569 765 612 temporibus
790 570 818 604 S.
844 571 951 604 Crucis
974 572 1012 604 de
1036 573 1117 605 Luca
1143 576 1172 606 et

431 620 459 654 S.
485 621 720 656 Bonaventurae
744 625 919 667 nuncupari
937 625 1051 658 debere
1068 626 1172 659 decer-

430 673 533 707 nimus
557 680 587 708 et
611 675 830 720 declaramus),
849 688 920 710 cum
939 678 1047 718 choro,
1073 679 1171 712 sacri-

430 728 496 769 stia,
524 733 553 760 et
577 734 667 772 parte
687 730 764 762 situs
788 740 823 763 ac
847 731 983 764 fabricae
1001 732 1101 766 dictae
1117 733 1170 766 do-

395 822 400 826 .
429 791 500 814 mus
525 781 562 814 ab
584 782 701 815 eisdem
727 783 876 817 fratribus
894 785 1020 818 relictae
1040 796 1096 829 per
1112 797 1170 820 nos

429 843 484 867 seu
508 835 546 868 de
570 835 717 869 mandato
736 842 845 870 nostro
864 848 920 881 per
938 838 1067 873 dilectos
1087 839 1168 873 filios

429 888 578 921 Faustum
602 888 722 922 Polium
737 890 843 933 palatii
858 891 957 924 nostri
975 892 1168 935 praefectum

429 947 459 974 et
483 942 664 975 Michaetem
688 944 931 986 Bergomensem
950 945 1023 980 dicti
1044 946 1168 980 Ordinis

428 995 638 1038 professorem
669 995 854 1030 declaranda
880 1003 911 1031 et
940 999 1167 1042 specificanda,

428 1048 607 1091 praedictae
630 1049 747 1083 nationi
768 1050 909 1084 Lucanae
927 1052 982 1095 (ita
1002 1057 1115 1095 tamen,
1134 1059 1168 1086 ut

429 1101 461 1133 in
485 1103 522 1134 ea
547 1106 618 1135 octo
642 1102 752 1136 missas
782 1103 913 1146 singulis
944 1104 1054 1139 diebus
1087 1106 1167 1139 cele·

427 1153 513 1187 brari
537 1155 650 1196 facere,
675 1155 838 1200 dictaeque
855 1157 1005 1191 ecclesiae
1025 1158 1063 1192 de
1079 1169 1167 1202 para-

427 1207 539 1240 mentis
553 1213 583 1241 et
595 1209 789 1242 ornamentis
799 1210 1027 1251 ecclesiasticis,
1044 1212 1167 1255 aliaque

427 1260 609 1294 omnimoda
634 1263 721 1295 sacra
746 1267 776 1294 et
799 1263 931 1306 profana
952 1264 1166 1308 suppellectile

426 1313 465 1345 ad
500 1313 640 1347 divinum
672 1315 790 1348 cultum
827 1315 989 1360 ipsiusque
1017 1317 1167 1351 ecclesiae

426 1365 574 1400 decorem
597 1368 774 1401 necessaria
802 1369 968 1412 providere
1000 1369 1112 1404 debeat
1136 1376 1167 1404 et

426 1422 588 1465 teneatur)
617 1422 788 1466 apostolica
819 1423 1025 1466 auctoritate,
1058 1429 1166 1458 tenore

426 1475 650 1518 praesentium,
674 1481 830 1520 perpetuo
855 1477 1057 1511 concedimus
1074 1483 1104 1511 et
1122 1489 1168 1512 as-

428 1527 610 1571 signamus;

250 1591 412 1618 Facultasapud
472 1582 487 1625 g
510 1581 540 1615 3.
565 1582 678 1627 Dantes
709 1583 812 1617 eidem
844 1585 962 1618 nationi
987 1585 1165 1619 facultatem

229 1618 323 1639 eamdem
344 1620 412 1639 ecete-

229 1645 412 1696 {ffigssufflffipffle
427 1635 509 1679 apud
534 1636 697 1669 ecclesiam
721 1636 749 1670 S.
767 1638 874 1671 Crucis
898 1643 928 1672 et
952 1639 981 1672 S.
1008 1639 1167 1673 Bonaven-

428 1692 515 1722 turae
539 1689 730 1732 praedictam
752 1701 850 1723 unum
875 1691 1027 1735 hospitale
1054 1703 1167 1737 paupe-

427 1753 498 1775 rum
509 1742 709 1776 infirmorum
723 1744 862 1777 eiusdem
873 1746 1008 1779 nationis
1024 1747 1165 1789 erigendi

427 1805 482 1828 seu
505 1796 678 1839 aperiendi,
704 1797 843 1841 illudque
860 1798 989 1841 regendi
1007 1804 1037 1832 et
1053 1800 1166 1842 guber-

426 1849 537 1889 11andi;

470 1903 485 1945 §
509 1902 538 1934 4.
565 1904 607 1936 Ac
630 1914 689 1947 pro
714 1904 864 1937 ecclesiae
884 1910 914 1938 et
930 1905 1094 1950 hospitalis
1112 1907 1166 1940 hu-

426 1956 561 1989 iusmodi
585 1957 725 1999 negociis
739 1968 771 1990 se
785 1960 1007 2002 congregandi,
1026 1965 1056 1993 et
1069 1971 1164 2004 quae-

426 2020 561 2053 cumque
585 2013 707 2052 statuta,
733 2011 877 2054 capitula7
904 2012 1115 2046 ordinationes
1136 2020 1165 2047 et

426 2062 551 2095 decreta
574 2074 632 2107 pro
649 2064 765 2097 salubri
786 2066 937 2098 ecclesiae
954 2071 984 2099 et
1001 2067 1164 2110 hospitalis

425 2115 659 2159 praedictorum
684 2117 838 2160 regimine
863 2122 893 2152 et
916 2119 1089 2153 directione
1110 2131 1166 2154 ne—.

427 2169 562 2202 cessaria
586 2175 615 2202 et
639 2176 828 2214 opportuna,
843 2172 928 2204 licita
945 2177 1048 2206 tamen
1065 2179 1095 2206 et
1111 2174 1164 2207 ho-

426 2226 533 2264 nesta,
570 2223 729 2266 sacrisque
764 2224 936 2258 canonibus
971 2231 1001 2258 et
1036 2226 1164 2259 Concilii

427 2276 598 2309 Tridentini
610 2276 743 2309 decretis
756 2288 792 2310 ac
805 2279 1079 2313 constitutionibus
1094 2291 1165 2324 apo-

427 2329 545 2362 stolicis
561 2339 624 2362 nou
641 2330 807 2371 contraria,
824 2341 881 2374 per
900 2331 1048 2365 dilectum
1064 2333 1164 2366 filium

426 2387 568 2414 nostrum
585 2382 617 2414 in
633 2383 715 2415 alma
736 2383 819 2416 Urbc
839 2384 1000 2427 praedicta
1013 2385 1163 2419 vicarium

427 2435 457 2467 iu
481 2436 696 2479 spiritualibus
717 2438 895 2479 generalem
914 2439 1118 2472 examinanda
1135 2445 1164 2472 et

427 2489 638 2532 approbanda,
649 2490 781 2523 faciendi
799 2495 828 2525 et
842 2492 962 2534 edendi,
978 2492 1092 2536 illaque
1106 2504 1163 2537 pro

428 2546 580 2586 tempore,
604 2549 698 2587 prout
722 2545 766 2578 eis
791 2545 958 2586 videbitur,
982 2547 1111 2590 praevia
1128 2547 1165 2579 si-

424 2595 494 2645 Jnili
507 2597 736 2632 examinatione
752 2603 781 2632 et
793 2599 1029 2644 approbatione,
1044 2604 1164 2635 mutan-

1211 205 1365 231 ROMANUM
1957 210 2007 238 An.
2020 211 2048 238 C.
2073 211 2135 240 1631

1207 252 1248 293 di,
1273 253 1436 295 alterandi,
1461 254 1639 297 corrigendi
1663 261 1694 290 et
1716 256 1748 290 in
1765 257 1876 291 melius
1896 268 1942 290 re-

1206 306 1361 339 formandi
1374 317 1381 346 ;

1250 359 1265 402 g
1289 359 1318 392 5.
1343 361 1387 393 Ac
1411 360 1539 404 insuper
1563 362 1668 394 onmia
1692 367 1722 395 et
1745 364 1866 407 singula
1891 364 1938 396 le-
1992 378 2140 409 Legatavqnq-

1205 417 1292 454 gata,
1317 413 1443 454 relicta,
1468 424 1518 447 res
1545 419 1574 447 et
1594 414 1686 455 bona,
1706 417 1942 459 quomodolibet
1957 410 1998 431 ‘¹⁰³
2014 405 2140 431 “mmmm''

1205 465 1392 508 qualificata,
1406 467 1533 500 mobilia
1547 473 1576 500 et
1588 468 1771 509 immobilia,
1784 480 1841 513 per
1852 480 1943 513 quos·
2065 467 2068 469 ’

1205 528 1340 562 cumque
1365 519 1584 554 christifideles
1609 521 1758 554 ecclesiae
1783 527 1812 555 et
1836 523 1942 566 hospi-

1205 572 1257 604 tali
1281 573 1449 616 praedictis
1474 585 1530 618 per
1546 575 1628 608 viam
1645 575 1833 616 testamenti,
1851 576 1942 610 dona-

1204 626 1297 659 tionis
1312 632 1365 660 aut
1377 627 1453 660 alias
1469 628 1706 672 quomodolibet
1723 639 1780 673 pro
1800 635 1942 674 tempore

1203 680 1345 724 elargita,
1365 682 1548 725 recipiendi,
1575 688 1604 715 et
1628 693 1685 726 per
1709 693 1818 716 eorum
1844 683 1942 728 depu-

1204 738 1282 767 tatos
1307 734 1555 778 administrandi,
1573 745 1609 769 ac
1626 736 1655 768 in
1673 737 1823 770 ecclesiae
1839 741 1869 770 et
1885 737 1942 771 ho-

1203 787 1322 831 spitalis
1348 787 1585 831 praedictorum
1606 799 1681 822 usus
1700 790 1756 833 <ita
1776 794 1891 832 tamen,
1909 793 1943 824 ut

1202 840 1241 873 de
1258 841 1394 884 receptis
1411 846 1441 874 et
1458 841 1682 875 administratis
1698 853 1754 886 per
1770 853 1823 876 eos
1840 843 1942 876 eidem

1202 885 1319 927 vicario
1343 895 1429 928 iuxta
1454 895 1580 928 decreta
1610 896 1740 929 Concilii
1770 896 1942 929 Tridentini

1202 947 1356 980 rationem
1382 947 1515 981 reddere
1532 949 1710 992 teneantur)
1729 948 1941 990 convertendi,

1202 1005 1231 1033 et
1256 1000 1384 1044 insuper
1397 1001 1429 1034 in
1446 1002 1577 1035 ecclesia
1601 1001 1762 1046 praedicta
1781 1011 1943 1036 sacrosan-

1201 1059 1286 1086 ctum
1312 1054 1525 1088 Eucharistiae
1542 1060 1773 1089 sacramentum
1790 1061 1820 1089 et
1837 1056 1940 1090 oleum

1200 1107 1402 1141 infirmorum
1427 1108 1541 1142 debitis
1566 1119 1638 1142 cum
1662 1110 1785 1143 honore
1804 1114 1835 1143 et
1853 1120 1941 1143 reve-

1200 1161 1302 1194 rentia
1325 1161 1504 1194 asservandi
1512 1173 1520 1202 ;

1244 1213 1258 1256 §
1283 1213 1312 1247 6.
1337 1215 1465 1248 Necnon
1489 1215 1622 1249 infirmis
1646 1215 1678 1249 in
1694 1215 1777 1251 dicto
1794 1216 1939 1261 hospitali
1990 1227 2091 1253 Aliaeque
2109 1227 2138 1249 ra-

1199 1276 1258 1310 pro
1271 1272 1413 1311 tempore
1430 1268 1635 1302 existentibus
1652 1274 1851 1303 sacrosancta
1867 1270 1941 1303 Poe·
1954 1254 2051 1275 cunm*

1199 1319 1348 1353 nitentiae
1361 1326 1391 1354 et
1402 1321 1617 1355 Eucharistiae
1633 1322 1823 1366 praedictae,
1839 1327 1940 1356 extre-

1200 1383 1332 1417 maeque
1343 1374 1501 1409 unctionis
1514 1380 1708 1410 sacramenta
1720 1387 1778 1420 per
1791 1376 1941 1410 ecclesiae

1200 1437 1255 1460 seu
1279 1428 1442 1472 hospitalis
1466 1429 1618 1473 praedicti
1639 1430 1869 1474 cappellanum‚
1887 1431 1941 1474 qui

1200 1489 1218 1512 a
1241 1480 1325 1514 dicto
1350 1481 1467 1515 vicario
1491 1482 1529 1515 ad
1553 1481 1585 1515 id
1609 1483 1801 1526 approbatus
1823 1483 1940 1526 suerit,

1200 1534 1414 1568 administrari
1435 1535 1565 1568 curandi
1572 1547 1580 1576 ;
1597 1546 1634 1569 ac
1650 1541 1814 1580 praeterea
1834 1537 1866 1569 in
1882 1538 1938 1569 ea-

1200 1587 1271 1620 dem
1285 1588 1417 1621 ecclesia
1431 1588 1460 1622 S.
1473 1589 1581 1622 Crucis
1598 1594 1628 1622 et
1646 1589 1675 1622 S.
1693 1589 1939 1630 Bonaventurae‚

1201 1645 1263 1673 tam
1284 1640 1315 1673 in
1333 1641 1416 1675 dicto
1440 1642 1586 1686 hospitali
1603 1642 1830 1683 decedentium,
1844 1652 1939 1686 quam

1200 1704 1474 1738 quorumcumque
1511 1695 1647 1729 aliorum
1686 1696 1939 1730 christifidelium

1200 1746 1242 1778 ibi
1263 1747 1389 1791 sepeliri
1403 1748 1607 1791 cupientium,
1623 1759 1759 1792 corpora
1769 1748 1940 1792 sepeliendi

1200 1811 1254 1833 seu
1272 1801 1397 1844 sepeliri
1414 1801 1547 1834 faciendi
1558 1829 1565 1843 ,
1584 1802 1651 1835 sine
1665 1807 1771 1835 tamen
1787 1812 1939 1846 quorum-

1200 1865 1334 1898 cumque
1352 1855 1467 1888 iurium
1487 1856 1717 1899 parochialium
1734 1856 1937 1900 praeiudicio.

1244 1908 1258 1950 ξ
1289 1909 1316 1941 7.
1352 1909 1559 1943 Decernentes
1588 1910 1752 1943 eeclesiam
1777 1910 1806 1942 S.
1830 1910 1938 1943 Crucis
1981 1918 2137 1955 §tausntasne-

1199 1966 1230 1993 et
1255 1962 1283 1993 S,
1309 1961 1544 1996 bonaventurae
1573 1963 1753 1996 huiusmodi
1784 1963 1938 2004 liberam,
1953 1950 2137 1993 ffifanasappo-

1200 2014 1364 2059 ipsamque
1396 2021 1426 2049 et
1455 2017 1616 2060 hospitale·
1635 2016 1831 2060 praedictum
1856 2017 1938 2050 dicto

1200 2068 1332 2109 vicario,
1358 2075 1420 2101 tam
1445 2069 1477 2101 in
1501 2069 1731 2102 visitationibus
1752 2080 1846 2113 quarn
1870 2070 1938 2103 aliis

1200 2121 1461 2166 quibuscumque,
1474 2123 1565 2166 plene
1579 2123 1717 2156 subiecta
1731 2133 1798 2156 esse
1816 2128 1847 2156 et
1859 2124 1936 2166 fore,

1199 2180 1378 2217 praesentes
1397 2185 1472 2209 vero
1490 2176 1620 2216 litteras,
1635 2176 1728 2209 etiam
1745 2187 1781 2209 ex
1798 2187 1835 2210 eo
1853 2176 1937 2220 quod

1199 2228 1390 2271 quicumque
1400 2229 1431 2261 in
1441 2230 1613 2272 praemissa
1625 2230 1775 2263 iuteresse
1787 2230 1938 2263 habentes

1199 2290 1253 2312 seu
1278 2281 1395 2314 habere
1419 2282 1657 2325 praetendentes
1681 2283 1719 2316 ad
1736 2283 1767 2316 id
1783 2283 1884 2316 vocati
1908 2288 1938 2316 et

1200 2334 1296 2366 auditi
1315 2345 1379 2367 non
1394 2336 1520 2376 fuerint,
1535 2340 1587 2370 aut
1599 2336 1779 2380 praemissis
1791 2347 1853 2370 uon
1867 2346 1938 2370 con-

1199 2387 1363 2429 senserint,
1389 2393 1440 2422 aut
1464 2389 1572 2432 quavis
1597 2390 1657 2422 alia
1681 2390 1719 2423 dc
1736 2392 1829 2424 causa
1845 2400 1939 2434 quan-

1199 2442 1312 2474 tumvis
1328 2442 1468 2484 legitima
1482 2448 1511 2475 et
1525 2443 1666 2484 iuridicd,
1679 2444 1717 2476 de
1728 2443 1938 2487 subreptionis

1198 2495 1245 2527 vel
1264 2495 1457 2539 obreptionis
1481 2497 1566 2537 vitio,
1591 2507 1645 2530 seu
1670 2497 1850 2530 intentionis
1874 2507 1934 2530 no-

1198 2553 1279 2581 strae
1306 2550 1352 2582 rel
1377 2560 1579 2594 quocumque
1596 2551 1657 2583 alio
1677 2550 1800 2583 defectu
1824 2551 1935 2594 notari,

1197 2602 1389 2647 impugnari,
1413 2604 1571 2647 redargui,
1596 2604 1735 2647 infringi,
1760 2609 1812 2637 aut
1832 2604 1863 2637 in
1888 2604 1935 2638 ius
