2221 3224
153 181 201 208 an.
219 180 246 207 C.
269 172 336 207 162'9
381 171 423 205 50
928 181 1106 205 Bunmmun
1131 180 1284 204 Romnum

1123 228 1160 260 ad
1185 238 1263 271 quos
1287 231 1405 270 spectat
1428 232 1458 260 et
1482 228 1514 260 in
1537 227 1678 260 futurum
1697 227 1860 271 spectabit,

1123 280 1345 314 inviolabiliter
1370 281 1549 321 observari3

1169 335 1184 378 g
1207 334 1236 367 3.
1262 335 1299 367 Et
1314 335 1357 367 ita
1373 345 1431 378 per
1447 344 1663 378 quoscumque
1683 333 1800 367 iudices
1814 345 1862 367 or-

1876 178 1924 205 An.
1941 178 1970 205 C.
1991 178 2060 207 1629

555 228 689 257 Urbanus
709 229 788 263 Papa
806 229 886 262 VIII,

483 273 518 300 ad
534 275 709 307 perpetuam
728 272 771 300 rei
792 272 972 299 memoriam.

397 336 411 377 g
436 335 463 367 sl,
491 335 611 378 Exponi
635 334 725 367 nobis
748 344 849 376 nuper
874 332 946 365 fecit
965 343 1092 366 venera-

169 353 284 383 ,accenset
300 351 337 383 ‹lu-

1923 346 1955 366 lta
1970 345 2062 366 iudicari

153 380 188 400 1ης]
198 386 216 404 t't
258 384 291 403 opt

1878 373 1981 393 decernit.

186 989 339 1014 Responsiones

157 1017 184 1037 ad
200 1016 275 1039 dubia.

180 1201 298 1227 Episcopus
307 1201 343 1221 dc-

159 1230 239 1249 siderat
253 1231 342 1248 auctori-

160 1258 202 1275 tate
226 1255 342 1280 apostolica

159 1282 283 1302 confirmari.

208 1546 266 1570 Quod
283 1546 347 1568 efficit

163 1573 269 1594 Urbanus.

155 378 336 432 ,.1„2.„'0¹{.‘j„.,‚‘'“'
351 389 423 421 bilis
440 389 534 420 trater
551 388 714 431 episcopus
731 386 983 429 Cepl‘ialudensis,
997 386 1090 430 quod,

352 441 460 473 habito
484 451 540 484 per
557 451 627 473 eum
646 440 682 472 ad
700 439 893 472 venerabiles
909 439 1022 472 fratres
1038 449 1092 472 no-

354 500 435 527 stros
467 495 494 526 S.
529 494 561 525 R.
594 494 625 525 E
659 492 832 525 cardinales
858 492 956 524 sacris
981 492 1092 525 ritibus

354 547 551 591 praepositos
565 556 706 585 recursu,
719 549 871 588 quatenus
888 544 1093 588 dignarentur

354 601 530 640 declarare,
555 599 711 643 primum,
738 598 897 641 videlicet,
923 609 961 631 an
986 599 1092 632 comiti

354 654 480 687 domino
508 660 608 686 terrae
633 653 671 686 de
696 653 808 686 Isnello
823 680 830 694 ,
851 653 1093 697 Ceplialudensis

355 707 519 747 dioecesis,
535 707 765 740 iuxtachorum
782 707 813 740 in
833 707 964 740 ecclesia
982 707 1093 740 maiori

356 761 397 793 uti
413 761 502 793 liceat
518 760 632 794 throno
651 771 706 793 seu
719 760 792 794 sede
805 760 837 792 in
851 761 920 794 loco
938 761 1093 804 superiori

355 819 384 845 et
400 813 547 845 eminenti
573 823 643 846 eum
669 812 818 856 gradibus
843 817 873 845 et
889 812 1094 846 baldacchino

355 866 391 898 ad
405 866 500 898 instar
514 865 595 898 sedis
609 865 813 909 episcopalis;
829 865 965 899 secundo
979 871 1094 907 autem,

356 930 392 951 an
414 919 515 952 cidem
533 919 640 952 comiti
658 924 814 963 competat
830 919 1022 952 thurificatio
1039 929 1095 963 per

356 973 574 1016 lin-esbyterum
606 972 742 1016 pluviale
770 978 943 1015 gestantem
959 984 966 1012 3
1000 972 1094 1005 iidem

357 1026 530 1111 carffrales
544 1026 789 1069 responderunt,
806 1026 884 1058 nibil
903 1036 939 1058 ex
957 1025 1096 1069 supradi-

357 1079 414 1111 ctis
450 1079 555 1112 omino
570 1085 671 1111 terrae
687 1084 876 1123 competere,
894 1085 987 1122 prout
1004 1079 1035 1111 in
1047 1079 1097 1112 de-

358 1138 443 1165 creto
457 1133 592 1176 desuper
609 1138 753 1166 emanato
767 1132 890 1176 plenius
908 1132 1095 1166 continetur.

402 1188 416 1229 ξ
433 1188 461 1219 z).
481 1186 555 1219 Cum
577 1192 691 1227 autem,
710 1186 788 1219 sieut
805 1186 915 1219 eadem
942 1187 1096 1231 expositio

359 1240 583 1282 subiungebat,
610 1239 775 1283 episcopus
799 1239 977 1283 praedictus
1002 1240 1099 1283 pluri-

360 1304 444 1325 nuuu
480 1293 602 1336 cupiat,
629 1292 790 1325 decretum
816 1292 1016 1333 huiusmodi,
1040 1304 1098 1336 pro

360 1343 603 1379 firniiorPillius
628 1346 830 1380 subsistentia
861 1356 896 1378 ac
928 1346 1098 1380 inviolabili

360 1399 568 1440 observantia,
588 1399 777 1443 apostolicae
794 1404 919 1432 nostrae
937 1394 1100 1433 confirma-

362 1453 451 1487 tionis
477 1453 591 1486 robore
616 1452 823 1486 communiri:

406 1507 420 1549 ξ
440 1506 468 1539 3.
486 1508 558 1547 Nos,
575 1506 641 1539 eius
660 1506 737 1539 votis
754 1506 935 1539 huiusmodi
951 1517 1099 1548 annuere,

362 1560 511 1603 illumque
538 1560 727 1603 specialibus
751 1560 913 1593 favoribus
939 1565 969 1593 et
992 1560 1101 1603 gratiis

362 1614 509 1658 prosequi
535 1614 683 1654 volentes,
702 1618 731 1646 et
755 1624 772 1645 a
793 1613 955 1656 quibusvis
980 1624 1102 1647 excom-

363 1667 601 1707 uumicationis,
630 1666 842 1709 suspensionis
870 1671 899 1698 ct
924 1666 1100 1710 interdicti,

363 1720 493 1763 aliisque
519 1720 736 1752 ecclesiasticis
761 1719 937 1760 sententiis,
962 1721 1102 1753 censuris

364 1780 393 1807 et
405 1774 524 1818 poenis,
538 1784 554 1806 a
572 1774 639 1806 iure
657 1774 704 1807 vel
723 1773 760 1806 ab
777 1773 915 1813 homine,
929 1774 1038 1817 quavis
1055 1785 1103 1807 oc-

364 1828 487 1860 casione
513 1828 559 1860 vel
585 1830 677 1860 eausa
702 1827 781 1868 latis,
799 1827 824 1859 si
842 1827 956 1870 quibus
974 1838 1104 1871 quomo-

364 1881 481 1913 delibet
494 1880 657 1914 innodatus
671 1880 783 1921 existit,
800 1880 838 1912 ad
856 1880 1001 1912 effectum
1015 1891 1104 1924 prae-

365 1933 497 1966 sentium
520 1933 679 1967 dumtaxat
698 1933 965 1976 consequendum,
990 1933 1103 1966 haruin

365 1987 446 2020 serie
471 1987 665 2020 absolventes
685 1992 713 2019 et
735 1987 914 2019 absolutura
934 1987 1000 2020 sore
1025 1998 1100 2020 cen-

366 2046 478 2081 sentes,
497 2039 777 2083 supplicationibus
791 2039 856 2071 eius
869 2039 997 2072 nouiine
1014 2036 1104 2072 nobis

367 2104 461 2137 super
486 2094 545 2125 lioc
570 2093 730 2125 humiliter
754 2093 909 2136 porrectis
942 2093 1103 2133 inclinati,

367 2148 527 2179 dcwrctum
553 2146 757 2190 praedictum,
778 2147 948 2190 apostoliea
972 2147 1106 2180 auctori-

368 2206 438 2238 tate,
454 2206 562 2233 tenore
579 2200 803 2244 praesentium,
821 2203 974 2244 perpetuo
994 2211 1106 2244 appro-

367 2255 477 2287 bamus
495 2259 524 2287 et
541 2253 774 2296 confirmamus,
793 2253 900 2297 illique
918 2253 1105 2286 inriolabilis

368 2308 558 2353 apostoliCae
583 2307 740 2341 firmitatis
760 2307 859 2340 robur
879 2307 1053 2347 adiicimus,
1071 2318 1106 2339 ae

369 2372 476 2395 omnes
502 2367 530 2395 et
557 2362 696 2404 singulos
720 2366 782 2393 tam
809 2361 885 2393 iuris
910 2371 1004 2404 quain
1034 2361 1106 2393 sacti

1125 387 1263 420 dinarios
1297 392 1327 421 et
1357 387 1538 431 delegatos,
1572 388 1664 421 etiam
1697 398 1862 420 causarum

1124 442 1230 485 palatii
1250 441 1413 485 apostolici
1430 442 1598 483 auditores,
1617 442 1747 474 iudicari
1769 446 1798 474 et
1814 441 1864 473 de—

1125 495 1209 527 finiri
1226 495 1350 535 debere;
1368 506 1404 528 ac
1420 495 1544 528 irritum
1565 500 1595 530 et
1614 496 1715 538 inane,
1733 495 1759 527 si
1776 505 1865 527 secus

1126 559 1220 592 super
1244 548 1291 581 his
1307 559 1325 580 a
1341 558 1512 592 quoquam,
1537 548 1645 592 quavis
1670 546 1864 587 auctoritate,

1126 601 1260 635 scienter
1284 601 1331 633 vel
1357 601 1549 643 ignoranter,
1574 601 1741 644 contigerit
1766 604 1865 633 atten-

1127 654 1196 695 tari,
1220 654 1420 687 decernimus
1445 658 1475 686 et
1498 653 1703 687 declaramus.

1171 707 1186 750 ξ
1209 706 1238 739 4.
1264 707 1332 740 Non
1364 706 1559 739 obstantibus
1592 705 1866 740 constitutionibus

1128 764 1156 793 et
1171 759 1421 793 ordinationibus
1435 759 1625 803 apostolicis,
1639 769 1675 792 ae
1694 758 1865 803 quibusvis,

1128 813 1220 845 etiarn
1246 813 1443 855 iuramento,
1475 811 1715 845 confirmatione
1744 816 1866 855 aposto-

1129 865 1196 908 lica,
1213 866 1259 899 rel
1272 865 1381 910 quavis
1393 866 1542 899 firmitate
1556 865 1616 898 alia
1630 864 1798 905 roboratiS,
1811 870 1868 898 sta-

1129 920 1203 952 tutis
1227 925 1256 952 et
1281 919 1572 959 consuetudinibus,
1597 918 1770 963 privilegiis
1791 929 1868 962 quo-

1129 984 1210 1017 que,
1247 973 1375 1006 indultis
1411 978 1441 1005 et
1473 972 1586 1005 litteris
1621 971 1802 1016 apostolicis
1838 971 1869 1004 in

1130 1027 1323 1061 contrarium
1354 1027 1601 1071 praemissorum
1631 1025 1868 1069 quomodolibet

1130 1081 1296 1121 concessis,
1317 1080 1510 1114 confirmatis
1523 1085 1553 1113 et
1569 1079 1723 1113 innovatis
1730 1090 1738 1120 ;
1756 1079 1870 1123 quibus

1131 1134 1276 1167 omnibus
1290 1139 1319 1167 et
1339 1133 1482 1176 singulis,
1496 1133 1622 1166 illorum
1642 1137 1767 1166 tenores
1783 1142 1870 1176 prae-

1131 1187 1271 1220 sentibus
1284 1198 1342 1231 pro
1360 1187 1451 1231 plene
1466 1181 1496 1219 et
1512 1185 1703 1219 sufficienter
1714 1185 1870 1229 expressis

1131 1252 1166 1274 ac
1187 1241 1225 1274 de
1251 1241 1346 1274 verbo
1364 1241 1402 1274 ad
1420 1240 1551 1274 verbum
1569 1240 1694 1273 insertis
1710 1239 1870 1280 habentes,

1132 1295 1192 1328 illis
1215 1295 1291 1328 alias
1315 1295 1346 1328 in
1371 1306 1426 1328 suo
1451 1294 1566 1328 robore
1591 1293 1814 1338 permansuris,
1832 1293 1871 1326 ad

1130 1348 1379 1393 praemissorum
1405 1348 1561 1390 effectum,
1580 1347 1638 1381 hac
1659 1347 1724 1380 vice
1748 1346 1871 1380 dumta-

1132 1407 1182 1435 xat
1212 1401 1390 1445 specialiter
1422 1405 1452 1435 et
1487 1411 1634 1445 expresse
1662 1400 1871 1443 derogamus;

1134 1455 1310 1499 ceterisque
1335 1455 1500 1489 contrariis
1524 1454 1784 1498 quibuscumque.

1178 1509 1289 1541 Datum
1314 1509 1440 1549 Romae,
1455 1507 1536 1552 apud
1551 1508 1579 1540 S.
1599 1508 1736 1547 Petrum,
1752 1507 1809 1540 sub
1824 1517 1874 1539 an-

1134 1563 1209 1595 nulo
1239 1562 1423 1604 Piscatoris,
1449 1561 1499 1594 die
1524 1571 1543 1594 x
1577 1560 1681 1594 martii
1713 1570 1873 1601 nocxmx,

1135 1615 1334 1659 pontificatus
1347 1615 1447 1649 nostri
1466 1625 1547 1648 anno
1561 1624 1601 1648 vl.

1171 1678 1228 1706 Dat.
1246 1678 1288 1706 die
1304 1678 1336 1706 10
1351 1678 1440 1705 martii
1462 1677 1539 1712 1629,
1555 1676 1650 1713 pontii.
1666 1685 1737 1704 anno
1755 1683 1788 1703 νι.

1402 1803 1404 1805 “
1428 1794 1583 1828 CCCXXV.

1137 1865 1292 1899 Facultas
1321 1866 1464 1909 episeopo
1493 1864 1655 1897 Naulensz·
1684 1875 1702 1897 (ι
1734 1865 1878 1898 censuris

1181 1919 1367 1952 absolvendi
1391 1918 1485 1951 (luces
1510 1923 1538 1950 et
1565 1917 1790 1961 aubernacores
1814 1918 1878 1950 rei-

1181 1973 1329 2016 publicae
1351 1972 1540 2011 Gemcensis,
1564 1971 1649 2015 quod
1663 1971 1727 2014 ipsi
1737 1981 1798 2014 pro
1811 1981 1879 2003 mu-

1182 2026 1306 2058 nitione
1331 2026 1430 2059 unius
1452 2024 1694 2068 propuqnaculi
1720 2024 1774 2056 usi
1801 2028 1878 2056 sunt

1182 2079 1284 2123 ylebz's
1309 2079 1351 2112 acl
1371 2089 1496 2111 mensas
1518 2078 1711 2111 Saonensem
1737 2081 1765 2110 et
1788 2077 1879 2110 Nau-

1184 2133 1303 2165 [ensem
1315 2131 1540 2176 spectantibus,
1555 2130 1674 2174 absque
1687 2130 1778 2164 Sedis
1791 2130 1816 2163 A
1820 2141 1878 2174 po-

1183 2186 1314 2219 stolicae
1340 2185 1471 2219 licentici
1484 2184 1504 2217 ¹.

1209 2257 1377 2285 Venerabili
1391 2256 1477 2284 fratri
1498 2256 1636 2290 episcopo
1653 2256 1806 2289 Naulensi‚

1334 2307 1470 2333 Urbanus
1498 2306 1576 2339 Papa
1605 2306 1683 2333 VIII.

1351 2359 1538 2387 Venerabilis
1558 2360 1663 2390 frater,

1184 2405 1313 2431 salutem
1330 2407 1360 2431 et
1376 2403 1571 2438 apostolicam
1587 2403 1834 2431 benedictionem.

2209 676 2218 685 ί
2210 616 2221 631 Ἀ
2209 489 2221 603 ιλιεᾷ’.ῥ
2209 438 2219 474 ud.-
2216 421 2219 428 „
2217 388 2219 399 -

1881 716 1991 738 obstantia
2002 717 2063 738 toltit.

369 2416 516 2457 desectus,
535 2415 559 2447 si
577 2415 630 2458 qui
651 2414 787 2458 desuper
812 2413 1048 2458 quomodolibet
1065 2414 1108 2446 in-

371 2469 569 2509 tervenerint,
590 2469 785 2512 supplemus,
811 2468 1034 2511 decretumque
1055 2467 1108 2500 hu-
1186 2467 1201 2510 ξ
1225 2467 1254 2499 ⁴l.
1280 2466 1400 2510 Exponi
1425 2465 1516 2500 nobis
1540 2476 1640 2510 nuper
1668 2466 1809 2499 fecerunt
1832 2465 1879 2498 di·
1910 2499 1941 2518 ,er
1967 2469 2081 2522 {2332ss

372 2522 504 2554 iusmodi
529 2533 564 2554 ac
588 2526 768 2565 praesentes
788 2521 908 2553 litteras
931 2520 1042 2561 valida,
1060 2520 1109 2553 sir-
1142 2520 1212 2553 lecti
1237 2519 1292 2552 filii
1318 2518 1437 2552 nobiles
1455 2519 1513 2551 riri
1530 2519 1591 2552 dux
1609 2524 1638 2552 et
1655 2519 1881 2562 gubernatores
1894 2503 1942 2545 gem
1956 2523 2081 2550 elebamm,

372 2586 421 2609 ma
446 2581 473 2608 et
499 2575 636 2609 efficacia
661 2586 727 2608 esse
752 2580 780 2608 ct
805 2575 892 2616 sore,
927 2584 961 2608 ae
986 2574 1024 2607 ab
1049 2574 1108 2615 iis,
1180 2581 1245 2609 1Ex
1261 2581 1367 2616 Regest.
1385 2581 1410 2607 in
1424 2580 1525 2608 Seeret.
1542 2580 1619 2608 Brev.
