2226 3235
105 226 155 253 An.
175 225 204 253 C.
221 225 289 253 1628

174 661 290 683 nevoeauo

107 688 234 709 tuduttorum
264 689 290 708 de

107 720 149 742 qua
164 715 185 736 in
199 715 291 736 rubrica.

920 224 1062 249 URBANUS
1087 224 1145 248 vm
1168 224 1217 248 PP.

303 272 416 306 ceteris
439 282 566 317 quoque
590 272 723 306 aliorum
748 271 901 307 Ordinum
921 273 1044 315 regula-

304 326 392 360 ribus
417 332 608 370 competere,
632 337 669 360 ex
693 326 895 370 amplissimis
917 326 1045 370 privile-

304 380 429 423 giorum
456 379 803 421 communicationibus,
832 390 909 424 quas
934 379 973 412 ab
998 380 1047 412 ea-

304 433 375 466 dem
393 433 471 467 Sede
487 433 667 478 Apostolica
684 433 895 475 obtinuerunt,
913 432 1046 476 indeque

305 487 369 528 fiat,
385 493 419 520 ut
438 487 646 521 saluberrima
670 487 750 521 sacri
775 487 904 521 Concilii
921 487 1047 520 Triden-

306 541 361 575 tini
385 541 550 586 dispositio
580 542 639 575 bac
664 541 702 575 de
732 552 766 575 re
799 541 880 575 edita
908 540 1047 574 funditus

306 594 514 628 convellatur:

350 647 365 691 ἓ
389 647 418 680 t.
444 648 516 689 Nos,
534 648 608 681 huic
633 649 716 682 malo
737 652 917 693 opportune
940 647 1046 692 provi-

306 701 402 734 sionis
432 707 558 735 nostrae
583 702 758 736 ministerio
782 702 905 735 obviam
931 702 976 734 ire
996 712 1048 734 vo-

305 754 414 795 lentes,
428 754 466 787 de
479 755 704 788 venerabilium
718 756 850 789 fratrum
864 759 1045 788 nostrorum

305 814 430 842 sanctae
461 810 620 842 Romanae
652 809 808 843 Ecclesiae
840 809 1046 841 cardinalium

305 862 440 905 negotiis
468 863 661 906 regularium
694 863 947 907 praepositorum
972 873 1048 896 con-

306 915 386 956 silio,
404 917 508 949 omnia
525 921 556 949 et
575 915 697 959 singula
726 915 845 948 indulta
867 915 1046 949 huiusmodi

306 969 452 1002 audiendi
475 969 664 1002 secularium
695 968 906 1003 consessiones
930 969 1049 1013 absque

307 1022 463 1056 Ordinarii
488 1023 631 1056 examine
655 1027 685 1055 et
708 1023 955 1067 approbatione,
980 1023 1050 1066 qui-

307 1075 412 1108 busvis
425 1076 576 1119 collegiis,
595 1076 751 1120 capitulis,
767 1076 985 1119 religionibus,
1005 1086 1051 1109 so-

308 1128 481 1170 cietatibus,
500 1130 592 1162 etiam
619 1130 764 1163 Societati
782 1130 862 1171 Iesu,
880 1141 1051 1173 congrega-

308 1183 445 1216 tionibus
468 1188 499 1216 et
522 1183 701 1226 Ordinibus,
720 1189 782 1216 tam
803 1183 1048 1217 mendicantium

308 1247 401 1280 quam
425 1247 488 1271 non
512 1237 775 1279 mendicantium,
800 1248 921 1271 necnon
947 1248 1052 1271 mona-

309 1290 441 1323 chorum
458 1301 743 1335 quorumcumque,
764 1291 856 1324 etiam
876 1291 973 1324 sancti
994 1291 1050 1323 Be-

309 1344 424 1378 nedicti
445 1350 475 1377 et
487 1345 710 1385 cisterciensis,
724 1356 760 1378 ac
776 1345 870 1378 etiam
889 1345 1052 1388 quibusvis

311 1398 439 1439 militiis,
457 1398 550 1431 etiam
574 1399 740 1442 hospitalis
757 1399 786 1432 S.
805 1399 929 1432 Ioannis
946 1399 1054 1431 Hiero-

313 1451 510 1495 solymitani,
542 1457 572 1485 et
607 1452 858 1496 quibuscumque
891 1452 1052 1492 ecclesiis,

313 1504 404 1536 etiam
429 1504 691 1548 patriarchalibus
722 1511 752 1538 et
781 1505 1052 1549 metropolitanis,

313 1558 519 1600 monasteriis,
541 1558 715 1601 ceterisque
739 1558 816 1591 locis
833 1558 903 1602 piis,
924 1558 988 1591 sive
1005 1569 1054 1591 co-

312 1620 382 1643 rum
400 1615 428 1645 et
446 1621 555 1644 earum
572 1612 747 1655 respective
771 1611 946 1653 abbatibus,
967 1622 1054 1655 prae-

312 1662 432 1706 positis,
449 1663 585 1705 decanis,
604 1664 774 1707 magistris,
788 1664 951 1707 ministris,
966 1675 1055 1708 prae-

311 1717 391 1757 latis,
415 1717 586 1761 prioribus,
612 1719 807 1759 rectoribus,
836 1719 928 1752 etiam
959 1730 1054 1761 gene-

313 1771 431 1804 ralibus
465 1772 513 1805 vel
544 1772 808 1816 provincialibus,
841 1773 1054 1817 cappellanis,

312 1824 520 1867 confessariis,
536 1831 589 1858 aut
612 1826 690 1867 aliis,
711 1837 912 1870 quocumque
929 1827 1055 1861 nomine

313 1879 498 1922 nuncupatis
513 1879 743 1923 superioribus,
767 1886 797 1913 et
821 1881 966 1924 personis
991 1881 1056 1926 qui-

312 1930 518 1975 buscumque,
532 1933 624 1965 etiam
640 1933 878 1978 quomodolibet
893 1935 1055 1978 exemptis,

313 1993 349 2016 ac
373 1983 444 2016 Sedi
469 1985 666 2028 Apostolicae
691 1987 870 2020 immediate
898 1987 1056 2028 subiectis,

313 2037 539 2082 cuiuscumque
557 2039 727 2082 dignitatis,
744 2041 1010 2084 praeeminentiae
1027 2046 1057 2074 et

314 2092 501 2126 conditionis
525 2094 745 2135 existentibus,
771 2099 799 2128 et
823 2095 934 2138 quovis
958 2095 1075 2139 priv-i-1

314 2144 397 2187 legio
421 2146 560 2188 munitis,
579 2152 617 2189 et,
643 2151 705 2181 tam
730 2147 768 2180 ad
793 2148 1055 2191 supplicationem

314 2199 463 2242 partium,
483 2211 578 2244 quam
599 2206 686 2234 motu
707 2201 838 2245 proprio
867 2207 897 2234 et
916 2212 953 2234 ex
970 2203 1056 2234 certa

315 2251 445 2285 scientia
472 2263 508 2286 ac
533 2253 571 2287 de
595 2254 786 2298 apostolicae
810 2254 971 2298 potestatis
990 2255 1056 2298 ple—

315 2305 465 2348 nitudine,
479 2306 630 2341 hactenus
654 2308 917 2352 quandocumque
934 2313 964 2341 et
981 2319 1058 2352 qua-

316 2359 533 2403 litercumque,
558 2371 595 2393 ex
621 2361 729 2404 quavis
745 2361 838 2395 ctiam
864 2361 903 2394 de
921 2362 1058 2394 necessi-

316 2416 378 2444 tate
402 2413 606 2456 exprimenda
631 2416 736 2456 causa,
765 2418 795 2448 et
818 2415 892 2448 alias
918 2425 1056 2460 quomo-

316 2464 434 2499 dolibet
458 2476 606 2500 concessa
620 2495 627 2509 ‚
655 2469 827 2512 apostolica
850 2469 1036 2502 auctoritate
1052 2497 1059 2511 ,

317 2525 425 2553 tenore
442 2521 666 2564 praesentium,
680 2533 875 2564 revocamus,
889 2533 1058 2564 cassamuS,

317 2573 466 2617 tollimus,
484 2575 686 2619 abrogamus,
704 2577 913 2619 annullamus,
929 2577 1060 2611 viribus-

319 2639 381 2673 que
406 2634 436 2663 et
460 2629 573 2665 effectu
601 2641 807 2673 evacuamus,
834 2643 870 2667 ac
894 2636 1060 2675 revocata,

1080 282 1177 312 cassa,
1194 271 1323 311 sublata,
1348 270 1498 314 abrogata
1523 276 1553 303 et
1576 271 1734 303 annullata
1749 298 1756 311 ,
1782 272 1822 304 vi-

1080 324 1230 368 ribusque
1254 329 1285 357 et
1308 323 1421 357 effectu
1453 333 1550 356 vacua
1586 333 1652 355 csse
1681 329 1711 355 et
1734 323 1800 356 sore
1816 350 1823 363 ,

1080 388 1137 412 nec
1162 378 1377 421 religionibus,
1403 377 1612 418 societatibus,
1642 376 1734 409 ctiam
1768 376 1823 409 So-

1080 431 1184 465 cietati
1217 431 1306 473 Iesu,
1338 431 1640 474 Congregationibus
1666 435 1695 462 et
1727 429 1820 463 Ordi-

1080 485 1194 525 nibus,
1222 495 1258 518 ae
1282 485 1402 518 militiis
1427 484 1615 529 praedictis,
1650 493 1824 526 eorumque

1080 539 1298 583 superioribus
1325 543 1355 573 ct
1379 540 1522 583 personis
1554 539 1824 582 quibuscumque.

1082 593 1290 637 imposterum
1315 593 1380 626 ullo
1398 593 1491 626 modo
1516 592 1694 634 suffragari,
1712 592 1827 624 minus-

1082 657 1143 691 que
1168 647 1239 679 illos
1256 650 1286 680 et
1305 646 1384 687 illas,
1403 646 1524 680 etiamsi
1546 646 1584 677 do
1610 646 1647 678 iis
1673 645 1826 689 specialis,

1081 700 1227 744 specifica
1253 705 1283 732 et.
1307 710 1466 744 expressa,
1484 709 1520 732 ac
1537 699 1574 731 de
1594 699 1690 731 verbo
1707 698 1745 731 ad
1763 708 1828 731 ver-

1082 754 1156 787 bum
1182 754 1300 787 mentio
1325 753 1469 786 habenda
1495 754 1585 793 soret,
1613 752 1741 785 indultis
1768 752 1827 784 1111-

1081 807 1217 841 iusmodi
1242 807 1286 840 uti
1311 818 1412 851 posse.

1126 861 1140 903 g
1165 861 1194 893 ²2.
1221 861 1403 893 praesentes
1428 870 1504 893 vero
1530 861 1648 894 litteras
1673 866 1703 893 et
1728 859 1758 892 in
1784 859 1828 892 eis

1082 919 1228 947 contenta
1246 924 1473 957 quaecumque,
1488 924 1523 946 ex
1542 924 1578 946 eo
1592 913 1674 957 quod
1690 914 1830 956 quicum-

1082 978 1143 1012 que
1168 967 1200 999 in
1225 967 1408 1011 praemissis
1425 967 1575 999 interesse
1593 967 1753 1006 babentes,
1774 976 1828 999 seu

1082 1022 1201 1055 babere
1225 1022 1487 1066 praetendentes,
1519 1021 1555 1053 ad
1589 1021 1648 1054 hor
1675 1021 1774 1053 vocati
1800 1026 1830 1053 et

1083 1075 1179 1108 auditi
1199 1086 1263 1108 non
1281 1075 1407 1115 suerint,
1424 1075 1463 1107 dc
1480 1075 1694 1118 subreptionis
1711 1075 1758 1107 vel
1777 1074 1831 1107 ob-

1084 1128 1237 1172 reptionis
1254 1129 1339 1168 vitio,
1364 1134 1415 1161 aut
1441 1128 1621 1161 intentionis
1642 1132 1768 1161 nostrae
1783 1127 1828 1159 vel

1084 1183 1145 1215 alio
1162 1192 1363 1226 quocumque
1380 1181 1502 1215 defectu
1516 1181 1627 1223 notari,
1640 1180 1831 1225 impugnari,

1084 1236 1248 1279 redargui,
1275 1237 1306 1268 in
1331 1237 1378 1268 ius
1400 1237 1446 1268 vel
1469 1236 1717 1269 controversiam
1742 1245 1831 1267 revo-

1085 1290 1369 1330 cari,adterminos
1388 1290 1465 1322 iuris
1483 1290 1600 1327 reduci,
1616 1295 1665 1321 aut
1683 1289 1832 1321 adversus

1085 1344 1153 1376 illas
1178 1343 1399 1387 quodcumque
1420 1344 1518 1383 iuris,
1544 1344 1661 1385 gratiae
1689 1343 1736 1375 vel
1762 1342 1833 1375 sacti

1086 1398 1260 1430 remedium
1277 1397 1438 1440 impetrari
1455 1397 1632 1430 nullalenus
1650 1408 1753 1440 posse,
1779 1395 1833 1429 sed

1086 1451 1155 1484 illas
1181 1461 1306 1494 semper
1329 1450 1447 1483 validas
1473 1456 1499 1482 ct
1528 1451 1670 1483 efficaces
1700 1451 1833 1483 existere

1087 1509 1117 1536 et
1141 1504 1218 1545 sore,
1244 1514 1381 1548 suosque
1406 1504 1564 1547 plenarios
1589 1510 1616 1536 et
1639 1505 1778 1547 integros
1796 1504 1835 1537 ef-

1087 1558 1185 1591 fectus
1210 1559 1317 1592 sortiri
1342 1564 1372 1591 et
1396 1558 1555 1599 obtinere3

1132 1612 1146 1654 ξ
1166 1611 1195 1644 3.
1221 1611 1335 1656 Sicque
1349 1623 1406 1655 per
1420 1623 1635 1656 quoscumque
1650 1612 1770 1646 iudices
1788 1623 1835 1647 or-

1087 1665 1227 1698 dinarios
1245 1670 1274 1698 et
1292 1665 1466 1708 delegatos,
1496 1666 1587 1698 etiam
1604 1677 1768 1699 causarum
1784 1677 1835 1711 pa-

1088 1719 1151 1752 latii
1176 1719 1339 1762 apostolici
1365 1719 1539 1761 auditores,
1566 1731 1601 1753 ac
1627 1726 1750 1753 sanctae
1775 1721 1835 1754 Ro-

1089 1782 1199 1805 manae
1211 1773 1367 1806 Ecclesiae
1383 1773 1568 1811 cardinales,
1582 1775 1674 1808 etiam
1687 1775 1724 1807 de
1738 1775 1834 1808 latere

1089 1826 1211 1869 legatos
1236 1832 1266 1859 et
1290 1828 1432 1864 nuntios,
1457 1828 1578 1861 sublata
1596 1829 1649 1868 eis,
1671 1835 1698 1861 et
1724 1840 1834 1862 eorum

1072 1880 1230 1920 cuilibet,
1256 1881 1365 1925 quavis
1383 1881 1472 1914 aliter
1501 1882 1658 1914 indicandi
1684 1888 1712 1915 et
1738 1882 1834 1915 inter-

1072 1962 1074 1971 ,
1091 1934 1235 1976 pretandi
1261 1934 1406 1968 facultate
1424 1940 1453 1967 et
1473 1936 1677 1976 auctoritate,
1703 1935 1836 1968 iudicari

1091 1992 1120 2019 et
1147 1986 1271 2020 definiri
1297 1987 1432 2030 debere,
1464 1998 1499 2020 ac
1525 1989 1648 2021 irritum
1683 1994 1711 2021 ct
1745 1989 1836 2021 inane

1090 2040 1244 2084 quidquid
1262 2051 1351 2073 secus
1368 2052 1462 2085 super
1480 2042 1527 2074 1115
1545 2053 1561 2074 3
1576 2053 1746 2086 quoquam,
1764 2053 1838 2086 qua-

1092 2093 1136 2125 vis
1169 2095 1372 2137 auctoritate,
1399 2095 1533 2128 scienter
1558 2097 1604 2128 vcl
1632 2096 1836 2139 ignoranter,

1092 2147 1261 2190 contigerit
1285 2149 1441 2190 attentari,
1465 2149 1670 2182 decernimus
1685 2155 1715 2182 et
1735 2150 1838 2183 decla-

1092 2211 1207 2235 ramus.

1137 2255 1193 2298 §4
1219 2256 1287 2289 Non
1304 2256 1500 2290 obstantibus
1516 2258 1709 2301 praemissis,
1724 2268 1759 2290 ac
1772 2258 1837 2301 qni-

1093 2309 1200 2342 busvis
1225 2311 1501 2344 constitutionibus
1528 2317 1557 2344 et
1586 2312 1837 2345 ordinationibus

1093 2364 1284 2407 apostolicis,
1308 2366 1483 2409 privilegiis
1508 2377 1642 2409 quoque,
1665 2365 1792 2399 indultis
1809 2372 1838 2399 et

1093 2418 1204 2450 litteris
1221 2419 1411 2462 apostolicis,
1432 2419 1611 2459 Ordinibus,
1637 2421 1838 2453 societatibus

1093 2476 1123 2504 et
1148 2473 1448 2516 congregationibus
1471 2474 1648 2517 praedictis,
1666 2484 1838 2518 corumque

1092 2526 1290 2569 praepositis,
1315 2526 1452 2567 decanis,
1470 2527 1639 2578 magistris,
1660 2527 1836 2570 abbatibus,

1093 2579 1255 2622 ministris,
1281 2580 1439 2623 praelatis,
1464 2580 1636 2624 prioribus,
1660 2582 1840 2615 rectoribus

1093 2637 1123 2666 et
1147 2632 1216 2668 aliis
1241 2634 1468 2677 superioribus,
1490 2635 1692 2679 cappellanis,
1709 2636 1840 2680 aliisque

1745 215 1783 247 ¹11
1833 224 1882 251 An.
1903 224 1933 251 C.
1951 224 2019 253 1628

1917 875 2028 905 Clausulam

1843 905 2022 927 praeservativa.

1850 1624 1855 1629 ¹
1873 1623 1972 1644 Gtumuta
1989 1623 2034 1644 3αὸ-

1851 1651 1899 1671 tata.

1923 2265 2038 2295 Derogatto

1853 2294 2015 2313 conti-ariorum.
