<?xml version="1.0" encoding="UTF-8"?>
<!DOCTYPE html PUBLIC "-//W3C//DTD XHTML 1.0 Transitional//EN"
    "http://www.w3.org/TR/xhtml1/DTD/xhtml1-transitional.dtd">
<html xmlns="http://www.w3.org/1999/xhtml" xml:lang="en" lang="en">
 <head>
  <title>
</title>
<meta http-equiv="Content-Type" content="text/html;charset=utf-8" />
  <meta name='ocr-system' content='tesseract 3.04.00' />
  <meta name='ocr-capabilities' content='ocr_page ocr_carea ocr_par ocr_line ocrx_word'/>
</head>
<body>
  <div class='ocr_page' id='page_1' title='image "./bullarumdiplomat14cath_0678.png"; bbox 0 0 2248 3229; ppageno 0'>
   <div class='ocr_carea' id='block_1_1' title="bbox 146 253 330 282">
    <p class='ocr_par' dir='ltr' id='par_1_1' title="bbox 146 253 330 282">
     <span class='ocr_line' id='line_1_1' title="bbox 146 253 330 282; baseline 0.016 -3"><span class='ocrx_word' id='word_1_1' title='bbox 146 253 195 281; x_wconf 80' lang='grc' dir='ltr'>Ᾱη,</span> <span class='ocrx_word' id='word_1_2' title='bbox 212 254 240 281; x_wconf 80' lang='lat' dir='ltr'>C.</span> <span class='ocrx_word' id='word_1_3' title='bbox 264 254 330 282; x_wconf 73' lang='lat'><strong>1637</strong></span> 
     </span>
    </p>
   </div>
   <div class='ocr_carea' id='block_1_2' title="bbox 147 425 329 472">
    <p class='ocr_par' dir='ltr' id='par_1_2' title="bbox 147 425 329 472">
     <span class='ocr_line' id='line_1_2' title="bbox 173 425 329 451; baseline -0.013 -5"><span class='ocrx_word' id='word_1_4' title='bbox 173 425 264 451; x_wconf 66' lang='lat' dir='ltr'>Demgai</span> <span class='ocrx_word' id='word_1_5' title='bbox 279 429 329 445; x_wconf 82' lang='lat' dir='ltr'>con-</span> 
     </span>
     <span class='ocr_line' id='line_1_3' title="bbox 147 453 224 472; baseline 0 0"><span class='ocrx_word' id='word_1_6' title='bbox 147 453 224 472; x_wconf 74' lang='lat' dir='ltr'>trariis.</span> 
     </span>
    </p>
   </div>
   <div class='ocr_carea' id='block_1_3' title="bbox 146 1857 329 1904">
    <p class='ocr_par' dir='ltr' id='par_1_3' title="bbox 146 1857 329 1904">
     <span class='ocr_line' id='line_1_4' title="bbox 185 1857 329 1883; baseline 0 -6"><span class='ocrx_word' id='word_1_7' title='bbox 185 1857 329 1883; x_wconf 66' lang='lat' dir='ltr'>Trancumpus</span> 
     </span>
     <span class='ocr_line' id='line_1_5' title="bbox 146 1883 284 1904; baseline -0.007 0"><span class='ocrx_word' id='word_1_8' title='bbox 146 1884 204 1904; x_wconf 79' lang='lat' dir='ltr'>credi</span> <span class='ocrx_word' id='word_1_9' title='bbox 221 1883 284 1904; x_wconf 76' lang='lat' dir='ltr'>iubet.</span> 
     </span>
    </p>
   </div>
   <div class='ocr_carea' id='block_1_4' title="bbox 344 245 1086 1409">
    <p class='ocr_par' dir='ltr' id='par_1_4' title="bbox 345 245 1084 389">
     <span class='ocr_line' id='line_1_6' title="bbox 377 245 440 279; baseline -0.048 0"><span class='ocrx_word' id='word_1_10' title='bbox 377 245 440 279; x_wconf 76' lang='lat'>580</span> 
     </span>
     <span class='ocr_line' id='line_1_7' title="bbox 345 300 1084 345; baseline -0.008 -8"><span class='ocrx_word' id='word_1_11' title='bbox 345 304 479 337; x_wconf 79' lang='lat' dir='ltr'>scienter</span> <span class='ocrx_word' id='word_1_12' title='bbox 504 303 548 335; x_wconf 80' lang='lat' dir='ltr'>vel</span> <span class='ocrx_word' id='word_1_13' title='bbox 577 302 768 345; x_wconf 69' lang='lat' dir='ltr'>ignoranter,</span> <span class='ocrx_word' id='word_1_14' title='bbox 793 300 960 342; x_wconf 82' lang='lat' dir='ltr'>contigerit</span> <span class='ocrx_word' id='word_1_15' title='bbox 985 304 1084 332; x_wconf 86' lang='lat' dir='ltr'>atten—</span> 
     </span>
     <span class='ocr_line' id='line_1_8' title="bbox 345 356 412 389; baseline 0.015 -1"><span class='ocrx_word' id='word_1_16' title='bbox 345 356 412 389; x_wconf 77' lang='lat' dir='ltr'>tarI.</span> 
     </span>
    </p>

    <p class='ocr_par' dir='ltr' id='par_1_5' title="bbox 344 404 1086 1409">
     <span class='ocr_line' id='line_1_9' title="bbox 390 404 1083 452; baseline -0.007 -11"><span class='ocrx_word' id='word_1_17' title='bbox 390 409 404 452; x_wconf 67' lang='lat' dir='ltr'>g</span> <span class='ocrx_word' id='word_1_18' title='bbox 428 408 456 441; x_wconf 82' lang='lat'>3.</span> <span class='ocrx_word' id='word_1_19' title='bbox 483 408 549 441; x_wconf 80' lang='lat' dir='ltr'>Non</span> <span class='ocrx_word' id='word_1_20' title='bbox 582 406 776 440; x_wconf 73' lang='lat' dir='ltr'>obstantibus</span> <span class='ocrx_word' id='word_1_21' title='bbox 809 404 1083 438; x_wconf 71' lang='lat' dir='ltr'>constitutionibus</span> 
     </span>
     <span class='ocr_line' id='line_1_10' title="bbox 346 458 1084 503; baseline -0.005 -9"><span class='ocrx_word' id='word_1_22' title='bbox 346 468 374 494; x_wconf 76' lang='lat' dir='ltr'>et</span> <span class='ocrx_word' id='word_1_23' title='bbox 390 460 639 494; x_wconf 85' lang='lat' dir='ltr'>ordinationibus</span> <span class='ocrx_word' id='word_1_24' title='bbox 656 459 845 503; x_wconf 88' lang='lat' dir='ltr'>apostolicis,</span> <span class='ocrx_word' id='word_1_25' title='bbox 863 469 898 491; x_wconf 87' lang='lat' dir='ltr'>ac</span> <span class='ocrx_word' id='word_1_26' title='bbox 923 458 1084 501; x_wconf 75' lang='lat' dir='ltr'>quibusvis</span> 
     </span>
     <span class='ocr_line' id='line_1_11' title="bbox 346 511 1085 554; baseline -0.005 -7"><span class='ocrx_word' id='word_1_27' title='bbox 346 515 418 548; x_wconf 86' lang='lat' dir='ltr'>dieti</span> <span class='ocrx_word' id='word_1_28' title='bbox 444 513 577 553; x_wconf 80' lang='lat' dir='ltr'>Ordinis,</span> <span class='ocrx_word' id='word_1_29' title='bbox 595 513 687 546; x_wconf 85' lang='lat' dir='ltr'>eliani</span> <span class='ocrx_word' id='word_1_30' title='bbox 713 513 899 554; x_wconf 85' lang='lat' dir='ltr'>iuramento,</span> <span class='ocrx_word' id='word_1_31' title='bbox 922 511 1085 544; x_wconf 83' lang='lat' dir='ltr'>confirma-</span> 
     </span>
     <span class='ocr_line' id='line_1_12' title="bbox 346 564 1083 610; baseline -0.005 -11"><span class='ocrx_word' id='word_1_32' title='bbox 346 568 428 600; x_wconf 87' lang='lat' dir='ltr'>tione</span> <span class='ocrx_word' id='word_1_33' title='bbox 453 566 635 610; x_wconf 71' lang='lat' dir='ltr'>apostolica,</span> <span class='ocrx_word' id='word_1_34' title='bbox 662 566 708 599; x_wconf 71' lang='lat' dir='ltr'>vel</span> <span class='ocrx_word' id='word_1_35' title='bbox 734 566 842 609; x_wconf 70' lang='lat' dir='ltr'>quavis</span> <span class='ocrx_word' id='word_1_36' title='bbox 859 565 1005 597; x_wconf 81' lang='lat' dir='ltr'>firmitate</span> <span class='ocrx_word' id='word_1_37' title='bbox 1023 564 1083 596; x_wconf 73' lang='lat' dir='ltr'>alia</span> 
     </span>
     <span class='ocr_line' id='line_1_13' title="bbox 345 618 1084 661; baseline -0.004 -8"><span class='ocrx_word' id='word_1_38' title='bbox 345 620 510 659; x_wconf 83' lang='lat' dir='ltr'>roboratis,</span> <span class='ocrx_word' id='word_1_39' title='bbox 525 619 647 652; x_wconf 86' lang='lat' dir='ltr'>statutis</span> <span class='ocrx_word' id='word_1_40' title='bbox 668 625 697 652; x_wconf 89' lang='lat' dir='ltr'>et</span> <span class='ocrx_word' id='word_1_41' title='bbox 714 618 1002 659; x_wconf 77' lang='lat' dir='ltr'>consuetudinibus,</span> <span class='ocrx_word' id='word_1_42' title='bbox 1019 618 1084 661; x_wconf 89' lang='lat' dir='ltr'>pri-</span> 
     </span>
     <span class='ocr_line' id='line_1_14' title="bbox 345 672 1084 716; baseline -0.003 -11"><span class='ocrx_word' id='word_1_43' title='bbox 345 673 465 716; x_wconf 73' lang='lat' dir='ltr'>xilegiis</span> <span class='ocrx_word' id='word_1_44' title='bbox 490 683 635 716; x_wconf 74' lang='lat' dir='ltr'>quoque,</span> <span class='ocrx_word' id='word_1_45' title='bbox 662 672 789 705; x_wconf 88' lang='lat' dir='ltr'>indultis</span> <span class='ocrx_word' id='word_1_46' title='bbox 815 677 844 704; x_wconf 88' lang='lat' dir='ltr'>et</span> <span class='ocrx_word' id='word_1_47' title='bbox 873 672 984 704; x_wconf 86' lang='lat' dir='ltr'>litteris</span> <span class='ocrx_word' id='word_1_48' title='bbox 1009 682 1084 715; x_wconf 87' lang='lat' dir='ltr'>apo-</span> 
     </span>
     <span class='ocr_line' id='line_1_15' title="bbox 344 724 1085 769; baseline -0.003 -11"><span class='ocrx_word' id='word_1_49' title='bbox 344 726 482 766; x_wconf 75' lang='lat' dir='ltr'>stolicis,</span> <span class='ocrx_word' id='word_1_50' title='bbox 507 726 565 758; x_wconf 81' lang='lat' dir='ltr'>sub</span> <span class='ocrx_word' id='word_1_51' title='bbox 591 725 842 769; x_wconf 86' lang='lat' dir='ltr'>quibuscumque</span> <span class='ocrx_word' id='word_1_52' title='bbox 868 724 1030 757; x_wconf 84' lang='lat' dir='ltr'>tenoribus</span> <span class='ocrx_word' id='word_1_53' title='bbox 1056 729 1085 756; x_wconf 87' lang='lat' dir='ltr'>et</span> 
     </span>
     <span class='ocr_line' id='line_1_16' title="bbox 344 778 1083 821; baseline 0 -11"><span class='ocrx_word' id='word_1_54' title='bbox 344 779 463 819; x_wconf 78' lang='lat' dir='ltr'>formis,</span> <span class='ocrx_word' id='word_1_55' title='bbox 489 789 524 811; x_wconf 88' lang='lat' dir='ltr'>ac</span> <span class='ocrx_word' id='word_1_56' title='bbox 549 789 620 811; x_wconf 90' lang='lat' dir='ltr'>cum</span> <span class='ocrx_word' id='word_1_57' title='bbox 646 778 808 821; x_wconf 71' lang='lat' dir='ltr'>quibusvis</span> <span class='ocrx_word' id='word_1_58' title='bbox 833 778 925 810; x_wconf 88' lang='lat' dir='ltr'>etiam</span> <span class='ocrx_word' id='word_1_59' title='bbox 952 778 1083 820; x_wconf 82' lang='lat' dir='ltr'>deroga-</span> 
     </span>
     <span class='ocr_line' id='line_1_17' title="bbox 344 831 1081 874; baseline -0.001 -10"><span class='ocrx_word' id='word_1_60' title='bbox 344 831 496 864; x_wconf 86' lang='lat' dir='ltr'>toriarum</span> <span class='ocrx_word' id='word_1_61' title='bbox 523 831 742 874; x_wconf 80' lang='lat' dir='ltr'>derogatoriis,</span> <span class='ocrx_word' id='word_1_62' title='bbox 767 831 899 874; x_wconf 85' lang='lat' dir='ltr'>aliisque</span> <span class='ocrx_word' id='word_1_63' title='bbox 924 831 1081 863; x_wconf 78' lang='lat' dir='ltr'>efficacio-</span> 
     </span>
     <span class='ocr_line' id='line_1_18' title="bbox 344 884 1085 927; baseline 0 -11"><span class='ocrx_word' id='word_1_64' title='bbox 344 885 431 918; x_wconf 82' lang='lat' dir='ltr'>ribus</span> <span class='ocrx_word' id='word_1_65' title='bbox 452 890 481 917; x_wconf 87' lang='lat' dir='ltr'>et</span> <span class='ocrx_word' id='word_1_66' title='bbox 495 884 628 918; x_wconf 87' lang='lat' dir='ltr'>insolitis</span> <span class='ocrx_word' id='word_1_67' title='bbox 652 885 808 926; x_wconf 86' lang='lat' dir='ltr'>clausulis,</span> <span class='ocrx_word' id='word_1_68' title='bbox 828 884 1085 927; x_wconf 82' lang='lat' dir='ltr'>irritantibusque</span> 
     </span>
     <span class='ocr_line' id='line_1_19' title="bbox 344 937 1085 981; baseline -0.001 -11"><span class='ocrx_word' id='word_1_69' title='bbox 344 944 373 970; x_wconf 71' lang='lat' dir='ltr'>et</span> <span class='ocrx_word' id='word_1_70' title='bbox 390 938 458 971; x_wconf 81' lang='lat' dir='ltr'>aliis</span> <span class='ocrx_word' id='word_1_71' title='bbox 475 938 618 979; x_wconf 86' lang='lat' dir='ltr'>decretis,</span> <span class='ocrx_word' id='word_1_72' title='bbox 634 939 663 971; x_wconf 92' lang='lat' dir='ltr'>in</span> <span class='ocrx_word' id='word_1_73' title='bbox 678 949 793 981; x_wconf 88' lang='lat' dir='ltr'>genere</span> <span class='ocrx_word' id='word_1_74' title='bbox 811 939 857 970; x_wconf 73' lang='lat' dir='ltr'>vel</span> <span class='ocrx_word' id='word_1_75' title='bbox 876 938 906 970; x_wconf 90' lang='lat' dir='ltr'>in</span> <span class='ocrx_word' id='word_1_76' title='bbox 924 937 1038 981; x_wconf 88' lang='lat' dir='ltr'>specie,</span> <span class='ocrx_word' id='word_1_77' title='bbox 1057 942 1085 970; x_wconf 90' lang='lat' dir='ltr'>et</span> 
     </span>
     <span class='ocr_line' id='line_1_20' title="bbox 344 991 1086 1035; baseline 0 -12"><span class='ocrx_word' id='word_1_78' title='bbox 344 991 419 1024; x_wconf 76' lang='lat' dir='ltr'>alias</span> <span class='ocrx_word' id='word_1_79' title='bbox 435 992 466 1024; x_wconf 90' lang='lat' dir='ltr'>in</span> <span class='ocrx_word' id='word_1_80' title='bbox 480 993 673 1025; x_wconf 88' lang='lat' dir='ltr'>contrarium</span> <span class='ocrx_word' id='word_1_81' title='bbox 692 991 939 1035; x_wconf 85' lang='lat' dir='ltr'>praemissorum</span> <span class='ocrx_word' id='word_1_82' title='bbox 957 1001 1086 1034; x_wconf 84' lang='lat' dir='ltr'>quomo-</span> 
     </span>
     <span class='ocr_line' id='line_1_21' title="bbox 344 1043 1084 1088; baseline 0.001 -13"><span class='ocrx_word' id='word_1_83' title='bbox 344 1044 463 1078; x_wconf 80' lang='lat' dir='ltr'>‹totihet</span> <span class='ocrx_word' id='word_1_84' title='bbox 483 1045 649 1088; x_wconf 87' lang='lat' dir='ltr'>concessis,</span> <span class='ocrx_word' id='word_1_85' title='bbox 663 1043 856 1078; x_wconf 82' lang='lat' dir='ltr'>confirmatis</span> <span class='ocrx_word' id='word_1_86' title='bbox 874 1049 903 1077; x_wconf 90' lang='lat' dir='ltr'>et</span> <span class='ocrx_word' id='word_1_87' title='bbox 921 1044 1084 1083; x_wconf 76' lang='lat' dir='ltr'>innovatis,</span> 
     </span>
     <span class='ocr_line' id='line_1_22' title="bbox 344 1098 1085 1141; baseline 0.001 -12"><span class='ocrx_word' id='word_1_88' title='bbox 344 1098 458 1140; x_wconf 82' lang='lat' dir='ltr'>quibus</span> <span class='ocrx_word' id='word_1_89' title='bbox 483 1098 628 1131; x_wconf 82' lang='lat' dir='ltr'>omnihus</span> <span class='ocrx_word' id='word_1_90' title='bbox 653 1104 681 1131; x_wconf 90' lang='lat' dir='ltr'>et</span> <span class='ocrx_word' id='word_1_91' title='bbox 707 1099 856 1141; x_wconf 81' lang='lat' dir='ltr'>singulis,</span> <span class='ocrx_word' id='word_1_92' title='bbox 882 1098 1001 1130; x_wconf 86' lang='lat' dir='ltr'>etiamsi</span> <span class='ocrx_word' id='word_1_93' title='bbox 1027 1108 1085 1141; x_wconf 88' lang='lat' dir='ltr'>pro</span> 
     </span>
     <span class='ocr_line' id='line_1_23' title="bbox 345 1151 1085 1194; baseline -0.001 -12"><span class='ocrx_word' id='word_1_94' title='bbox 345 1151 470 1184; x_wconf 88' lang='lat' dir='ltr'>illorum</span> <span class='ocrx_word' id='word_1_95' title='bbox 507 1152 673 1185; x_wconf 79' lang='lat' dir='ltr'>sufficienti</span> <span class='ocrx_word' id='word_1_96' title='bbox 711 1152 915 1194; x_wconf 67' lang='lat' dir='ltr'>derogatione</span> <span class='ocrx_word' id='word_1_97' title='bbox 952 1151 989 1183; x_wconf 84' lang='lat' dir='ltr'>de</span> <span class='ocrx_word' id='word_1_98' title='bbox 1026 1151 1085 1182; x_wconf 90' lang='lat' dir='ltr'>illis</span> 
     </span>
     <span class='ocr_line' id='line_1_24' title="bbox 345 1204 1086 1248; baseline 0.003 -13"><span class='ocrx_word' id='word_1_99' title='bbox 345 1215 519 1248; x_wconf 65' lang='lat' dir='ltr'>eorumque</span> <span class='ocrx_word' id='word_1_100' title='bbox 549 1205 620 1238; x_wconf 80' lang='lat' dir='ltr'>totis</span> <span class='ocrx_word' id='word_1_101' title='bbox 650 1205 810 1237; x_wconf 85' lang='lat' dir='ltr'>tenoribus</span> <span class='ocrx_word' id='word_1_102' title='bbox 838 1204 993 1248; x_wconf 72' lang='lat' dir='ltr'>specialis,</span> <span class='ocrx_word' id='word_1_103' title='bbox 1015 1215 1086 1248; x_wconf 83' lang='lat' dir='ltr'>spe—</span> 
     </span>
     <span class='ocr_line' id='line_1_25' title="bbox 344 1257 1086 1302; baseline 0 -12"><span class='ocrx_word' id='word_1_104' title='bbox 344 1258 433 1292; x_wconf 56' lang='lat' dir='ltr'>vinca</span> <span class='ocrx_word' id='word_1_105' title='bbox 446 1264 475 1292; x_wconf 92' lang='lat' dir='ltr'>et</span> <span class='ocrx_word' id='word_1_106' title='bbox 489 1269 635 1302; x_wconf 81' lang='lat' dir='ltr'>expressa</span> <span class='ocrx_word' id='word_1_107' title='bbox 649 1269 684 1291; x_wconf 86' lang='lat' dir='ltr'>ac</span> <span class='ocrx_word' id='word_1_108' title='bbox 702 1258 869 1298; x_wconf 73' lang='lat' dir='ltr'>individua,</span> <span class='ocrx_word' id='word_1_109' title='bbox 885 1269 918 1290; x_wconf 86' lang='lat' dir='ltr'>ac</span> <span class='ocrx_word' id='word_1_110' title='bbox 937 1257 974 1290; x_wconf 90' lang='lat' dir='ltr'>ad</span> <span class='ocrx_word' id='word_1_111' title='bbox 990 1259 1086 1290; x_wconf 68' lang='lat' dir='ltr'>verbo</span> 
     </span>
     <span class='ocr_line' id='line_1_26' title="bbox 344 1311 1085 1355; baseline 0 -12"><span class='ocrx_word' id='word_1_112' title='bbox 344 1312 381 1344; x_wconf 80' lang='lat' dir='ltr'>ad</span> <span class='ocrx_word' id='word_1_113' title='bbox 406 1312 551 1352; x_wconf 82' lang='lat' dir='ltr'>verbum,</span> <span class='ocrx_word' id='word_1_114' title='bbox 568 1322 631 1345; x_wconf 89' lang='lat' dir='ltr'>non</span> <span class='ocrx_word' id='word_1_115' title='bbox 648 1317 753 1344; x_wconf 88' lang='lat' dir='ltr'>autem</span> <span class='ocrx_word' id='word_1_116' title='bbox 778 1322 834 1355; x_wconf 87' lang='lat' dir='ltr'>per</span> <span class='ocrx_word' id='word_1_117' title='bbox 854 1311 1008 1344; x_wconf 77' lang='lat' dir='ltr'>clausulas</span> <span class='ocrx_word' id='word_1_118' title='bbox 1033 1322 1085 1354; x_wconf 81' lang='lat' dir='ltr'>ge-</span> 
     </span>
     <span class='ocr_line' id='line_1_27' title="bbox 344 1365 1085 1409; baseline 0 -12"><span class='ocrx_word' id='word_1_119' title='bbox 344 1366 466 1398; x_wconf 87' lang='lat' dir='ltr'>nerales</span> <span class='ocrx_word' id='word_1_120' title='bbox 501 1365 582 1398; x_wconf 88' lang='lat' dir='ltr'>idem</span> <span class='ocrx_word' id='word_1_121' title='bbox 614 1366 845 1409; x_wconf 87' lang='lat' dir='ltr'>importantes,</span> <span class='ocrx_word' id='word_1_122' title='bbox 879 1365 995 1397; x_wconf 82' lang='lat' dir='ltr'>mentio</span> <span class='ocrx_word' id='word_1_123' title='bbox 1033 1375 1085 1397; x_wconf 81' lang='lat' dir='ltr'>seu</span> 
     </span>
    </p>
   </div>
   <div class='ocr_carea' id='block_1_5' title="bbox 345 1418 1106 1462">
    <p class='ocr_par' dir='ltr' id='par_1_6' title="bbox 345 1418 1106 1462">
     <span class='ocr_line' id='line_1_28' title="bbox 345 1418 1106 1462; baseline 0.003 -13"><span class='ocrx_word' id='word_1_124' title='bbox 345 1418 473 1462; x_wconf 77' lang='lat' dir='ltr'>quaevis</span> <span class='ocrx_word' id='word_1_125' title='bbox 493 1419 551 1451; x_wconf 85' lang='lat' dir='ltr'>alia</span> <span class='ocrx_word' id='word_1_126' title='bbox 573 1419 733 1462; x_wconf 88' lang='lat' dir='ltr'>expressio</span> <span class='ocrx_word' id='word_1_127' title='bbox 753 1418 895 1451; x_wconf 78' lang='lat' dir='ltr'>habenda</span> <span class='ocrx_word' id='word_1_128' title='bbox 916 1423 965 1450; x_wconf 85' lang='lat' dir='ltr'>aut</span> <span class='ocrx_word' id='word_1_129' title='bbox 984 1418 1086 1461; x_wconf 85' lang='lat' dir='ltr'>aliqua</span> <span class='ocrx_word' id='word_1_130' title='bbox 1104 1444 1106 1451; x_wconf 58' lang='lat'>.</span> 
     </span>
    </p>
   </div>
   <div class='ocr_carea' id='block_1_6' title="bbox 344 1472 1088 1996">
    <p class='ocr_par' dir='ltr' id='par_1_7' title="bbox 344 1472 1088 1836">
     <span class='ocr_line' id='line_1_29' title="bbox 344 1472 1087 1516; baseline 0 -12"><span class='ocrx_word' id='word_1_131' title='bbox 344 1473 403 1505; x_wconf 82' lang='lat' dir='ltr'>alia</span> <span class='ocrx_word' id='word_1_132' title='bbox 430 1473 581 1516; x_wconf 77' lang='lat' dir='ltr'>exquisita</span> <span class='ocrx_word' id='word_1_133' title='bbox 611 1474 710 1505; x_wconf 81' lang='lat' dir='ltr'>fornia</span> <span class='ocrx_word' id='word_1_134' title='bbox 728 1472 765 1504; x_wconf 83' lang='lat' dir='ltr'>ad</span> <span class='ocrx_word' id='word_1_135' title='bbox 790 1473 851 1505; x_wconf 90' lang='lat' dir='ltr'>hoc</span> <span class='ocrx_word' id='word_1_136' title='bbox 874 1472 1023 1505; x_wconf 70' lang='lat' dir='ltr'>servanda</span> <span class='ocrx_word' id='word_1_137' title='bbox 1044 1473 1087 1504; x_wconf 82' lang='lat' dir='ltr'>fo·</span> 
     </span>
     <span class='ocr_line' id='line_1_30' title="bbox 345 1526 1087 1569; baseline 0.001 -12"><span class='ocrx_word' id='word_1_138' title='bbox 345 1531 416 1566; x_wconf 86' lang='lat' dir='ltr'>ret,</span> <span class='ocrx_word' id='word_1_139' title='bbox 447 1526 572 1559; x_wconf 88' lang='lat' dir='ltr'>illorum</span> <span class='ocrx_word' id='word_1_140' title='bbox 612 1532 735 1558; x_wconf 75' lang='lat' dir='ltr'>tenores</span> <span class='ocrx_word' id='word_1_141' title='bbox 771 1526 989 1569; x_wconf 78' lang='lat' dir='ltr'>praesentibus</span> <span class='ocrx_word' id='word_1_142' title='bbox 1030 1536 1087 1568; x_wconf 89' lang='lat' dir='ltr'>pro</span> 
     </span>
     <span class='ocr_line' id='line_1_31' title="bbox 346 1578 1086 1622; baseline -0.001 -11"><span class='ocrx_word' id='word_1_143' title='bbox 346 1579 436 1622; x_wconf 89' lang='lat' dir='ltr'>plene</span> <span class='ocrx_word' id='word_1_144' title='bbox 461 1585 490 1611; x_wconf 86' lang='lat' dir='ltr'>et</span> <span class='ocrx_word' id='word_1_145' title='bbox 520 1579 709 1612; x_wconf 81' lang='lat' dir='ltr'>sufficienter</span> <span class='ocrx_word' id='word_1_146' title='bbox 738 1579 893 1622; x_wconf 79' lang='lat' dir='ltr'>expressis</span> <span class='ocrx_word' id='word_1_147' title='bbox 917 1578 1086 1620; x_wconf 85' lang='lat' dir='ltr'>habentes,</span> 
     </span>
     <span class='ocr_line' id='line_1_32' title="bbox 346 1632 1088 1675; baseline 0 -11"><span class='ocrx_word' id='word_1_148' title='bbox 346 1632 405 1664; x_wconf 90' lang='lat' dir='ltr'>illis</span> <span class='ocrx_word' id='word_1_149' title='bbox 425 1632 499 1664; x_wconf 77' lang='lat' dir='ltr'>alias</span> <span class='ocrx_word' id='word_1_150' title='bbox 520 1632 550 1664; x_wconf 94' lang='lat' dir='ltr'>in</span> <span class='ocrx_word' id='word_1_151' title='bbox 575 1643 632 1665; x_wconf 85' lang='lat' dir='ltr'>suo</span> <span class='ocrx_word' id='word_1_152' title='bbox 652 1632 767 1665; x_wconf 87' lang='lat' dir='ltr'>robore</span> <span class='ocrx_word' id='word_1_153' title='bbox 787 1632 1011 1675; x_wconf 74' lang='lat' dir='ltr'>permansuris,</span> <span class='ocrx_word' id='word_1_154' title='bbox 1030 1632 1088 1664; x_wconf 84' lang='lat' dir='ltr'>hac</span> 
     </span>
     <span class='ocr_line' id='line_1_33' title="bbox 346 1685 1088 1730; baseline -0.001 -12"><span class='ocrx_word' id='word_1_155' title='bbox 346 1685 412 1718; x_wconf 66' lang='lat' dir='ltr'>xice</span> <span class='ocrx_word' id='word_1_156' title='bbox 430 1685 590 1718; x_wconf 73' lang='lat' dir='ltr'>dumtaxat</span> <span class='ocrx_word' id='word_1_157' title='bbox 610 1686 786 1730; x_wconf 84' lang='lat' dir='ltr'>specialiter</span> <span class='ocrx_word' id='word_1_158' title='bbox 812 1691 841 1718; x_wconf 88' lang='lat' dir='ltr'>et</span> <span class='ocrx_word' id='word_1_159' title='bbox 866 1695 1012 1729; x_wconf 75' lang='lat' dir='ltr'>expresse</span> <span class='ocrx_word' id='word_1_160' title='bbox 1038 1685 1088 1717; x_wconf 89' lang='lat' dir='ltr'>de-</span> 
     </span>
     <span class='ocr_line' id='line_1_34' title="bbox 345 1739 1083 1783; baseline 0.001 -13"><span class='ocrx_word' id='word_1_161' title='bbox 345 1749 513 1781; x_wconf 73' lang='lat' dir='ltr'>rogamus,</span> <span class='ocrx_word' id='word_1_162' title='bbox 546 1739 720 1783; x_wconf 89' lang='lat' dir='ltr'>ceterisque</span> <span class='ocrx_word' id='word_1_163' title='bbox 757 1739 922 1772; x_wconf 84' lang='lat' dir='ltr'>contrariis</span> <span class='ocrx_word' id='word_1_164' title='bbox 953 1739 1083 1782; x_wconf 85' lang='lat' dir='ltr'>quibus-</span> 
     </span>
     <span class='ocr_line' id='line_1_35' title="bbox 346 1803 489 1836; baseline 0.007 -12"><span class='ocrx_word' id='word_1_165' title='bbox 346 1803 489 1836; x_wconf 87' lang='lat' dir='ltr'>cumque.</span> 
     </span>
    </p>

    <p class='ocr_par' dir='ltr' id='par_1_8' title="bbox 345 1845 1088 1996">
     <span class='ocr_line' id='line_1_36' title="bbox 389 1845 1088 1889; baseline -0.001 -11"><span class='ocrx_word' id='word_1_166' title='bbox 389 1845 457 1888; x_wconf 62' lang='lat'>§4</span> <span class='ocrx_word' id='word_1_167' title='bbox 488 1845 638 1878; x_wconf 73' lang='lat' dir='ltr'>Volumus</span> <span class='ocrx_word' id='word_1_168' title='bbox 671 1851 795 1887; x_wconf 82' lang='lat' dir='ltr'>autem,</span> <span class='ocrx_word' id='word_1_169' title='bbox 830 1845 913 1888; x_wconf 82' lang='lat' dir='ltr'>quod</span> <span class='ocrx_word' id='word_1_170' title='bbox 945 1856 1088 1889; x_wconf 84' lang='lat' dir='ltr'>praesen-</span> 
     </span>
     <span class='ocr_line' id='line_1_37' title="bbox 345 1899 1088 1942; baseline 0 -11"><span class='ocrx_word' id='word_1_171' title='bbox 345 1899 423 1931; x_wconf 89' lang='lat' dir='ltr'>tium</span> <span class='ocrx_word' id='word_1_172' title='bbox 450 1899 664 1942; x_wconf 81' lang='lat' dir='ltr'>transumptis,</span> <span class='ocrx_word' id='word_1_173' title='bbox 682 1899 773 1931; x_wconf 88' lang='lat' dir='ltr'>etiam</span> <span class='ocrx_word' id='word_1_174' title='bbox 800 1899 975 1941; x_wconf 85' lang='lat' dir='ltr'>impressis,</span> <span class='ocrx_word' id='word_1_175' title='bbox 994 1909 1088 1931; x_wconf 88' lang='lat' dir='ltr'>manu</span> 
     </span>
     <span class='ocr_line' id='line_1_38' title="bbox 346 1952 1088 1996; baseline 0.001 -12"><span class='ocrx_word' id='word_1_176' title='bbox 346 1952 476 1986; x_wconf 87' lang='lat' dir='ltr'>alieuius</span> <span class='ocrx_word' id='word_1_177' title='bbox 496 1953 609 1986; x_wconf 86' lang='lat' dir='ltr'>notarii</span> <span class='ocrx_word' id='word_1_178' title='bbox 630 1953 746 1996; x_wconf 89' lang='lat' dir='ltr'>publici</span> <span class='ocrx_word' id='word_1_179' title='bbox 776 1953 970 1996; x_wconf 82' lang='lat' dir='ltr'>subscriptis,</span> <span class='ocrx_word' id='word_1_180' title='bbox 993 1959 1021 1985; x_wconf 90' lang='lat' dir='ltr'>et</span> <span class='ocrx_word' id='word_1_181' title='bbox 1051 1954 1088 1985; x_wconf 87' lang='lat' dir='ltr'>si-</span> 
     </span>
    </p>
   </div>
   <div class='ocr_carea' id='block_1_7' title="bbox 345 2006 1106 2049">
    <p class='ocr_par' dir='ltr' id='par_1_9' title="bbox 345 2006 1106 2049">
     <span class='ocr_line' id='line_1_39' title="bbox 345 2006 1106 2049; baseline -0.003 -11"><span class='ocrx_word' id='word_1_182' title='bbox 345 2006 420 2047; x_wconf 79' lang='lat' dir='ltr'>gillo</span> <span class='ocrx_word' id='word_1_183' title='bbox 452 2016 604 2049; x_wconf 84' lang='lat' dir='ltr'>personae</span> <span class='ocrx_word' id='word_1_184' title='bbox 637 2006 667 2038; x_wconf 93' lang='lat' dir='ltr'>in</span> <span class='ocrx_word' id='word_1_185' title='bbox 697 2006 846 2048; x_wconf 84' lang='lat' dir='ltr'>dignitate</span> <span class='ocrx_word' id='word_1_186' title='bbox 879 2006 1106 2039; x_wconf 64' lang='lat' dir='ltr'>ecclesiastica,</span> 
     </span>
    </p>
   </div>
   <div class='ocr_carea' id='block_1_8' title="bbox 344 2059 1088 2369">
    <p class='ocr_par' dir='ltr' id='par_1_10' title="bbox 344 2059 1088 2369">
     <span class='ocr_line' id='line_1_40' title="bbox 345 2059 1087 2102; baseline 0.004 -13"><span class='ocrx_word' id='word_1_187' title='bbox 345 2060 530 2093; x_wconf 70' lang='lat' dir='ltr'>constitutae</span> <span class='ocrx_word' id='word_1_188' title='bbox 548 2059 685 2099; x_wconf 88' lang='lat' dir='ltr'>munitis,</span> <span class='ocrx_word' id='word_1_189' title='bbox 698 2059 806 2091; x_wconf 84' lang='lat' dir='ltr'>eadem</span> <span class='ocrx_word' id='word_1_190' title='bbox 822 2069 952 2102; x_wconf 85' lang='lat' dir='ltr'>prorsus</span> <span class='ocrx_word' id='word_1_191' title='bbox 971 2059 1087 2102; x_wconf 83' lang='lat' dir='ltr'>ubique</span> 
     </span>
     <span class='ocr_line' id='line_1_41' title="bbox 344 2112 1088 2156; baseline -0.001 -11"><span class='ocrx_word' id='word_1_192' title='bbox 344 2112 422 2145; x_wconf 84' lang='lat' dir='ltr'>sides</span> <span class='ocrx_word' id='word_1_193' title='bbox 445 2112 645 2153; x_wconf 83' lang='lat' dir='ltr'>adhibeatur,</span> <span class='ocrx_word' id='word_1_194' title='bbox 667 2123 747 2156; x_wconf 86' lang='lat' dir='ltr'>quae</span> <span class='ocrx_word' id='word_1_195' title='bbox 772 2112 976 2145; x_wconf 84' lang='lat' dir='ltr'>adhiberetur</span> <span class='ocrx_word' id='word_1_196' title='bbox 1000 2122 1088 2155; x_wconf 85' lang='lat' dir='ltr'>prae-</span> 
     </span>
     <span class='ocr_line' id='line_1_42' title="bbox 345 2165 1068 2207; baseline 0.001 -10"><span class='ocrx_word' id='word_1_197' title='bbox 345 2166 494 2207; x_wconf 61' lang='lat' dir='ltr'>sentibus,</span> <span class='ocrx_word' id='word_1_198' title='bbox 513 2167 537 2198; x_wconf 89' lang='lat' dir='ltr'>si</span> <span class='ocrx_word' id='word_1_199' title='bbox 561 2166 663 2199; x_wconf 83' lang='lat' dir='ltr'>forent</span> <span class='ocrx_word' id='word_1_200' title='bbox 680 2165 835 2198; x_wconf 76' lang='lat' dir='ltr'>exhibitae</span> <span class='ocrx_word' id='word_1_201' title='bbox 852 2165 899 2197; x_wconf 67' lang='lat' dir='ltr'>rel</span> <span class='ocrx_word' id='word_1_202' title='bbox 918 2171 1068 2198; x_wconf 82' lang='lat' dir='ltr'>ostensae.</span> 
     </span>
     <span class='ocr_line' id='line_1_43' title="bbox 389 2218 1087 2262; baseline -0.001 -11"><span class='ocrx_word' id='word_1_203' title='bbox 389 2219 500 2252; x_wconf 82' lang='lat' dir='ltr'>Datum</span> <span class='ocrx_word' id='word_1_204' title='bbox 526 2220 652 2259; x_wconf 79' lang='lat' dir='ltr'>Romae,</span> <span class='ocrx_word' id='word_1_205' title='bbox 679 2219 759 2262; x_wconf 90' lang='lat' dir='ltr'>apud</span> <span class='ocrx_word' id='word_1_206' title='bbox 789 2219 817 2251; x_wconf 81' lang='lat' dir='ltr'>S.</span> <span class='ocrx_word' id='word_1_207' title='bbox 848 2219 996 2259; x_wconf 83' lang='lat' dir='ltr'>Petrum,</span> <span class='ocrx_word' id='word_1_208' title='bbox 1029 2218 1087 2251; x_wconf 87' lang='lat' dir='ltr'>sub</span> 
     </span>
     <span class='ocr_line' id='line_1_44' title="bbox 346 2272 1086 2313; baseline -0.001 -9"><span class='ocrx_word' id='word_1_209' title='bbox 346 2273 461 2305; x_wconf 83' lang='lat' dir='ltr'>annulo</span> <span class='ocrx_word' id='word_1_210' title='bbox 499 2272 664 2306; x_wconf 78' lang='lat' dir='ltr'>piscatoris</span> <span class='ocrx_word' id='word_1_211' title='bbox 683 2301 689 2313; x_wconf 86' lang='lat'>,</span> <span class='ocrx_word' id='word_1_212' title='bbox 733 2272 782 2304; x_wconf 83' lang='lat' dir='ltr'>(lie</span> <span class='ocrx_word' id='word_1_213' title='bbox 823 2282 899 2305; x_wconf 71' lang='lat' dir='ltr'>xviii</span> <span class='ocrx_word' id='word_1_214' title='bbox 938 2272 1086 2304; x_wconf 73' lang='lat' dir='ltr'>februm-ii</span> 
     </span>
     <span class='ocr_line' id='line_1_45' title="bbox 346 2325 1048 2369; baseline 0.001 -12"><span class='ocrx_word' id='word_1_215' title='bbox 346 2335 532 2367; x_wconf 68' lang='lat' dir='ltr'>uncxxxvn,</span> <span class='ocrx_word' id='word_1_216' title='bbox 553 2325 753 2369; x_wconf 83' lang='lat' dir='ltr'>pontificatus</span> <span class='ocrx_word' id='word_1_217' title='bbox 767 2325 864 2358; x_wconf 83' lang='lat' dir='ltr'>nostri</span> <span class='ocrx_word' id='word_1_218' title='bbox 886 2335 966 2358; x_wconf 88' lang='lat' dir='ltr'>anno</span> <span class='ocrx_word' id='word_1_219' title='bbox 985 2335 1048 2358; x_wconf 80' lang='lat' dir='ltr'>xiv.</span> 
     </span>
    </p>
   </div>
   <div class='ocr_carea' id='block_1_9' title="bbox 381 2389 1058 2425">
    <p class='ocr_par' dir='ltr' id='par_1_11' title="bbox 381 2389 1058 2425">
     <span class='ocr_line' id='line_1_46' title="bbox 381 2389 1058 2425; baseline 0.001 -10"><span class='ocrx_word' id='word_1_220' title='bbox 381 2389 441 2415; x_wconf 85' lang='lat' dir='ltr'>Dat.</span> <span class='ocrx_word' id='word_1_221' title='bbox 458 2389 501 2416; x_wconf 84' lang='lat' dir='ltr'>die</span> <span class='ocrx_word' id='word_1_222' title='bbox 520 2390 550 2417; x_wconf 83' lang='lat'>18</span> <span class='ocrx_word' id='word_1_223' title='bbox 566 2389 695 2417; x_wconf 75' lang='lat' dir='ltr'>februarii</span> <span class='ocrx_word' id='word_1_224' title='bbox 716 2390 790 2421; x_wconf 71' lang='lat'>1636,</span> <span class='ocrx_word' id='word_1_225' title='bbox 807 2390 898 2425; x_wconf 81' lang='lat' dir='ltr'>pontis.</span> <span class='ocrx_word' id='word_1_226' title='bbox 918 2398 987 2416; x_wconf 79' lang='lat' dir='ltr'>auno</span> <span class='ocrx_word' id='word_1_227' title='bbox 1004 2396 1058 2416; x_wconf 70' lang='lat' dir='ltr'>xiv.</span> 
     </span>
    </p>
   </div>
   <div class='ocr_carea' id='block_1_10' title="bbox 630 2457 765 2460">
    <p class='ocr_par' dir='ltr' id='par_1_12' title="bbox 630 2457 765 2460">
     <span class='ocr_line' id='line_1_47' title="bbox 630 2457 765 2460; baseline 0 0"><span class='ocrx_word' id='word_1_228' title='bbox 630 2457 765 2460; x_wconf 95' lang='lat' dir='ltr'> </span> 
     </span>
    </p>
   </div>
   <div class='ocr_carea' id='block_1_11' title="bbox 351 2525 1086 2693">
    <p class='ocr_par' dir='ltr' id='par_1_13' title="bbox 351 2525 1086 2693">
     <span class='ocr_line' id='line_1_48' title="bbox 662 2525 770 2557; baseline 0 0"><span class='ocrx_word' id='word_1_229' title='bbox 662 2525 770 2557; x_wconf 81' lang='lat' dir='ltr'>DLXV.</span> 
     </span>
     <span class='ocr_line' id='line_1_49' title="bbox 351 2593 1086 2627; baseline 0 -2"><span class='ocrx_word' id='word_1_230' title='bbox 351 2593 473 2626; x_wconf 74' lang='lat' dir='ltr'>Erectio</span> <span class='ocrx_word' id='word_1_231' title='bbox 493 2593 659 2627; x_wconf 69' lang='lat' dir='ltr'>duodecim</span> <span class='ocrx_word' id='word_1_232' title='bbox 678 2595 911 2627; x_wconf 67' lang='lat' dir='ltr'>alumnarum</span> <span class='ocrx_word' id='word_1_233' title='bbox 939 2595 968 2626; x_wconf 77' lang='lat' dir='ltr'>in</span> <span class='ocrx_word' id='word_1_234' title='bbox 991 2593 1086 2626; x_wconf 74' lang='lat' dir='ltr'>colle-</span> 
     </span>
     <span class='ocr_line' id='line_1_50' title="bbox 392 2648 1086 2693; baseline 0 -14"><span class='ocrx_word' id='word_1_235' title='bbox 392 2648 444 2693; x_wconf 67' lang='grc'>910</span> <span class='ocrx_word' id='word_1_236' title='bbox 473 2648 597 2681; x_wconf 58' lang='lat' dir='ltr'>Urbano</span> <span class='ocrx_word' id='word_1_237' title='bbox 619 2648 655 2680; x_wconf 67' lang='lat' dir='ltr'>de</span> <span class='ocrx_word' id='word_1_238' title='bbox 684 2648 902 2691; x_wconf 65' lang='lat' dir='ltr'>Propagmmla</span> <span class='ocrx_word' id='word_1_239' title='bbox 924 2648 1003 2680; x_wconf 66' lang='lat' dir='ltr'>Fide</span> <span class='ocrx_word' id='word_1_240' title='bbox 1026 2658 1086 2691; x_wconf 74' lang='lat' dir='ltr'>pro</span> 
     </span>
    </p>
   </div>
   <div class='ocr_carea' id='block_1_12' title="bbox 1103 307 1108 2690">
    <p class='ocr_par' dir='ltr' id='par_1_14' title="bbox 1103 307 1108 2690">
     <span class='ocr_line' id='line_1_51' title="bbox 1103 307 1108 2690; baseline 0 0"><span class='ocrx_word' id='word_1_241' title='bbox 1103 307 1108 2690; x_wconf 95' lang='lat' dir='ltr'> </span> 
     </span>
    </p>
   </div>
   <div class='ocr_carea' id='block_1_13' title="bbox 926 251 1284 276">
    <p class='ocr_par' dir='ltr' id='par_1_15' title="bbox 926 251 1284 276">
     <span class='ocr_line' id='line_1_52' title="bbox 926 251 1284 276; baseline -0.006 0"><span class='ocrx_word' id='word_1_242' title='bbox 926 252 1103 276; x_wconf 63' lang='lat' dir='ltr'>ni&#39;Lanimi</span> <span class='ocrx_word' id='word_1_243' title='bbox 1129 252 1146 274; x_wconf 81' lang='lat' dir='ltr'>n</span> <span class='ocrx_word' id='word_1_244' title='bbox 1153 251 1284 274; x_wconf 65' lang='lat' dir='ltr'><strong>OMANUM</strong></span> 
     </span>
    </p>
   </div>
   <div class='ocr_carea' id='block_1_14' title="bbox 1162 297 1856 394">
    <p class='ocr_par' dir='ltr' id='par_1_16' title="bbox 1162 297 1856 394">
     <span class='ocr_line' id='line_1_53' title="bbox 1164 297 1856 341; baseline 0 -11"><span class='ocrx_word' id='word_1_245' title='bbox 1164 298 1368 341; x_wconf 64' lang='lat' dir='ltr'>Georqiam&#39;s,</span> <span class='ocrx_word' id='word_1_246' title='bbox 1385 298 1506 338; x_wconf 72' lang='lat' dir='ltr'>Persis,</span> <span class='ocrx_word' id='word_1_247' title='bbox 1529 297 1742 339; x_wconf 76' lang='lat' dir='ltr'>Nestorianis,</span> <span class='ocrx_word' id='word_1_248' title='bbox 1770 299 1856 332; x_wconf 83' lang='lat' dir='ltr'>Iaco-</span> 
     </span>
     <span class='ocr_line' id='line_1_54' title="bbox 1162 350 1679 394; baseline -0.004 -10"><span class='ocrx_word' id='word_1_249' title='bbox 1162 351 1246 391; x_wconf 66' lang='lat' dir='ltr'>bitis,</span> <span class='ocrx_word' id='word_1_250' title='bbox 1275 351 1437 384; x_wconf 70' lang='lat' dir='ltr'>Melchitis</span> <span class='ocrx_word' id='word_1_251' title='bbox 1461 355 1489 384; x_wconf 78' lang='lat' dir='ltr'>et</span> <span class='ocrx_word' id='word_1_252' title='bbox 1516 350 1646 394; x_wconf 73' lang='lat' dir='ltr'>Coplitis</span> <span class='ocrx_word' id='word_1_253' title='bbox 1660 350 1679 382; x_wconf 88' lang='lat'>¹.</span> 
     </span>
    </p>
   </div>
   <div class='ocr_carea' id='block_1_15' title="bbox 1242 443 1785 568">
    <p class='ocr_par' dir='ltr' id='par_1_17' title="bbox 1242 443 1785 568">
     <span class='ocr_line' id='line_1_55' title="bbox 1321 443 1649 478; baseline -0.006 -6"><span class='ocrx_word' id='word_1_254' title='bbox 1321 445 1457 472; x_wconf 84' lang='lat' dir='ltr'>Urbanus</span> <span class='ocrx_word' id='word_1_255' title='bbox 1477 443 1649 478; x_wconf 84' lang='lat' dir='ltr'>Episcopus,</span> 
     </span>
     <span class='ocr_line' id='line_1_56' title="bbox 1303 488 1785 525; baseline -0.004 -9"><span class='ocrx_word' id='word_1_256' title='bbox 1303 497 1407 517; x_wconf 85' lang='lat' dir='ltr'>servus</span> <span class='ocrx_word' id='word_1_257' title='bbox 1436 496 1588 516; x_wconf 81' lang='lat' dir='ltr'>servorum</span> <span class='ocrx_word' id='word_1_258' title='bbox 1608 488 1673 521; x_wconf 85' lang='lat' dir='ltr'>Dei,</span> <span class='ocrx_word' id='word_1_259' title='bbox 1782 523 1785 525; x_wconf 19' lang='grc' dir='ltr'><em>Β</em></span> 
     </span>
     <span class='ocr_line' id='line_1_57' title="bbox 1242 533 1735 568; baseline -0.004 -7"><span class='ocrx_word' id='word_1_260' title='bbox 1242 535 1277 561; x_wconf 86' lang='lat' dir='ltr'>ad</span> <span class='ocrx_word' id='word_1_261' title='bbox 1297 537 1472 568; x_wconf 84' lang='lat' dir='ltr'>perpetuam</span> <span class='ocrx_word' id='word_1_262' title='bbox 1492 533 1537 561; x_wconf 83' lang='lat' dir='ltr'>rei</span> <span class='ocrx_word' id='word_1_263' title='bbox 1554 533 1735 560; x_wconf 82' lang='lat' dir='ltr'>memoriam.</span> 
     </span>
    </p>
   </div>
   <div class='ocr_carea' id='block_1_16' title="bbox 1118 617 1862 2315">
    <p class='ocr_par' dir='ltr' id='par_1_18' title="bbox 1118 617 1862 2315">
     <span class='ocr_line' id='line_1_58' title="bbox 1162 617 1858 661; baseline -0.004 -10"><span class='ocrx_word' id='word_1_264' title='bbox 1162 618 1300 651; x_wconf 82' lang='lat' dir='ltr'>Altitudo</span> <span class='ocrx_word' id='word_1_265' title='bbox 1333 618 1455 650; x_wconf 73' lang='lat' dir='ltr'>divinae</span> <span class='ocrx_word' id='word_1_266' title='bbox 1487 617 1719 661; x_wconf 73' lang='lat' dir='ltr'>providentiae,</span> <span class='ocrx_word' id='word_1_267' title='bbox 1749 627 1765 649; x_wconf 82' lang='lat' dir='ltr'>a</span> <span class='ocrx_word' id='word_1_268' title='bbox 1798 627 1858 660; x_wconf 86' lang='lat' dir='ltr'>qua</span> 
     </span>
     <span class='ocr_line' id='line_1_59' title="bbox 1118 671 1858 715; baseline -0.003 -10"><span class='ocrx_word' id='word_1_269' title='bbox 1118 672 1258 705; x_wconf 89' lang='lat' dir='ltr'>omnium</span> <span class='ocrx_word' id='word_1_270' title='bbox 1283 672 1442 705; x_wconf 85' lang='lat' dir='ltr'>bonorum</span> <span class='ocrx_word' id='word_1_271' title='bbox 1468 672 1612 715; x_wconf 88' lang='lat' dir='ltr'>operatio</span> <span class='ocrx_word' id='word_1_272' title='bbox 1638 671 1798 715; x_wconf 79' lang='lat' dir='ltr'>procedit,</span> <span class='ocrx_word' id='word_1_273' title='bbox 1823 682 1858 703; x_wconf 77' lang='lat' dir='ltr'>ea</span> 
     </span>
     <span class='ocr_line' id='line_1_60' title="bbox 1119 724 1858 767; baseline -0.003 -10"><span class='ocrx_word' id='word_1_274' title='bbox 1119 725 1276 758; x_wconf 87' lang='lat' dir='ltr'>interdum</span> <span class='ocrx_word' id='word_1_275' title='bbox 1302 724 1441 758; x_wconf 89' lang='lat' dir='ltr'>fidelium</span> <span class='ocrx_word' id='word_1_276' title='bbox 1467 725 1579 757; x_wconf 86' lang='lat' dir='ltr'>animis</span> <span class='ocrx_word' id='word_1_277' title='bbox 1603 724 1754 767; x_wconf 72' lang='lat' dir='ltr'>suggerit,</span> <span class='ocrx_word' id='word_1_278' title='bbox 1779 734 1858 767; x_wconf 82' lang='lat' dir='ltr'>quae</span> 
     </span>
     <span class='ocr_line' id='line_1_61' title="bbox 1118 778 1858 822; baseline -0.001 -11"><span class='ocrx_word' id='word_1_279' title='bbox 1118 779 1155 811; x_wconf 90' lang='lat' dir='ltr'>ad</span> <span class='ocrx_word' id='word_1_280' title='bbox 1170 778 1359 812; x_wconf 83' lang='lat' dir='ltr'>christianae</span> <span class='ocrx_word' id='word_1_281' title='bbox 1377 779 1538 822; x_wconf 73' lang='lat' dir='ltr'>religionis</span> <span class='ocrx_word' id='word_1_282' title='bbox 1559 783 1589 811; x_wconf 89' lang='lat' dir='ltr'>et</span> <span class='ocrx_word' id='word_1_283' title='bbox 1604 778 1728 822; x_wconf 82' lang='lat' dir='ltr'>pietatis</span> <span class='ocrx_word' id='word_1_284' title='bbox 1745 787 1858 821; x_wconf 86' lang='lat' dir='ltr'>propa-</span> 
     </span>
     <span class='ocr_line' id='line_1_62' title="bbox 1118 831 1857 875; baseline -0.003 -11"><span class='ocrx_word' id='word_1_285' title='bbox 1118 832 1275 875; x_wconf 88' lang='lat' dir='ltr'>gationem</span> <span class='ocrx_word' id='word_1_286' title='bbox 1301 832 1434 865; x_wconf 87' lang='lat' dir='ltr'>maxime</span> <span class='ocrx_word' id='word_1_287' title='bbox 1455 832 1618 875; x_wconf 81' lang='lat' dir='ltr'>profutura</span> <span class='ocrx_word' id='word_1_288' title='bbox 1643 841 1708 864; x_wconf 86' lang='lat' dir='ltr'>esse</span> <span class='ocrx_word' id='word_1_289' title='bbox 1729 831 1857 873; x_wconf 85' lang='lat' dir='ltr'>dignos-</span> 
     </span>
     <span class='ocr_line' id='line_1_63' title="bbox 1119 883 1859 927; baseline -0.004 -9"><span class='ocrx_word' id='word_1_290' title='bbox 1119 890 1241 919; x_wconf 87' lang='lat' dir='ltr'>cuntur.</span> <span class='ocrx_word' id='word_1_291' title='bbox 1266 885 1352 918; x_wconf 79' lang='lat' dir='ltr'>Unde</span> <span class='ocrx_word' id='word_1_292' title='bbox 1377 896 1444 926; x_wconf 85' lang='lat' dir='ltr'>nos,</span> <span class='ocrx_word' id='word_1_293' title='bbox 1465 885 1602 917; x_wconf 78' lang='lat' dir='ltr'>unixersi</span> <span class='ocrx_word' id='word_1_294' title='bbox 1628 884 1734 927; x_wconf 86' lang='lat' dir='ltr'>gregis</span> <span class='ocrx_word' id='word_1_295' title='bbox 1756 883 1859 916; x_wconf 91' lang='lat' dir='ltr'>Domi-</span> 
     </span>
     <span class='ocr_line' id='line_1_64' title="bbox 1119 937 1860 982; baseline -0.004 -11"><span class='ocrx_word' id='word_1_296' title='bbox 1119 939 1178 972; x_wconf 87' lang='lat' dir='ltr'>nici</span> <span class='ocrx_word' id='word_1_297' title='bbox 1205 949 1299 981; x_wconf 76' lang='lat' dir='ltr'>grave</span> <span class='ocrx_word' id='word_1_298' title='bbox 1319 938 1443 982; x_wconf 88' lang='lat' dir='ltr'>pondus</span> <span class='ocrx_word' id='word_1_299' title='bbox 1461 938 1576 971; x_wconf 87' lang='lat' dir='ltr'>nostris</span> <span class='ocrx_word' id='word_1_300' title='bbox 1598 937 1740 970; x_wconf 87' lang='lat' dir='ltr'>humeris</span> <span class='ocrx_word' id='word_1_301' title='bbox 1761 937 1860 980; x_wconf 90' lang='lat' dir='ltr'>impo-</span> 
     </span>
     <span class='ocr_line' id='line_1_65' title="bbox 1119 991 1858 1034; baseline -0.004 -9"><span class='ocrx_word' id='word_1_302' title='bbox 1119 993 1212 1026; x_wconf 88' lang='lat' dir='ltr'>situm</span> <span class='ocrx_word' id='word_1_303' title='bbox 1238 992 1434 1033; x_wconf 85' lang='lat' dir='ltr'>sustinentes,</span> <span class='ocrx_word' id='word_1_304' title='bbox 1455 992 1493 1024; x_wconf 88' lang='lat' dir='ltr'>de</span> <span class='ocrx_word' id='word_1_305' title='bbox 1518 991 1695 1024; x_wconf 86' lang='lat' dir='ltr'>animarum</span> <span class='ocrx_word' id='word_1_306' title='bbox 1719 991 1858 1034; x_wconf 80' lang='lat' dir='ltr'>pretioso</span> 
     </span>
     <span class='ocr_line' id='line_1_66' title="bbox 1119 1043 1859 1086; baseline -0.004 -8"><span class='ocrx_word' id='word_1_307' title='bbox 1119 1045 1288 1078; x_wconf 74' lang='lat' dir='ltr'>Salvatoris</span> <span class='ocrx_word' id='word_1_308' title='bbox 1318 1045 1417 1078; x_wconf 83' lang='lat' dir='ltr'>nostri</span> <span class='ocrx_word' id='word_1_309' title='bbox 1449 1046 1518 1078; x_wconf 84' lang='lat' dir='ltr'>lesu</span> <span class='ocrx_word' id='word_1_310' title='bbox 1549 1044 1684 1084; x_wconf 87' lang='lat' dir='ltr'>Christi,</span> <span class='ocrx_word' id='word_1_311' title='bbox 1710 1043 1763 1086; x_wconf 89' lang='lat' dir='ltr'>qui</span> <span class='ocrx_word' id='word_1_312' title='bbox 1788 1049 1859 1086; x_wconf 87' lang='lat' dir='ltr'>post</span> 
     </span>
     <span class='ocr_line' id='line_1_67' title="bbox 1119 1097 1858 1141; baseline -0.003 -11"><span class='ocrx_word' id='word_1_313' title='bbox 1119 1099 1289 1141; x_wconf 84' lang='lat' dir='ltr'>gloriosam</span> <span class='ocrx_word' id='word_1_314' title='bbox 1316 1099 1382 1131; x_wconf 90' lang='lat' dir='ltr'>eius</span> <span class='ocrx_word' id='word_1_315' title='bbox 1407 1098 1671 1131; x_wconf 84' lang='lat' dir='ltr'>resurrectionem</span> <span class='ocrx_word' id='word_1_316' title='bbox 1689 1097 1727 1130; x_wconf 85' lang='lat' dir='ltr'>ad</span> <span class='ocrx_word' id='word_1_317' title='bbox 1744 1097 1858 1140; x_wconf 88' lang='lat' dir='ltr'>sempi-</span> 
     </span>
     <span class='ocr_line' id='line_1_68' title="bbox 1119 1151 1859 1193; baseline -0.003 -10"><span class='ocrx_word' id='word_1_318' title='bbox 1119 1157 1206 1183; x_wconf 88' lang='lat' dir='ltr'>terna</span> <span class='ocrx_word' id='word_1_319' title='bbox 1221 1151 1308 1193; x_wconf 87' lang='lat' dir='ltr'>regni</span> <span class='ocrx_word' id='word_1_320' title='bbox 1327 1151 1467 1184; x_wconf 84' lang='lat' dir='ltr'>caelestis</span> <span class='ocrx_word' id='word_1_321' title='bbox 1493 1151 1692 1183; x_wconf 83' lang='lat' dir='ltr'>tabernacula</span> <span class='ocrx_word' id='word_1_322' title='bbox 1717 1160 1859 1182; x_wconf 83' lang='lat' dir='ltr'>ascensu-</span> 
     </span>
     <span class='ocr_line' id='line_1_69' title="bbox 1120 1204 1859 1247; baseline -0.003 -11"><span class='ocrx_word' id='word_1_323' title='bbox 1120 1215 1182 1246; x_wconf 87' lang='lat' dir='ltr'>rus,</span> <span class='ocrx_word' id='word_1_324' title='bbox 1209 1204 1379 1247; x_wconf 86' lang='lat' dir='ltr'>discipulos</span> <span class='ocrx_word' id='word_1_325' title='bbox 1400 1214 1473 1237; x_wconf 89' lang='lat' dir='ltr'>suos</span> <span class='ocrx_word' id='word_1_326' title='bbox 1497 1215 1553 1247; x_wconf 87' lang='lat' dir='ltr'>per</span> <span class='ocrx_word' id='word_1_327' title='bbox 1572 1204 1754 1236; x_wconf 76' lang='lat' dir='ltr'>universum</span> <span class='ocrx_word' id='word_1_328' title='bbox 1773 1213 1859 1234; x_wconf 91' lang='lat' dir='ltr'>mun-</span> 
     </span>
     <span class='ocr_line' id='line_1_70' title="bbox 1120 1255 1858 1300; baseline -0.001 -12"><span class='ocrx_word' id='word_1_329' title='bbox 1120 1257 1193 1289; x_wconf 85' lang='lat' dir='ltr'>dum</span> <span class='ocrx_word' id='word_1_330' title='bbox 1204 1257 1399 1299; x_wconf 68' lang='lat' dir='ltr'>evangelium</span> <span class='ocrx_word' id='word_1_331' title='bbox 1410 1257 1494 1290; x_wconf 89' lang='lat' dir='ltr'>omni</span> <span class='ocrx_word' id='word_1_332' title='bbox 1504 1263 1666 1290; x_wconf 80' lang='lat' dir='ltr'>creaturae</span> <span class='ocrx_word' id='word_1_333' title='bbox 1677 1255 1858 1300; x_wconf 82' lang='lat' dir='ltr'>praedicare</span> 
     </span>
     <span class='ocr_line' id='line_1_71' title="bbox 1121 1309 1859 1354; baseline -0.004 -12"><span class='ocrx_word' id='word_1_334' title='bbox 1121 1310 1218 1353; x_wconf 83' lang='lat' dir='ltr'>iussit,</span> <span class='ocrx_word' id='word_1_335' title='bbox 1247 1310 1399 1354; x_wconf 79' lang='lat' dir='ltr'>cuiusque</span> <span class='ocrx_word' id='word_1_336' title='bbox 1424 1310 1506 1343; x_wconf 86' lang='lat' dir='ltr'>vices</span> <span class='ocrx_word' id='word_1_337' title='bbox 1529 1311 1560 1342; x_wconf 92' lang='lat' dir='ltr'>in</span> <span class='ocrx_word' id='word_1_338' title='bbox 1587 1310 1679 1343; x_wconf 89' lang='lat' dir='ltr'>terris</span> <span class='ocrx_word' id='word_1_339' title='bbox 1710 1309 1859 1352; x_wconf 77' lang='lat' dir='ltr'>gerimus,</span> 
     </span>
     <span class='ocr_line' id='line_1_72' title="bbox 1121 1363 1859 1408; baseline -0.003 -12"><span class='ocrx_word' id='word_1_340' title='bbox 1121 1364 1271 1406; x_wconf 83' lang='lat' dir='ltr'>sanguine</span> <span class='ocrx_word' id='word_1_341' title='bbox 1282 1364 1514 1408; x_wconf 85' lang='lat' dir='ltr'>redemptarum</span> <span class='ocrx_word' id='word_1_342' title='bbox 1526 1363 1648 1396; x_wconf 77' lang='lat' dir='ltr'>assidua</span> <span class='ocrx_word' id='word_1_343' title='bbox 1659 1363 1859 1396; x_wconf 84' lang='lat' dir='ltr'>meditatione</span> 
     </span>
     <span class='ocr_line' id='line_1_73' title="bbox 1121 1416 1860 1461; baseline -0.003 -11"><span class='ocrx_word' id='word_1_344' title='bbox 1121 1418 1254 1459; x_wconf 88' lang='lat' dir='ltr'>solliciti,</span> <span class='ocrx_word' id='word_1_345' title='bbox 1273 1418 1310 1450; x_wconf 90' lang='lat' dir='ltr'>ad</span> <span class='ocrx_word' id='word_1_346' title='bbox 1329 1428 1373 1457; x_wconf 87' lang='lat' dir='ltr'>ea,</span> <span class='ocrx_word' id='word_1_347' title='bbox 1391 1428 1447 1460; x_wconf 90' lang='lat' dir='ltr'>per</span> <span class='ocrx_word' id='word_1_348' title='bbox 1469 1428 1548 1461; x_wconf 82' lang='lat' dir='ltr'>quae</span> <span class='ocrx_word' id='word_1_349' title='bbox 1572 1417 1645 1449; x_wconf 83' lang='lat' dir='ltr'>fidei</span> <span class='ocrx_word' id='word_1_350' title='bbox 1667 1416 1860 1449; x_wconf 80' lang='lat' dir='ltr'>orthodoxae</span> 
     </span>
     <span class='ocr_line' id='line_1_74' title="bbox 1121 1469 1860 1514; baseline -0.004 -11"><span class='ocrx_word' id='word_1_351' title='bbox 1121 1472 1181 1503; x_wconf 89' lang='lat' dir='ltr'>iam</span> <span class='ocrx_word' id='word_1_352' title='bbox 1205 1471 1322 1503; x_wconf 78' lang='lat' dir='ltr'>(ludum</span> <span class='ocrx_word' id='word_1_353' title='bbox 1341 1481 1397 1514; x_wconf 88' lang='lat' dir='ltr'>per</span> <span class='ocrx_word' id='word_1_354' title='bbox 1410 1471 1572 1503; x_wconf 79' lang='lat' dir='ltr'>universas</span> <span class='ocrx_word' id='word_1_355' title='bbox 1590 1470 1697 1502; x_wconf 90' lang='lat' dir='ltr'>mundi</span> <span class='ocrx_word' id='word_1_356' title='bbox 1716 1469 1860 1512; x_wconf 79' lang='lat' dir='ltr'>regiones</span> 
     </span>
     <span class='ocr_line' id='line_1_75' title="bbox 1121 1523 1861 1568; baseline -0.003 -11"><span class='ocrx_word' id='word_1_357' title='bbox 1121 1525 1340 1558; x_wconf 83' lang='lat' dir='ltr'>disseminatae</span> <span class='ocrx_word' id='word_1_358' title='bbox 1365 1536 1400 1557; x_wconf 85' lang='lat' dir='ltr'>ac</span> <span class='ocrx_word' id='word_1_359' title='bbox 1425 1525 1543 1568; x_wconf 85' lang='lat' dir='ltr'>antiqui</span> <span class='ocrx_word' id='word_1_360' title='bbox 1568 1524 1721 1568; x_wconf 87' lang='lat' dir='ltr'>serpentis</span> <span class='ocrx_word' id='word_1_361' title='bbox 1746 1523 1861 1556; x_wconf 83' lang='lat' dir='ltr'>eallidi-</span> 
     </span>
     <span class='ocr_line' id='line_1_76' title="bbox 1122 1576 1860 1621; baseline -0.003 -11"><span class='ocrx_word' id='word_1_362' title='bbox 1122 1584 1181 1611; x_wconf 85' lang='lat' dir='ltr'>tate</span> <span class='ocrx_word' id='word_1_363' title='bbox 1193 1579 1223 1610; x_wconf 93' lang='grc'>111</span> <span class='ocrx_word' id='word_1_364' title='bbox 1233 1579 1363 1611; x_wconf 81' lang='lat' dir='ltr'>dirersis</span> <span class='ocrx_word' id='word_1_365' title='bbox 1379 1578 1485 1611; x_wconf 88' lang='lat' dir='ltr'>mundi</span> <span class='ocrx_word' id='word_1_366' title='bbox 1497 1578 1636 1621; x_wconf 87' lang='lat' dir='ltr'>partibus</span> <span class='ocrx_word' id='word_1_367' title='bbox 1650 1576 1860 1610; x_wconf 82' lang='lat' dir='ltr'>diversimode</span> 
     </span>
     <span class='ocr_line' id='line_1_77' title="bbox 1122 1631 1859 1675; baseline -0.003 -11"><span class='ocrx_word' id='word_1_368' title='bbox 1122 1633 1251 1666; x_wconf 74' lang='lat' dir='ltr'>xiolatae</span> <span class='ocrx_word' id='word_1_369' title='bbox 1276 1637 1302 1665; x_wconf 87' lang='lat' dir='ltr'>et</span> <span class='ocrx_word' id='word_1_370' title='bbox 1330 1633 1529 1665; x_wconf 84' lang='lat' dir='ltr'>conculcatae</span> <span class='ocrx_word' id='word_1_371' title='bbox 1555 1631 1712 1675; x_wconf 84' lang='lat' dir='ltr'>splendori</span> <span class='ocrx_word' id='word_1_372' title='bbox 1742 1631 1859 1663; x_wconf 81' lang='lat' dir='ltr'>salubri</span> 
     </span>
     <span class='ocr_line' id='line_1_78' title="bbox 1121 1683 1859 1727; baseline -0.004 -9"><span class='ocrx_word' id='word_1_373' title='bbox 1121 1685 1261 1718; x_wconf 85' lang='lat' dir='ltr'>remedio</span> <span class='ocrx_word' id='word_1_374' title='bbox 1282 1685 1476 1717; x_wconf 85' lang='lat' dir='ltr'>restituendo</span> <span class='ocrx_word' id='word_1_375' title='bbox 1501 1690 1530 1717; x_wconf 85' lang='lat' dir='ltr'>et</span> <span class='ocrx_word' id='word_1_376' title='bbox 1553 1683 1758 1727; x_wconf 84' lang='lat' dir='ltr'>propagando</span> <span class='ocrx_word' id='word_1_377' title='bbox 1783 1694 1859 1716; x_wconf 88' lang='lat' dir='ltr'>con-</span> 
     </span>
     <span class='ocr_line' id='line_1_79' title="bbox 1121 1736 1859 1781; baseline -0.003 -11"><span class='ocrx_word' id='word_1_378' title='bbox 1121 1739 1243 1778; x_wconf 86' lang='lat' dir='ltr'>sulitur,</span> <span class='ocrx_word' id='word_1_379' title='bbox 1262 1738 1440 1781; x_wconf 81' lang='lat' dir='ltr'>sincerique</span> <span class='ocrx_word' id='word_1_380' title='bbox 1463 1737 1603 1770; x_wconf 85' lang='lat' dir='ltr'>eiusdem</span> <span class='ocrx_word' id='word_1_381' title='bbox 1622 1736 1784 1779; x_wconf 77' lang='lat' dir='ltr'>religionis</span> <span class='ocrx_word' id='word_1_382' title='bbox 1801 1737 1859 1769; x_wconf 89' lang='lat' dir='ltr'>mi-</span> 
     </span>
     <span class='ocr_line' id='line_1_80' title="bbox 1121 1789 1862 1833; baseline -0.003 -9"><span class='ocrx_word' id='word_1_383' title='bbox 1121 1791 1209 1824; x_wconf 87' lang='lat' dir='ltr'>nistri</span> <span class='ocrx_word' id='word_1_384' title='bbox 1224 1791 1261 1824; x_wconf 90' lang='lat' dir='ltr'>ad</span> <span class='ocrx_word' id='word_1_385' title='bbox 1277 1791 1495 1824; x_wconf 82' lang='lat' dir='ltr'>sollicitudinis</span> <span class='ocrx_word' id='word_1_386' title='bbox 1512 1795 1638 1823; x_wconf 88' lang='lat' dir='ltr'>nostrae</span> <span class='ocrx_word' id='word_1_387' title='bbox 1654 1796 1786 1833; x_wconf 87' lang='lat' dir='ltr'>partem,</span> <span class='ocrx_word' id='word_1_388' title='bbox 1801 1789 1862 1822; x_wconf 86' lang='lat' dir='ltr'>ani-</span> 
     </span>
     <span class='ocr_line' id='line_1_81' title="bbox 1121 1843 1859 1878; baseline -0.003 -1"><span class='ocrx_word' id='word_1_389' title='bbox 1121 1856 1245 1878; x_wconf 88' lang='lat' dir='ltr'>marum</span> <span class='ocrx_word' id='word_1_390' title='bbox 1278 1844 1419 1877; x_wconf 64' lang='lat' dir='ltr'>videlicet</span> <span class='ocrx_word' id='word_1_391' title='bbox 1450 1854 1558 1877; x_wconf 86' lang='lat' dir='ltr'>curam</span> <span class='ocrx_word' id='word_1_392' title='bbox 1590 1843 1805 1876; x_wconf 85' lang='lat' dir='ltr'>sustinendum</span> <span class='ocrx_word' id='word_1_393' title='bbox 1832 1849 1859 1875; x_wconf 88' lang='lat' dir='ltr'>et</span> 
     </span>
     <span class='ocr_line' id='line_1_82' title="bbox 1122 1896 1860 1941; baseline -0.004 -10"><span class='ocrx_word' id='word_1_394' title='bbox 1122 1909 1194 1931; x_wconf 66' lang='lat' dir='ltr'>vera</span> <span class='ocrx_word' id='word_1_395' title='bbox 1225 1898 1297 1931; x_wconf 84' lang='lat' dir='ltr'>fidei</span> <span class='ocrx_word' id='word_1_396' title='bbox 1327 1898 1514 1931; x_wconf 86' lang='lat' dir='ltr'>documenta</span> <span class='ocrx_word' id='word_1_397' title='bbox 1544 1896 1787 1941; x_wconf 81' lang='lat' dir='ltr'>praedicandum</span> <span class='ocrx_word' id='word_1_398' title='bbox 1814 1896 1860 1933; x_wconf 89' lang='lat' dir='ltr'>in-</span> 
     </span>
     <span class='ocr_line' id='line_1_83' title="bbox 1122 1950 1860 1993; baseline -0.004 -8"><span class='ocrx_word' id='word_1_399' title='bbox 1122 1958 1307 1993; x_wconf 81' lang='lat' dir='ltr'>struuntur,</span> <span class='ocrx_word' id='word_1_400' title='bbox 1332 1952 1467 1984; x_wconf 86' lang='lat' dir='ltr'>libenter</span> <span class='ocrx_word' id='word_1_401' title='bbox 1498 1951 1705 1990; x_wconf 84' lang='lat' dir='ltr'>intendimus;</span> <span class='ocrx_word' id='word_1_402' title='bbox 1737 1961 1773 1983; x_wconf 90' lang='lat' dir='ltr'>ac</span> <span class='ocrx_word' id='word_1_403' title='bbox 1804 1950 1860 1988; x_wconf 83' lang='lat' dir='ltr'>iis,</span> 
     </span>
     <span class='ocr_line' id='line_1_84' title="bbox 1121 2004 1860 2049; baseline -0.004 -11"><span class='ocrx_word' id='word_1_404' title='bbox 1121 2016 1199 2049; x_wconf 87' lang='lat' dir='ltr'>quae</span> <span class='ocrx_word' id='word_1_405' title='bbox 1218 2017 1274 2049; x_wconf 89' lang='lat' dir='ltr'>per</span> <span class='ocrx_word' id='word_1_406' title='bbox 1294 2005 1513 2038; x_wconf 81' lang='lat' dir='ltr'>christifideles</span> <span class='ocrx_word' id='word_1_407' title='bbox 1533 2004 1699 2048; x_wconf 85' lang='lat' dir='ltr'>quoslibet,</span> <span class='ocrx_word' id='word_1_408' title='bbox 1717 2013 1860 2047; x_wconf 87' lang='lat' dir='ltr'>praeser-</span> 
     </span>
     <span class='ocr_line' id='line_1_85' title="bbox 1122 2057 1859 2102; baseline -0.003 -11"><span class='ocrx_word' id='word_1_409' title='bbox 1122 2059 1176 2091; x_wconf 89' lang='lat' dir='ltr'>tim</span> <span class='ocrx_word' id='word_1_410' title='bbox 1195 2059 1222 2092; x_wconf 87' lang='lat' dir='ltr'>S.</span> <span class='ocrx_word' id='word_1_411' title='bbox 1238 2060 1271 2091; x_wconf 79' lang='lat' dir='ltr'>P..</span> <span class='ocrx_word' id='word_1_412' title='bbox 1286 2059 1319 2091; x_wconf 84' lang='lat' dir='ltr'>E.</span> <span class='ocrx_word' id='word_1_413' title='bbox 1337 2059 1522 2099; x_wconf 68' lang='lat' dir='ltr'>cardinaleS,</span> <span class='ocrx_word' id='word_1_414' title='bbox 1539 2069 1598 2102; x_wconf 89' lang='lat' dir='ltr'>pro</span> <span class='ocrx_word' id='word_1_415' title='bbox 1616 2057 1730 2091; x_wconf 73' lang='lat' dir='ltr'>eximia</span> <span class='ocrx_word' id='word_1_416' title='bbox 1748 2068 1859 2090; x_wconf 86' lang='lat' dir='ltr'>eorum</span> 
     </span>
     <span class='ocr_line' id='line_1_86' title="bbox 1121 2110 1862 2156; baseline -0.003 -12"><span class='ocrx_word' id='word_1_417' title='bbox 1121 2112 1286 2145; x_wconf 73' lang='lat' dir='ltr'>devotione</span> <span class='ocrx_word' id='word_1_418' title='bbox 1300 2117 1329 2145; x_wconf 89' lang='lat' dir='ltr'>et</span> <span class='ocrx_word' id='word_1_419' title='bbox 1342 2112 1474 2156; x_wconf 70' lang='lat' dir='ltr'>provido</span> <span class='ocrx_word' id='word_1_420' title='bbox 1488 2112 1674 2155; x_wconf 86' lang='lat' dir='ltr'>sinceroque</span> <span class='ocrx_word' id='word_1_421' title='bbox 1690 2111 1802 2144; x_wconf 85' lang='lat' dir='ltr'>mentis</span> <span class='ocrx_word' id='word_1_422' title='bbox 1819 2110 1862 2143; x_wconf 81' lang='lat' dir='ltr'>as-</span> 
     </span>
     <span class='ocr_line' id='line_1_87' title="bbox 1121 2163 1861 2209; baseline -0.003 -11"><span class='ocrx_word' id='word_1_423' title='bbox 1121 2166 1213 2205; x_wconf 77' lang='lat' dir='ltr'>secui,</span> <span class='ocrx_word' id='word_1_424' title='bbox 1236 2176 1294 2209; x_wconf 85' lang='lat' dir='ltr'>pro</span> <span class='ocrx_word' id='word_1_425' title='bbox 1319 2165 1413 2197; x_wconf 72' lang='lat' dir='ltr'>divini</span> <span class='ocrx_word' id='word_1_426' title='bbox 1440 2165 1542 2198; x_wconf 86' lang='lat' dir='ltr'>cultus</span> <span class='ocrx_word' id='word_1_427' title='bbox 1567 2165 1761 2198; x_wconf 80' lang='lat' dir='ltr'>incremento</span> <span class='ocrx_word' id='word_1_428' title='bbox 1786 2163 1861 2196; x_wconf 84' lang='lat' dir='ltr'>libe-</span> 
     </span>
     <span class='ocr_line' id='line_1_88' title="bbox 1121 2217 1860 2262; baseline -0.001 -11"><span class='ocrx_word' id='word_1_429' title='bbox 1121 2219 1229 2252; x_wconf 86' lang='lat' dir='ltr'>raliter</span> <span class='ocrx_word' id='word_1_430' title='bbox 1265 2218 1472 2251; x_wconf 86' lang='lat' dir='ltr'>determinata</span> <span class='ocrx_word' id='word_1_431' title='bbox 1509 2219 1655 2260; x_wconf 73' lang='lat' dir='ltr'>suerunt,</span> <span class='ocrx_word' id='word_1_432' title='bbox 1696 2217 1860 2262; x_wconf 85' lang='lat' dir='ltr'>apostolici</span> 
     </span>
     <span class='ocr_line' id='line_1_89' title="bbox 1120 2271 1770 2315; baseline -0.002 -11"><span class='ocrx_word' id='word_1_433' title='bbox 1120 2272 1234 2304; x_wconf 70' lang='lat' dir='ltr'>favoris</span> <span class='ocrx_word' id='word_1_434' title='bbox 1252 2272 1336 2304; x_wconf 87' lang='lat' dir='ltr'>ultro</span> <span class='ocrx_word' id='word_1_435' title='bbox 1357 2272 1557 2315; x_wconf 87' lang='lat' dir='ltr'>impertimur</span> <span class='ocrx_word' id='word_1_436' title='bbox 1575 2271 1770 2314; x_wconf 79' lang='lat' dir='ltr'>suffragium.</span> 
     </span>
    </p>
   </div>
   <div class='ocr_carea' id='block_1_17' title="bbox 1165 2322 1895 2368">
    <p class='ocr_par' dir='ltr' id='par_1_19' title="bbox 1165 2322 1895 2368">
     <span class='ocr_line' id='line_1_90' title="bbox 1165 2322 1895 2368; baseline 0.003 -12"><span class='ocrx_word' id='word_1_437' title='bbox 1165 2325 1179 2367; x_wconf 64' lang='grc' dir='ltr'><strong>ἓ</strong></span> <span class='ocrx_word' id='word_1_438' title='bbox 1208 2325 1231 2356; x_wconf 87' lang='lat' dir='ltr'>l.</span> <span class='ocrx_word' id='word_1_439' title='bbox 1258 2325 1333 2357; x_wconf 82' lang='lat' dir='ltr'>Cum</span> <span class='ocrx_word' id='word_1_440' title='bbox 1359 2325 1472 2368; x_wconf 85' lang='lat' dir='ltr'>itaque,</span> <span class='ocrx_word' id='word_1_441' title='bbox 1494 2322 1574 2357; x_wconf 87' lang='lat' dir='ltr'>sicut</span> <span class='ocrx_word' id='word_1_442' title='bbox 1598 2324 1689 2357; x_wconf 88' lang='lat' dir='ltr'>nobis</span> <span class='ocrx_word' id='word_1_443' title='bbox 1714 2323 1859 2365; x_wconf 83' lang='lat' dir='ltr'>innotuit,</span> <span class='ocrx_word' id='word_1_444' title='bbox 1892 2355 1895 2358; x_wconf 84' lang='lat'>.</span> 
     </span>
    </p>
   </div>
   <div class='ocr_carea' id='block_1_18' title="bbox 1120 2376 1860 2580">
    <p class='ocr_par' dir='ltr' id='par_1_20' title="bbox 1120 2376 1860 2580">
     <span class='ocr_line' id='line_1_91' title="bbox 1120 2376 1858 2411; baseline -0.001 -1"><span class='ocrx_word' id='word_1_445' title='bbox 1120 2378 1251 2411; x_wconf 85' lang='lat' dir='ltr'>dilectus</span> <span class='ocrx_word' id='word_1_446' title='bbox 1269 2378 1351 2411; x_wconf 85' lang='lat' dir='ltr'>filius</span> <span class='ocrx_word' id='word_1_447' title='bbox 1368 2383 1476 2411; x_wconf 85' lang='lat' dir='ltr'>noster</span> <span class='ocrx_word' id='word_1_448' title='bbox 1496 2378 1592 2410; x_wconf 76' lang='lat' dir='ltr'>frater</span> <span class='ocrx_word' id='word_1_449' title='bbox 1613 2377 1765 2410; x_wconf 87' lang='lat' dir='ltr'>Antonius</span> <span class='ocrx_word' id='word_1_450' title='bbox 1786 2376 1858 2409; x_wconf 88' lang='lat' dir='ltr'>Bar-</span> 
     </span>
     <span class='ocr_line' id='line_1_92' title="bbox 1120 2431 1860 2475; baseline -0.001 -11"><span class='ocrx_word' id='word_1_451' title='bbox 1120 2432 1249 2464; x_wconf 82' lang='lat' dir='ltr'>berinus</span> <span class='ocrx_word' id='word_1_452' title='bbox 1275 2432 1353 2465; x_wconf 92' lang='lat' dir='ltr'>tituli</span> <span class='ocrx_word' id='word_1_453' title='bbox 1379 2432 1407 2464; x_wconf 91' lang='lat' dir='ltr'>S.</span> <span class='ocrx_word' id='word_1_454' title='bbox 1430 2431 1587 2475; x_wconf 87' lang='lat' dir='ltr'>Ilonuphii</span> <span class='ocrx_word' id='word_1_455' title='bbox 1614 2431 1780 2475; x_wconf 66' lang='lat' dir='ltr'>presbyter</span> <span class='ocrx_word' id='word_1_456' title='bbox 1797 2440 1860 2463; x_wconf 86' lang='lat' dir='ltr'>car-</span> 
     </span>
     <span class='ocr_line' id='line_1_93' title="bbox 1120 2484 1859 2528; baseline -0.004 -11"><span class='ocrx_word' id='word_1_457' title='bbox 1120 2485 1231 2517; x_wconf 83' lang='lat' dir='ltr'>dinalis</span> <span class='ocrx_word' id='word_1_458' title='bbox 1249 2485 1388 2518; x_wconf 84' lang='lat' dir='ltr'>eiusdem</span> <span class='ocrx_word' id='word_1_459' title='bbox 1406 2486 1434 2518; x_wconf 83' lang='lat' dir='ltr'>S.</span> <span class='ocrx_word' id='word_1_460' title='bbox 1454 2484 1632 2528; x_wconf 87' lang='lat' dir='ltr'>llonuphrii</span> <span class='ocrx_word' id='word_1_461' title='bbox 1650 2488 1859 2528; x_wconf 83' lang='lat' dir='ltr'>nuncupatus,</span> 
     </span>
     <span class='ocr_line' id='line_1_94' title="bbox 1120 2538 1859 2580; baseline -0.004 -10"><span class='ocrx_word' id='word_1_462' title='bbox 1120 2545 1226 2571; x_wconf 81' lang='lat' dir='ltr'>noster</span> <span class='ocrx_word' id='word_1_463' title='bbox 1239 2539 1410 2571; x_wconf 83' lang='lat' dir='ltr'>secundum</span> <span class='ocrx_word' id='word_1_464' title='bbox 1431 2549 1555 2572; x_wconf 85' lang='lat' dir='ltr'>carnem</span> <span class='ocrx_word' id='word_1_465' title='bbox 1571 2538 1666 2571; x_wconf 85' lang='lat' dir='ltr'>frater</span> <span class='ocrx_word' id='word_1_466' title='bbox 1680 2545 1859 2580; x_wconf 40' lang='lat' dir='ltr'>germanus</span> 
     </span>
    </p>
   </div>
   <div class='ocr_carea' id='block_1_19' title="bbox 1160 2655 1598 2688">
    <p class='ocr_par' dir='ltr' id='par_1_21' title="bbox 1160 2655 1598 2688">
     <span class='ocr_line' id='line_1_95' title="bbox 1160 2655 1598 2688; baseline 0.002 -8"><span class='ocrx_word' id='word_1_467' title='bbox 1160 2656 1166 2681; x_wconf 83' lang='lat'>1</span> <span class='ocrx_word' id='word_1_468' title='bbox 1188 2655 1222 2681; x_wconf 80' lang='lat' dir='ltr'>Ex</span> <span class='ocrx_word' id='word_1_469' title='bbox 1241 2655 1345 2688; x_wconf 64' lang='lat' dir='ltr'>llegest.</span> <span class='ocrx_word' id='word_1_470' title='bbox 1365 2655 1389 2681; x_wconf 89' lang='lat' dir='ltr'>in</span> <span class='ocrx_word' id='word_1_471' title='bbox 1406 2656 1506 2683; x_wconf 73' lang='lat' dir='ltr'>Secrct.</span> <span class='ocrx_word' id='word_1_472' title='bbox 1525 2655 1598 2681; x_wconf 64' lang='lat' dir='ltr'>Brev.</span> 
     </span>
    </p>
   </div>
   <div class='ocr_carea' id='block_1_20' title="bbox 1875 240 2055 276">
    <p class='ocr_par' dir='ltr' id='par_1_22' title="bbox 1875 240 2055 276">
     <span class='ocr_line' id='line_1_96' title="bbox 1875 240 2055 276; baseline -0.006 0"><span class='ocrx_word' id='word_1_473' title='bbox 1875 250 1923 276; x_wconf 74' lang='lat' dir='ltr'>An.</span> <span class='ocrx_word' id='word_1_474' title='bbox 1941 249 1968 276; x_wconf 80' lang='lat' dir='ltr'>C.</span> <span class='ocrx_word' id='word_1_475' title='bbox 1987 240 2055 276; x_wconf 66' lang='lat'>{637⁴</span> 
     </span>
    </p>
   </div>
   <div class='ocr_carea' id='block_1_21' title="bbox 1900 627 2018 648">
    <p class='ocr_par' dir='ltr' id='par_1_23' title="bbox 1900 627 2018 648">
     <span class='ocr_line' id='line_1_97' title="bbox 1900 627 2018 648; baseline 0.008 -1"><span class='ocrx_word' id='word_1_476' title='bbox 1900 627 2018 648; x_wconf 81' lang='lat' dir='ltr'>Exordium.</span> 
     </span>
    </p>
   </div>
   <div class='ocr_carea' id='block_1_22' title="bbox 1875 2328 2059 2513">
    <p class='ocr_par' dir='ltr' id='par_1_24' title="bbox 1875 2328 2059 2513">
     <span class='ocr_line' id='line_1_98' title="bbox 1902 2328 2059 2348; baseline -0.006 -1"><span class='ocrx_word' id='word_1_477' title='bbox 1902 2328 2002 2348; x_wconf 68' lang='lat' dir='ltr'>Antonius</span> <span class='ocrx_word' id='word_1_478' title='bbox 2014 2333 2059 2347; x_wconf 68' lang='lat' dir='ltr'>ear-</span> 
     </span>
     <span class='ocr_line' id='line_1_99' title="bbox 1877 2355 2059 2376; baseline 0 -3"><span class='ocrx_word' id='word_1_479' title='bbox 1877 2356 1951 2375; x_wconf 79' lang='lat' dir='ltr'>iliuatis</span> <span class='ocrx_word' id='word_1_480' title='bbox 1962 2355 2059 2376; x_wconf 50' lang='grc'><strong>1331111111-</strong></span> 
     </span>
     <span class='ocr_line' id='line_1_100' title="bbox 1876 2382 2059 2401; baseline -0.005 0"><span class='ocrx_word' id='word_1_481' title='bbox 1876 2388 1913 2401; x_wconf 63' lang='lat' dir='ltr'>nu&lt;</span> <span class='ocrx_word' id='word_1_482' title='bbox 1947 2382 2059 2401; x_wconf 62' lang='lat' dir='ltr'>duodecim</span> 
     </span>
     <span class='ocr_line' id='line_1_101' title="bbox 1875 2408 2058 2428; baseline -0.005 0"><span class='ocrx_word' id='word_1_483' title='bbox 1875 2409 1994 2428; x_wconf 68' lang='lat' dir='ltr'>alumnatus</span> <span class='ocrx_word' id='word_1_484' title='bbox 2039 2408 2058 2427; x_wconf 82' lang='lat' dir='ltr'>iu</span> 
     </span>
     <span class='ocr_line' id='line_1_102' title="bbox 1875 2434 2059 2458; baseline 0 -5"><span class='ocrx_word' id='word_1_485' title='bbox 1875 2435 1964 2458; x_wconf 46' lang='lat' dir='ltr'>minemo</span> <span class='ocrx_word' id='word_1_486' title='bbox 1974 2434 2059 2454; x_wconf 75' lang='lat' dir='ltr'>L&#39;rliano</span> 
     </span>
     <span class='ocr_line' id='line_1_103' title="bbox 1876 2461 2059 2485; baseline -0.005 -5"><span class='ocrx_word' id='word_1_487' title='bbox 1876 2462 1967 2485; x_wconf 55' lang='lat' dir='ltr'>eripere.</span> <span class='ocrx_word' id='word_1_488' title='bbox 1982 2467 2006 2481; x_wconf 74' lang='lat'>³1·</span> <span class='ocrx_word' id='word_1_489' title='bbox 2023 2461 2059 2480; x_wconf 76' lang='lat' dir='ltr'>‹lo-</span> 
     </span>
     <span class='ocr_line' id='line_1_104' title="bbox 1876 2488 1999 2513; baseline 0.008 -7"><span class='ocrx_word' id='word_1_490' title='bbox 1876 2490 1919 2508; x_wconf 67' lang='lat' dir='ltr'>ture</span> <span class='ocrx_word' id='word_1_491' title='bbox 1936 2488 1999 2513; x_wconf 75' lang='lat' dir='ltr'>cupii.</span> 
     </span>
    </p>
   </div>
   <div class='ocr_carea' id='block_1_23' title="bbox 2247 554 2248 1150">
    <p class='ocr_par' dir='ltr' id='par_1_25' title="bbox 2247 554 2248 1150">
     <span class='ocr_line' id='line_1_105' title="bbox 2247 554 2248 1150; baseline 0 0"><span class='ocrx_word' id='word_1_492' title='bbox 2247 554 2248 1150; x_wconf 95' lang='lat' dir='ltr'> </span> 
     </span>
    </p>
   </div>
  </div>
 </body>
</html>
