2248 3229
240 240 289 267 An.
302 238 330 266 C.
352 239 418 267 1637

263 1415 379 1436 Decretum.
393 1415 418 1435 de

235 1447 276 1466 quo
290 1447 309 1461 in
326 1442 416 1462 rubrica⁴

264 2264 381 2285 clausulae⁴

465 231 528 265 622

435 341 635 385 provincialis
659 346 690 373 et
713 340 850 374 cuiusvis
869 340 997 374 alterius
1017 341 1091 374 dicti
1112 352 1176 375 mo-

435 393 562 427 nasterii
591 393 780 436 superioris,
807 393 983 436 praedictas
1022 393 1174 427 moniales

436 455 601 479 conversas
633 456 709 479 voce
738 446 860 488 activa,
890 457 951 490 qua
982 447 1173 480 coniunctim

436 508 506 530 cum
531 497 677 531 choristis
697 498 770 531 dicti
791 500 973 532 monasterii
991 510 1008 532 a
1026 500 1174 533 trecentis

436 551 560 584 circiter
584 551 672 584 annis
696 553 820 594 gavisae
845 553 971 585 suerunt
995 555 1116 587 ratione
1145 563 1192 585 e-'

436 603 575 636 lectionis
591 604 765 637 abbatissae
784 606 964 639 monasterii
982 606 1173 645 huiusmodi,

435 656 559 699 privare
576 657 720 698 voluerit,
737 664 767 690 et
783 658 821 691 ad
839 659 922 692 liunc
945 659 1090 692 effectum
1112 661 1174 692 suf-

436 710 534 752 fragia
558 711 686 744 maioris
717 712 815 755 partis
845 712 999 746 dictarum
1025 713 1175 747 chorista-

436 773 504 795 rum
522 763 756 806 mendicaverit‚
774 770 804 797 et
822 767 884 798 una
902 776 971 798 cum
990 766 1066 810 ipsis
1086 767 1175 799 desu-

434 827 492 860 per
511 817 668 860 quoddam
689 818 862 862 capitulare
883 819 1045 852 decretum
1070 820 1174 853 edide-

435 870 484 910 rit,
495 871 572 903 aliae
590 882 664 904 vero
681 872 836 905 choristae
854 875 915 905 una
936 884 1006 906 cum
1025 874 1173 917 praefatis

435 924 581 957 omnibus
598 925 784 958 monialibus
802 927 961 960 conversis
975 927 1102 960 decreto
1119 927 1173 960 bu-
1190 935 1191 955 l

435 977 579 1018 iusmodi,
597 979 641 1011 uti
658 979 793 1013 invalido
810 985 840 1012 et
857 984 964 1014 eontra
982 982 1174 1015 constitutio-

434 1041 489 1064 nes
506 1041 614 1064 earum
638 1033 766 1075 regulae
787 1044 933 1077 expresse
954 1033 1171 1078 disponentes¹

435 1084 512 1117 nihil
538 1086 666 1118 omnino
699 1086 824 1119 alterari
853 1097 944 1130 posse
973 1088 1090 1131 absque
1120 1098 1172 1120 ex-

435 1148 543 1180 presso
569 1139 662 1172 totius
687 1139 761 1172 dicti
786 1141 968 1173 monasterii
997 1151 1171 1183 consensu,

434 1202 500 1224 sese
522 1192 695 1225 formaliter
719 1193 964 1236 opposuerint2,
990 1194 1080 1227 nobis
1104 1205 1173 1238 pro-

434 1251 542 1288 pterea
565 1245 665 1278 dictae
689 1252 881 1290 exponentes
914 1247 1076 1280 humiliter
1098 1259 1171 1291 sup—

433 1298 542 1340 plicari
575 1299 735 1341 fecerunt,
768 1305 802 1333 nt
833 1301 913 1333 infra
942 1301 1110 1345 providere
1135 1302 1173 1333 de

433 1351 625 1394 benignitate
648 1354 820 1396 apostolica
844 1354 1060 1397 dignaremur.

478 1405 492 1448 ξ
517 1404 546 1438 02.
571 1406 634 1439 Nos
658 1406 763 1449 igitur,
782 1407 907 1440 easdem
925 1407 1113 1451 specialibus
1133 1408 1173 1440 sa-

435 1458 561 1492 voribus
587 1463 616 1493 et
645 1460 753 1502 gratiis
785 1461 934 1504 prosequi
968 1461 1116 1503 volentes,
1142 1466 1172 1494 et

433 1522 541 1544 earum
574 1513 747 1555 singulares
778 1525 929 1558 personas
961 1525 978 1547 a
1010 1514 1172 1558 quibusvis

433 1566 782 1607 excommunicationis,
806 1573 878 1610 etc.7
904 1573 1087 1609 censentes,
1115 1568 1173 1600 liu-

433 1618 566 1652 iusmodi
592 1620 874 1663 supplicationibus
898 1621 1047 1660 inclinati,
1066 1621 1103 1653 de
1126 1632 1172 1653 ve-

434 1672 620 1704 nerabilium
653 1673 783 1705 fratrum
816 1679 997 1706 nostrorum
1023 1674 1051 1707 S.
1078 1675 1111 1706 r..
1137 1675 1168 1706 E.

434 1725 637 1758 cardinalium
664 1727 803 1769 negociis
827 1727 1020 1770 regularium
1042 1738 1171 1771 praepo-

434 1778 564 1811 sitorum
595 1779 744 1821 consilio,
769 1780 915 1813 volumus
946 1785 974 1812 et
999 1781 1188 1824 apostolic-fu

433 1832 617 1864 auctoritate
649 1837 756 1865 tenore.
789 1834 1000 1876 praesentium
1031 1833 1170 1866 deelara-

434 1895 519 1926 mus,
543 1886 697 1928 praefatas
722 1886 873 1919 moniales
905 1897 1070 1920 conversas
1103 1898 1171 1920 mo-

431 1939 559 1971 nasterii
585 1939 765 1973 huiusmodi
790 1941 856 1974 sore
885 1946 911 1973 et
942 1952 1008 1973 esse
1035 1947 1189 1982 manuteq

433 1992 550 2025 nendas
575 1993 604 2025 in
622 1994 828 2036 possessione,
851 1995 898 2026 vel
919 1995 1016 2037 quasi,
1035 1995 1169 2037 eligendi
1187 1990 1188 1994 ’

433 2045 619 2078 abbatissam
634 2049 695 2079 una
713 2058 782 2079 cum
802 2047 870 2080 aliis
892 2048 1080 2080 monialibus
1102 2049 1171 2081 clio-

433 2098 517 2131 ristis
543 2099 624 2133 iuxta
655 2100 880 2143 praescriptam
912 2106 939 2133 et
972 2100 1189 2146 immemora->

434 2151 528 2184 bilem
555 2153 825 2192 consuetudinem,
844 2154 874 2185 in
899 2164 970 2197 qua,
984 2159 1018 2186 ut
1035 2154 1172 2197 praeser-

435 2211 495 2247 tur,
521 2216 552 2238 se
577 2217 608 2238 se
632 2206 725 2239 fuisse
750 2210 780 2240 et
803 2217 872 2239 esse
897 2207 1098 2240 contendunt.

479 2259 494 2301 ξ
509 2258 538 2291 3.
564 2259 773 2292 Decernentes
790 2265 971 2303 praesentes
988 2261 1106 2294 litteras
1124 2271 1171 2293 va-

437 2312 523 2353 lidas,
547 2313 655 2345 firmas
679 2318 709 2345 et
733 2314 874 2347 ellicaces
898 2314 1032 2346 existere
1049 2318 1078 2347 et
1095 2314 1170 2355 sore,

435 2376 570 2410 suosque
590 2367 747 2410 plenarios
765 2373 794 2400 et
811 2368 950 2411 integros
967 2368 1095 2401 ess'ectus
1109 2378 1172 2400 sor-

435 2418 485 2450 tiri
509 2425 537 2451 et
563 2419 716 2460 obtinere,
742 2420 878 2464 ipsisque
896 2421 1123 2464 exponentibus
1142 2421 1170 2452 in

435 2472 579 2505 omnibus
604 2478 633 2505 et
657 2483 713 2516 per
736 2474 840 2506 omnia
871 2473 1055 2516 suffragari,
1081 2479 1110 2506 et
1134 2474 1171 2506 ab

434 2526 590 2568 omnibus,
617 2526 653 2558 ad
678 2538 756 2569 quos
773 2532 892 2570 spectat
909 2533 938 2559 et
954 2538 1012 2570 pro
1030 2532 1171 2570 tempore

472 2596 481 2619 t
501 2594 601 2622 Forsan
616 2596 722 2630 legend.
739 2597 919 2631 disponentis
933 2598 973 2632 (n.
990 2599 1039 2630 T.).

472 2639 487 2665 '2
503 2640 571 2665 Male
587 2640 650 2667 edit.
669 2640 747 2667 Main.
766 2641 828 2676 legit
845 2643 1033 2676 apposuerint
1047 2643 1087 2676 (a.
1105 2642 1152 2675 r).

1011 240 1189 265 numantini
1213 240 1367 266 ROMANUM

436 288 607 328 triennalis,
632 288 749 330 absque
774 287 1013 331 participatione
1038 289 1193 321 ministri*

1207 288 1368 332 spectabit,
1392 288 1613 322 inviolabiliter
1637 286 1796 324 observari
1820 290 1946 332 debere,

1207 351 1242 374 ac
1260 341 1396 382 irritum,
1411 346 1479 383 etc.⁷
1493 343 1647 375 attentari.
1665 344 1733 376 Non
1748 344 1945 378 obstantibus

1207 394 1481 427 constitutionibus
1506 400 1535 427 et
1557 394 1806 429 ordinationibus
1825 403 1946 440 aposto-

1207 447 1285 488 licis,
1310 457 1346 480 ac
1369 448 1552 481 monasterii
1584 453 1614 481 et
1644 447 1767 481 Ordinis
1791 449 1945 492 praefato-

1208 511 1289 542 rum,
1314 501 1446 541 etiamsi,
1471 507 1540 544 eto,
1559 501 1847 543 consuetudinibus,
1864 507 1943 536 cete-

1208 554 1312 597 risque
1337 555 1505 587 contrariis
1529 555 1789 599 quibuscumque.

1250 608 1360 640 Datum
1375 609 1501 648 Romae,
1512 608 1596 652 apud
1609 608 1637 641 S.
1649 608 1774 641 Mariam
1784 609 1944 650 Maiorem,

1207 660 1265 693 sub
1285 661 1400 694 annulo
1421 661 1598 702 piscatoris,
1621 662 1671 694 die
1695 672 1737 695 xv
1760 662 1943 695 novembris

1207 724 1394 756 ilincxxxvu,
1408 715 1608 759 pontificatus
1629 716 1728 749 nostri
1750 726 1831 749 anno
1848 726 1901 749 xv.

1243 777 1301 805 Dat.
1319 778 1362 805 die
1381 779 1411 806 15
1426 779 1581 806 novembris
1599 779 1677 812 1637,
1698 779 1792 815 pontif.
1809 787 1880 806 anno
1901 785 1945 806 xv,

1481 921 1672 954 DLXXXVII.

1190 1025 1191 1034 i
1209 1001 1354 1035 Consulit
1372 1001 1501 1034 iuribus
1521 1001 1552 1034 S.
1574 1001 1610 1034 R.
1632 1002 1666 1035 E.
1685 1002 1722 1034 in
1742 1001 1892 1034 electione
1916 1005 1945 1034 et

1251 1054 1496 1096 confirmatione
1539 1055 1747 1097 imperatoris
1787 1054 1947 1087 Romano-

1250 1118 1320 1140 rum
1332 1107 1349 1139 ¹.

1411 1189 1545 1216 Urbanus
1566 1189 1644 1222 Papa
1664 1189 1742 1221 VIII,

1350 1233 1386 1260 ad
1406 1233 1537 1260 futuram
1557 1234 1602 1261 rei
1622 1233 1803 1261 memoriam.

1250 1305 1264 1347 ξ
1290 1304 1317 1336 ’1.
1343 1305 1487 1348 Acceptis
1519 1315 1622 1348 nuper
1651 1315 1668 1337 a
1700 1305 1887 1338 charissimo
1913 1305 1943 1337 in

1206 1357 1328 1391 Christo
1342 1357 1407 1391 filio
1424 1363 1531 1391 nostro
1548 1358 1747 1391 Ferdinando
1764 1358 1943 1401 Hungariae

1206 1416 1236 1443 et
1260 1411 1428 1444 Bohemiae
1458 1411 1525 1454 regi
1558 1411 1670 1445 illustri
1704 1411 1784 1444 binis
1816 1412 1943 1452 litteris,

1206 1463 1319 1506 quibus
1343 1463 1435 1496 nobis
1460 1463 1656 1506 significabat
1678 1474 1710 1497 se
1735 1464 1766 1496 in
1791 1469 1943 1497 conventu

1206 1516 1364 1549 electorali
1383 1516 1569 1549 Ratisbonae
1589 1517 1697 1549 habito
1715 1517 1745 1549 in
1763 1527 1870 1559 regem
1889 1517 1945 1550 Ro·
1961 1534 1982 1547 ,ψ

1206 1577 1371 1599 manorum
1398 1568 1537 1599 futurum
1564 1567 1786 1611 imperatorem
1812 1568 1943 1600 electum

1206 1631 1283 1660 esse,
1310 1620 1380 1664 piae
1405 1631 1480 1653 vero
1512 1621 1683 1653 memoriae
1712 1620 1944 1653 Ferdinandum

1206 1675 1420 1708 Romanorum
1442 1685 1549 1717 regem
1567 1675 1791 1718 imperatorem
1810 1674 1942 1707 electum

1205 1727 1271 1760 eius
1296 1727 1471 1769 genitorem
1492 1727 1579 1759 brevi
1600 1727 1799 1770 postmodum
1818 1727 1942 1767 obiisse⁷

1206 1779 1323 1812 ideirco
1348 1779 1378 1811 in
1403 1779 1525 1812 duabus
1550 1780 1700 1823 cappellis
1714 1780 1892 1823 pontificiis,
1915 1779 1944 1811 in

1206 1835 1313 1866 nostra
1347 1838 1376 1865 et
1401 1833 1629 1865 venerabilium
1661 1833 1794 1865 fratrum
1820 1838 1945 1866 nostro-

1187 1895 1275 1919 *rum
1301 1888 1329 1919 S.
1350 1887 1382 1919 ll.
1408 1887 1440 1919 Ε.
1462 1887 1668 1919 cardinalium
1693 1887 1879 1930 praesentia,
1902 1897 1946 1919 sa-

1205 1946 1369 1973 crosancto
1394 1940 1507 1973 missae
1525 1941 1680 1974 sacrificio
1697 1941 1880 1973 solemniter
1897 1950 1944 1973 ce-

1206 1995 1336 2035 lebrato,
1364 1994 1394 2026 in
1419 1994 1543 2027 illarum
1576 1995 1679 2038 prima
1711 2000 1858 2038 respectu
1882 1994 1943 2027 ele-

1206 2047 1316 2080 ctionis
1341 2047 1459 2089 gratiae
1484 2048 1547 2080 Deo
1573 2047 1777 2090 omnipotenti
1803 2052 1898 2088 actae,
1917 2051 1945 2080 et

1207 2100 1237 2132 in
1262 2101 1397 2133 secunda
1423 2111 1481 2143 pro
1509 2100 1605 2143 ipsius
1630 2099 1782 2142 genitoris
1806 2100 1943 2133 defuncti

1206 2153 1327 2185 animae
1348 2153 1513 2195 refrigerio
1539 2163 1648 2196 preces
1666 2153 1788 2185 oblatae
1809 2153 1944 2185 suerunt.

1207 2207 1380 2247 Praeterea,
1395 2207 1473 2240 sicut
1490 2207 1657 2239 nonnullae
1671 2207 1750 2239 aliae
1769 2206 1944 2239 functiones

1207 2261 1453 2304 praemissorum
1469 2260 1632 2293 occasione
1647 2260 1715 2293 sieri
1733 2260 1841 2293 solitae
1860 2260 1944 2293 iussu

1206 2314 1298 2346 etiam
1324 2319 1432 2347 nostro
1457 2314 1554 2347 factae
1579 2314 1764 2355 extiterunt,
1790 2314 1831 2345 ita
1851 2313 1942 2345 etiam

1206 2368 1337 2411 reliqua,
1363 2378 1419 2410 per
1444 2368 1602 2400 Romanos
1628 2367 1791 2400 Pontifices
1811 2366 1943 2410 praede-

1206 2431 1348 2453 cessores
1372 2425 1497 2454 nostros
1515 2421 1622 2464 peragi
1644 2425 1803 2460 consueta,
1819 2419 1945 2452 benedi—

1206 2480 1294 2507 cente
1319 2475 1451 2507 Domino
1476 2484 1638 2517 peragere,
1663 2474 1893 2517 praedictisque
1915 2479 1943 2506 et

1205 2528 1273 2560 aliis
1298 2527 1439 2561 eiusdem
1464 2527 1651 2560 Ferdinandi
1667 2527 1755 2560 electi
1773 2527 1885 2559 litteris
1904 2526 1942 2559 ad

1245 2643 1250 2668 l
1273 2642 1308 2668 Ex
1327 2642 1432 2677 Regest.
1452 2643 1476 2669 iu
1494 2643 1593 2669 Secret,
1614 2643 1745 2669 brevium*

1960 242 2010 271 An.
2023 243 2052 270 C.
2077 243 2142 271 1637

1981 1316 2076 1336 Declarat
2088 1321 2144 1336 men·

1961 1345 2000 1362 tem
2022 1349 2080 1362 suam
2104 1349 2144 1362 non

1961 1369 2024 1389 fnisse
2035 1375 2071 1395 per
2083 1374 2145 1395 quos-

1960 1401 2049 1420 cumque
2084 1398 2143 1415 actus

1960 1428 1985 1442 ar
2006 1422 2076 1442 titulos
2092 1421 2144 1442 Fer-

1961 1449 2046 1469 ·linantli
2055 1448 2071 1469 11
2083 1450 2101 1468 in
2114 1454 2145 1468 re-

1962 1482 2005 1499 gem
2039 1475 2145 1495 Romanu-

1962 1508 2012 1523 rum.
2028 1507 2051 1521 ae
2072 1502 2143 1521 furtaq-

1999 1529 2062 1548 etiam
2081 1528 2145 1552 impo-

1962 1557 2051 1575 νήπια-ιη
2067 1571 2072 1577 ,
2101 1555 2146 1573 ele-

1961 1585 2050 1601 ctionem
2071 1582 2144 1600 confir<

1961 1615 1979 1628 m
1989 1614 2025 1628 ire.
