2248 3229
102 245 152 272 An.
167 243 196 272 C.
218 244 283 272 1631

128 886 268 908 Prooemium.

131 1471 213 1492 Causae
224 1471 288 1492 huius

104 1498 272 1519 Constitutionis.

917 242 1058 268 unnANUS
1080 241 1138 266 VIII
1161 242 1211 266 PP-

616 290 727 325 CDXll.

301 371 475 405 Indultum
496 382 557 416 pro
581 371 741 415 fratribus
757 372 943 415 reformatis
967 371 1043 404 Dis-

344 425 495 458 calcecttis
520 425 753 458 Sanctissimae
780 425 956 458 Trinitatis
986 435 1039 457 re-

344 477 539 521 demptionis
547 478 749 521 captivorum
758 478 942 521 Hispaniae
949 488 967 521 q
973 487 1043 510 uae-

345 530 587 574 i'etidi,petetzdi
593 534 621 563 et
631 529 809 573 recipiendi
816 531 1042 573 eleemosynas,

345 582 520 616 oblationes
539 587 569 616 et
591 582 708 625 legata,
732 593 769 615 ac
785 582 856 615 alia
871 593 1043 626 quaecum-

345 645 408 679 que
424 634 577 681 subsidia
588 645 648 679 pro
663 635 884 679 'redemptione
900 635 1042 680 captivo-

345 699 420 721 rum
443 689 568 722 relicta.

495 759 632 787 Urbanus
669 760 747 795 Papa
771 760 848 794 vm,

425 804 462 832 ad
480 806 655 839 perpetuam
674 805 718 832 rei
737 804 918 833 memoriam.

346 874 388 908 Ex
400 874 592 908 incumbenti
604 874 696 909 nobis
709 874 845 919 desuper
853 874 1043 918 apostolicae

301 927 461 961 servitutis
485 927 591 961 officio
615 927 782 971 religiosos
805 927 906 967 viros,
930 927 1043 960 divinis

301 979 461 1024 obsequiis
492 991 529 1014 ac
561 980 722 1014 charitatis
753 985 784 1012 et
807 980 1043 1013 misericordiae

301 1033 468 1078 operibus,
493 1033 681 1078 praesertim
705 1043 780 1066 vero
804 1032 945 1066 fidelium
970 1043 1044 1077 cap-

303 1087 438 1121 tivorum
462 1086 681 1131 redemptioni,
706 1091 870 1128 vacantes,
894 1088 1044 1131 pastorali

301 1140 495 1183 benignitate
509 1140 760 1184 complectimur,
773 1145 871 1184 utque
882 1141 913 1173 in
923 1151 1045 1174 eorum-

302 1193 374 1227 dem
382 1203 515 1238 operum
528 1193 677 1227 exercitio
692 1194 793 1237 magis
808 1194 1044 1237 confoveantur,

301 1257 338 1280 ac
356 1252 427 1280 vota
440 1256 496 1280 sua
512 1247 645 1281 Domino
662 1246 795 1280 reddere
815 1248 947 1289 valeant,
966 1248 1046 1281 favo-

302 1300 390 1333 ribus
414 1305 445 1333 et
467 1300 828 1344 gratiis'prosequimur
847 1302 1045 1345 opportunis,

303 1359 397 1398 prout
421 1354 633 1398 conspicimus
664 1354 696 1387 in
719 1353 853 1388 Domino
877 1355 1046 1388 salubriter

303 1406 461 1450 expedire.

348 1460 363 1503 g
387 1460 416 1493 1.
442 1459 562 1504 Exponi
586 1459 741 1504 siquidem
766 1459 857 1494 nobis
881 1470 982 1505 nuper
1006 1461 1047 1494 se-

303 1518 415 1547 cerunt
430 1513 533 1547 dilecti
548 1513 605 1546 filii
622 1513 747 1548 Gabriel
767 1513 806 1547 de
824 1515 1046 1558 Assumptione

303 1566 446 1599 minister
477 1566 633 1610 generalis
668 1570 699 1601 et
729 1572 919 1611 procurator
951 1568 1044 1601 etiam

303 1619 459 1662 generalis
483 1619 617 1652 fratrum
642 1619 908 1653 Disealceatorum
925 1630 1045 1654 nuncu-

303 1678 450 1717 patorum
482 1673 606 1708 Ordinis
638 1674 858 1708 Sanctissimae
886 1675 1045 1709 Trinitatis

302 1726 527 1771 redemptionis
559 1727 755 1771 captivorum
790 1728 1045 1772 congregationis

303 1779 543 1824 Hispaniarum,
563 1780 647 1824 quod
671 1781 757 1822 alias,
781 1781 880 1814 felicis
896 1781 1044 1815 recorda-

303 1833 397 1867 tionis
420 1833 548 1867 Nicolao
565 1834 667 1878 Papae
683 1834 721 1867 lv
736 1834 973 1878 praedecessori
984 1844 1045 1869 -no-

303 1892 368 1920 stro
390 1897 450 1931 pro
473 1891 562 1931 parte
585 1892 660 1920 tunc
680 1887 878 1921 existentium
897 1898 1046 1932 procura-

302 1940 380 1973 toris
392 1940 526 1973 fratrum
549 1940 662 1974 domus
678 1940 707 1974 S.
722 1941 836 1974 Mariae
849 1941 888 1974 de
903 1942 1045 1975 Mercede

303 1993 504 2037 Captivorum
545 1999 743 2037 nuncupatae
782 1994 1045 2028 Barchinonensis

303 2045 428 2079 Ordinis
452 2045 482 2079 S.
506 2046 673 2088 Augustini
697 2046 851 2090 exposito,
877 2047 963 2090 quod
983 2047 1045 2091 ipsi

303 2099 410 2132 omnia
425 2109 491 2140 sua,
508 2109 588 2143 quae
601 2099 768 2142 habebant,
790 2100 925 2133 sollicito
943 2101 1045 2134 studio

304 2163 362 2196 pro
387 2152 583 2196 captivorum
607 2153 826 2197 redemptione
841 2154 1045 2197 reponebant,

304 2206 500 2250 proindeque
524 2206 693 2249 cupiebant
716 2206 858 2239 exhiberi
883 2207 942 2248 eis,
966 2217 1046 2251 quae

305 2270 363 2303 pro
387 2259 614 2303 redemptionis
643 2259 839 2303 captivorum
864 2260 1046 2294 huiusmodi

305 2323 322 2345 a
359 2311 616 2345 christifidelibus
654 2312 930 2356 relinquebantur,
963 2314 1045 2347 idem

305 2366 452 2400 Nicolaus
474 2365 698 2410 praedecessor
718 2373 792 2400 tunc
815 2366 959 2401 existenti
985 2369 1048 2412 epi—

306 2430 402 2465 scopo
426 2420 714 2463 Caesaraugustam
730 2431 788 2464 per
812 2431 885 2454 suas
911 2421 1047 2466 desuper

306 2473 467 2517 expeditas
479 2473 609 2515 litteras,
620 2472 677 2506 sub
687 2473 782 2507 certis
794 2473 890 2507 modo
901 2479 930 2508 et
945 2475 1047 2508 forma

307 2532 382 2560 tunc
405 2527 571 2571 expressis,
591 2526 676 2559 dedit
699 2527 731 2560 in
754 2527 917 2569 mandatis,
942 2534 1048 2572 quate-

1076 290 1297 334 relinquuntur
1320 297 1378 334 pro
1401 287 1619 333 redemptione
1634 287 1816 322 huiusmodi

1076 344 1216 377 facienda
1248 344 1330 387 (illis
1361 343 1522 376 dumtaxat
1548 342 1703 387 exceptis,
1735 352 1816 386 quae

1076 397 1169 429 certis
1193 401 1223 429 et
1247 397 1404 440 expressis
1420 396 1564 440 personis
1582 396 1613 429 in
1637 395 1817 439 captivitate

1075 449 1208 482 detentis
1232 450 1341 482 relicta
1369 450 1417 482 vel
1449 449 1576 482 dimissa
1606 459 1674 482 esse
1703 458 1814 482 cense-

1077 503 1203 545 rentur)
1223 502 1324 546 priori
1350 506 1380 536 et
1404 502 1552 535 fratribus
1576 502 1745 546 praedictis
1769 513 1818 535 ex-

1075 555 1179 588 hiberi
1200 555 1326 596 faceret,
1344 561 1439 599 prout
1456 556 1486 588 in
1506 556 1597 589 dietis
1620 556 1732 589 litteris
1751 556 1817 600 ple-

1075 608 1146 641 nius
1171 607 1357 641 continetur.
1375 608 1450 642 Cum
1475 614 1588 650 autem,
1608 609 1687 641 sicut
1709 608 1817 642 eadem

1078 661 1230 705 expositio
1251 661 1470 704 subiungebat,
1491 662 1660 706 proprium
1677 672 1713 695 ac
1732 673 1820 705 prac-

1077 715 1204 758 cipuum
1216 715 1351 748 fratrum
1368 715 1633 749 Disealceatorum
1645 715 1819 759 praedicto-

1077 779 1148 801 rum
1166 768 1342 803 institutum
1357 769 1393 801 sit
1409 768 1629 802 christifideles
1646 768 1677 801 in
1695 769 1820 802 teterri-

1077 823 1129 855 ma
1144 822 1318 855 infidelium
1333 822 1482 855 servitute
1497 822 1638 855 detentos
1652 822 1819 864 redimere,

1078 880 1117 916 ct,
1136 885 1198 919 quo
1216 875 1394 919 redemptio
1413 875 1595 909 huiusmodi
1615 876 1774 920 copiosius
1790 881 1821 910 et

1077 928 1274 972 frequentius
1291 928 1355 969 fiat,
1372 928 1457 961 iuxta
1474 939 1586 961 eorum
1609 929 1737 971 regulae
1762 929 1822 962 dis-

1077 982 1266 1026 positionem
1281 986 1438 1023 caveatur,
1451 987 1485 1015 ut
1498 981 1545 1014 in¹
1560 982 1706 1015 omnibus
1722 982 1820 1026 ipsius

1079 1035 1333 1078 congregationis
1346 1035 1550 1068 conventibus
1567 1035 1657 1069 tertia
1672 1045 1745 1078 pars
1758 1045 1822 1069 om-

1077 1089 1166 1122 nium
1177 1089 1335 1122 bonorum
1352 1078 1666 1133 &eleemosynarum
1684 1089 1723 1122 ad
1738 1089 1822 1122 hunc

1079 1142 1224 1176 effectum
1251 1147 1434 1186 separetur,
1459 1141 1621 1174 facultates
1646 1151 1721 1175 vero
1746 1152 1822 1185 pro-

1079 1196 1167 1240 priae
1185 1195 1223 1229 ad
1236 1195 1419 1229 huiusmodi
1442 1195 1530 1239 pium
1543 1195 1670 1239 Deoque
1684 1195 1821 1228 maxime

1079 1254 1243 1293 acceptum
1268 1259 1348 1292 opus
1379 1248 1596 1292 peragendum
1621 1258 1822 1292 nequaquam

1080 1303 1247 1343 sufficiant,
1266 1312 1302 1335 ac
1327 1301 1579 1335 christifidelium
1605 1302 1823 1346 eleemosynae

1080 1356 1119 1389 ad
1143 1356 1175 1389 id
1206 1356 1295 1389 valde
1327 1360 1525 1400 opportunae
1553 1355 1706 1388 existant:
1730 1355 1822 1388 nobis

1080 1413 1248 1453 propterea
1273 1408 1399 1442 Gabriel
1431 1414 1462 1441 et
1485 1412 1671 1452 procurator
1700 1408 1824 1452 praedi-

1080 1463 1120 1495 cti
1142 1461 1304 1495 humiliter
1329 1461 1499 1505 supplicari
1523 1462 1686 1502 fecerunt,
1710 1466 1745 1494 ut
1769 1461 1823 1494 de-

1080 1525 1176 1559 super
1189 1520 1368 1559 opportune
1384 1514 1551 1558 providere
1574 1514 1613 1548 de
1629 1514 1823 1557 benignitate

1079 1569 1252 1612 apostolica
1277 1569 1492 1612 dignaremur.

1125 1622 1140 1665 g
1164 1622 1226 1655 Nos
1243 1622 1350 1665 igitur,
1369 1622 1484 1655 fratres
1503 1621 1713 1656 Discalceatos
1734 1632 1823 1667 prae-
1838 1634 2022 1688 quffiiuffiae?

1079 1676 1181 1709 dictos
1208 1676 1240 1709 in
1260 1675 1443 1710 huiusmodi
1467 1676 1528 1720 piis
1552 1680 1582 1708 et
1610 1676 1725 1709 sanctis
1750 1687 1824 1721 ope-

1081 1729 1168 1762 ribus
1197 1729 1364 1762 confovere
1393 1739 1429 1762 ac
1453 1728 1641 1773 specialibus
1665 1729 1824 1763 favoribus

1080 1787 1111 1816 et
1137 1781 1247 1825 gratiis
1274 1782 1426 1826 prosequi
1455 1783 1596 1816 volentes
1613 1809 1620 1823 ,
1651 1787 1682 1815 et
1711 1792 1728 1815 a
1759 1783 1825 1827 qui-

1078 1835 1185 1868 busvis
1221 1835 1576 1876 excommunicationis,
1607 1836 1825 1880 suspensionis

1079 1893 1110 1922 et
1133 1887 1471 1932 interdicti,⁴aliisque
1502 1888 1721 1922 ecclesiasticis
1745 1899 1821 1923 cen-

1080 1942 1162 1975 suris
1186 1946 1217 1975 et
1239 1941 1371 1986 poenis,
1401 1951 1419 1974 a
1448 1941 1518 1974 iure
1547 1942 1595 1975 vel
1615 1941 1655 1975 ab
1678 1942 1824 1984 homine,

1080 1995 1190 2038 quavis
1209 1994 1376 2028 occasione
1393 1994 1440 2027 vel
1458 2004 1552 2028 causa
1567 1995 1647 2036 latis,
1666 1995 1690 2028 si
1708 1996 1825 2039 quibus

1081 2047 1321 2091 quomodolibet
1344 2047 1484 2081 innodati
1509 2047 1663 2089 existunt,
1687 2048 1726 2081 ad
1750 2049 1825 2082 effe.-

1082 2106 1167 2134 etum
1191 2100 1406 2144 praesentium
1438 2100 1600 2134 dumtaxat
1629 2111 1823 2146 consequen<

1081 2153 1167 2195 dum,
1180 2153 1294 2187 harum
1307 2154 1388 2187 serie
1402 2153 1602 2188 absolventes
1619 2159 1649 2188 et
1661 2155 1824 2189 absolutos

1082 2208 1148 2241 fore
1174 2212 1335 2241 censentes
1350 2235 1357 2249 ,
1382 2208 1564 2241 huiusmodi
1592 2209 1824 2253 supplicationi-

1080 2261 1140 2294 bus
1168 2260 1328 2302 inclinati,
1352 2261 1391 2294 de
1428 2261 1655 2295 venerabilium
1691 2263 1823 2297 fratrum

1081 2319 1263 2348 nostrorum
1278 2319 1403 2348 sanctae
1417 2316 1576 2349 Romanae
1588 2316 1745 2350 Ecclesiae
1761 2328 1825 2351 car-

1082 2367 1233 2401 dinalium
1253 2368 1388 2411 negotiis
1412 2369 1607 2412 regularium
1632 2371 1825 2414 praeposito-

1081 2431 1152 2454 rum
1178 2420 1327 2461 consitio,
1345 2421 1495 2455 fratribus
1519 2422 1718 2456 Discalceatis
1737 2434 1826 2467 prae-

1082 2475 1182 2515 dictis,
1202 2484 1286 2508 nunc
1310 2480 1340 2508 et
1356 2486 1414 2519 pro
1439 2481 1582 2519 tempore
1607 2476 1823 2521 existentibus,

1081 2528 1165 2572 quod
1183 2528 1287 2562 omnia
1305 2534 1333 2561 et
1352 2528 1474 2572 singula
1499 2529 1722 2575 eleemosynaS,
1739 2531 1824 2565 obla-

307 2590 367 2614 nus
389 2580 548 2624 pecunias,
573 2584 684 2620 terras,
707 2581 924 2624 possessiones
942 2587 972 2614 et
988 2582 1048 2615 alia
1082 2583 1180 2616 tiones
1204 2587 1298 2626 atque
1321 2583 1441 2626 legata,
1466 2588 1528 2616 tam
1553 2592 1591 2616 ex
1615 2588 1822 2627 testamento,

306 2633 407 2676 bona,
431 2643 511 2678 quae
534 2633 725 2678 generaliter
747 2644 766 2667 a
789 2634 1047 2669 christifidelibus

1118 2646 1129 2672 1
1147 2645 1246 2681 Praep.
1262 2645 1296 2673 in
1311 2652 1359 2674 nos
1374 2644 1500 2674 addimus
1513 2645 1553 2680 (u.
1570 2645 1619 2680 r).

1721 230 1786 265 ⁶239
1831 239 1881 269 An.
1900 240 1929 269 C.
1948 240 2010 269 1631
