2248 3229
89 237 138 264 An.
159 236 187 264 C.
206 236 273 265 1635

144 1147 271 1177 Fulminatio

87 1180 222 1195 censurarum
251 1181 270 1194 tn

87 1201 271 1222 contrafacientes.

138 1731 202 1753 Fides
216 1731 273 1752 exhi-

89 1759 158 1788 benda
170 1760 273 1779 transum-

89 1788 137 1811 pti«.

906 237 1048 262 URBANUS
1072 237 1129 262 vm
1152 237 1201 261 I’P.

285 284 407 328 poenis,
425 294 442 316 a
463 283 531 316 iure
555 284 602 316 vel
627 284 665 316 ab
691 285 828 326 homine,
847 285 955 329 quavis
980 297 1027 319 oc-

287 337 411 370 casione
436 337 484 370 vel
510 339 602 370 causa
621 338 700 379 latis,
723 339 747 371 si
765 339 880 382 quibus
896 349 1027 382 quomo-

285 389 405 422 dolibet
429 390 594 423 innodatae
619 391 776 430 existunt,
809 391 846 423 ad
879 391 1024 424 effectum

284 443 496 485 praesentium
512 444 672 478 dumtaxat
686 445 952 488 consequendum,
972 445 1026 477 ha-

285 505 355 528 rum
384 497 464 529 serie
495 498 692 530 absolventes
718 503 745 529 et
771 498 929 530 absolutas
961 498 1027 530 sore

286 555 458 591 censentes,
471 550 753 593 supplicationibus
771 561 880 584 eorum
900 550 1027 584 nomine

285 602 376 635 nobis
401 613 495 646 super
518 597 579 636 boc
612 604 772 636 humiliter
801 604 955 647 porrectis
980 604 1025 635 in-

285 655 401 694 clinati,
415 655 453 688 de
466 656 649 689 eorumdem
662 657 869 690 cardinalium
884 656 1026 695 consilio,

284 709 464 752 praeposito
493 713 522 742 et
550 710 699 743 fratribus
725 710 922 743 Discalceatis
951 709 1025 742 dicti

284 759 409 794 Ordinis
439 763 693 805 congregationis
718 763 746 796 S.
772 763 856 796 Eliae
886 772 969 795 nunc
998 767 1027 794 et

284 824 342 857 pro
366 820 509 859 tempore
534 816 738 849 existentibus
760 816 790 849 in
816 817 931 850 virtute
956 825 1024 848 san-

284 873 351 900 ctae
375 868 572 902 obedientiae
596 869 809 913 praecipimus
840 874 869 902 et
898 869 1025 901 manda-

284 931 363 963 muS,
377 927 411 955 ut
428 932 474 962 ea,
488 933 567 966 quae
584 922 815 963 christifideles,
827 922 865 954 ad
880 922 1026 956 effectum

284 975 532 1018 praemissorum
550 987 609 1020 pro
631 981 774 1020 tempore
794 975 980 1008 donaverint
997 981 1027 1008 et

283 1030 494 1071 erogaverint,
519 1029 550 1062 in
574 1029 753 1073 praedictos
774 1033 803 1062 et
820 1039 883 1062 non
900 1029 931 1062 in
949 1028 1027 1062 alios

285 1091 361 1114 usus
387 1085 580 1115 convertant.

330 1135 345 1177 ξ
361 1134 390 1168 3.
405 1135 493 1174 Quod
511 1136 536 1168 si
553 1145 642 1168 secus
659 1135 798 1175 fecerint,
813 1134 1027 1168 excommuni-

286 1187 416 1220 cationis
429 1188 558 1221 maioris
570 1188 651 1221 latae
665 1188 835 1222 sententiae
849 1198 995 1232 poenam,
1009 1198 1026 1220 a

286 1243 348 1285 qua
364 1251 428 1274 non
445 1242 483 1274 ab
499 1242 559 1276 alio
576 1253 669 1287 quam
687 1253 704 1275 a
721 1243 862 1276 Romano
877 1241 1026 1275 Pontifice

285 1300 505 1339 praeterquam
538 1296 570 1328 in
601 1296 712 1330 mortis
742 1296 874 1329 articulo
909 1295 1026 1328 absolvi

285 1349 415 1392 possint,
440 1350 603 1383 incurrant
619 1360 655 1382 eo
674 1350 750 1394 ipso.
768 1350 805 1382 Et
822 1349 1027 1382 nihilominus

285 1407 460 1443 teneantur,
485 1413 565 1447 quae
589 1403 852 1446 consumpserint,
875 1402 913 1435 ad
938 1413 1028 1446 prae-

285 1454 404 1489 dictum
417 1466 496 1499 opus
510 1456 676 1489 restituere
690 1461 719 1488 et
737 1466 773 1489 ex
786 1455 877 1488 honis
891 1455 1025 1488 aliorum

286 1514 496 1542 conventuum
522 1510 733 1552 reintegrare;
752 1519 815 1542 non
833 1509 1027 1542 obstantibus

287 1562 563 1596 constitutionibus
599 1566 629 1596 et
659 1562 909 1596 ordinationibus
945 1573 1025 1606 apo-

288 1615 418 1656 stolicis,
444 1615 618 1659 ceterisque
643 1615 808 1650 contrariis
826 1615 1029 1659 quibuscum-

288 1678 361 1713 que.

331 1721 346 1765 §
371 1721 400 1754 4.
427 1722 577 1755 Volumus
602 1726 723 1765 autem,
750 1727 783 1754 ut
813 1722 1026 1766 praesentium

288 1776 503 1819 transumptis,
528 1776 622 1808 etiam
647 1776 826 1819 impressis,
852 1787 945 1809 manu
971 1777 1027 1809 ali-

289 1829 377 1862 cuius
396 1830 510 1862 notarii
535 1830 652 1873 publici
673 1830 868 1874 subscriptis,
883 1836 912 1863 et
925 1831 1028 1874 sigillo

288 1883 420 1915 alicuius
435 1893 589 1927 personae
604 1883 635 1915 in
649 1883 800 1925 dignitate
817 1884 1027 1917 ecclesiastica

288 1936 477 1969 constitutae
502 1936 640 1975 munitis,
667 1936 774 1968 eadem
799 1947 931 1979 prorsus
951 1937 1028 1970 fides

287 1988 482 2029 adhibeatur,
507 1999 586 2032 quae
611 1989 686 2032 ipsis
710 1990 929 2032 praesentibus
945 1990 1029 2022 adhi-

286 2040 426 2081 beretur,
451 2041 476 2074 si
500 2042 602 2075 forent
623 2042 777 2074 exhibitae
803 2043 849 2075 vel
876 2048 1026 2076 ostensae.

331 2094 442 2127 Datum
478 2095 611 2134 Romae,
632 2095 714 2138 apud
734 2095 762 2128 S.
787 2096 914 2128 Mariam
938 2096 1029 2129 Maio-

287 2158 365 2189 rem,
379 2148 437 2181 sub
457 2149 573 2182 annulo
588 2149 767 2189 Piscatoris,
786 2149 836 2182 die
854 2159 919 2182 ΚΜ]
933 2160 1029 2192 augu-

288 2201 326 2234 sti
343 2211 505 2243 nncxxxV,
522 2202 723 2246 pontificatus
736 2203 836 2235 nostri
855 2213 937 2236 anno
958 2213 1024 2235 xm.

325 2263 382 2291 Dat.
404 2263 446 2291 die
466 2264 500 2291 ⁹22
519 2265 625 2300 augusti
645 2265 729 2299 1635,
748 2265 843 2300 pontif.
861 2273 932 2292 anno
947 2273 1005 2292 xiii.

594 2435 722 2468 DXXIII.

292 2524 515 2558 committitur
531 2524 679 2557 auclilori
694 2534 849 2563 camerae,
870 2528 1028 2557 utcontra

334 2587 399 2610 non
424 2582 574 2621 parentes
599 2578 823 2610 constitutioni
850 2582 878 2610 et
907 2577 1029 2611 decreto

337 2631 556 2665 consistoriali
575 2641 671 2674 super
685 2630 862 2664 residentia
883 2632 918 2664 in
938 2631 1029 2665 eccle-

1105 286 1162 318 siis
1182 289 1212 318 et
1236 284 1394 327 beneficiis
1417 284 1638 317 ecclesiasticis
1663 284 1705 316 ad
1729 295 1802 317 om-

1105 339 1198 371 nium
1215 349 1427 371 censurarum
1442 343 1470 371 et
1483 349 1659 382 poenarum
1678 339 1713 370 in
1732 338 1802 371 iltis

1105 397 1330 424 contentarum
1355 392 1602 426 ‹lecim-ationem
1620 396 1648 426 et
1664 402 1802 436 exequu-

1107 446 1225 477 tionem
1249 445 1399 489 procedat
1411 444 1430 477 ¹.

1062 515 1175 542 Dilecto
1195 516 1255 542 filio
1277 523 1434 543 causarum
1455 516 1554 543 curiae
1575 523 1709 544 camerae
1735 522 1804 549 apo-

1097 560 1223 586 stolicae
1236 562 1370 594 generali
1387 560 1516 587 auditori
1532 568 1611 588 nunc
1623 563 1653 589 et
1667 568 1719 595 pro
1735 564 1804 589 tem-

1095 610 1167 637 pore
1187 605 1341 636 emstenti,

1270 650 1404 676 Urbanus
1421 650 1499 683 Papa
1514 650 1592 677 vm.

1334 704 1449 731 Dilecte
1469 703 1522 735 fili,

1095 747 1224 775 salutem
1248 751 1279 776 et.
1300 750 1495 782 apostolicam
1515 748 1766 776 benedictionem.

1105 817 1120 860 ἓ
1143 817 1173 850 i.
1198 818 1274 851 Cum
1300 819 1498 851 residentiaa
1516 818 1612 851 sacris
1629 818 1801 851 canonibus
1831 828 2000 877 ,Pe‘gffifss'g'ssg

1830 883 2000 905 liasemanatum.

1061 875 1091 902 et
1126 872 1251 904 concilii
1285 872 1457 905 Tridentini
1492 872 1626 905 decretis
1658 861 1828 905 ordinatali

1060 924 1231 967 praecipue
1247 924 1277 956 in
1291 925 1431 957 ccelesiis
1452 925 1683 958 cathedralibus
1697 930 1726 958 et
1741 935 1802 957 ma-

1060 976 1224 1009 ioribusin
1239 977 1467 1020 praeiudicium
1486 978 1601 1011 servitii
1620 979 1801 1012 carumdem

1060 1030 1265 1063 ecclesiarum
1295 1041 1331 1064 ac
1360 1041 1454 1064 curae
1482 1031 1659 1064 animarum
1684 1033 1803 1076 praefe-

1060 1083 1117 1116 ctis
1141 1083 1260 1117 eisdem
1286 1084 1427 1117 ecclesiis
1451 1085 1690 1118 commissarum
1707 1085 1804 1128 negli-

1060 1142 1199 1180 geretur,
1220 1147 1294 1178 nos,
1312 1148 1370 1181 pro
1395 1139 1494 1172 nostri
1518 1139 1685 1182 pastoralis
1708 1138 1802 1171 officii

1060 1191 1183 1232 debito,
1209 1196 1238 1225 et
1263 1192 1478 1225 Romanorum
1504 1191 1690 1225 Pontificum
1715 1202 1802 1236 prae-

1060 1243 1262 1277 decessorum
1287 1250 1470 1278 nostrorum
1485 1245 1625 1287 vestigiis
1639 1245 1803 1278 inhaeren-

1060 1302 1116 1337 tes,
1142 1297 1395 1330 constitutionem
1421 1303 1452 1330 et
1471 1297 1632 1330 decretum
1652 1298 1802 1331 consisto-

1061 1350 1138 1382 riale
1149 1350 1206 1383 sub
1216 1351 1265 1383 die
1275 1361 1319 1384 ΧΠ
1329 1356 1358 1384 et
1367 1361 1444 1384 xvnt
1453 1351 1630 1384 decembris
1642 1361 1802 1385 nncxxxlv

1061 1404 1235 1448 respective
1249 1415 1343 1448 super
1357 1405 1464 1437 eadem
1479 1404 1648 1437 residentia
1662 1404 1803 1437 facienda

1062 1457 1119 1489 sub
1149 1457 1305 1490 interdicti
1336 1457 1498 1501 ingressus
1527 1457 1679 1490 ecclesiae
1710 1457 1802 1489 amis-

1062 1510 1222 1554 sionisque
1247 1516 1309 1543 tam
1336 1511 1493 1544 fructuum
1515 1521 1644 1544 suarum
1661 1511 1803 1544 ecclesia-

1062 1574 1144 1605 rum,
1164 1574 1224 1607 pro
1241 1569 1382 1608 tempore
1400 1575 1462 1608 quo
1480 1565 1619 1597 absentia
1633 1564 1802 1605 duraverit,

1061 1627 1154 1660 quam
1180 1617 1362 1650 facultatum
1394 1618 1527 1650 testandi
1559 1622 1589 1650 et
1617 1617 1802 1661 disponendi

1062 1669 1099 1702 de
1123 1669 1214 1703 bonis
1239 1671 1303 1703 suis
1319 1681 1336 1703 a
1353 1670 1431 1704 Sede
1456 1670 1635 1714 Apostolica
1650 1670 1710 1703 sibi
1727 1670 1802 1702 alias

1062 1733 1300 1765 concessarum,
1326 1733 1361 1756 ac
1386 1723 1739 1765 excommunicationis,
1764 1732 1801 1755 eo

1063 1776 1128 1820 ipso
1149 1776 1357 1817 incurrendis,
1383 1787 1505 1809 necnon
1522 1776 1705 1820 privationis
1721 1786 1738 1808 a
1755 1786 1802 1809 re-

1062 1829 1179 1872 gimine
1204 1836 1233 1863 et
1257 1829 1529 1862 administratione
1553 1839 1681 1862 suarum
1707 1829 1803 1863 eccle-

1062 1884 1180 1916 siarum
1200 1883 1445 1927 praedictarum,
1462 1883 1594 1927 aliisque
1615 1882 1734 1927 poenis,
1750 1892 1803 1916 no-

1062 1943 1127 1971 stro
1152 1943 1182 1971 et
1217 1938 1349 1971 Romani
1381 1938 1540 1971 Pontificis
1570 1949 1629 1982 pro
1660 1943 1803 1981 tempore

1063 1991 1224 2023 existentis
1248 1991 1380 2024 arbitrio
1404 1991 1604 2034 infligendis,
1630 1991 1801 2031 edidimus,

1063 2044 1093 2075 in
1118 2054 1179 2087 qua
1203 2044 1425 2078 constitutione
1449 2045 1659 2087 cognitionem
1679 2050 1709 2077 et
1731 2055 1802 2077 exe-

1063 2097 1244 2140 quutionem
1278 2098 1526 2141 praemissorum
1558 2102 1667 2132 contra
1697 2098 1803 2131 inobe-

1062 2150 1182 2183 dientes
1202 2151 1257 2183 tibi
1278 2151 1495 2184 commisimus
1519 2151 1576 2184 sub
1597 2151 1691 2185 certis
1708 2151 1802 2184 modo

1063 2208 1093 2235 ct
1118 2203 1232 2243 forma,
1248 2209 1343 2247 prout
1358 2204 1388 2236 in
1402 2204 1622 2238 constitutione
1636 2210 1666 2238 et
1678 2205 1803 2238 decreto

1063 2256 1257 2297 huiusmodi,
1283 2268 1417 2301 quorum
1443 2264 1567 2292 tenores
1586 2259 1802 2302 praesentibus

1063 2321 1122 2354 pro
1147 2311 1303 2354 expressis
1330 2316 1359 2344 et
1384 2311 1507 2345 insertis
1523 2312 1631 2345 haberi
1648 2312 1802 2353 volumus,

1063 2364 1186 2407 plenius
1211 2364 1398 2397 continetur.

1109 2418 1124 2461 ξ,
1148 2418 1177 2450 2.
1203 2418 1355 2456 Quoniam
1382 2428 1474 2459 vero,
1505 2419 1584 2453 sicut
1608 2420 1803 2463 accepimus,
1830 2425 2004 2473 ,Commi-3334

1063 2470 1205 2504 nonnulli
1227 2481 1261 2504 ex
1282 2471 1446 2515 praesectis
1460 2472 1599 2505 ecclesiis
1613 2473 1803 2516 huiusmodi,
1820 2453 2003 2500 iiiiiisdecretoar·

1101 2552 1111 2577 1
1130 2551 1166 2577 Ex
1183 2551 1290 2586 Regest.
1306 2551 1334 2578 in
1347 2551 1449 2579 Secret.
1466 2552 1543 2579 BreV.
1562 2568 1594 2572 -—
1611 2552 1678 2580 Vide
1695 2552 1803 2580 Consti-

1063 2596 1192 2622 tutionem
1211 2596 1244 2622 ab
1262 2595 1368 2623 Urbano
1384 2597 1434 2623 hac
1451 2605 1531 2632 super
1552 2606 1580 2625 re
1601 2597 1700 2626 editam
1720 2603 1803 2633 supe-

1062 2640 1118 2667 rius
1134 2648 1194 2675 pag.
1212 2639 1263 2668 457
1280 2639 1307 2668 h.
1325 2641 1400 2667 tomi.

1704 220 1763 261 491
1814 237 1863 264 An.
1883 237 1913 264 c.
1932 235 1999 264 1635
