2248 3229
166 635 168 637 >
208 625 296 644 {munuli
311 627 389 649 tompus

430 211 493 245 45⁶2

406 270 532 309 sectum,
551 269 639 301 multi
655 268 825 311 praemissa
850 267 951 310 spatio
976 267 1140 299 duodecim

406 321 528 354 dierum
543 319 720 353 huiusmodi
734 329 886 362 peragere
899 329 961 352 non
973 319 1141 362 potuerint.

406 375 507 413 Quare
531 373 604 405 dicti
629 372 857 416 archiepiscopi
881 376 910 406 et
931 372 1069 416 episcopi
1089 382 1143 405 no-

405 426 452 459 bis
469 426 630 459 humiliter
643 426 811 469 supplicari
829 426 979 466 fecerunt,
999 431 1033 457 ut
1050 436 1144 469 super

405 480 586 522 praemissis
611 483 789 523 opportune
814 480 980 523 providere
997 479 1035 512 de
1058 479 1144 512 beni-

405 533 521 574 gnitate
546 532 719 576 apostolica
743 532 956 575 dignaremur.

449 585 463 627 g
481 584 509 619 9,.
531 585 594 618 Nos
612 585 718 628 igitur,
736 585 987 618 christifidelium
1005 585 1143 619 eiusdem

404 638 493 681 regni
517 639 693 671 animarum
712 638 811 679 saluti,
825 644 975 682 quantum
1001 650 1072 672 cum
1090 640 1145 672 Do-

405 692 490 725 mino
514 703 692 736 possumus,
717 692 880 726 consulere
906 693 1055 735 volentes,
1080 693 1142 725 hu-

406 745 542 778 iusmodi
559 746 839 790 supplicationibus
856 746 1005 787 inclinati,
1025 746 1143 779 eisdem

406 798 653 843 archiepiscopis
670 805 700 832 et
716 799 873 843 episcopis
890 810 947 843 per
963 804 1145 843 praesentes

406 852 631 886 committimus
655 858 684 885 et
708 853 903 894 mandamus,
921 858 955 885 ut
971 863 1079 887 eorum
1100 864 1146 886 ar—

405 905 510 947 bitrio,
529 907 645 939 attenta
671 906 869 939 sacerdotum
890 907 1020 950 penuria
1040 907 1146 939 huius-

406 958 501 997 modi,
516 959 773 993 christifidelibus
788 960 953 1004 utriusque
967 971 1059 993 sexus
1072 960 1145 993 dicti

405 1012 506 1055 regni,
528 1013 566 1045 ad
592 1013 621 1045 id
645 1018 749 1046 tamen
774 1013 854 1057 aptis
872 1019 901 1046 et
920 1013 1051 1054 idoneis,
1072 1018 1146 1047 tem-

406 1076 464 1108 pus
488 1076 504 1097 a
529 1066 685 1099 dominica
712 1066 866 1099 Passionis
887 1077 988 1110 usque
1012 1067 1050 1099 ad
1074 1067 1146 1099 lieb-

407 1118 572 1152 domadam
605 1125 675 1162 post
707 1119 896 1152 dominicam
922 1120 953 1152 in
977 1120 1063 1152 Albis
1092 1120 1146 1152 im-

408 1172 541 1205 mediate
556 1178 735 1216 sequentem
757 1173 917 1213 inclusive,
938 1184 1000 1216 quo
1014 1173 1146 1206 durante

407 1231 533 1268 peccata
566 1237 622 1258 sua
652 1226 785 1259 confessi
814 1236 850 1258 ac
880 1228 968 1259 sacra
997 1237 1146 1259 commu-

407 1271 501 1310 nione
526 1278 633 1311 refecti
659 1289 725 1311 csse
750 1278 884 1311 debeant
909 1285 938 1311 et
963 1284 1144 1321 teneantur,

407 1331 593 1364 auctoritate
618 1333 724 1364 nostra
746 1332 918 1366 concedant
931 1337 958 1365 et
974 1333 1146 1376 respective

407 1390 588 1427 prorogent.

453 1439 467 1481 ξ
491 1437 520 1470 3.
542 1439 610 1471 Non
630 1438 827 1472 obstantibus
844 1439 1001 1482 praedicta
1019 1449 1147 1473 consue-

411 1491 524 1533 tudine,
547 1491 721 1535 ceterisque
740 1492 769 1524 in
788 1493 982 1525 contrarium
999 1493 1144 1526 facienti-

409 1544 468 1579 bus
487 1546 747 1589 quibuscumque.

453 1599 563 1631 Datum
590 1599 619 1630 in
644 1600 723 1632 Arce
748 1600 939 1643 Gaudulplii,
964 1600 1148 1633 Albanensis

409 1651 570 1692 dioecesis,
585 1652 642 1684 sub
667 1653 782 1685 annulo
806 1653 983 1693 Piscatoris,
1002 1653 1051 1685 die
1073 1663 1147 1685 xxvi

410 1705 548 1738 octobris
583 1714 769 1747 iuncxxxlv,
814 1705 1012 1749 pontificatus
1049 1706 1148 1739 nostri

409 1768 491 1791 anno
514 1768 568 1791 ΧΠ,

446 1820 502 1848 Dat,
520 1820 564 1848 die
578 1821 612 1849 26
633 1821 751 1850 octobris
768 1822 850 1857 1634,
867 1821 961 1857 pontif.
981 1829 1052 1850 anuo
1068 1827 1112 1848 xur

208 219 254 244 ltu
271 218 298 244 C.
318 219 385 246 to3t

233 597 330 618 Urbanus
352 597 390 616 liu·

207 652 318 676 ptortumrt
329 655 388 675 poue

207 680 258 697 tunt.

249 1445 338 1469 Deroszat
356 1444 392 1464 ob-

209 1472 319 1492 stantibus.

707 1957 880 1991 CDXCVIII.

411 2029 583 2063 Fratribus
606 2029 816 2062 Dzssscalceau's
844 2028 1039 2071 Reformatis
1068 2027 1150 2061 Sau-

456 2084 615 2116 ctissimae
643 2083 818 2115 Trinitatis
842 2081 1082 2124 Redemptiom's
1103 2091 1152 2113 cu-

453 2138 619 2179 ptirorum
658 2136 899 2180 Hispaniarum
932 2135 1147 2178 prohibetur,

456 2191 632 2233 quominus
650 2189 687 2222 dc
704 2193 803 2222 celero
823 2188 984 2232 recipiant
994 2197 1150 2232 personas

455 2243 614 2276 seculares
639 2243 681 2275 ad
707 2242 853 2275 habitum
878 2240 1087 2281 amatorum,-
1108 2241 1150 2273 iis

456 2306 537 2337 roro,
558 2296 617 2339 qui
636 2305 723 2328 nuuc
747 2295 889 2328 existunt
914 2295 950 2327 in
970 2293 1056 2327 clieta
1076 2294 1152 2327 Cou-

456 2349 644 2392 (sreyatione
657 2349 715 2381 sub
728 2349 860 2381 nomine
876 2348 1082 2388 donatorum,
1096 2346 1151 2379 Ιια-

459 2403 580 2443 bitum,
613 2413 794 2446 nomenque
827 2402 986 2435 laicorum
1022 2399 1152 2435 concedi

454 2466 545 2498 posse
566 2455 797 2500 permittitur&

450 2537 460 2563 1
480 2536 525 2563 llis
535 2537 665 2564 fratribus
677 2537 817 2563 transitum
828 2536 860 2564 ad
873 2536 938 2563 alios
948 2535 1061 2563 Ordines
1072 2542 1151 2570 prae-

414 2584 455 2607 ter
470 2581 676 2608 Cartliusiauum
692 2581 830 2616 prohibuit
843 2581 888 2607 hic
905 2580 1025 2608 Pontifex
1041 2580 1068 2606 in
1085 2579 1152 2607 Con-

415 2624 469 2652 stit.
480 2631 576 2651 [xxviii
586 2626 636 2657 (al.
645 2626 690 2660 69)
702 2625 862 2659 Commissi,
874 2628 937 2651 tom.
951 2631 1005 2658 uu,
1018 2632 1075 2659 pag.
1088 2624 1149 2658 1903

976 219 1154 244 RULLARIUM
1179 219 1197 243 R
1203 219 1264 243 om
1270 220 1333 242 NUM

1920 220 1967 245 Αη.
1990 220 2019 246 (2.
2042 219 2109 246 1034

1378 267 1513 294 Urbanus
1534 268 1611 301 Papa
1631 268 1707 303 vm,

1291 312 1326 338 ad
1351 313 1525 344 perpetuam
1544 312 1589 338 rei
1612 313 1790 341 memoriam.

1221 372 1235 414 ἓ
1261 372 1289 403 l.
1315 372 1402 411 Cum,
1422 371 1503 404 sicut
1526 372 1716 416 accepimus,
1733 373 1764 405 in
1780 374 1912 417 Congre-
1938 387 2111 420 v<mamistanus

1177 425 1301 468 gatione
1333 426 1467 458 fratrum
1498 426 1762 459 Discalceatorum
1789 427 1912 460 Ordinis
1928 416 2094 434 ‘*‘''*'‘¹'¹“'¹⁰¹¹¹⁵'

1177 479 1397 512 Sanctissimae
1421 479 1579 512 Trinitatis
1609 479 1843 523 Redemptionis
1863 492 1913 514 ca-

1176 532 1345 576 ptivorum,
1370 538 1493 576 praeter
1515 533 1679 576 religiosos
1699 534 1830 567 clericos
1850 545 1915 567 ora-

1178 586 1254 619 tioni
1280 590 1308 620 et
1333 587 1588 630 contemplationi
1615 598 1649 620 ac
1674 588 1741 620 aliis
1766 588 1914 621 ecclesiae

1178 639 1360 672 ministeriis
1384 646 1549 680 vacantes,
1574 640 1611 672 ad
1644 641 1839 685 chorumque
1863 641 1915 674 de-

1178 698 1312 736 putatos,
1329 693 1391 726 duo
1406 694 1465 726 sint
1480 704 1595 736 genera
1612 695 1843 737 religiosorum,
1857 695 1915 728 sub

1178 746 1304 778 nomine
1329 746 1471 779 videlicet
1491 747 1642 780 laicorum
1664 753 1691 780 et
1717 747 1914 783 donatorum.

1178 810 1235 842 pro
1261 800 1465 843 eleemosynis
1497 800 1535 832 ad
1552 801 1823 835 sustentationem
1854 802 1915 833 fra-

1180 857 1262 884 trum
1288 852 1475 895 quaerendis
1507 858 1536 885 et
1566 853 1770 896 colligendis,
1795 863 1915 886 necnon

1179 916 1236 949 pro
1266 906 1333 938 aliis
1366 906 1499 938 servitiis
1531 906 1697 939 domorum
1723 906 1915 949 regularium

1179 959 1340 999 obeundis,
1362 969 1433 992 cum
1457 959 1567 991 habitu
1591 959 1728 1002 regulari
1755 959 1792 991 ad
1819 959 1848 991 id
1873 959 1917 991 eis

1179 1012 1318 1045 exhibito
1343 1012 1428 1045 iuxta
1452 1012 1526 1045 dicti
1551 1012 1674 1045 Ordinis
1698 1017 1811 1045 statuta
1837 1012 1917 1055 (sine

1180 1072 1283 1099 tamen
1298 1067 1421 1110 caputio
1442 1066 1544 1110 quoad
1562 1067 1674 1099 fratres
1692 1066 1846 1109 donatos),
1865 1066 1916 1109 qui

1180 1130 1299 1162 omnes,
1325 1120 1465 1162 legitimo
1489 1120 1684 1164 probationis
1709 1125 1849 1164 tempore
1870 1120 1919 1152 de-

1180 1183 1283 1214 curso,
1309 1174 1368 1206 tria
1385 1178 1455 1207 vota
1473 1174 1697 1213 substantialia,
1723 1173 1918 1206 obedientiae

1180 1226 1318 1268 scilicet,
1343 1227 1535 1270 paupertatis
1560 1233 1589 1259 et
1614 1227 1772 1267 castitatis,
1793 1228 1823 1259 in
1847 1236 1914 1258 ma-

1180 1279 1271 1311 nibus
1297 1279 1499 1323 superiorum
1536 1280 1635 1312 dictae
1660 1279 1917 1322 Congregatiouis

1181 1337 1290 1375 sponte
1315 1332 1478 1372 emittunt,
1508 1338 1725 1376 perpetuoque
1758 1332 1919 1374 religionis

1181 1385 1307 1418 servitio
1322 1385 1526 1423 famulantum
1542 1385 1733 1429 experientia
1746 1396 1820 1418 vero
1839 1385 1921 1417 dicta

1180 1438 1388 1481 Congrcgatio
1412 1439 1566 1482 repererit
1590 1439 1627 1471 ad
1663 1449 1754 1471 suum
1780 1438 1921 1482 spiritua-

1181 1492 1242 1523 lem
1267 1492 1452 1535 profectum,
1478 1502 1600 1525 necnon
1617 1492 1655 1524 ad
1673 1492 1824 1525 maiorem
1848 1501 1921 1523 suae

1182 1545 1336 1587 regularis
1373 1545 1589 1578 observantiae
1625 1544 1893 1578 conservationem
1912 1570 1918 1582 ‚

1183 1608 1374 1642 magnopere
1392 1599 1569 1639 convenire,
1594 1598 1679 1642 quod
1699 1598 1730 1630 in
1747 1598 1828 1630 dicta
1852 1608 1922 1630 con-

1183 1653 1365 1694 gregatione
1396 1652 1530 1685 totaliter
1560 1652 1781 1694 extinguantur
1811 1651 1922 1683 fratres

1182 1705 1235 1747 qui
1260 1705 1364 1737 donati
1386 1705 1594 1749 appellantur,
1614 1705 1866 1749 quandoquidem
1890 1704 1921 1736 in

1182 1759 1309 1802 propria
1342 1759 1435 1792 liuius
1459 1759 1718 1802 Congregationis
1747 1759 1858 1801 regula
1874 1785 1881 1798 ‚
1906 1768 1923 1789 a

1183 1811 1281 1844 felicis
1312 1811 1539 1845 recordatiouis
1570 1811 1749 1844 Innocentio
1776 1811 1857 1854 Papa
1881 1811 1919 1843 ΙΙΙ

1183 1864 1425 1907 praedecessore
1445 1870 1554 1898 nostro
1579 1864 1764 1898 confirmata
1784 1867 1813 1897 et
1832 1874 1850 1896 a
1870 1873 1923 1896 no-

1184 1917 1232 1950 bis
1256 1918 1443 1958 reformata,
1467 1918 1553 1950 nulla
1577 1917 1630 1950 siat
1654 1917 1772 1950 mentio
1797 1917 1835 1949 de
1859 1917 1922 1949 fra-

1184 1972 1285 2005 tribus
1309 1972 1441 2012 donatis,
1463 1972 1516 2004 sed
1543 1976 1661 2005 tantum
1685 1971 1723 2004 de
1748 1970 1870 2004 clericis
1894 1976 1923 2003 et

1185 2024 1288 2057 laicis:
1604 2056 1606 2058 .

1230 2078 1244 2121 g
1268 2078 1297 2110 ⁹2.
1323 2078 1461 2119 Idcirco,
1486 2078 1566 2111 felici
1592 2088 1627 2110 ac
1649 2087 1802 2121 prospero
1822 2077 1923 2110 dictae

1185 2132 1442 2175 Congregationis
1466 2132 1575 2171 statui,
1600 2136 1750 2175 quantum
1775 2141 1845 2163 cum
1866 2131 1923 2163 Do-

1186 2185 1270 2218 mino
1294 2195 1482 2228 possumus,
1508 2184 1671 2218 consulere
1703 2184 1860 2224 volentes,
1885 2183 1922 2216 de

1185 2238 1412 2271 venerabilium
1437 2239 1568 2271 fratrum
1589 2242 1781 2277 nostrorum,
1799 2242 1923 2270 sanctae

1185 2292 1342 2325 Romanae
1366 2291 1523 2324 Ecclesiae
1553 2291 1758 2324 cardinalium
1787 2289 1922 2333 negotiis

1184 2344 1379 2387 regularium
1403 2344 1656 2388 praepositorum
1674 2330 1818 2385 consiliof
1833 2347 1922 2375 motu

1184 2398 1328 2442 proprio,
1354 2403 1384 2432 et
1409 2408 1445 2431 ex
1471 2399 1556 2431 certa
1581 2397 1710 2431 scientia
1733 2397 1852 2438 nostra,
1878 2401 1921 2427 te-

1962 2082 2086 2106 Pruliibilio,
2097 2082 2122 2103 sse

1939 2114 1979 2135 qua
1994 2110 2013 2129 iu
2028 2109 2120 2130 rubrica.

1184 2486 1326 2522 privilegia
1336 2486 1449 2514 aliorum
1460 2486 1589 2513 Ordinum
1601 2485 1810 2513 communicavit
1820 2484 1847 2511 in
1858 2483 1924 2511 Cou-

1184 2532 1238 2558 stit.
1255 2531 1462 2566 Redemptoris,
1479 2539 1562 2567 supra
1582 2539 1641 2567 pagi
1663 2530 1730 2563 3873
1750 2533 1777 2556 et
1791 2529 1825 2556 de
1840 2528 1922 2555 mini-

1183 2576 1230 2603 stri
1243 2577 1377 2612 generalis
1391 2577 1529 2604 vacatione
1545 2576 1679 2612 quaedam
1694 2575 1807 2602 sancivit
1820 2574 1847 2600 in
1859 2573 1923 2601 Con·

1183 2622 1237 2649 stit¹
1254 2628 1349 2649 cmxix
1363 2623 1414 2656 (ul.
1431 2622 1494 2656 4:37)
1508 2621 1647 2654 Iniuncli,
1663 2627 1744 2654 snpra
1764 2627 1824 2654 pag.
1842 2618 1905 2647 353,
