2226 3235
92 259 141 286 An.
157 259 188 287 C.
206 258 275 287 ¹6²9

118 797 242 819 Emrffium.

115 1010 214 1031 monachi
226 1010 278 1031 Con-

901 260 1044 284 enatans

564 307 760 341 CCCXXXIV.

290 387 517 420 Facultalz'bus
541 388 704 420 cruciatae
724 388 866 429 retinendi
883 389 1034 430 confessa-

334 441 424 473 rium
448 445 477 473 εἰ
501 440 667 473 obtinendi
691 440 924 474 absolutionem
945 452 965 473 a
982 447 1051 473 ccl-¹

335 492 423 526 sibus
447 494 619 526 reservatis
644 494 692 526 uti
713 504 778 526 non
802 498 936 537 possunt
962 504 1029 526 mo-

336 546 436 579 nachi
468 545 604 580 Ordinis
635 548 740 579 sancti
767 546 935 580 Benedicti
959 557 1033 578 con-

337 599 537 642 yreyatiom's
561 599 791 642 Portuqczlliae
806 598 823 631 ¹.

502 670 636 697 Urbanus
658 670 736 704 Papa
750 671 828 703 vm,

413 716 449 741 ad
468 717 644 748 perpetuam
664 716 708 742 rei
728 715 911 742 memoriam.

338 785 497 817 Romanus
522 784 660 818 Pontifex
687 785 725 818 ad
750 795 786 818 ea
817 784 1034 818 sollicitudinis

293 848 367 871 suae
392 843 498 882 partes
518 838 680 872 intendere
700 838 800 879 dehet,
818 849 875 882 per
891 848 971 882 quae
988 849 1035 871 re-
1050 869 1052 879 ι

293 891 481 934 ligiosorum
506 895 603 926 status
620 892 650 924 in
669 902 746 936 pace
767 897 795 924 et
821 891 924 935 quiete
938 892 1034 925 tutius
1050 891 1051 904 ³

293 951 506 978 conservetur.

339 996 353 1039 g
376 996 405 1028 ’1.
431 996 507 1029 Cum
532 996 657 1039 itaque,
683 995 761 1028 sicut
787 995 918 1028 dilectus
951 995 1035 1029 silius

1069 254 1128 283 vm'
1149 259 1197 283 Pe.
1239 266 1245 273 ·

1068 359 1174 403 palatii
1201 359 1363 402 apostolici
1393 359 1572 400 auditores,
1599 358 1721 390 sublata
1746 359 1806 396 eis,

1068 418 1097 445 et
1123 423 1232 445 eorum
1254 413 1389 453 cuilibet,
1407 412 1514 456 quavis
1536 412 1625 445 aliter
1651 412 1807 445 iudicandi

1068 471 1098 497 et
1123 465 1349 509 interpretamli
1380 466 1523 499 facultate
1549 471 1575 497 et
1602 465 1807 505 auctoritate,

1068 518 1199 550 iudicari
1221 523 1251 550 et
1271 518 1394 550 deliniri
1419 518 1545 559 debere,
1570 530 1605 551 ac
1630 519 1753 550 irritum
1779 523 1807 552 et

1069 571 1170 611 inane,
1189 571 1213 602 si
1234 582 1323 603 secus
1341 581 1436 615 super
1453 572 1501 603 liis
1518 583 1534 604 a
1551 582 1719 615 quoquam,
1737 583 1809 615 qua-

1068 623 1113 655 vis
1139 623 1342 661 auctoritate,
1375 624 1509 657 scienter
1534 625 1580 656 vel
1607 625 1806 667 ignoranter,

1069 677 1235 719 contigerit
1260 677 1413 710 attentari.

1113 731 1127 773 Q
1144 731 1173 763 5
1188 731 1256 763 Non
1274 730 1470 764 obstantibus
1488 731 1678 774 praemissis,
1692 742 1726 764 ac
1743 733 1808 775 qui-

1068 783 1264 827 buscumque
1275 783 1549 816 constitutiouilnis
1564 789 1591 816 et
1608 784 1809 817 ordinationi-

1068 837 1126 869 bus
1136 837 1326 881 apostolicis,
1337 838 1459 870 statutis
1469 849 1593 881 quoquc
1608 843 1809 882 (it-eonsuetu-

1069 889 1212 932 dinibus,
1235 890 1327 923 etiam
1357 890 1544 932 iuramento,
1571 891 1809 923 confirmatione

1069 943 1258 988 apostolica,
1283 943 1329 975 vel
1353 943 1462 987 quavis
1480 943 1626 976 firmitate
1643 944 1702 975 alia
1720 943 1810 977 robo-

1069 996 1154 1036 ratis,
1171 996 1346 1039 ceterisque
1366 996 1531 1029 contrariis
1545 997 1807 1040 quibuscumtpie,

1737 248 1779 283 63
1826 257 2004 284 An.c,1629

1050 306 1244 340 'ordinarios
1269 310 1299 340 ct
1322 305 1496 349 delegatos,
1522 306 1613 338 etiam
1640 315 1806 338 causarum

1857 747 1949 771 Dei-ngat
1969 747 2006 767 oli-

1822 775 1934 794 stantibus.

93 1037 278 1063 gregationisP0r-

93 1064 193 1089 tugnlhae
229 1070 278 1085 con-

93 1090 193 1111 ressarios
203 1090 244 1111 sibi
257 1097 279 1112 e-

93 1117 167 1141 ligunt,
175 1118 210 1144 qui
222 1123 234 1138 a
244 1123 278 1138 ca-

93 1143 151 1165 sibus
165 1145 279 1165 reservatis

94 1176 131 1191 eos
165 1171 279 1192 absolvant

293 1049 464 1082 modernus
497 1048 591 1081 abbas
624 1048 780 1091 generalis
806 1048 1033 1081 monachorum

294 1102 417 1136 Ordinis
441 1102 471 1135 S.
500 1101 657 1135 Benedicti
684 1102 938 1145 congregationis
964 1103 1035 1135 Por-

1114 1050 1128 1093 Q
1153 1050 1181 1082 5.
1208 1051 1358 1082 Volumus
1383 1055 1506 1092 autem,
1539 1055 1569 1082 ut
1597 1051 1807 1093 praesentium

1070 1103 1284 1146 transumptis,
1310 1103 1401 1137 eliam
1428 1103 1602 1146 impressis,
1629 1114 1723 1136 manu
1748 1104 1806 1136 ali-

1865 1067 2008 1091 Tmummpus

1825 1096 1882 1114 credi
1898 1095 1988 1114 mandat.

93 1197 166 1227 vigore
194 1198 278 1227 privile-

94 1228 174 1249 giorum
197 1229 278 1245 crucia·

144 1489 204 1513 Quod
223 1490 278 1510 efflei

94 1521 172 1562 {ssssat'
174 1517 279 1564 1ῗέἓωῖἰῖ

123 2555 232 2576 clausulas
243 2559 281 2581 ap-

95 2581 162 2607 ponit.

294 1156 441 1200 tugalliae
470 1155 562 1188 nobis
593 1165 694 1200 nuper
719 1155 832 1199 exponi
858 1156 944 1196 fecit,
970 1167 1036 1189 mo-

293 1210 385 1243 nachi
410 1209 510 1242 dictae
536 1209 791 1252 congregationis
812 1209 842 1242 in
861 1210 921 1242 rim
944 1210 1035 1243 sacul-

294 1268 391 1297 tatum
417 1263 573 1297 cruciatae
598 1268 722 1296 sanctae
747 1263 955 1296 confessarios
976 1264 1033 1296 sibi

294 1318 421 1361 eligant,
446 1317 499 1361 qui
524 1328 577 1351 eos
602 1327 619 1349 a
644 1317 768 1350 casibus
793 1317 959 1350 reservatis
984 1317 1035 1349 ab·

294 1371 435 1411 solvant,
460 1381 523 1404 non
548 1370 613 1403 sine
644 1370 732 1414 gravi
764 1370 919 1413 regularis
943 1370 1035 1404 disci-

295 1424 399 1468 plinae
423 1424 627 1458 detrimento:

339 1477 354 1521 §
372 1476 400 1510 Ξ.
419 1478 492 1518 Nos,
508 1487 566 1521 pro
582 1481 691 1510 nostro
713 1476 878 1520 pastoralis
895 1477 1035 1509 muneris

296 1531 413 1573 debito,
439 1531 476 1563 ad
502 1541 538 1563 ea
562 1541 642 1574 quae
659 1530 756 1574 ipsius
780 1531 1035 1573 congregationis

293 1583 375 1616 felici
400 1583 547 1626 regimini
572 1588 602 1615 et
629 1582 784 1626 gubernio
813 1593 848 1616 ac
877 1584 983 1626 quieto
1007 1590 1037 1617 et

293 1636 426 1681 pacifico
451 1636 543 1670 statui
574 1647 641 1670 esse
675 1636 895 1679 cognoscimus
920 1648 1036 1682 oppor-

293 1694 367 1724 tuna
393 1690 513 1730 intenti,
528 1690 809 1734 supplicationibus
828 1690 906 1724 dictiv
916 1691 1035 1724 abbatis

294 1744 451 1788 generalis
475 1744 602 1777 nominc
627 1743 718 1777 nobis
739 1755 835 1788 super
855 1745 915 1778 hoc
935 1745 1037 1778 humi-

294 1798 365 1831 liter
378 1798 532 1842 porrectis
557 1798 707 1839 inclinati,
721 1798 797 1831 nulli
813 1799 1035 1842 religiosorum

295 1851 396 1884 dictae
421 1852 675 1895 congregationis
707 1851 803 1884 licere
834 1852 1036 1886 facultatibus

295 1904 452 1941 cruciatae
461 1905 653 1946 huiusmodi,
667 1905 698 1937 in
715 1915 914 1949 quacumque
927 1907 1036 1939 mundi

294 1963 384 2002 parte
408 1957 585 2001 publicatae
616 1959 662 1991 vel
691 1958 910 2002 publicandae,
934 1960 1036 2003 quoad

295 2011 473 2055 eligendum
512 2012 738 2045 confessarium
774 2016 803 2046 et
834 2012 1035 2046 obtinendam

295 2065 526 2099 absolutionem
544 2077 561 2099 a
580 2066 703 2099 casibus
718 2067 895 2107 reservatis,
911 2068 966 2108 uti,
980 2078 1036 2101 nec

295 2120 350 2161 eis,
367 2119 470 2163 quoad
487 2119 585 2154 banc²
605 2120 746 2174 veligendi
766 2121 990 2154 confessarium
1008 2127 1038 2155 et

295 2172 498 2206 obtinendum
525 2173 753 2207 absolutionem
771 2174 976 2218 praedictam,
995 2175 1055 2214 sa-⁴

296 2225 426 2259 cultates
451 2227 609 2260 cruciatae
638 2227 820 2260 huiusmodi
851 2227 1036 2270 suffragari,

297 2279 463 2322 minusque
488 2285 668 2323 praesentes
692 2280 810 2315 litteras
832 2280 889 2313 sub
909 2281 1038 2324 quibus-

297 2343 432 2377 cumque
442 2333 582 2366 eiusdem
598 2334 754 2367 cruciatae
771 2334 1036 2375 concessionibus,
1053 2344 1055 2357 ³

296 2386 548 2429 extensionibus,
574 2388 852 2431 prorogationibus
872 2393 902 2420 et
926 2379 1055 2421 confir-3

296 2440 487 2473 mationibus
508 2440 596 2474 factis
620 2446 650 2473 et
667 2452 725 2484 pro
746 2446 889 2485 tempore
910 2453 1055 2487 quomo-5

297 2492 416 2526 dolibet
441 2494 590 2527 faciendis
615 2495 854 2538 comprehendi3
1053 2501 1055 2541 j

340 2547 356 2591 ᾖ
384 2547 414 2580 3.
446 2547 558 2592 Sicque
586 2558 642 2592 per
673 2559 890 2593 quoscumque
919 2548 1054 2585 iudices}

332 2619 344 2644 1
366 2617 404 2644 Ex
423 2618 533 2653 Regest.
555 2619 582 2645 in
602 2618 704 2646 Secret.
726 2618 802 2646 Brev.

330 2662 348 2689 2
361 2662 460 2690 Deesse
475 2662 581 2691 videtur
593 2666 718 2699 partem,
735 2663 773 2691 uti
787 2672 846 2700 sup.
858 2672 884 2701 p.
896 2665 930 2694 55
942 2665 1033 2700 (13:12).

1052 1186 1053 1190 ,
1069 1156 1158 1189 cuius
1178 1157 1291 1190 notarii
1310 1157 1429 1200 publici
1451 1157 1646 1201 subscriptis,
1664 1163 1693 1189 et
1707 1157 1810 1200 sigillo

1070 1221 1222 1254 personae
1245 1211 1275 1242 in
1295 1210 1504 1243 ecclesiastica
1521 1210 1670 1253 dignitate
1697 1211 1811 1243 consti-

1070 1270 1152 1297 tutae
1180 1265 1315 1303 munitis,
1333 1265 1440 1297 eadem
1458 1275 1588 1308 prorsus
1604 1264 1680 1297 fides
1694 1265 1811 1308 ubique.

1070 1318 1232 1357 habeatur,
1249 1329 1328 1361 quae
1344 1318 1420 1362 ipsis
1434 1318 1653 1361 praesentibus
1672 1318 1807 1350 habere-

1070 1377 1130 1411 tur,
1149 1372 1174 1403 si
1192 1372 1292 1404 forent
1315 1371 1471 1404 exhibitae
1489 1372 1536 1404 rel
1553 1377 1704 1404 ostensae.

1113 1425 1224 1457 Datum
1249 1426 1377 1466 Romae,
1404 1424 1485 1468 apud
1509 1425 1537 1457 S.
1567 1425 1694 1457 Mariam
1718 1425 1812 1458 Maio-

1071 1489 1147 1520 rem,
1166 1479 1224 1511 sub
1245 1479 1360 1511 annulo
1379 1479 1556 1519 piscatoris,
1582 1479 1631 1511 die
1652 1489 1715 1512 xxx
1738 1480 1810 1512 maii

1070 1542 1224 1574 MDCXXIX,
1250 1531 1450 1575 pontificatus
1475 1533 1574 1565 nostri
1600 1543 1680 1565 anno
1706 1543 1746 1565 vr.

1106 1593 1166 1620 Dat.
1183 1594 1225 1620 die
1241 1594 1275 1621 30
1290 1593 1352 1620 maii
1372 1594 1446 1627 1629,
1469 1594 1562 1630 pontis.
1580 1603 1649 1621 anno
1665 1602 1700 1621 w.

1338 1719 1545 1754 CCCLXXXV.

1070 1790 1240 1834 Exemptio
1267 1801 1413 1824 concessa
1440 1791 1572 1825 Clericz's
1597 1791 1813 1834 Reqularibus

1115 1845 1305 1888 Pauperum
1323 1844 1440 1877 Matris
1456 1844 1517 1877 Dei
1530 1844 1721 1877 Sclzolarum
1737 1846 1813 1879 Pia-

1115 1909 1191 1931 γυνη
1215 1909 1235 1931 α
1256 1898 1515 1941 processionibus
1540 1903 1567 1931 et
1593 1899 1670 1931 aliis
1688 1899 1812 1932 actibus

1113 1952 1256 1996 publicis
1270 1952 1287 1984 ¹.

1274 2023 1410 2051 Urbanus
1430 2023 1606 2058 episcopus,

1248 2076 1352 2095 servus
1381 2076 1537 2095 servorum
1562 2069 1635 2100 Dei,

1200 2113 1236 2139 ad
1253 2116 1424 2147 perpetuam
1442 2114 1485 2140 rei
1502 2113 1682 2141 memoriam.

1116 2174 1258 2207 Debitum
1284 2175 1449 2218 pastoralis
1474 2175 1568 2209 officii
1585 2175 1676 2209 nobis
1693 2186 1728 2208 ex
1750 2177 1812 2209 alto

1072 2227 1231 2260 commissi
1246 2228 1389 2271 requirit,
1410 2239 1529 2272 nosque
1547 2229 1584 2261 ad
1602 2229 1631 2261 id
1648 2235 1812 2272 promptos

1072 2281 1193 2324 excitat,
1211 2287 1244 2314 ut
1271 2283 1466 2326 regularium
1476 2283 1496 2324 ²,
1515 2283 1618 2316 studio
1636 2283 1703 2326 piae
1721 2283 1811 2322 vitae,

1072 2338 1100 2368 et
1124 2346 1298 2379 puerorum
1323 2336 1526 2370 institutionis
1559 2337 1667 2369 sedulo
1701 2346 1811 2368 vacan-

1071 2389 1160 2429 tium,
1175 2399 1213 2422 ne
1227 2389 1285 2433 ipsi
1300 2390 1337 2422 ab
1352 2390 1412 2422 illis
1427 2390 1650 2430 distrahantur,
1661 2394 1811 2433 quantum

1072 2452 1143 2483 cum
1154 2442 1288 2475 Domino
1299 2453 1468 2486 possumus
1480 2443 1615 2477 libenter
1627 2453 1810 2476 annuamus.

1106 2531 1119 2557 1
1138 2530 1174 2558 De
1191 2530 1301 2558 istorum
1319 2531 1482 2558 Clericorum
1503 2531 1675 2566 Regularium
1692 2531 1812 2567 Congre-

1070 2575 1177 2610 gatione
1193 2575 1280 2601 notavi
1302 2574 1327 2601 in
1352 2574 1442 2601 Const.
1464 2582 1517 2602 xLil
1537 2575 1615 2610 Greg.
1636 2575 1690 2611 XV,
1712 2576 1746 2603 In
1764 2585 1811 2609 su,-

1053 2612 1181 2655 4ρνεητο,
1198 2623 1263 2646 tom.
1281 2626 1328 2653 ΧΗ,
1345 2628 1406 2655 pag.
1423 2619 1485 2646 627.

1106 2666 1121 2692 ⁶2
1137 2664 1247 2692 Videtur
1262 2664 1306 2692 hie
1321 2665 1416 2692 deesse
1431 2665 1531 2701 aliquid
1547 2673 1571 2693 e.
1587 2673 1612 2701 g.
1628 2666 1697 2694 votis
1709 2665 1747 2701 (R.
1761 2665 1809 2701 Γ).

1854 2186 1973 2207 Exordium.
