2248 3229
220 228 270 257 An.
286 228 316 257 C.
336 229 407 259 1633
450 222 516 258 358

419 280 502 314 sivae
526 280 594 325 ipso
618 280 699 314 sacto
728 280 928 322 incurrenda,
957 282 1089 327 aliisque
1112 295 1159 317 ar-

417 331 512 366 bitrio
536 333 712 366 Sanctitatis
731 333 811 367 Suae
836 334 1013 377 infligendis
1036 337 1156 379 poenis,

417 384 448 417 in
464 391 666 429 perpetuum,
684 386 781 419 semel
794 386 904 420 saltem
922 387 953 420 in
967 398 1059 432 anno,
1077 390 1157 423 idest

415 439 494 472 scria
526 442 613 473 sexta
643 445 714 484 post
749 446 891 475 octavam
926 443 1156 487 Assumptionis

415 492 525 526 beatae
549 494 663 528 Mariae
680 495 826 539 Virginis,
843 496 874 529 in
890 497 1016 540 publica
1036 500 1154 541 mensa,

415 546 462 578 vel
487 545 519 579 in
543 547 679 591 capitulo
704 548 742 581 ad
766 549 826 583 hoc
850 550 1026 594 specialiter
1043 561 1156 586 convo-

415 603 505 640 cato,
529 603 558 634 et
581 600 709 645 insuper
733 601 765 634 in
789 613 990 648 quocumque
1015 605 1154 648 generali

414 661 449 685 ac
472 653 658 696 provinciali
683 655 839 699 capitulo,
861 663 1036 699 conventu,
1062 658 1153 701 dieta,

413 705 462 738 vel
482 706 543 740 alio
559 708 671 751 quovis
695 709 823 743 nomine
840 716 1022 755 nuncupato
1039 713 1154 756 capitu-

413 758 470 791 lari
496 770 677 804 congressu,
707 773 780 796 suos
805 764 947 798 subditos
967 775 1003 799 ac
1027 766 1154 810 religio-

414 823 464 846 sos
489 824 692 850 commonere
717 817 754 851 de
771 818 910 852 iniuncta
936 820 1083 854 omnibus
1101 822 1153 855 ob-

412 870 571 902 servantia
587 874 618 905 et
642 873 851 915 exequutione
876 874 1058 908 earumdem
1083 885 1154 919 apo-

412 921 595 956 stolicarum
615 925 874 960 constitutionum
894 931 924 961 et
950 927 1151 962 decretorum

412 974 450 1006 ad
474 981 617 1010 sanctum
641 978 780 1012 officium
805 980 1017 1024 inquisitionis
1041 982 1153 1015 adver-

411 1038 463 1062 sus
488 1029 678 1065 haereticam
705 1033 889 1077 pravitatem
916 1035 1151 1078 pertinentium,

411 1092 445 1115 ac
471 1085 679 1127 praesertim:

455 1137 524 1170 Iulii
541 1138 580 1171 III
598 1140 841 1182 constitutionis,
859 1152 938 1185 quac
963 1143 1072 1186 incipit
1096 1145 1151 1177 Li-

410 1194 455 1223 cet
480 1201 500 1223 a
524 1191 658 1225 diversis
676 1192 699 1235 ¹,
732 1200 842 1227 contra
870 1195 1075 1239 impedientes
1107 1197 1152 1229 in-

410 1244 579 1287 quisitores
603 1245 779 1280 haereticae
799 1249 961 1291 pravitatis
986 1249 1018 1282 in
1041 1260 1150 1283 eorum

409 1297 524 1338 officio,
548 1304 601 1331 aut
625 1299 656 1331 in
681 1300 783 1333 causis
807 1301 1022 1345 inquisitionis
1048 1313 1081 1336 se
1106 1304 1151 1336 in-

409 1357 564 1393 gerentes,
578 1363 751 1398 eorumque
768 1356 937 1399 complices
955 1360 984 1390 et
1002 1357 1149 1399 fautores,

409 1410 439 1437 et
463 1410 571 1440 contra
604 1408 690 1451 ipsos
720 1409 922 1453 inquisitores
952 1411 1149 1445 admittentes

408 1458 505 1491 laicos
529 1460 566 1492 ad
592 1461 733 1494 criminis
758 1462 897 1496 haeresis
921 1464 1147 1508 cognitionem,

407 1516 438 1544 et
462 1512 506 1545 Pii
521 1513 543 1545 V
564 1515 804 1557 constitutionis,
822 1527 901 1560 quae
919 1518 1028 1561 incipit
1051 1519 1088 1553 Si
1112 1519 1149 1552 cte

404 1567 639 1610 p7·0teqendz's²,
669 1574 778 1602 contra
805 1571 1002 1613 occidentes,
1031 1573 1145 1606 verbe-

406 1624 525 1660 rantes,
550 1620 730 1656 deiicientes
746 1650 753 1663 ‚
779 1627 832 1657 aut
856 1626 1147 1668 perterrefacientes

406 1673 548 1715 quemvis
580 1685 617 1707 ex
649 1676 800 1710 ministris
836 1679 1024 1712 sanctissimi
1053 1681 1147 1713 officii

406 1724 617 1769 inquisitionis
647 1729 695 1762 vel
728 1730 951 1774 episcoporum
975 1732 1007 1764 id
1032 1744 1146 1767 munus

406 1777 438 1809 in
461 1781 517 1812 sua
541 1780 677 1814 dioecesi
702 1783 749 1814 vel
773 1784 936 1826 provincia
952 1785 1145 1828 obeuntium,

405 1841 461 1864 seu
484 1837 717 1876 accusatorem,
742 1836 1000 1871 denunciatorem
1025 1845 1077 1872 aut
1103 1846 1145 1873 te-

405 1890 485 1918 stem
510 1886 541 1919 in
559 1889 653 1920 causa
670 1889 743 1921 fidei
760 1891 1058 1936 quomodocumque
1075 1905 1145 1937 pro-

404 1938 534 1972 ductum
558 1941 605 1973 vel
631 1948 812 1984 evocatum,
838 1955 959 1978 necnon
977 1953 1085 1980 contra
1102 1948 1144 1980 di-

403 1991 573 2035 ripientes,
598 2002 834 2039 expugnantes,
864 1999 1064 2043 invadentes,
1090 2001 1139 2034 in-

404 2045 562 2087 cidentes,
587 2048 781 2092 expilantes,
811 2051 910 2085 aliove
942 2059 1143 2097 exportantes

402 2098 534 2132 alicuius
558 2102 795 2144 praedictorum
819 2105 911 2147 bona,
938 2106 1046 2149 libros,
1066 2108 1142 2142 litte-

402 2162 472 2194 ras,
497 2155 716 2197 auctoritates,
742 2159 952 2202 exemplaria,
978 2167 1140 2204 regestra‚

402 2207 577 2249 protocolla
592 2234 600 2248 ,
633 2210 776 2254 exempla
790 2238 797 2252 ,
824 2212 996 2256 scripturas
1010 2241 1018 2255 ,
1043 2215 1141 2248 aliave

402 2258 626 2304 instrumenta,
651 2262 716 2295 sive
747 2265 873 2307 publica
906 2266 970 2299 sive
1001 2268 1138 2311 privata,

400 2312 594 2358 ubicumque
623 2317 745 2359 posita,
771 2329 944 2363 eorumque
969 2322 1140 2365 complices

401 2372 431 2399 et
454 2368 605 2409 fautores,
627 2375 657 2403 et
681 2377 789 2405 contra
806 2373 1015 2416 effrangentes
1039 2387 1140 2409 carce-

401 2431 469 2454 rem
492 2423 540 2455 vel
565 2424 754 2467 custodiam,
779 2426 939 2469 publicam
964 2429 1011 2461 vel
1039 2429 1139 2472 priva-

402 2477 474 2515 tam,
499 2477 695 2511 extrahentes
716 2479 763 2511 vel
789 2480 966 2514 emittentes
983 2482 1137 2524 vinctum,

399 2529 602 2571 prohibentes
635 2532 843 2576 capiendum,
875 2541 1041 2579 captumve
1070 2536 1134 2569 eri—

436 2600 446 2626 1
466 2600 551 2631 Quam
569 2603 629 2630 vide
644 2603 670 2630 in
688 2607 751 2632 tom.
768 2612 802 2637 w,
819 2614 879 2642 pag.
897 2606 944 2634 431
962 2607 999 2643 (a.
1017 2608 1064 2642 T.).

434 2644 450 2671 2
464 2645 542 2673 Tomi
558 2653 602 2682 vn,
619 2656 680 2685 pag.
697 2650 747 2677 744
761 2651 801 2685 (n.
820 2651 869 2686 Τ.).

1001 236 1181 262 BULLARIUM
1204 237 1359 264 ROMANUM

1191 285 1320 329 pientes,
1344 286 1554 330 recipientes,
1579 289 1780 334 occultantes,
1807 300 1862 325 seu
1886 290 1931 324 sa-

1192 339 1339 372 cultatem
1370 339 1540 383 effugiendi
1574 341 1703 384 dantes,
1726 354 1781 377 seu
1805 344 1836 377 id
1859 344 1930 378 fieri

1190 391 1342 432 iubentes,
1357 403 1530 438 eorumque
1548 395 1718 439 complices
1737 402 1768 430 et
1783 397 1930 440 fautores,

1190 446 1282 480 etiam
1310 446 1423 481 effectu
1439 458 1502 482 non
1526 454 1671 493 sequuto,
1688 450 1865 485 nullatenus
1882 463 1931 486 ex-

1189 500 1354 541 cusandos,
1372 501 1432 534 nisi
1456 502 1556 535 claras
1581 503 1797 538 tantummodo
1821 505 1932 548 proba-

1190 552 1289 586 tiones
1303 554 1335 586 in
1353 555 1546 589 contrarium
1563 556 1763 597 adducentes;
1778 562 1809 590 et
1822 563 1931 592 contra

1188 606 1419 641 intercedentes
1433 619 1492 653 pro
1504 610 1652 653 praefatis
1665 610 1929 654 delinquentibus:

1188 660 1315 694 inflictis
1347 666 1456 697 contra
1491 663 1664 707 quemlibet
1695 665 1930 709 praedictorum

1188 715 1317 758 poenis,
1344 726 1424 761 quae
1456 716 1610 751 damnatis
1634 729 1671 752 cx
1694 719 1798 762 primo
1829 719 1930 763 capite

1188 768 1265 811 legis
1290 769 1386 802 Iuliae
1410 770 1618 813 Maiestatis¹,
1644 782 1817 816 eorumque
1839 773 1928 816 filiis,

1187 821 1378 865 irrogantur,
1398 826 1428 857 et
1447 823 1550 858 obtata
1564 824 1774 859 revelantibus
1791 826 1929 870 impuni-

1187 879 1269 908 tate:

1231 928 1275 961 Pii
1296 928 1333 962 IV
1358 929 1588 964 constitutionis
1608 942 1688 975 quae
1717 932 1825 976 incipit
1852 933 1929 967 Cum

1185 983 1268 1016 sicut
1293 984 1422 1028 nti-pest,
1449 990 1557 1018 contra
1578 986 1767 1027 sacerdotes,
1785 987 1838 1030 qui
1854 998 1929 1031 poe-

1185 1036 1319 1070 nitentes
1348 1038 1497 1071 mulieres
1529 1039 1561 1071 in
1589 1044 1661 1072 actu
1692 1041 1926 1075 sacramentalis

1186 1091 1389 1124 consessionis
1413 1092 1451 1124 ad
1476 1092 1657 1126 inhonestos
1687 1099 1775 1127 actus
1805 1105 1924 1138 provo-

1185 1155 1257 1177 care
1281 1150 1311 1178 et
1335 1145 1460 1179 allicere
1484 1151 1604 1179 tentant
1628 1152 1658 1180 et
1682 1147 1865 1188 sollicitant,
1897 1153 1927 1180 et

1185 1198 1330 1242 Gregorii
1357 1200 1408 1233 XV
1436 1201 1676 1241 constitutionis,
1709 1212 1788 1245 quae
1818 1202 1927 1245 incipit

1187 1252 1355 1286 Universi³
1377 1253 1544 1287 Dominict'
1562 1256 1669 1299 9reyis
1682 1255 1702 1295 ⁴,
1728 1256 1925 1299 ampliativae

1184 1305 1268 1338 circa
1285 1306 1378 1339 huius
1395 1306 1536 1339 criminis
1552 1308 1763 1351 probationes
1779 1314 1809 1341 et
1823 1314 1925 1342 exten-

1184 1359 1266 1392 sivae
1292 1365 1401 1392 contra
1434 1361 1661 1401 confessarios,
1687 1362 1741 1405 qui
1774 1372 1924 1406 personas

1184 1412 1414 1457 (quaecumque
1431 1413 1502 1446 illae
1519 1414 1593 1457 sint)
1611 1414 1649 1447 ad
1667 1414 1840 1456 inhonesta,
1860 1416 1924 1449 sive

1183 1466 1265 1499 inter
1289 1477 1343 1508 se,
1369 1468 1433 1500 sive
1466 1479 1538 1500 cum
1571 1468 1660 1510 aliis,
1686 1469 1924 1513 quomodolibet

1182 1521 1392 1565 perpetranda
1407 1522 1439 1554 in
1455 1527 1527 1555 actu
1544 1524 1780 1557 sacramentalis
1805 1524 1924 1557 conses-

1182 1574 1288 1615 sionis,
1305 1575 1369 1608 sive
1385 1580 1456 1608 ante
1478 1575 1542 1608 sive
1569 1582 1641 1620 post
1658 1577 1848 1618 immediate,
1867 1588 1922 1611 seu

1181 1629 1345 1662 occasione
1370 1629 1418 1662 vel
1442 1635 1605 1673 praetextu
1630 1631 1847 1672 consessionis,
1872 1632 1920 1664 vel

1181 1687 1269 1714 extra
1293 1682 1491 1716 occasionem
1517 1684 1721 1718 confessionis
1746 1685 1777 1717 in
1803 1685 1921 1718 confes-

1180 1735 1327 1776 sionario,
1345 1742 1397 1769 aut
1414 1737 1475 1770 alio
1492 1737 1562 1770 loco
1579 1737 1617 1770 ad
1637 1738 1825 1771 audiendam
1845 1749 1919 1772 con-

1179 1789 1346 1823 sessionem
1366 1790 1476 1831 electo,
1495 1791 1663 1825 sollicitare
1681 1792 1729 1824 vel
1746 1803 1920 1836 provocare

1179 1843 1375 1884 tentaverint,
1399 1849 1451 1876 aut
1476 1855 1546 1877 cum
1572 1845 1616 1877 eis
1640 1845 1764 1879 illicitos
1781 1850 1811 1879 et
1827 1846 1919 1880 inho-

1178 1900 1282 1931 nestos
1306 1908 1467 1931 sermones
1492 1898 1556 1930 sive
1573 1903 1722 1931 tractatus
1740 1899 1917 1941 habuerint,

1178 1954 1208 1984 et
1231 1956 1341 1983 contra
1364 1951 1571 1984 confessarios
1587 1962 1650 1985 non
1671 1958 1833 1986 monentes
1853 1964 1916 1994 eos,

1177 2014 1256 2046 quos
1281 2004 1382 2038 sciunt
1406 2005 1445 2038 ab
1470 2005 1539 2038 aliis
1556 2006 1754 2039 confessariis
1771 2006 1917 2040 sollicita-

1177 2061 1224 2089 tos
1248 2067 1326 2097 esse,
1351 2063 1385 2090 ut
1409 2058 1647 2101 inquisitoribus
1671 2059 1718 2091 vel
1743 2059 1916 2093 Ordinariis

1176 2111 1378 2144 sollicitantes
1402 2111 1601 2154 denuncient,
1620 2113 1667 2144 vel
1692 2112 1840 2147 docentes
1861 2124 1915 2147 eos

1175 2164 1213 2196 ad
1238 2164 1489 2197 denunciandum
1514 2175 1577 2198 non
1598 2166 1719 2198 teneri:

1219 2217 1363 2259 Gregorii
1383 2218 1450 2250 XIII
1475 2219 1715 2259 constitutionis,
1740 2231 1819 2264 quae
1843 2220 1916 2255 inci-

1174 2269 1218 2313 pit
1241 2270 1350 2312 Officz‘i
1373 2272 1477 2303 nostri
1497 2276 1619 2315 parles,
1637 2273 1674 2305 de
1698 2274 1914 2308 iurisdictione

1174 2323 1395 2367 inquisitorum
1420 2325 1595 2359 baereticae
1619 2327 1781 2370 pravitatis
1800 2328 1831 2360 in
1848 2339 1912 2368 θος,

1209 2431 1218 2456 1
1238 2430 1280 2457 Sic
1291 2434 1317 2457 et
1327 2430 1457 2465 Cherub,
1474 2432 1520 2459 sed
1533 2432 1633 2460 nullam
1646 2433 1734 2468 Iegem
1745 2435 1838 2463 Iuliae
1850 2435 1911 2462 Μα-

1171 2474 1280 2502 ieseacis
1295 2484 1442 2511 cognosco,
1460 2478 1511 2513 leg.
1528 2479 1617 2513 potius
1632 2480 1726 2506 laesae
1737 2480 1908 2514 maiestatis,

1171 2522 1200 2544 ut
1211 2522 1283 2553 patet
1294 2528 1325 2546 ex
1341 2521 1393 2547 loc.
1409 2522 1503 2556 parall.
1520 2526 1584 2549 tom.
1601 2529 1646 2558 vn,
1664 2532 1725 2558 pag.
1742 2524 1793 2551 745
1808 2526 1847 2559 (n.
1859 2525 1907 2560 T.).

1205 2564 1221 2589 2
1236 2564 1313 2592 Tom.
1330 2572 1375 2598 vu,
1392 2575 1453 2601 pag.
1472 2567 1522 2593 126
1538 2567 1573 2600 (R.
1587 2569 1635 2604 T.).

1205 2608 1220 2635 3
1236 2609 1304 2636 Edit.
1322 2610 1401 2638 lllain.
1418 2612 1482 2647 legit
1497 2621 1610 2641 erronee
1627 2613 1774 2642 Universis
1789 2614 1827 2650 (R.
1843 2614 1892 2651 ¹¹2).

1205 2653 1220 2679 4
1235 2653 1309 2682 Tom.
1328 2662 1374 2691 xil,
1391 2664 1451 2691 pag.
1469 2657 1575 2692 72901.
1588 2658 1639 2692 r).

1945 242 1995 271 An.
2011 243 2041 272 C.
2061 242 2130 273 1633
