2248 3229
149 235 197 263 An.
219 233 248 263 C.
265 232 330 262 1631

181 772 294 795 Decretum
311 773 339 795 ir-

154 801 227 822 ritant.

230 1573 343 1603 Dei-ogatio

162 1602 321 1622 contrariorum.

198 1839 347 1866 'transumpto-

164 1871 209 1887 ruiu
225 1866 284 1887 fides.

194 2213 281 2234 Sanctio
300 2217 351 2240 poe·

166 2240 227 2260 natis.

953 229 1096 255 URBANUS
1119 228 1177 254 VIII
1199 229 1248 254 ΓΡ.

1765 215 1825 249 ⁶211

348 290 404 315 seu
426 280 466 314 de
487 289 570 314 novo
593 279 750 314 reservari
774 282 898 324 queant,
924 279 984 311 nisi
1010 277 1087 311 illud
1121 277 1346 311 incarnationis
1359 275 1539 309 Doininicao
1553 283 1701 314 iincxxxi,
1720 273 1862 306 kalendis

347 334 379 367 in
403 333 612 374 facultatibus,
637 333 765 366 indultis
789 338 819 366 et
843 331 1016 376 privilegiis
1033 331 1089 363 liu-
1122 332 1240 375 aprilis,
1265 330 1464 375 pontificatus
1481 329 1580 363 nostri
1604 338 1686 361 anno
1708 337 1773 360 vni.

348 386 484 420 iusmodi
518 387 555 420 de
590 386 758 431 praedictis
793 385 1002 419 cardinalibus
1034 394 1087 417 ex-

347 450 456 484 presse
479 439 676 484 disponatur,
700 440 748 472 vel
773 439 833 483 ipsi
857 439 895 472 ad
916 438 946 471 id
962 437 1089 482 praesti-

349 494 446 528 terint
469 504 642 534 assensum,
659 498 711 526 aut
732 492 889 540 individua
902 498 932 525 ct
945 490 1089 536 specialis

350 548 405 581 siat
428 548 546 581 mentio
569 547 607 580 de
632 556 769 590 corpore
797 545 965 586 beneficii,
995 554 1090 588 super

351 612 414 646 quo
438 601 601 646 impositas
624 601 792 644 pensiones
815 597 1022 633 transferendi
1039 598 1088 630 sa-

352 656 492 697 cultates,
513 654 633 688 indulta
658 660 688 688 et
710 654 876 699 privilegia
892 652 1008 687 suerint
1021 662 1092 686 con-

353 718 449 743 cessa.
591 718 594 719 ⁷

398 761 459 805 53.
484 761 597 806 Sicque
619 766 649 796 et
668 772 732 796 non
755 761 846 794 aliter
865 759 896 793 in
911 758 1093 804 praemissis

352 825 410 860 per
430 825 648 861 quoscumque
667 814 787 848 iudices
803 813 980 847 ordinarios
999 817 1030 846 et
1044 811 1094 845 de-

353 869 494 912 legatos,
525 879 561 902 ac
596 868 689 902 etiam
726 877 869 902 camerae
905 866 1094 910 apostolicae

354 923 487 957 clericos
510 922 746 967 praesidentes,
775 930 898 954 necnon
926 930 1094 954 causarum

353 976 461 1021 palatii
484 975 650 1020 apostolici
682 980 712 1008 et
743 974 850 1008 curiae
879 973 1019 1007 eiusdem
1044 983 1095 1006 ca-

355 1040 462 1064 merae
486 1030 665 1073 generalem
689 1029 848 1063 auditores
862 1056 870 1070 ,
902 1039 938 1062 ac
971 1033 1095 1061 sanctae

356 1084 515 1118 Romanae
540 1082 698 1117 Ecclesiae
722 1082 942 1122 camerarium,
967 1085 998 1114 et
1018 1080 1095 1114 alios

356 1136 540 1177 cardinales,
564 1136 657 1170 etiam
680 1136 718 1170 de
742 1137 839 1169 latere
864 1134 1097 1179 legatos,‘ii1di-

357 1190 422 1223 cari
453 1195 483 1223 et
514 1189 640 1223 definiri
669 1195 699 1223 et
730 1189 931 1233 interpretari
959 1188 1095 1229 debere,

356 1243 479 1277 sublata
493 1243 537 1277 eis
557 1249 588 1277 et
604 1254 714 1277 eorum
734 1243 863 1277 cuilibet
879 1243 989 1286 quavis
1007 1242 1097 1275 aliter

356 1296 514 1330 iudicandi
534 1302 565 1330 et
581 1296 807 1340 interpretandi
833 1296 979 1328 facultate
1000 1301 1030 1328 et
1047 1306 1098 1327 au-

357 1351 519 1392 ctoritate,
548 1361 584 1384 ac
615 1350 742 1383 irritum
767 1356 797 1383 et
827 1350 919 1382 inane
949 1349 1097 1393 quicquid

357 1414 447 1437 secus
471 1414 568 1448 super
592 1404 640 1437 liis
665 1414 683 1437 a
707 1414 883 1447 quoquam,
908 1403 1017 1446 quavis
1042 1413 1097 1435 au-

358 1457 519 1499 ctoritate,
546 1456 680 1490 scienter
704 1457 753 1490 vel
777 1457 973 1499 ignoranter,
999 1455 1098 1489 conti-

357 1511 440 1555 gerit
463 1510 618 1551 attentari,
644 1510 737 1544 etiam
761 1510 969 1543 decernimus.

403 1565 418 1608 ἓ
441 1564 471 1597 4.
497 1565 564 1598 Non
589 1564 786 1598 obstantibus
806 1563 944 1605 indultis,
970 1563 1098 1607 privile-

360 1616 420 1661 giis
444 1622 475 1651 et
497 1617 715 1658 facultatibus,
740 1616 871 1660 aliisque
895 1616 1098 1660 praemissis,

359 1681 483 1705 necnon
506 1670 784 1705 constitutionibus
803 1675 833 1703 et
849 1669 1099 1702 ordinationibus

360 1724 560 1769 apostolicis,
585 1724 760 1768 ceterisque
780 1722 947 1757 contrariis
969 1721 1100 1766 quibus-

361 1787 508 1824 cumque.

407 1832 422 1876 ᾗ
436 1832 465 1865 5.
480 1832 631 1865 Volumus
644 1836 748 1865 autern
760 1858 768 1872 ,
788 1831 872 1875 quod
888 1830 1099 1875 praesentium

363 1886 525 1930 exemplis,
534 1887 627 1920 etiam
638 1886 809 1930 impressis,
818 1896 911 1919 manu
920 1885 1033 1919 notarii
1047 1896 1102 1929 pn-

361 1939 436 1973 blici
453 1940 647 1984 subscriptis,
665 1945 696 1972 et
716 1939 819 1982 sigillo
840 1939 971 1972 alicuius
996 1949 1103 1982 perso-

361 2003 420 2026 nae
446 1993 477 2026 111
505 1993 657 2036 dignitate
685 1992 895 2025 ecclesiastica
917 1991 1102 2025 constitutae

362 2046 501 2088 munitis,
515 2046 623 2080 eadem
636 2057 767 2090 prorsus
780 2046 858 2078 sides
879 2045 994 2088 ubique
1020 2044 1104 2077 adhi-

362 2099 490 2140 heatur‚
517 2110 597 2143 quae
626 2099 703 2143 ipsis
727 2098 945 2142 praesentibus
973 2097 1102 2130 adhibe-

363 2158 462 2195 retur,
487 2153 512 2186 si
529 2154 631 2186 forent
657 2152 813 2185 exhibitae
829 2152 876 2184 vel
894 2156 1047 2184 ostensae.

410 2207 425 2250 ἓ
449 2206 478 2239 6.
502 2206 585 2239 Nulli
609 2216 686 2249 ergo
710 2205 839 2238 omnino
869 2205 1034 2238 hominum
1067 2204 1104 2236 li-

366 2265 434 2293 ceat
455 2259 536 2292 hanc
556 2259 704 2303 paginam
728 2263 853 2292 nostrae
874 2258 1103 2300 declarationis,

365 2312 482 2355 statuti,
496 2312 712 2353 ordinationis,
726 2312 926 2345 decretorum
947 2316 977 2344 et
995 2312 1105 2344 volun-

366 2366 437 2399 tatis
467 2366 658 2408 infringere,
688 2366 735 2399 vel
768 2366 796 2398 ci
827 2376 905 2398 ausu
936 2365 1104 2398 temerario

366 2419 539 2459 contraire;
569 2419 594 2452 si
624 2419 694 2463 quis
726 2424 830 2452 autem
860 2420 921 2452 hoc
952 2424 1105 2452 attentare

365 2472 622 2517 praesumpserit,
647 2472 894 2516 indignationem
912 2473 1106 2516 omnipoten-

367 2527 404 2561 tis
426 2527 482 2560 Dei
506 2537 542 2560 ac
566 2526 731 2560 beatorum
755 2527 838 2559 Petri
862 2531 892 2559 et
923 2526 1009 2559 Pauli
1033 2537 1106 2571 apo-

367 2581 520 2616 stolorum
545 2580 611 2614 eius
635 2590 668 2613 se
691 2579 814 2613 noverit
837 2580 1049 2614 incursurum.

412 2634 524 2669 Datum
549 2634 677 2676 Romae,
693 2633 777 2678 apud
800 2633 829 2668 S.
853 2633 981 2668 Petrum
995 2661 1003 2674 ,
1024 2643 1107 2668 anno

1158 394 1216 421 Dat.
1238 393 1280 421 die
1298 394 1330 420 1¹
1351 393 1442 428 aprilis
1463 392 1548 427 1631,
1569 391 1665 427 pontis.
1685 398 1755 418 anno
1772 397 1830 417 vm.

1168 492 1265 526 Anno
1282 502 1303 524 ct
1319 491 1500 524 Nativi'lato
1516 490 1651 524 Domini
1670 489 1774 523 nostri
1790 489 1865 522 Iesu

1126 546 1250 580 Christi
1274 555 1426 584 iincxxxi,
1445 544 1621 577 indictione
1644 553 1708 584 xiv,
1726 543 1777 575 die
1792 551 1865 575 vero

1125 609 1157 632 xi
1170 598 1290 631 mensis
1303 597 1433 642 aprilis,
1447 597 1656 640 pontificatus
1668 601 1775 629 arietem
1787 596 1867 629 San-

1126 651 1264 684 ctz'ssz‘mi
1288 651 1325 684 in
1351 650 1478 684 Christo
1503 651 1616 684 Patris
1642 655 1669 683 ot
1699 651 1737 684 D.
1762 650 1801 683 N.
1824 650 1863 684 D.

1129 705 1255 739 Urbani
1278 705 1394 737 ἀίυὶηίῑ
1416 703 1623 748 providentiii
1640 705 1751 747 Papae
1771 703 1863 744 VIII,

1127 769 1214 792 anno
1231 760 1300 792 eins
1316 768 1382 799 viii,
1402 758 1630 801 retroscri'ptae
1648 757 1775 790 litterae
1792 768 1869 801 apo-

1127 813 1258 846 stolicae
1278 813 1399 856 affixae
1423 811 1649 856 etpublica-tac
1668 812 1800 855 suerunt
1826 810 1870 843 ad

1128 867 1362 900 cancellarium
1379 866 1600 910 apostolicam,
1622 865 1658 897 in
1671 865 1739 898 acie
1754 864 1870 908 Campi

1128 921 1258 961 Florae,
1286 931 1323 954 ac
1347 920 1426 953 aliis
1451 919 1527 952 locis
1546 919 1653 951 solitis
1673 922 1701 951 et
1714 917 1871 951 consuetis

1132 975 1238 1015 Urbis,
1260 985 1318 1019 per
1341 985 1391 1007 nze
1416 975 1604 1018 Anyustnnt
1628 973 1666 1006 <lo
1685 971 1773 1011 Bon,
1796 981 1872 1016 apo-

1130 1029 1282 1063 stolicum
1307 1038 1479 1062 cursorem.

1330 1091 1493 1125 MATTHMS
1517 1089 1634 1130 Sinni,
1659 1099 1740 1132 niag.
1766 1098 1849 1122 curs.

1419 1216 1586 1250 CCCXCIII.

1134 1289 1253 1324 Contra
1266 1288 1442 1331 astrologyos
1453 1287 1656 1325 iudiciarios,
1669 1286 1727 1329 qni
1738 1286 1775 1318 1113
1787 1289 1874 1318 static

1176 1342 1385 1386 Reipublicae
1400 1341 1608 1375 Clo-{stimma
1623 1339 1669 1371 vel
1682 1339 1772 1371 Sedis
1786 1340 1874 1382 Apo-

1176 1398 1308 1430 stolicae
1317 1407 1372 1429 seit
1385 1397 1450 1428 vita
1466 1396 1607 1428 Romani
1619 1395 1799 1437 Ponli'si'ci's,
1815 1397 1875 1426 ant

1177 1451 1244 1484 eius
1261 1450 1587 1492 conscciigsoineoritm,
1608 1448 1735 1480 iudicia
1756 1448 1871 1490 locere,

1177 1514 1297 1537 necnon
1321 1507 1433 1536 contra
1461 1513 1529 1542 eos,
1557 1502 1616 1545 qui?
1642 1501 1715 1533 illos
1740 1501 1876 1543 desuper

1177 1556 1341 1590 consulere
1362 1555 1655 1599 praesumpseriml,
1684 1565 1758 1586 cuin
1779 1554 1875 1586 inno-

1177 1611 1305 1644 vatione
1322 1610 1443 1642 si'iiiile‘s
1457 1608 1698 1642 constitutionis
1712 1607 1798 1641 Siarlc'
1816 1606 1872 1640 V2.

1336 1682 1472 1709 Urbanus
1493 1681 1670 1715 Episcopus⁷

1312 1734 1417 1754 servus
1448 1733 1599 1753 servorum
1633 1725 1699 1758 Dei,

1258 1767 1295 1794 ad
1314 1770 1487 1802 perpetuam
1506 1767 1551 1793 rei
1572 1765 1754 1793 memoriam.

1174 1829 1389 1862 inscrutabilis
1404 1828 1592 1861 iudiciorum
1608 1827 1662 1860 Dei
1674 1826 1804 1859 altitudo
1814 1835 1878 1859 non

1135 1883 1262 1926 patitur,
1276 1888 1309 1915 ut
1330 1882 1486 1915 humanus
1504 1881 1690 1922 intellectus,
1710 1879 1877 1912 tenebroso

1136 1936 1279 1980 corporis
1304 1946 1430 1969 carcere
1456 1935 1653 1976 constrictus,
1680 1944 1775 1977 snper
1795 1938 1879 1966 astra

1136 2001 1168 2023 sc
1189 1990 1350 2031 extollens,
1372 1999 1485 2022 arcana
1506 1989 1536 2021 iii
1558 1989 1627 2021 sinu
1649 1988 1754 2021 [livino
1771 1998 1879 2020 recou-

1137 2043 1210 2084 dita,
1235 2048 1265 2076 et
1289 2043 1366 2086 ipsis
1390 2042 1579 2075 analiSSii‘nis
1604 2041 1768 2085 spiritibus
1793 2041 1879 2084 igno-

1138 2102 1218 2137 rata,
1242 2098 1362 2129 nefaria
1386 2096 1583 2137 curiositate,
1610 2106 1673 2129 non
1699 2096 1801 2128 solum
1826 2105 1879 2127 cx-

1138 2151 1273 2194 plorai‘c,
1292 2150 1345 2183 sed
1366 2150 1459 2183 etiam
1477 2155 1636 2193 tamquam
1659 2149 1830 2193 explorata,
1849 2148 1881 2180 in

1138 2204 1191 2237 Dei
1217 2209 1442 2247 contemptum,
1460 2204 1651 2247 reipublicae
1672 2202 1881 2247 perturbatio-

1139 2269 1221 2299 nem,
1234 2262 1264 2292 ct
1280 2258 1459 2301 principum
1473 2258 1660 2301 poriciiliiiii,
1676 2257 1836 2300 arroganti
1851 2261 1881 2289 et

1138 2312 1315 2356 pernicioso
1329 2312 1473 2355 exemplo
1487 2312 1646 2344 venditare
1666 2315 1856 2354 praesumat.

1184 2366 1198 2407 ξ
1218 2365 1248 2397 ’1.
1269 2364 1347 2397 ilinc
1364 2369 1420 2405 cst,
1438 2368 1481 2404 ut,
1502 2364 1644 2407 quamvis
1663 2363 1816 2403 civilibus,
1834 2373 1881 2395 ca-

1139 2418 1323 2461 nonicisque
1340 2418 1572 2458 sanctionibus,
1591 2428 1626 2449 ac
1650 2416 1820 2449 novissime
1838 2417 1881 2449 se-

1140 2471 1207 2505 licis
1231 2471 1459 2505 recordationis
1484 2471 1560 2504 Sitti
1588 2470 1689 2514 Papae
1710 2471 1732 2503 V
1753 2470 1881 2514 praede-

1176 2553 1187 2579 1
1206 2551 1325 2579 Erronee
1336 2551 1401 2578 edit.
1413 2550 1491 2578 Main.
1505 2550 1538 2577 ad
1553 2559 1640 2586 marg.
1652 2550 1775 2578 haberti
1790 2552 1879 2586 (nm).

1175 2597 1191 2623 2
1211 2597 1285 2624 llaiic
1303 2596 1368 2624 Sixti
1389 2596 1407 2622 V
1432 2596 1652 2623 constitutionem
1677 2597 1737 2624 vide
1761 2597 1788 2624 in
1808 2598 1880 2624 Con-

1140 2641 1195 2670 stit.
1211 2648 1287 2677 xxvi,
1305 2642 1378 2671 Cocli
1393 2644 1420 2670 et
1435 2644 1540 2677 terrac,
1556 2645 1621 2670 tom.
1643 2647 1699 2677 vni,
1715 2649 1777 2678 pag.
1798 2641 1859 2670 646.

1876 224 1926 252 An.
1946 223 1975 252 C.
1991 223 2057 252 1631

1901 500 2019 522 Publicatio
2030 500 2065 522 die

1882 528 1904 550 ss
1919 528 2000 555 aprilis.

1920 1837 2062 1860 Prooemium.

1933 2371 2002 2402 Causa
2017 2372 2079 2393 huius

1894 2400 2057 2420 constitutionis.
