2248 3229
83 227 132 253 An.
148 226 176 254 C.
199 226 266 254 ¹639

119 1350 264 1372 rent-uanam

80 1378 121 1398 ‹lul
140 1378 265 1399 trecennium

81 1405 164 1425 uteo-1·
179 1409 239 1431 petit.

121 1885 194 1905 Annuit
210 1884 264 1905 Pun-

80 1911 138 1931 lilex-

893 226 1034 249 t'RBANUs
1060 225 1115 249 Vll!
1141 226 1186 249 ΓΡ.

281 284 343 318 que
363 273 468 307 curiae
494 278 613 306 tantum
639 273 810 318 apostolica
835 273 1023 306 auctoritate.

283 329 388 367 lieret,
412 332 440 360 et
465 326 556 360 dictis
581 327 767 361 ossicialibus
792 337 847 359 seu
867 326 1023 370 deputatis

283 380 541 424 consignaretur,
566 381 618 424 qui
643 380 771 424 quidem
796 380 944 413 olliciales
968 390 1023 416 scu

283 433 434 477 deputati,
452 444 626 479 eorumque
647 433 793 473 ministri,
811 433 908 465 libros
934 432 1023 465 ratio-

282 497 358 519 num
391 492 420 520 et
451 492 674 531 computorum
704 486 788 519 dicto
821 486 956 526 vicario,
987 496 1022 518 ac

282 540 504 574 archidiacono
528 540 678 574 ecclesiae
705 540 852 577 Pisanae,
878 549 935 571 nec
960 549 1022 571 non

283 593 383 637 priori
408 593 521 626 domus
545 593 671 626 Ordinis
701 595 833 626 t'ratrum
868 593 1022 625 Minoi-um

282 647 380 680 saneti
396 646 553 680 Francisci
566 646 604 679 de
614 646 817 679 Observantia
832 645 972 678 Pisarum
987 645 1023 678 si-

283 699 399 732 militer
425 710 484 743 pro
509 705 651 743 tempore
671 699 825 739 existenti,
842 709 897 731 seu
913 699 1022 731 saltem

282 752 406 786 duobus
427 763 463 786 ex
485 753 555 794 illis⁷
581 763 716 797 quorum
734 753 813 785 alter
834 762 959 796 semper
979 753 1026 785 es->

282 811 328 841 set
351 807 454 840 dictus
479 807 578 851 prior,
602 807 752 840 exhibere
777 810 969 845 tenerentur,
986 816 1021 838 ex

281 860 395 904 quibus
420 860 618 900 subsidium,
643 870 699 904 per
722 859 823 893 dictos
847 859 968 892 clerum
993 864 1023 891 et

281 914 359 947 alios
383 919 417 947 ut
442 924 538 958 supra
563 912 846 953 contribuendum,
863 912 1021 955 dignosci,

281 968 570 1013 comprehendique
606 972 729 1012 posset,
764 977 822 1011 pro
859 966 1022 999 exactione

281 1025 391 1055 contra
415 1032 470 1055 eos
495 1026 529 1054 nt
553 1022 731 1065 praefertur
755 1019 905 1060 facienda,
928 1025 1022 1063 prout

281 1075 400 1118 pariter
424 1075 455 1107 in
479 1074 595 1108 nostris
612 1074 644 1106 in
660 1073 770 1107 eadem
794 1074 895 1106 forma
918 1073 1021 1105 Brevis

281 1129 340 1161 sub
357 1127 406 1161 die
430 1137 465 1160 ιιι
489 1127 638 1160 februarii
659 1137 796 1161 Mncxxix
817 1126 955 1170 desuper
975 1136 1022 1159 ex-

281 1181 396 1226 peditis
416 1180 539 1221 litteris,
563 1191 698 1224 quarum
725 1185 849 1213 tenores
878 1190 1022 1223 praesen-

281 1235 364 1268 tibus
389 1245 448 1279 pro
473 1234 632 1278 expressis
649 1233 759 1266 haberi
778 1233 930 1274 volumus⁷
951 1233 1023 1265 ube-

280 1289 346 1322 rius
370 1287 577 1322 continetur¹.

324 1342 339 1384 ἓ
363 1342 392 1375 5.
417 1341 493 1375 Cum
519 1346 633 1382 autem,
659 1340 738 1373 sicut
755 1340 837 1373 idem
853 1340 1022 1373 Ferdinan-

280 1395 338 1428 dus
363 1404 496 1438 magnus
521 1394 584 1427 dux
608 1394 700 1427 nobis
725 1404 826 1438 nuper
851 1394 963 1438 exponi
985 1395 1023 1427 l'e-

280 1449 331 1488 cit,
356 1459 477 1489 causae,
504 1453 635 1492 propter
659 1458 737 1492 quas
762 1448 934 1492 praeniissa
951 1458 1024 1481 con-

279 1513 367 1536 cessa
392 1508 422 1536 et
446 1502 571 1536 decreta
596 1507 678 1542 sunt,
694 1502 732 1535 de
748 1502 906 1546 praesenti
926 1502 1020 1535 etiam

281 1557 422 1600 rigeant,
448 1561 477 1589 et
502 1561 671 1600 propterea
699 1555 887 1589 decennium
911 1555 1021 1588 ultimo

279 1611 349 1643 loco
377 1619 562 1643 concessum
598 1608 800 1650 huiusmodi⁷
826 1609 915 1642 cuius
940 1609 1020 1649 sinis,

279 1669 309 1696 ut
335 1663 456 1703 asserit,
483 1662 586 1702 instat,
612 1662 650 1695 ad
675 1662 759 1695 aliud
785 1662 875 1695 nohis
893 1662 1020 1695 benevi-

278 1728 347 1750 sum
373 1722 496 1760 tempus
513 1715 637 1749 extendi
663 1721 694 1750 ot
716 1715 862 1760 ampliari
885 1726 1021 1750 summo-

280 1780 354 1813 pere
379 1769 553 1803 desideret:

324 1824 339 1866 g
362 1824 392 1855 (ἱ.
417 1823 500 1864 Nos,
525 1822 666 1855 eiusdem
700 1822 887 1856 Ferdinandi
915 1823 1018 1866 magni

279 1876 368 1910 ducis
403 1875 585 1908 huiusmodi
618 1876 900 1919 supplicationibus
930 1877 1020 1911 nobis

279 1930 382 1963 denuo
406 1939 503 1973 super
527 1929 586 1962 hoc
611 1929 774 1962 humiliter
797 1930 952 1973 porrectis
977 1930 1021 1963 in-

279 1983 401 2024 clinati,
426 1982 511 2026 quod
536 1983 639 2015 clerus
664 1986 725 2016 tam
751 1983 900 2016 secularis
923 1994 1018 2027 quam

279 2036 456 2079 regularis,
481 2046 698 2080 personaeque
729 2036 958 2069 ecclesiasticae
990 2042 1019 2069 et

279 2095 452 2134 exemptae,
473 2100 508 2122 ac
534 2089 649 2122 milites
674 2089 771 2122 sancti
790 2089 951 2133 Stephani,
970 2100 1020 2122 ra-

280 2143 365 2176 tione
389 2143 546 2177 bonorum
572 2153 628 2187 per
644 2153 698 2176 cos
714 2143 753 2175 vin
779 2143 950 2183 territorio,
971 2154 1021 2176 co-

281 2197 391 2231 mitatu
415 2202 445 2229 et
469 2196 614 2230 districtu
634 2196 732 2230 dictae
750 2196 884 2229 civitatis
903 2207 1021 2241 posses—

281 2261 410 2292 sorum,
436 2250 613 2283 subsidium
637 2250 675 2283 ad
699 2250 886 2283 decennium
911 2261 928 2283 a
960 2251 1020 2283 line

279 2303 423 2338 decennii
442 2303 552 2336 ultimo
570 2304 639 2337 loco
656 2314 712 2347 per
732 2314 789 2337 nos
809 2304 949 2337 concessi
968 2304 1021 2337 hu-

280 2357 415 2391 iusmodi
432 2357 695 2401 computandum,
714 2357 807 2391 modo
824 2361 853 2391 et
871 2358 971 2391 forma
989 2357 1019 2390 in

279 2412 406 2445 decreto
434 2411 508 2444 dicti
538 2411 660 2444 Ascanii
689 2411 827 2455 episcopi
856 2416 885 2444 et
913 2412 1018 2445 nuncii

279 2464 495 2508 descriptis,et
508 2465 591 2497 iuxta
607 2465 689 2497 illius
704 2466 1018 2507 tenorem‚conserre,

279 2529 315 2552 ac
340 2518 490 2552 ossiciales
514 2523 544 2550 et
568 2518 707 2561 deputati
739 2518 890 2562 praedicti
921 2519 1020 2553 subsi-

316 2636 327 2662 ¹
345 2634 413 2663 Istae
430 2633 529 2662 Urbani
544 2634 649 2663 litterae
664 2633 762 2663 desunt
775 2635 814 2670 (n.
826 2635 874 2670 ·r.).

1705 213 1770 249 [195

1058 273 1144 306 dium
1171 272 1351 305 huiusmodi
1376 272 1528 305 decennio
1546 282 1602 316 per
1619 278 1800 316 praesentes

1057 337 1207 359 concesso
1224 326 1356 358 durante
1375 323 1490 358 libere¹
1509 330 1539 358 et
1557 327 1621 358 tuta
1641 325 1800 358 conscicn-

1058 380 1097 413 tia
1123 379 1249 422 exigere
1280 379 1417 422 possint,
1444 389 1616 422 omnesque
1646 378 1684 411 de
1714 379 1800 412 clero

1058 438 1120 465 tam
1145 432 1278 465 seculari
1296 442 1390 476 quam
1412 431 1560 475 regulari,
1579 442 1798 476 personaeque

1056 485 1286 518 ecclesiasticae
1307 490 1337 517 et
1357 490 1529 528 exemptae,
1547 495 1582 517 ac
1601 485 1715 518 milites
1733 496 1800 518 san-

1057 538 1097 571 cti
1122 538 1293 582 Stephani,
1319 538 1439 571 ratione
1475 538 1633 571 bonorum
1665 549 1722 582 per
1746 549 1800 572 eos

1058 598 1089 625 ut
1114 593 1291 636 praefertur
1315 597 1344 624 et
1361 602 1471 625 eorum
1489 592 1659 635 quemlibet
1678 602 1800 635 posses-

1057 656 1174 686 sorum,
1195 646 1234 678 ad
1260 645 1448 679 solutionem
1475 645 1548 678 dicti
1573 645 1703 678 subsidii
1729 645 1798 688 cogi

1057 706 1085 732 et
1104 699 1251 743 compelli
1270 699 1402 738 valeant,
1420 699 1606 731 auctoritate
1627 699 1798 742 praedicta,

1058 758 1166 787 tenore
1191 753 1415 796 praesentium,
1432 752 1578 785 similiter
1595 752 1798 786 concedimus

1057 812 1086 839 et
1111 806 1320 839 decernimus.

1101 860 1116 902 ς’
1141 859 1169 892 7.
1195 859 1346 893 Volumus
1371 865 1486 901 autem,
1503 859 1598 903 quod,
1616 859 1699 894 iuxta
1723 859 1796 894 dicti

1056 912 1174 945 decreti
1199 918 1351 953 tenorem,
1371 914 1484 954 clerus,
1505 914 1798 958 ecclesiasticaeque

1057 976 1220 1010 personae,
1246 971 1275 998 et
1300 966 1414 1000 milites
1438 967 1589 1010 praedicti
1615 967 1654 1000 ad
1678 967 1798 1011 aliquas

1056 1031 1207 1064 expensas
1232 1020 1384 1054 ministris
1404 1020 1478 1053 dicti
1503 1021 1597 1054 ollicii
1623 1031 1798 1065 eorumque

1056 1074 1260 1107 cancellariae
1291 1074 1466 1107 ordinarias
1494 1074 1541 1107 vel
1574 1074 1797 1108 extraordina-

1057 1128 1118 1161 rias
1142 1128 1228 1165 nuljo
1245 1127 1340 1161 modo
1357 1132 1536 1167 teneantur,
1561 1128 1709 1171 quodque
1727 1138 1798 1161 exa-

1056 1181 1117 1215 ctio
1141 1181 1273 1215 subsidii
1304 1181 1435 1226 praefati
1469 1192 1526 1224 per
1558 1181 1710 1215 vicariurn
1740 1193 1798 1226 pro

1057 1240 1200 1278 tempore
1225 1235 1409 1268 existentem
1440 1234 1670 1278 archiepiscopi
1695 1235 1797 1268 Pisani

1056 1288 1186 1331 eiusque
1210 1287 1316 1320 curiae
1341 1292 1460 1320 tantum
1485 1288 1659 1331 apostoliea
1683 1293 1798 1321 aucto—-

1058 1341 1148 1374 ritate
1172 1340 1235 1382 siat,
1251 1346 1281 1374 et
1304 1339 1395 1373 dictis
1411 1340 1609 1381 officialibus,
1630 1351 1686 1375 seu
1703 1341 1799 1385 depu-

1057 1394 1147 1434 tatis,
1173 1394 1393 1437 consignetur;
1418 1394 1472 1437 qui
1497 1393 1625 1438 quidem
1650 1394 1798 1428 officiales

1056 1458 1111 1480 seu
1134 1447 1290 1491 deputati,
1316 1457 1491 1490 eorumque
1521 1447 1674 1487 ministri,
1701 1447 1799 1481 libros

1057 1501 1214 1534 rationum
1233 1506 1263 1533 et
1279 1506 1504 1544 computorum
1521 1501 1605 1534 dicto
1623 1501 1752 1542 vicario,
1769 1507 1799 1535 et

1055 1554 1278 1588 archidiacono
1311 1554 1461 1587 ecclesiae
1498 1554 1647 1597 Pisanae,
1676 1564 1798 1588 necnon

1057 1608 1155 1652 priori
1192 1608 1305 1641 domus
1345 1607 1470 1641 Ordinis
1507 1607 1663 1641 Minorum
1699 1609 1798 1642 sancti

1057 1662 1213 1696 l⁴'i·ancisci
1238 1662 1277 1695 sle
1301 1662 1504 1702 observantia
1530 1662 1671 1695 Pisarum
1692 1662 1799 1696 simili-

1056 1720 1103 1748 ter
1133 1726 1192 1760 pro
1228 1721 1372 1760 tempore
1408 1715 1574 1755 existenti,
1603 1726 1657 1749 seu
1687 1716 1796 1749 saltem

1055 1769 1178 1803 duobus
1201 1780 1239 1803 ex
1263 1769 1334 1810 illis,
1360 1780 1496 1813 quorum
1521 1770 1600 1803 alter
1617 1780 1743 1813 semper
1758 1769 1798 1803 sit

1055 1823 1156 1857 dictus
1180 1824 1278 1867 prior,
1303 1823 1455 1856 exhibere
1481 1827 1655 1864 teneantur,
1674 1833 1711 1855 ex
1732 1824 1798 1866 qui-

1055 1877 1113 1909 hus
1137 1877 1311 1909 subsidium
1332 1876 1509 1920 per'diclos
1529 1876 1649 1909 clerum
1670 1881 1700 1908 et
1720 1875 1798 1908 alios

1056 1935 1088 1962 ut
1104 1941 1200 1974 supra
1215 1929 1480 1964 contribuendum
1494 1928 1636 1972 dignosci
1654 1939 1797 1972 compre-

1056 1983 1212 2027 hendique
1235 1984 1343 2027 possit,
1361 1994 1418 2026 pro
1436 1982 1598 2016 exactione
1616 1987 1726 2015 contra
1743 1992 1797 2015 eos

1055 2042 1088 2069 nt
1110 2037 1287 2080 praefertur
1311 2036 1462 2069 facienda.

1099 2091 1122 2133 ξ.
1149 2091 1178 2123 8.
1208 2091 1275 2123 Non
1306 2089 1501 2122 obstantibus
1531 2088 1680 2122 omnibus
1711 2089 1796 2130 illis,

1054 2154 1133 2185 quae
1160 2143 1189 2175 in
1214 2143 1304 2176 dictis
1329 2143 1441 2175 litteris
1466 2152 1614 2175 concessa
1638 2148 1710 2175 sunt
1734 2153 1796 2176 non

1054 2197 1189 2239 obstare,
1215 2197 1391 2241 ceterisque.
1409 2196 1576 2230 contrariis
1596 2196 1797 2240 quibuscum-

1054 2261 1124 2295 que.
1656 2262 1661 2266 ·

1100 2306 1208 2338 Datum
1219 2305 1346 2345 Romae,
1358 2304 1440 2348 apud
1449 2305 1477 2338 S.
1487 2305 1623 2347 Petrum,
1633 2305 1690 2339 sub
1702 2315 1797 2338 annu-

1055 2359 1084 2391 lo
1101 2358 1278 2399 Piseatoris,
1292 2359 1341 2391 die
1357 2369 1453 2392 xxvm
1473 2358 1605 2392 ianuarii
1623 2369 1796 2402 iincxxxtx,

1055 2413 1255 2456 pontificatus
1280 2412 1378 2444 nostri
1399 2422 1480 2445 anno
1499 2422 1560 2445 xvt.

1090 2474 1147 2502 Dat.
1166 2474 1209 2502 die
1224 2475 1258 2502 ‘28
1273 2474 1387 2502 ianuarii
1405 2475 1482 2509 1039,
1500 2475 1594 2511 pontis.
1612 2483 1682 2503 anno
1697 2483 1750 2503 xvi.

1091 2584 1099 2610 l
1119 2582 1203 2610 Paulo
1219 2585 1279 2610 ante
1296 2581 1393 2617 legitur
1408 2581 1498 2609 liberti
1515 2582 1554 2617 (n.
1567 2583 1615 2617 ·r.).

1815 224 1862 252 An.
1881 224 1907 252 C.
1933 225 1996 252 16ζῦ

1845 872 1950 897 Iaitas-que
1967 878 1998 892 re-

1813 902 1876 920 noiat
1893 899 1957 923 leam.

1812 2098 1924 2118 Obstautia
1937 2099 1996 2119 tollit.
