2248 3229
35 233 84 260 An.
106 232 136 260 C.
154 228 222 259 1637

83 1835 178 1857 Pontifex
194 1842 232 1854 ert-

50 1864 78 1888 1³¹
95 1866 193 1883 nat-uum
209 1868 234 1882 ex

49 1890 126 1916 quilius
172 1888 233 1909 ‹te-u·

50 1917 119 1937 tuentii
135 1917 175 1936 sint
189 1915 234 1935 alu·

106 1959 111 1965 .
160 1948 232 1963 eorum

49 1971 163 1995 qim-tau·-
180 1969 235 1988 2112-

49 2002 91 2022 qne
106 1996 138 2016 hu
156 1995 233 2016 situilta

49 2022 182 2050 praescribit.

853 228 995 253 rnssaxus

235 279 336 312 maior
353 277 614 322 poenitentiarius
632 282 661 311 et
677 277 886 311 bibliothecae
905 288 977 321 apo-
993 279 994 282 ’

236 332 364 365 stolicae
387 332 582 375 praefectus,
607 342 643 365 ae
667 342 748 365 unus
773 342 810 364 ex
836 331 976 365 eiusdem

236 385 309 418 SR.
321 385 353 418 E.
372 384 583 418 cardinalibus
601 396 697 430 super
715 385 848 428 negotiis
862 385 899 417 tle
917 383 978 416 fide
994 394 995 408 ¹

237 439 389 472 catholica
421 439 624 483 propaganda
650 439 824 483 deputatis,
851 438 979 482 cupiens

236 502 294 535 pro
318 492 382 525 suis
400 492 518 524 viribus
542 492 772 525 sanctissimum
791 497 819 524 ct
841 491 874 524 R.
898 490 929 523 E.
948 498 995 522 ιι-’

237 545 416 578 tilissimum
434 556 513 589 opus
527 545 627 579 dictae
645 544 899 588 congregationis
914 554 979 576 ma-
995 578 997 582 ,

237 604 406 640 inuenere,
431 598 571 643 illudque
597 599 626 632 in
651 599 718 632 dies
743 598 780 631 ad
802 597 926 630 laudem
951 601 997 643 ctj

238 652 374 694 gloriam
405 652 630 696 omnipotentis
664 652 716 685 liei
748 656 778 685 et
802 646 997 684 animai-um*

238 706 370 738 salutem
395 715 522 748 augere,
547 716 584 738 ex
610 705 700 738 bonis
726 705 784 737 sibi
809 704 848 737 ab
870 702 999 748 eodem}

238 759 453 803 omnipotente
470 759 533 792 Deo
551 759 672 792 collatis
690 769 787 791 unum
812 757 980 800 collegium
997 759 999 778 ³

239 822 294 844 seu
311 812 507 846 alumnatum
529 811 695 845 duodecim
713 822 770 855 pro
790 820 873 844 nunc
886 810 983 842 alum-

240 876 355 899 norum
381 876 417 899 ex
445 866 651 910 infrascriptis
683 864 862 898 nationibus
886 863 983 897 nomi-

240 919 428 961 nandorum,
446 919 499 963 qui
525 919 583 952 sub
603 918 818 952 iurisdictione
842 917 981 950 eiusdem
999 927 1001 965 ’ἱ

241 973 506 1016 congregationis,
523 983 558 1006 ac.
579 972 636 1005 sub
662 971 814 1014 regimine
840 976 868 1004 et
893 970 1001 1003 disci—¹

242 1027 327 1070 plina
351 1037 410 1071 pro
435 1031 577 1070 tempore
602 1025 762 1059 existentis
787 1023 930 1064 rectoris,
955 1028 984 1056 et

242 1081 326 1113 iuxta
340 1079 578 1114 constitutiones
587 1078 711 1121 collegii
726 1077 764 1111 dc
778 1076 982 1121 Propagandai
1000 1108 1001 1111 ,

243 1133 316 1166 Fide
331 1133 435 1166 vivere
449 1138 479 1166 et
492 1131 620 1166 educari
633 1131 777 1171 debeant,
791 1141 862 1164 cum
877 1130 984 1170 dotis¹,

241 1197 320 1231 quae
343 1196 514 1230 numquam
539 1185 687 1225 alienari,
705 1190 732 1217 et
754 1184 843 1218 cuius
865 1184 985 1217 fructus

243 1241 272 1273 in
301 1240 396 1273 alium
429 1245 649 1284 praeterquam
678 1238 777 1271 vietus
803 1243 831 1271 et
857 1238 985 1271 restitus

242 1294 400 1327 dictorum
416 1293 582 1327 duodecim
593 1293 792 1325 alumnorum
807 1302 897 1324 usum
917 1302 986 1324 cen·
1002 1324 1003 1330 ,

244 1347 321 1381 verti
345 1357 409 1381 non
429 1347 563 1380 debeant
583 1352 633 1379 aut
655 1347 786 1390 possint,
803 1340 1004 1390 assignatio-f

244 1412 301 1443 ne,
327 1406 357 1434 et
381 1411 452 1434 cum
481 1400 744 1443 itu-ispali·onatus
776 1399 814 1431 ad
849 1394 1005 1431 farorcui'

245 1455 357 1488 domus
370 1459 496 1487 nostrae
511 1453 698 1486 Barberinae
716 1452 929 1485 reservatione
946 1452 988 1484 in-
1003 1486 1005 1499 <

246 1508 421 1552 trascripta,
439 1507 569 1540 fundare
582 1512 611 1539 ct
624 1506 733 1539 dotare
749 1505 903 1539 decrerit:
920 1516 986 1547 uos,
1004 1502 1005 1535 ἶ

246 1567 308 1594 tam
334 1561 421 1605 pium
447 1571 544 1604 opus,
569 1565 720 1603 quantum
752 1559 781 1591 in
807 1558 897 1591 nobis
923 1563 1005 1604 est,j

246 1613 412 1647 confovere
432 1618 462 1645 et
483 1612 521 1644 ad
539 1618 680 1656 optatum
700 1612 793 1644 finem
813 1611 988 1655 perducere

247 1667 378 1701 sinceris
402 1666 618 1700 desiderantes
643 1665 823 1707 affectibus,
848 1665 886 1697 ad
912 1665 988 1698 illud

247 1721 319 1754 totis
351 1720 470 1754 viribus
502 1719 752 1764 promovendum
785 1719 925 1752 animum
960 1724 1006 1751 et>

248 1779 384 1808 tuentem
405 1779 544 1807 nostram
562 1773 783 1806 convertimus.

292 1828 307 1870 ξ
330 1827 359 1860 9..
384 1826 552 1867 Quocirca,
578 1831 666 1859 motu
690 1825 838 1870 proprio,
863 1835 925 1858 non
951 1824 1006 1865 ad;

248 1880 379 1914 alicuius
404 1880 495 1913 nobis
520 1880 654 1923 desuper
685 1879 806 1912 oblatae
830 1869 1007 1922 petitionisi

250 1934 428 1982 instantiam
444 1961 451 1974 ,
475 1933 529 1966 sed
554 1943 589 1966 ex
615 1934 700 1966 certa
727 1932 857 1966 scientia
882 1933 1007 1983 nostrai

248 1998 284 2021 ac
308 1987 346 2020 de
367 1987 558 2031 apostolicae
584 1986 747 2030 potestatis
772 1984 967 2029 plenitudine
983 2012 990 2024 ‚

248 2051 345 2074 unum
363 2041 532 2084 collegium
550 2051 604 2073 seu
630 2040 823 2072 alumnatum
841 2049 899 2082 pro
917 2038 991 2071 duo—
1006 2074 1007 2080 ἵ

248 2094 350 2128 decim
363 2105 422 2138 pro
431 2104 515 2127 nunc
527 2094 663 2127 alumnis
681 2093 782 2127 bonae
800 2091 991 2136 complexio·
1006 2118 1008 2122 Α

249 2147 308 2188 nis,
324 2158 360 2181 ac
383 2153 488 2181 mente
518 2152 547 2181 et
569 2157 703 2191 corpore
727 2146 820 2186 sanis,
839 2145 906 2178 sine
927 2145 991 2177 ullo

249 2201 407 2246 corporali
425 2201 555 2246 defectu,
573 2211 636 2234 non
662 2199 839 2233 minoribus
861 2197 992 2242 quinde-
1008 2203 1009 2233 l

251 2255 333 2296 eim,
357 2265 415 2288 nec
447 2255 621 2289 maioribus
653 2254 762 2297 viginti
797 2264 851 2286 scu
882 2248 1009 2297 viginti}

251 2308 344 2341 unius
367 2318 533 2348 annorum,
558 2307 588 2340 in
615 2307 708 2340 latina
733 2307 780 2339 vel
807 2306 912 2338 italica
932 2305 1009 2350 lin-¹

252 2372 312 2403 gua
325 2361 494 2404 aliquando
508 2359 721 2400 inti·oductis²‚
736 2370 771 2392 ex
788 2358 993 2402 infrascriptis
1009 2395 1011 2399 y

252 2414 342 2448 Asiae
373 2419 403 2447 et
434 2413 556 2447 Africae
580 2413 760 2446 nationibus
785 2415 905 2445 tantum
931 2411 1011 2443 0Ιί-Ζ

253 2467 363 2511 gendis
387 2472 416 2499 et
441 2466 656 2507 nominandis,
683 2464 825 2498 videlicet
849 2448 1011 2506 Georgia-i

253 2532 366 2555 uorum
405 2526 435 2554 et
468 2520 634 2553 Persarum
670 2529 706 2552 ac
736 2518 993 2552 Nestoi-innorum

1016 227 1072 252 vm
1093 227 1140 252 rr.

1011 286 1134 310 necnon
1158 274 1367 308 lacobitarum
1389 278 1418 306 et
1439 271 1656 306 Melchitarum
1681 281 1755 304 nec-

1011 339 1074 362 non
1091 328 1292 373 Coplitarum,
1313 327 1392 360 duos
1412 326 1557 359 videlicet
1582 335 1640 370 pro
1657 324 1757 369 quali-

1013 382 1063 416 bet
1080 382 1224 422 natione,
1245 391 1337 424 quem
1358 387 1459 413 tamen
1483 389 1651 413 numerum
1673 377 1754 411 idem

1012 436 1108 469 frater
1140 434 1292 468 Antonius
1321 433 1488 467 cardinalis
1517 433 1554 466 ad
1587 432 1694 466 decem
1726 436 1754 464 et

1013 494 1094 529 octo,
1112 494 1176 521 tres
1201 488 1319 521 scilieet
1338 499 1396 531 pro
1417 487 1555 531 qualibet
1573 485 1756 520 earumdem

1012 542 1186 584 nationum,
1208 542 1272 574 vita
1298 542 1423 584 comite,
1449 547 1477 574 et
1496 541 1601 574 divina
1619 540 1756 573 bonitate

1015 595 1097 628 illius
1114 600 1244 628 conatus
1262 600 1480 638 prosperante,
1494 594 1757 639 quandocumque

1013 647 1145 682 arbitrio
1166 658 1222 681 suo
1247 657 1363 690 augere
1389 648 1487 680 valcat
1505 647 1564 689 (ita
1583 652 1698 686 tamen,
1715 651 1757 683 ut,

1015 701 1039 733 si
1065 700 1233 744 aliquando
1266 700 1433 743 contigerit
1465 699 1569 743 aliqua
1596 699 1664 732 rice
1695 708 1757 732 non

1015 764 1106 798 posse
1132 765 1168 787 ex
1193 754 1297 797 aliqua
1322 754 1370 786 vel
1395 753 1551 797 aliquibus
1568 763 1604 786 ex
1628 751 1760 786 nationi-

1016 808 1075 840 bus
1100 807 1246 852 superius
1271 807 1442 850 designatis
1466 807 1546 839 infra
1570 816 1686 839 annum
1711 805 1757 838 vel

1016 861 1054 894 ad
1080 871 1238 894 summum
1272 861 1434 894 biennium
1460 860 1568 893 haberi
1594 860 1758 899 alumnOS,

1017 919 1218 949 assumentur
1243 925 1279 948 ex
1305 914 1373 947 aliis
1397 913 1575 955 nominatis
1597 913 1758 946 autetiam

1018 969 1229 1002 Armenorum
1249 967 1443 1006 nationibus;
1462 978 1524 1010 quo
1549 977 1622 1000 casu
1640 966 1760 999 fructus

1018 1022 1161 1056 locorum
1187 1021 1362 1054 vacantium
1388 1021 1460 1053 anni
1485 1020 1533 1053 rel
1557 1019 1674 1053 biennii
1702 1019 1761 1052 hu-

1019 1075 1153 1109 iusmodi
1179 1075 1216 1108 ad
1243 1074 1386 1108 ferendas
1411 1074 1612 1107 alumnorum
1631 1073 1763 1106 necessi-

1020 1134 1097 1162 tates
1118 1133 1330 1168 reserventur,
1349 1127 1406 1168 vel,
1426 1127 1462 1160 iis
1483 1126 1686 1167 cessantibus,
1704 1136 1762 1170 pro

1019 1182 1164 1226 augendo
1177 1183 1379 1215 alumnorum
1397 1191 1530 1214 numero
1548 1180 1762 1219 investiantur;

1020 1237 1141 1281 ipsique
1167 1236 1284 1270 alumni
1310 1232 1367 1269 sub
1393 1235 1525 1269 rectoris
1549 1234 1716 1278 disciplina
1733 1239 1761 1266 et

1020 1290 1185 1334 regimini,
1211 1300 1334 1323 necnon
1359 1289 1417 1322 sub
1443 1289 1560 1332 regulis
1585 1293 1615 1321 et
1639 1287 1763 1321 consti-

1021 1344 1195 1377 tutionibus
1227 1344 1300 1376 dicti
1331 1343 1454 1386 collegii
1487 1342 1525 1375 de
1556 1340 1762 1386 propaganda

1021 1396 1097 1429 Fide
1123 1397 1227 1429 rivere
1251 1396 1384 1429 debeant
1406 1406 1442 1429 eo
1464 1395 1557 1429 modo
1575 1405 1637 1439 quo
1655 1395 1760 1428 vivunt

1022 1450 1117 1484 ceteri
1133 1450 1251 1483 alumni
1269 1450 1322 1493 qui
1340 1449 1378 1482 de
1396 1449 1552 1493 praesenti
1571 1448 1601 1481 in
1619 1449 1688 1492 ipso
1705 1448 1765 1481 col-

1022 1504 1104 1547 legio
1129 1504 1167 1537 de
1194 1503 1399 1547 Propagandi·
1419 1503 1492 1536 Fide
1517 1502 1701 1542 educantur,
1722 1501 1766 1534 in-

1023 1563 1070 1590 ter
1094 1568 1174 1601 riuos
1199 1561 1227 1591 et
1252 1557 1397 1590 alumnos
1421 1556 1545 1599 collegii
1577 1561 1605 1589 et,
1630 1555 1767 1588 alumna-

1023 1615 1071 1643 tus
1086 1610 1130 1644 sic
1141 1611 1264 1644 noviter
1281 1610 1375 1644 erecti
1393 1610 1511 1642 nullam
1529 1619 1660 1653 prorsus
1683 1609 1766 1642 volu-

1023 1675 1091 1697 mus
1101 1664 1209 1697 adesse
1217 1663 1506 1704 diss'e1·entiam,nisi
1517 1663 1600 1696 circa
1610 1672 1764 1696 novorum

1022 1719 1224 1751 alumnorum
1252 1718 1283 1750 in
1312 1717 1446 1760 collegio
1476 1717 1697 1750 admissionem
1727 1716 1765 1748 ad

1022 1771 1267 1804 nominationem
1285 1781 1343 1814 pro
1365 1775 1507 1814 tempore
1527 1769 1687 1803 existentis
1712 1779 1766 1812 pa-

1024 1825 1116 1865 troni,
1133 1829 1167 1857 ut
1192 1824 1272 1857 infra
1297 1824 1492 1868 disponetur,
1510 1822 1700 1862 faciendam;
1722 1826 1766 1854 te-

1022 1881 1156 1911 neantur
1181 1878 1272 1912 etiam
1297 1877 1422 1910 noviter
1445 1876 1541 1910 erecti
1563 1875 1686 1919 collegii
1712 1885 1767 1908 seu

1023 1932 1201 1964 alumnatus
1226 1930 1408 1964 huiusmodi
1433 1930 1553 1964 alumni
1578 1929 1662 1963 aliud
1687 1928 1767 1962 iura-

1024 1990 1164 2018 mentum
1190 1995 1207 2017 a
1232 1984 1478 2027 congregatione
1501 1983 1540 2016 de
1562 1982 1768 2026 propaganda

1024 2037 1098 2070 Fide
1108 2037 1279 2071 Pontificiis
1290 2037 1432 2080 collegiis
1441 2037 1672 2080 praescriptum
1682 2045 1770 2080 prac-

1025 2096 1125 2130 stare‚
1151 2092 1282 2134 excepta
1305 2090 1519 2134 prohibitione
1543 2094 1577 2122 ut
1600 2089 1678 2122 fiant
1701 2088 1767 2121 sine

1025 2144 1151 2188 speciali
1184 2143 1311 2177 licentia
1341 2143 1522 2186 regulares,
1548 2142 1622 2186 quia
1645 2142 1768 2175 noviter

1026 2197 1121 2231 erecti
1139 2197 1264 2240 collegii
1283 2207 1338 2230 seu
1356 2197 1534 2229 alumnatus
1558 2196 1702 2229 alumnos
1719 2206 1769 2228 re-

1026 2251 1175 2294 ligionem
1194 2250 1291 2283 saneti
1309 2249 1433 2284 Antonii
1457 2259 1512 2282 scu
1539 2248 1637 2282 saneti
1664 2248 1767 2281 Basilii

1026 2303 1147 2347 ingredi
1163 2309 1192 2336 et
1210 2303 1239 2336 in
1258 2314 1366 2336 earum
1387 2303 1525 2347 qualibet
1541 2302 1767 2346 professionem

1026 2358 1205 2401 regularem
1233 2357 1376 2390 emittere
1400 2356 1570 2399 volumus),
1596 2354 1769 2399 apostolica

1027 2411 1221 2452 auctoritate,
1240 2416 1349 2444 tenore
1374 2409 1597 2454 praesentium,
1616 2409 1769 2453 erigimus

1028 2470 1057 2498 et
1075 2464 1276 2498 instituimus.

1663 208 1721 247 581
1772 220 1955 250 iin.c.1037

1073 2519 1088 2561 ξ,
1111 2518 1140 2550 3.
1168 2518 1265 2561 Eique
1290 2517 1334 2550 sic
1359 2521 1464 2550 erecto
1489 2520 1519 2549 et
1543 2515 1695 2556 instituto,
1712 2525 1770 2559 pro
1818 2559 1820 2561 Ι

1010 2571 1125 2615 ,ipsius
1149 2571 1350 2604 alumnorum
1376 2569 1601 2603 sustentatione
1630 2574 1660 2601 ct
1688 2558 1973 2614 alio-{333¹{ss'32‘152'32'1}

1011 2628 1098 2657 ‘rum
1125 2635 1257 2658 onerum
1284 2623 1529 2668 supportatione,
1556 2621 1695 2655 redditus
1715 2631 1770 2656 an*
1787 2612 1904 2634 mmmm
1935 2617 1972 2639 '²³'

1839 2532 1912 2552 Dotem
1934 2538 1971 2558 pru

292 2595 300 2619 t
321 2592 390 2620 Male
406 2591 470 2619 edit.
488 2591 568 2618 Main.
587 2591 650 2627 legit
666 2591 729 2618 dole
743 2591 783 2625 (n.
799 2590 847 2624 r).

290 2638 306 2666 2
322 2637 421 2665 Forsan
437 2637 543 2673 legend.
563 2637 710 2665 instructis
724 2637 764 2671 (n.
779 2636 827 2669 τ.).
