2248 3229
137 228 189 257 An.
207 229 236 256 c.
258 227 322 255 1633
1758 210 1823 246 327
1870 221 1919 250 An.
1936 222 1964 250 c.
1986 222 2053 251 1633

1111 272 1330 318 praesentibus
1354 282 1413 318 pro
1437 271 1528 317 plene
1544 274 1573 305 et
1590 269 1782 305 sufficienter
1801 281 1853 305 ex-

1111 327 1228 372 pressis
1252 338 1287 361 ae
1312 327 1351 360 ad
1375 327 1506 361 verbum
1531 325 1657 359 insertis
1680 325 1852 367 habentes,

1113 382 1173 414 illis
1190 381 1265 414 alias
1290 381 1321 414 in
1345 391 1402 414 suo
1418 380 1532 414 robore
1549 379 1776 424 permansuris,
1796 378 1854 411 hac

1113 435 1179 467 viee
1204 435 1365 468 dumtaxat
1388 433 1566 478 specialiter
1586 437 1615 465 ct
1635 443 1782 477 expresse
1800 432 1855 467 de-

1114 498 1286 531 rogamus;
1315 488 1490 531 ceterisque
1522 486 1690 520 contrariis
1719 486 1852 530 quibus-

1114 553 1259 585 cumque.

1159 596 1173 639 ξ
1197 596 1224 629 7,
1244 595 1280 629 L't
1306 600 1409 628 autem
1436 600 1616 640 praesentes
1633 600 1759 628 nostrae
1779 594 1857 627 litte-
1902 609 2057 637 praesentium.

1114 660 1178 690 rae,
1203 660 1274 683 cum
1301 660 1380 694 opus
1405 649 1516 690 suerit,
1542 649 1580 682 ad
1610 648 1751 682 omnium
1777 647 1858 682 noti·
1873 637 2058 684 2¹152⁰d¹s³llill¹3¹¹¹¹⁵

949 225 1091 250 rnnrtNus
1116 224 1173 249 vin·
1193 225 1240 249 Pr.

334 284 470 319 euinque
494 273 705 319 appellatione
731 276 863 316 remota,
891 275 1077 309 auctoritate

334 331 441 363 nostra
465 328 648 373 procedam.

149 398 192 419 noc
204 397 319 419 subsidium
379 384 394 426 ξ
420 383 448 416 5.
474 383 626 416 Volumus
650 387 753 416 autem
779 382 862 426 quod
895 381 976 415 istud
1005 381 1078 414 sub-

136 425 321 479 lifiiiqucq‘w'ii'io'ss
337 437 450 470 sidium
476 437 584 470 decem
611 441 639 469 et
664 447 777 470 novem
803 436 980 469 millionum
1007 446 1077 468 eum

137 477 321 534 {2323,⁵.”1{351¹.'.¹113}
337 490 468 523 dimidio
493 490 622 523 alterius
654 489 805 522 millionis
837 489 982 522 succedat
1008 489 1078 522 loco

138 533 252 579 lllla2i¹if⁶·
269 532 320 552 ⁵⁰¹⁸
337 554 613 589 quorumcumque
638 544 773 577 aliorum
800 543 1013 576 subsidiorum
1032 554 1080 575 su-

337 609 396 643 per
416 597 611 631 millionibus
635 607 692 641 per
714 607 770 630 nos
791 587 942 630 haetenus
968 607 1081 640 appro-

339 652 484 685 batorum
499 656 527 684 et
547 662 782 692 concessorum,
797 652 838 684 ita
851 651 935 695 quod
953 651 1079 684 illorum

169 1093 277 1115 Clausulas
292 1100 326 1115 ne·

142 1127 245 1143 cessantis
260 1123 326 1143 addit.

338 705 448 748 rigore
479 704 558 738 nihil
590 705 723 749 amplius
756 715 771 737 a
806 714 964 749 quoquam
998 704 1080 746 exigi

340 758 459 803 possi13
492 758 640 803 quodque
674 758 846 807 peguniae,
872 768 908 790 ex
931 757 1081 801 praefatis

340 811 488 845 subsidiis
513 817 542 845 et
567 812 698 855 gabellis
731 822 785 844 seu
815 811 907 852 sisis,
933 816 965 843 ut
989 822 1080 855 prae-

341 867 449 908 fertur,
475 876 492 899 a
516 865 606 899 dietis
642 865 862 898 ecelesiasticis
887 864 1081 908 exigendae,

343 920 372 952 in
398 920 557 965 praefatos
581 925 611 952 et
635 929 697 952 non
715 919 793 952 alios
810 929 884 951 usus
902 924 1083 952 convertan-

342 978 401 1016 tur,
427 983 524 1017 super
548 983 610 1017 quo
635 971 806 1005 maiestatis
831 975 900 1005 tuae
925 972 1084 1012 conscien-

342 1026 415 1059 tiam
437 1036 616 1060 oneramus.

386 1081 401 1124 ἓ
418 1080 447 1113 6.
468 1081 677 1114 Deeernentes
694 1083 874 1123 praesentes
895 1079 1015 1112 litteras
1037 1090 1084 1112 xa-

342 1134 431 1175 lidas,
456 1134 563 1167 firmas
588 1138 619 1166 et
642 1133 784 1166 efficaces
809 1133 952 1173 existere,
977 1133 1084 1177 sicque

341 1199 398 1233 per
415 1198 632 1232 quoscumque
650 1187 770 1220 iudices
790 1186 970 1220 ordinarios
988 1192 1017 1220 et
1034 1187 1085 1220 de-

343 1243 472 1286 legatos,
490 1242 582 1275 etiam
602 1252 768 1274 causarum
789 1241 895 1286 palatii
921 1241 1084 1285 apostolici

342 1296 522 1338 auditores,
548 1295 670 1329 sublata
695 1295 740 1328 eis
764 1300 792 1328 et
820 1305 930 1328 eorum
956 1295 1085 1329 euilibet

342 1350 452 1395 quavis
483 1350 574 1383 aliter
606 1350 763 1383 iudicandi
797 1353 826 1384 et
855 1349 1086 1394 interpretandi

343 1404 486 1438 facultate
504 1407 533 1438 et
548 1403 745 1445 auctoritate,
763 1403 895 1436 iudicari
919 1408 948 1436 et
961 1403 1086 1436 definiri

343 1458 470 1498 debere,
491 1468 526 1491 ae
551 1458 676 1490 irritum
702 1463 729 1490 et
756 1457 857 1497 inane,
883 1457 908 1489 si
933 1467 1022 1489 secus
1040 1468 1087 1489 su-

343 1524 399 1557 per
424 1512 473 1545 liis
497 1522 514 1545 a
538 1522 718 1556 quoquam,
745 1511 854 1556 quavis
882 1510 1084 1553 auctoritate,

344 1567 479 1599 scienter
503 1566 551 1598 vel
572 1566 767 1608 ignoranter,
792 1565 962 1607 contigerit
986 1569 1086 1597 atten-

345 1621 412 1653 tari.
434 1621 502 1653 Non
527 1619 724 1654 obstantibus
754 1618 1032 1652 constitutionibus
1057 1624 1087 1652 et

344 1673 594 1718 ordinationibus
619 1672 818 1717 apostolicis,
845 1672 938 1706 etiam
964 1672 995 1704 in
1020 1672 1087 1716 qui-

344 1729 450 1761 busvis
474 1727 673 1771 generalibus
698 1726 839 1760 conciliis
864 1726 969 1768 editis,
996 1725 1088 1769 prixi-

345 1782 435 1825 legiis
459 1791 595 1825 quoque,
621 1780 750 1814 indultis
775 1785 805 1812 et
829 1780 941 1813 litteris
966 1784 1087 1823 aposto-

345 1835 422 1876 lit-is,
448 1834 598 1875 eeclesiis,
624 1834 739 1878 regnis,
756 1833 910 1878 personis,
927 1833 1085 1877 capitulis,

346 1887 562 1928 monasteriis,
592 1887 796 1920 conventibus
822 1893 849 1920 et
875 1887 1035 1930 collegiis,
1058 1892 1087 1920 et

345 1941 414 1974 aliis
438 1941 597 1985 praefatis,
616 1941 672 1973 sub
693 1941 945 1984 quibuscumque
969 1940 1086 1973 tenori-

346 1994 404 2027 bus
422 2000 451 2027 et
468 1994 588 2034 formis,
605 2005 640 2026 ac
659 2004 729 2027 cum
747 1993 910 2037 quibusvis
927 1992 1020 2025 etiam
1039 1992 1088 2025 de-

347 2049 579 2092 rogatoriarum
611 2047 837 2090 derogator-iis,
866 2047 997 2090 aliisque
1023 2046 1088 2079 effi-

347 2102 532 2144 cacioribus,
552 2101 776 2135 efficacissimis
797 2105 826 2133 et
851 2100 983 2133 insolitis
1009 2100 1089 2132 elau-

348 2156 433 2196 sulis,
458 2166 494 2188 ae
518 2155 713 2189 irritantibus
738 2158 767 2188 et
791 2154 859 2187 aliis
883 2153 1032 2194 decretis,
1058 2153 1089 2186 in

349 2209 542 2242 contrarium
573 2209 819 2253 praemissorum
850 2207 1090 2252 quomodolibet

348 2263 517 2304 concessis,
535 2263 729 2296 confirmatis
745 2268 775 2296 et
789 2262 958 2302 innovatis3
976 2262 1090 2306 quibus

349 2316 513 2356 omnibus,
538 2315 659 2348 etiarnsi
686 2327 745 2363 pro
769 2316 897 2349 illorum
922 2315 1089 2348 sufficienti

349 2369 553 2414 derogatione
569 2369 607 2403 de
624 2369 685 2402 illis
710 2380 884 2413 eorumque
909 2369 981 2402 totis
1003 2374 1090 2402 teno-

349 2424 437 2457 ribus
457 2422 612 2467 speeialis,
638 2422 794 2466 specifica,
819 2432 969 2467 expressa
994 2427 1024 2455 et
1048 2422 1091 2454 in-

349 2477 495 2518 dividua,
525 2486 560 2509 ae
584 2476 622 2509 de
652 2476 750 2509 verbo
781 2476 820 2508 ad
851 2475 1003 2517 verbum,
1027 2486 1091 2510 non

350 2536 454 2564 autem
479 2541 537 2575 per
561 2530 717 2563 clausulas
741 2531 904 2573 generales
930 2530 1012 2564 idem
1030 2530 1090 2563 im-

350 2589 533 2629 portantes,
558 2584 675 2617 mentio
700 2594 755 2616 seu
787 2583 915 2628 quaevis
948 2584 1008 2617 alia
1032 2594 1087 2617 ex·

350 2637 471 2682 pressio
502 2637 645 2671 habenda
677 2642 777 2681 esset,
806 2637 933 2672 illorum
965 2642 1091 2672 tenores

1115 704 1189 736 tiam
1203 703 1322 736 facilius
1341 703 1488 736 devenire
1505 703 1634 747 possint,
1649 701 1858 743 decernimus,

1114 763 1148 790 ut
1165 768 1274 791 eorum
1290 757 1451 801 exemplis,
1465 757 1558 791 ctiam
1577 756 1749 800 impressis,
1764 765 1859 788 manu

1115 811 1247 844 alicuius
1271 811 1390 854 publici
1416 810 1528 843 notarii
1554 809 1748 854 subscriptis,
1770 814 1800 842 et
1824 808 1860 841 si-

1116 866 1192 909 gillo
1217 865 1350 898 alieuius
1368 875 1521 908 personae
1539 864 1569 897 in
1586 864 1738 907 dignitate
1763 863 1860 896 ecele-

1117 920 1242 954 siastica
1268 919 1455 952 constitutae
1480 918 1619 960 munitis,
1638 918 1745 951 eadem
1771 928 1861 961 pror-

1117 985 1169 1007 sus
1193 973 1271 1006 fides
1297 972 1328 1005 in
1353 972 1468 1005 iudicio
1494 976 1523 1004 et
1548 976 1634 1004 extra
1663 971 1780 1014 ubique
1809 970 1861 1002 ha-

1117 1027 1239 1069 beatur,
1257 1036 1336 1070 quae
1355 1025 1430 1070 ipsis
1447 1024 1664 1069 praesentibus
1678 1023 1860 1063 haberetur,

1118 1081 1143 1114 si
1168 1081 1271 1114 serent
1295 1079 1452 1113 exhibitae
1477 1079 1524 1111 vel
1550 1083 1704 1111 ostensae.

1163 1135 1275 1168 Datum
1300 1135 1418 1167 Romae
1433 1160 1440 1174 ,
1466 1132 1549 1176 apud
1573 1132 1602 1165 S.
1628 1131 1777 1172 Petrum,
1804 1130 1862 1163 sub

1118 1189 1234 1222 annulo
1253 1187 1431 1227 piscatoris,
1449 1186 1498 1219 die
1519 1197 1536 1217 v
1561 1184 1665 1218 martii
1683 1193 1861 1226 MDcxxxm,

1119 1242 1318 1287 pontificatus
1340 1240 1439 1274 nostri
1458 1250 1539 1273 anno
1556 1250 1585 1273 x.

1155 1304 1212 1332 Dat.
1235 1304 1278 1332 die
1298 1303 1313 1332 5
1335 1303 1424 1331 martii
1445 1302 1523 1337 1633,
1545 1301 1639 1337 pontis.
1661 1308 1732 1328 anuo
1753 1307 1779 1327 x.

1427 1446 1550 1480 CDLIX.

1120 1527 1224 1571 Super
1238 1528 1438 1571 &emptione
1456 1526 1535 1559 cleri
1556 1535 1731 1570 ‘reynerum
1749 1526 1864 1560 Castel-

1166 1582 1215 1614 [αθ
1240 1585 1268 1614 el
1293 1581 1446 1624 Leyionis
1464 1591 1484 1612 a
1503 1579 1665 1612 solutione
1689 1579 1830 1612 decimae
1845 1578 1862 1610 ¹.

1324 1662 1460 1689 Urbanus
1482 1662 1559 1695 Papa
1579 1661 1656 1693 vm,

1264 1707 1300 1734 ad
1319 1707 1452 1733 futuram
1471 1706 1515 1733 rei
1535 1705 1716 1733 memoriam.

1942 1786 2011 1807 Refert
2029 1792 2065 1808 ea.

1167 1778 1182 1821 ἓ
1200 1778 1224 1811 1.
1240 1777 1349 1817 Hodie,
1363 1788 1421 1821 pro
1436 1782 1524 1821 parte
1541 1777 1718 1810 charissimi
1738 1777 1768 1810 in
1782 1777 1865 1811 Chri-
1881 1819 1935 1839 qm
1987 1816 2065 1834 mmm

1881 1843 1927 1860 suut
1944 1841 1963 1861 in
1978 1846 2065 1866 praeee-

1123 1838 1170 1866 sto
1195 1832 1251 1865 filii
1282 1831 1382 1865 nostri
1408 1831 1544 1875 Philippi
1570 1831 1789 1875 Hispaniarum
1816 1842 1865 1864 re·
1933 1868 1936 1869 ⁷
1969 1867 1974 1873 ¹

1121 1887 1169 1929 gis
1194 1885 1341 1919 catholici
1367 1885 1458 1918 nobis
1492 1885 1655 1928 exposito,
1685 1884 1770 1929 quod
1794 1868 2065 1919 laieiiifss'ss-mnfflm‘

1122 1939 1238 1973 subditi
1279 1949 1452 1983 regnorum
1475 1939 1625 1973 Castellae
1661 1943 1690 1972 et
1722 1939 1866 1982 Legionis

1122 1993 1262 2026 eiusdem
1288 1993 1402 2037 Pilippi
1431 1992 1515 2035 regis
1541 1992 1571 2024 in
1595 2003 1706 2025 eorum
1732 1993 1866 2026 comitiis

1123 2058 1177 2080 seu
1192 2047 1287 2080 curiis
1305 2047 1342 2079 dc
1359 2056 1440 2079 anno
1455 2056 1606 2080 uncxxxn
1620 2047 1762 2091 proxime
1780 2058 1867 2091 prae-

1124 2101 1215 2134 terito
1235 2100 1350 2133 habitis
1368 2100 1665 2143 (animadvertentes
1691 2100 1866 2134 subsidium

1123 2154 1231 2188 decem
1253 2160 1283 2187 et
1307 2160 1378 2188 octo
1399 2154 1575 2188 millionum
1593 2164 1798 2188 nummorum
1816 2165 1867 2187 au-

1125 2218 1252 2241 reorum
1276 2207 1352 2240 alias
1371 2218 1388 2240 a
1405 2207 1554 2252 praefatis
1572 2207 1704 2241 subditis
1727 2208 1791 2241 suis
1808 2218 1866 2252 pro

1124 2261 1197 2295 fidei
1223 2261 1394 2295 catholicae
1419 2261 1599 2295 defensione
1617 2267 1646 2295 et
1671 2261 1865 2296 obedientiae

1125 2326 1199 2359 erga
1213 2320 1349 2348 sanctam
1365 2316 1538 2349 Romanam
1554 2315 1725 2349 Ecclesiam
1744 2326 1867 2349 conser-

1125 2369 1247 2403 vatione
1260 2369 1319 2402 sibi
1333 2369 1485 2410 oblatum,
1497 2374 1527 2403 et
1541 2380 1558 2402 a
1571 2369 1661 2403 nobis
1675 2379 1731 2414 per
1743 2375 1867 2404 nostras

1126 2424 1156 2456 in
1172 2423 1266 2457 simili
1291 2423 1393 2456 forma
1411 2423 1519 2456 Brevis
1544 2423 1600 2456 sub
1624 2423 1673 2456 die
1692 2433 1767 2456 xx1x
1793 2423 1866 2457 maii

1125 2476 1195 2510 anni
1210 2486 1351 2510 MDcxxlx
1369 2476 1529 2521 expeditas
1546 2477 1666 2510 litteras
1690 2476 1729 2510 ad
1753 2487 1865 2511 novem

1125 2541 1222 2565 annos
1235 2530 1445 2575 approbatum
1455 2536 1485 2564 et
1495 2530 1729 2574 confirmatum,
1739 2531 1779 2565 ob
1791 2542 1866 2566 non-

1163 2647 1172 2674 1
1196 2646 1233 2674 Ex
1253 2648 1352 2682 regest.
1374 2646 1400 2674 in
1420 2645 1522 2675 Secret.
1539 2645 1615 2675 Brev.
