2221 3224
226 95 278 141 ὓ

173 250 220 275 An.
242 249 269 275 G.
290 248 356 276 1630

248 685 357 705 Derretum

175 718 248 732 sarrae
283 714 357 730 rituum

176 739 290 763 concrepat
297 743 356 757 totns.

401 240 466 273 4⁶24

370 298 493 329 assidue
504 297 701 337 intendimus,
713 306 769 340 per
783 305 860 339 quae
878 295 1107 334 christifideles,

371 350 428 383 sub
454 349 539 383 suavi
558 349 719 391 religionis
737 348 810 390 iugo
828 352 857 382 et
875 347 1039 381 strictioris
1057 348 1108 381 ob-

372 404 543 437 servantiae
574 403 692 445 regulis
722 402 880 435 Altissimo
912 402 1107 444 famulantes,

371 457 499 489 sublatis
535 456 720 496 obstaculis,
746 454 776 487 in
809 455 921 499 quietis
954 466 989 488 ac
1023 455 1109 499 pacis

371 510 558 543 amoenitate
580 514 648 543 vota
673 519 727 542 sua
751 509 883 558 Domino
909 509 1049 550 reddant,
1074 520 1109 541 ac

373 563 563 596 felicioribus
589 563 618 595 in
639 563 687 595 via
713 563 930 596 mandatorum
956 563 1022 595 eius
1039 573 1110 606 pro-

373 616 478 648 ficiant
503 616 712 649 incrementis.

417 669 431 712 ἓ
456 669 484 701 I.
510 670 616 713 Nuper
652 669 804 713 siquidem
830 679 847 702 a
879 669 1110 702 venerabilibus

374 722 524 755 fratribus
544 723 660 755 nostris
677 722 705 755 S.
720 723 754 755 R.
772 723 804 755 E.
824 722 1044 764 cardinalibus,
1067 733 1111 755 sa-

374 774 435 807 cris
448 774 559 807 ritibus
572 774 769 818 praepositis,
784 775 938 809 emanavit
950 775 1111 808 decretum

375 827 491 860 tenoris
516 828 745 871 subsequentis,
770 828 936 862 videlicet:-

418 881 608 913 Procurator
625 881 756 915 fratrum
775 881 1039 914 Discalccatorum
1060 881 1113 915 Or-

374 934 454 968 dinis
474 935 630 968 Minorum
655 935 752 968 sancti
774 935 931 968 Francisci
948 935 986 968 de
1003 935 1113 969 Obser-

374 987 477 1020 vantia
515 988 694 1032 provinciae
729 988 757 1022 S.
798 988 922 1021 Ioannis
957 989 1112 1032 Baptistae

325 1085 328 1088 Ι
374 1041 595 1085 Hispaniarum
614 1042 767 1085 exposuit,
784 1052 857 1075 suos
874 1042 986 1076 fratres
1001 1042 1114 1075 Discal-

375 1100 478 1129 ceatos
498 1096 561 1139 pati
579 1097 825 1129 controversiam
845 1096 883 1128 ab
901 1096 969 1128 aliis
993 1096 1114 1139 regula-

375 1148 514 1190 ribus,et
526 1148 696 1192 praecipue
714 1148 752 1181 ab
769 1148 1014 1191 Augustinianis,
1031 1149 1113 1181 circa

375 1202 627 1246 praecedentiam
653 1202 683 1234 in
708 1202 963 1246 processionibus
989 1206 1018 1236 et
1038 1202 1113 1234 alias

376 1255 609 1298 praerogativas
623 1283 630 1296 ‚
661 1255 737 1299 ipsis
769 1255 862 1288 etiam
895 1255 1112 1297 Discalceatis,

375 1319 446 1340 cum
464 1308 528 1340 veri
555 1308 609 1340 [ilii
635 1308 807 1341 Rcsormati
831 1308 971 1341 eitlsdem
990 1308 1114 1342 Ordinis

375 1361 445 1401 sint,
472 1361 589 1404 pariter
613 1361 830 1404 suffragantes,
848 1365 877 1395 et
897 1372 1062 1405 expressas
1083 1362 1114 1394 in

377 1414 464 1446 Bulla
486 1415 652 1448 Clementis
669 1415 733 1447 VIII
755 1415 924 1458 incipiente
941 1415 992 1449 Em
1005 1416 1116 1448 iniun-

376 1472 423 1500 cto
447 1468 537 1501 nobis
550 1467 569 1510 ¹,
595 1468 652 1501 sub
677 1468 725 1500 die
747 1478 789 1501 vn
816 1469 1003 1512 septembris
1017 1479 1114 1508 iinon,

376 1522 637 1565 quotiescumque
657 1521 730 1553 dicti
754 1521 938 1554 Discalceati
956 1532 1018 1555 non
1037 1522 1116 1554 incc-

377 1575 454 1607 dunt
478 1579 530 1609 aicit
554 1575 671 1617 degunt
696 1586 766 1607 eum
799 1575 950 1607 fratribus
982 1575 1115 1607 familiae

377 1628 415 1661 de
440 1628 653 1668 Observantia,
679 1628 762 1671 quod
789 1638 859 1660 cum
879 1628 918 1660 sit
943 1633 1052 1661 contra
1069 1639 1116 1660 ex-

378 1691 518 1724 pressam
536 1686 672 1713 mentem
698 1686 728 1713 et
748 1680 866 1713 Bullam
885 1680 959 1713 dicti
978 1680 1117 1714 Clemen-

379 1735 416 1767 tis
436 1734 511 1774 VIII,
529 1734 623 1767 citato
648 1734 740 1767 ctiam
766 1734 804 1766 ad
828 1735 887 1767 hoc
911 1740 1117 1778 procuratore

379 1788 517 1831 generali
542 1788 667 1821 Ordinis
688 1788 785 1820 sancti
805 1788 980 1829 Augustini,
999 1788 1117 1831 suppli-

380 1842 460 1874 cavit
483 1842 650 1885 provideri.
674 1842 710 1874 Et
727 1852 815 1874 sacra
836 1842 962 1874 Rittium
989 1851 1118 1883 congre-

381 1895 475 1937 gatio,
500 1895 658 1938 sequendo
683 1900 789 1928 votum
815 1895 1018 1928 illustrissimi
1040 1894 1117 1934 Deti,

382 1948 431 1980 cui
456 1948 532 1980 haec
566 1959 659 1981 causa
688 1953 754 1980 erat
785 1948 973 1988 commissa,
999 1947 1119 1980 censuit

381 2002 632 2045 praecedentiam
657 2002 687 2033 in
712 2012 867 2034 concursu
892 2012 962 2034 cum
984 2001 1052 2033 aliis
1073 2012 1120 2033 re-

382 2056 543 2098 gularibus
558 2056 587 2087 in
599 2055 854 2099 processionibus
868 2060 897 2087 et
911 2055 978 2087 aliis
999 2055 1119 2087 actibus

382 2109 515 2152 publicis
540 2119 665 2152 semper
686 2114 866 2151 competere
895 2108 984 2140 dictis
1002 2108 1118 2140 Discal-

383 2162 486 2204 ceatis,
513 2163 577 2195 sive
602 2161 659 2194 soli
680 2162 717 2194 de
738 2172 794 2204 per
815 2172 846 2193 se
872 2166 901 2193 et
918 2162 975 2193 sul)
992 2160 1120 2204 propria

384 2226 487 2255 crime,
513 2216 575 2248 sive
600 2215 657 2247 sub
683 2225 775 2247 cruce
793 2219 822 2246 et
850 2225 919 2246 cum
946 2214 1063 2246 familia
1083 2213 1120 2245 de

383 2269 586 2302 Observantia
612 2268 765 2307 incedant,
786 2273 815 2300 et
835 2267 898 2299 sive
922 2267 1120 2306 Discalceati,

384 2322 565 2362 Reformati,
583 2326 635 2355 aut
655 2322 714 2354 alio
732 2321 842 2364 quovis
859 2321 984 2353 nomine
1001 2331 1122 2353 nuncu-

384 2382 508 2420 pentur,
525 2375 696 2408 dummodo
714 2375 774 2407 sint
791 2385 863 2407 vere
879 2374 1048 2407 Reformati
1066 2373 1121 2407 Or-

385 2429 466 2461 dinis
484 2429 579 2461 sancti
599 2428 773 2467 Francisci,
799 2438 920 2459 necnon
939 2427 1075 2469 gaudere
1094 2433 1123 2459 et

386 2483 446 2515 srui
478 2483 592 2515 debere
625 2482 770 2515 omnibus
801 2482 869 2513 aliis
896 2481 1123 2524 praerogativis

387 2536 418 2568 in
435 2536 612 2579 supradicta
628 2535 715 2567 Bulla
732 2535 899 2569 Clementis
917 2534 981 2567 VIII
1000 2545 1124 2578 expres-

386 2589 438 2629 sis,
454 2595 483 2622 et
496 2590 537 2622 ita
551 2589 756 2632 imposterum
769 2589 890 2633 ubique
904 2587 1022 2620 servari
1040 2597 1124 2620 man-

424 2653 435 2680 1
453 2652 539 2683 Quam
555 2651 614 2679 vide
629 2651 655 2679 in
672 2655 737 2679 tom.
754 2658 781 2687 x,
798 2659 858 2687 pag.
875 2650 926 2678 862
941 2652 981 2685 (R.
997 2651 1045 2683 τ.).

945 247 1125 271 nULLARIUM
1148 247 1302 271 ROMANUM

1141 295 1224 327 davit
1253 295 1310 327 hac
1340 294 1388 326 die
1421 304 1487 328 xxn
1520 294 1711 336 decembris,
1736 300 1766 328 et
1795 295 1878 328 iuxta

1142 348 1216 380 alias
1234 347 1369 380 resoluta
1385 347 1414 378 in
1428 347 1620 380 antecedenti
1634 348 1878 390 congregatione

1143 401 1199 433 sub
1224 400 1274 433 die
1300 411 1319 434 x
1344 400 1483 432 eiusdem
1510 401 1625 433 mensis
1649 411 1803 435 MDcxx1x.

1188 454 1201 497 ξ
1226 453 1255 485 ⁶2.
1280 453 1355 487 Cum
1381 458 1504 493 autem,
1530 454 1609 487 sicut.
1632 454 1764 487 dilectus
1796 454 1879 486 filius

1144 512 1331 551 procurator
1355 507 1485 541 fratrum
1508 508 1771 540 Discalceatorum
1788 518 1879 551 prae-

1889 246 1938 273 An.
1959 246 1989 274 C.
2006 247 2075 275 1630

1915 468 1981 491 Quo-l,
1995 469 2077 492 petente

1895 494 1979 514 fratrum
1999 493 2078 514 Discat-

1895 524 2002 540 ceatoruin
2032 525 2078 545 pro-

1850 559 1855 565 .
1895 549 1999 569 Ctlralort',

1144 561 1299 593 dictorum
1324 560 1414 593 nobis
1438 561 1553 604 exponi
1577 561 1657 602 fecit,
1684 560 1750 604 ipse
1774 560 1876 604 plum-

1145 625 1229 647 mum
1241 614 1353 658 cupiat,
1367 613 1594 657 praeinsertum
1606 614 1765 647 decretum
1779 613 1882 646 huius-

1145 668 1239 708 modi,
1265 678 1326 712 quo
1351 667 1473 700 firmius
1497 667 1654 708 subsistat,
1679 667 1881 710 exactiusque

1144 721 1182 753 ab
1193 721 1338 753 omnibus
1352 721 1546 761 observetur,
1560 720 1748 764 apostolicae
1758 725 1882 753 nostrae

1145 774 1394 808 confirmationis
1427 774 1543 807 robore
1578 773 1783 807 communiri:
1808 783 1882 812 nos,

1146 828 1199 871 qui
1235 838 1344 872 pacem
1376 832 1405 860 ct
1434 826 1571 870 quietem
1604 827 1683 860 inter
1722 826 1883 869 regulares

1146 882 1330 925 praesertim
1342 892 1492 925 personas
1504 881 1610 924 vigere
1626 880 1756 913 sinceris
1767 879 1885 912 deside-

1147 946 1252 968 ramus
1270 936 1442 976 affectibus,
1459 939 1698 979 procuratorem
1718 938 1748 966 et
1771 932 1885 966 fratres

1146 989 1338 1033 praedictos,
1362 1000 1424 1033 qno
1446 988 1693 1033 praemissorum
1718 986 1885 1020 commodo

1147 1048 1177 1076 et
1201 1042 1313 1075 effectu
1334 1042 1464 1085 pacifice
1482 1042 1527 1074 uti
1547 1042 1679 1082 valeant,
1698 1039 1885 1084 specialibus

1148 1095 1306 1128 favoribus
1321 1100 1352 1128 et
1368 1094 1477 1138 gratiis
1494 1093 1643 1138 prosequi
1664 1093 1813 1135 volentes,
1832 1102 1884 1126 eo-

1148 1159 1282 1192 rumque
1306 1148 1481 1191 singulares
1505 1157 1657 1191 personas
1685 1157 1702 1179 a
1724 1146 1885 1190 quibusvis

1148 1201 1489 1242 excommunicationis,
1516 1199 1730 1244 suspensionis
1746 1203 1775 1233 et
1792 1199 1886 1231 inter-

1148 1255 1232 1296 dicti,
1249 1255 1379 1298 aliisque
1393 1254 1612 1287 ecclesiasticis
1630 1252 1800 1294 sententiis,
1813 1262 1885 1285 cen-

1148 1309 1228 1340 suris
1246 1313 1276 1341 et
1295 1308 1414 1351 poenis,
1429 1318 1446 1339 a
1463 1307 1530 1340 iure
1548 1307 1594 1339 vel
1609 1306 1647 1339 ab
1664 1305 1800 1347 homine,
1814 1314 1887 1348 qua-

1149 1361 1193 1394 vis
1219 1361 1383 1395 occasione
1409 1361 1456 1393 vel
1481 1361 1574 1392 causa
1606 1359 1695 1399 latis,
1721 1358 1746 1391 si
1772 1358 1886 1401 quibus

1149 1415 1388 1458 quomodolibet
1414 1413 1552 1446 innodati
1578 1413 1722 1454 existunt,
1749 1411 1787 1443 ad
1812 1410 1887 1444 effe-

1149 1473 1233 1500 ctum
1258 1468 1471 1511 praesentium
1502 1466 1662 1498 dumtaxat
1687 1474 1884 1507 consequen-

1149 1521 1235 1561 dum,
1249 1521 1361 1553 harum
1377 1520 1457 1553 serie
1471 1519 1667 1552 absolventes
1685 1523 1715 1551 et
1727 1518 1888 1550 absolutos

1150 1575 1214 1606 sore
1240 1579 1424 1613 censentes,
1450 1571 1730 1616 supplicationibus
1760 1571 1887 1604 illorum

1150 1627 1277 1659 nominc
1301 1626 1391 1659 nobis
1416 1636 1516 1668 nuper
1540 1626 1600 1658 hoc
1626 1623 1790 1657 humiliter
1818 1633 1889 1667 por-

1151 1679 1244 1712 rectis
1274 1679 1431 1720 inclinati,
1461 1678 1692 1721 praeinsertum
1726 1677 1887 1709 decretum

1152 1732 1341 1773 huiusmodi,
1356 1743 1426 1765 cunt
1447 1731 1596 1764 omnibus
1609 1736 1635 1763 et
1654 1730 1784 1772 singulis
1796 1729 1828 1762 in
1844 1729 1888 1762 eis

1152 1785 1305 1818 contentis
1323 1790 1353 1817 et
1377 1784 1544 1828 expressis,
1565 1783 1735 1827 apostolica
1757 1782 1890 1815 auctori-

1153 1844 1222 1881 tate,
1238 1844 1345 1871 tenore
1363 1838 1587 1881 praesentium,
1607 1841 1761 1880 perpetuo
1779 1845 1891 1879 appro-

1152 1893 1262 1925 bamus
1272 1897 1302 1925 et
1315 1892 1550 1931 confirmamus,
1564 1891 1688 1933 illisque
1702 1888 1890 1922 inviolabilis

1153 1946 1342 1990 apostolicae
1368 1945 1524 1977 firmitatis
1543 1945 1641 1978 robur
1661 1943 1835 1982 adiicimus,
1856 1952 1891 1974 ac

1153 2010 1261 2032 omnes
1290 2004 1319 2031 et
1344 1992 1484 2041 singulos
1516 2003 1576 2030 tam
1603 1997 1679 2030 iuris
1697 2006 1791 2040 quam
1819 1994 1890 2028 sacti

1154 2056 1183 2086 et
1207 2052 1318 2095 quovis
1342 2052 1420 2084 alios
1445 2052 1598 2090 defectus,
1623 2050 1648 2083 si
1673 2050 1725 2092 qui
1751 2049 1780 2081 in
1804 2059 1891 2092 prae-

1155 2105 1257 2137 missis
1275 2104 1511 2147 quomodolibet
1536 2102 1760 2136 intervenerint
1780 2107 1833 2134 aut
1850 2101 1891 2134 in-

1154 2158 1323 2190 tervenisse
1336 2157 1396 2190 dici
1416 2157 1462 2189 vel
1477 2156 1597 2189 censeri
1612 2159 1749 2199 possent,
1763 2155 1889 2198 supple-

1156 2222 1240 2243 mus:
1259 2221 1381 2243 necnon
1395 2210 1567 2251 decretum,
1587 2215 1617 2241 et
1630 2209 1662 2241 in
1675 2208 1728 2241 eo¹
1746 2213 1891 2241 contenta

1155 2264 1346 2304 huiusmodi,
1370 2268 1612 2307 praesentesque
1637 2263 1756 2295 litteras
1780 2261 1891 2302 valida,

1156 2318 1246 2350 lirina
1263 2323 1292 2350 et
1309 2317 1446 2350 efficacia
1466 2317 1600 2349 existere
1617 2321 1646 2348 et
1663 2317 1738 2357 fore,
1757 2326 1893 2358 suosque

1156 2371 1313 2414 plenarios
1345 2376 1374 2403 et
1404 2370 1544 2412 integros
1576 2369 1704 2406 effectus
1734 2368 1840 2402 sortiri
1864 2372 1893 2400 et

1156 2424 1307 2465 obtinere,
1328 2434 1363 2456 ac
1388 2423 1536 2455 fratribus
1556 2422 1754 2455 Discalccatis
1771 2420 1894 2465 praedi-

1157 2478 1223 2518 ctis,
1241 2478 1431 2520 ubicumque
1456 2476 1675 2515 existentibus,
1697 2475 1728 2507 in
1748 2474 1894 2508 omnibus

1157 2536 1187 2564 et
1210 2541 1266 2574 per
1290 2531 1396 2563 onmia
1420 2530 1600 2573 plenissime
1625 2528 1801 2571 suffragari,
1824 2537 1895 2560 nec-

1156 2595 1218 2618 non
1243 2585 1281 2617 ab
1306 2584 1466 2626 omnibus,
1492 2584 1530 2616 ad
1559 2594 1637 2627 quos
1662 2586 1779 2626 spectat
1803 2586 1833 2615 et
1863 2581 1894 2614 in

1193 2648 1204 2675 1
1223 2647 1289 2675 Male
1305 2647 1368 2675 edit.
1385 2648 1468 2675 Main.
1484 2646 1550 2681 legit
1565 2646 1596 2673 in
1611 2654 1645 2673 ea
1660 2646 1697 2681 (n.
1713 2645 1761 2679 Τ.).

1930 1632 2023 1654 Pontifex
2038 1636 2086 1651 con-

1903 1660 1978 1681 firmat.
