2221 3224
243 229 294 256 An.
312 229 341 257 e.
357 228 425 255 1629
474 220 516 253 54

248 1192 358 1213 Contraria
371 1193 429 1213 tollit.

443 287 594 319 cumque,
620 276 673 308 ubi
698 281 727 307 et
758 274 883 318 quando
908 283 986 316 opus
1017 273 1128 313 suerit,
1154 277 1183 305 et

443 331 564 373 quoties
587 340 644 373 pro
669 334 757 372 parte
783 327 886 369 magni
913 326 1070 368 magistri,
1096 326 1182 369 prio-

443 394 525 425 rum,
539 382 761 420 baiulivorum,
775 384 1026 423 praeceptorum,
1048 379 1182 412 militum

443 441 472 468 et
496 435 629 468 fratrum
649 433 894 477 praedictorum,
913 442 967 465 scu
985 432 1116 465 alicuius
1134 442 1184 464 eo-

443 499 523 529 rum,
537 488 672 531 desuper
696 486 813 519 suerint
830 485 983 529 requisiti,
1001 485 1183 519 solemniter

442 541 646 584 publicantes,
664 540 786 582 illisque
804 539 834 571 in
851 538 1031 582 praemissis
1049 538 1183 572 efficacis

443 593 631 626 defensionis
655 592 812 636 praesidio
846 592 1044 639 assistentes,
1071 591 1183 625 saciant

442 647 625 681 auctoritate
649 648 757 679 nostra
782 645 907 678 easdem
932 650 1113 689 praesentes
1137 645 1184 678 lit-

445 706 524 738 teras
550 705 579 732 et
603 700 634 731 in
659 699 702 731 eis
727 702 872 732 contenta
897 709 1114 741 quaecumque
1135 698 1184 731 fir-

445 753 535 786 miter
560 751 729 793 observari,
755 758 785 784 et
805 752 954 794 singulos,
980 762 1057 794 quos
1082 750 1183 795 ipsae¹

444 812 645 849 concernunt,
665 806 724 839 illis
748 805 879 849 pacifice
899 805 959 838 frui
981 810 1011 838 et
1030 805 1182 847 gaudere,

444 860 691 893 contradictores
724 859 879 902 quoslibet
904 863 934 891 et
963 858 1095 891 rebelles
1128 869 1185 902 per

445 924 593 947 censuras
618 919 648 946 et
672 924 789 957 poenas
809 912 1045 953 ecclesiasticas,
1063 911 1185 955 aliaque

444 973 621 1011 opportuna
645 966 723 1000 iuris
748 970 777 1000 et
800 965 872 998 facti
898 964 1052 1006 remedia,
1078 965 1185 1008 appel-

446 1022 559 1054 latione
584 1021 768 1064 postposita,
786 1019 1025 1063 compescendo,
1043 1019 1186 1052 invocato

446 1075 539 1107 etiam
564 1074 602 1106 ad
626 1074 697 1113 hoc,
715 1074 740 1106 si
758 1083 836 1117 opus
857 1072 960 1112 suerit,
981 1071 1098 1104 auxilio
1119 1072 1186 1104 bra-

447 1127 509 1160 chii
534 1127 693 1160 secularis.

491 1182 505 1225 ἓ
530 1182 558 1214 5.
590 1182 657 1214 Non
688 1180 903 1221 obstantibus,
930 1184 1083 1222 quatenus
1107 1189 1187 1222 opus

447 1235 495 1275 sit,
521 1234 661 1267 eiusdem
685 1233 851 1267 Clementis
877 1238 906 1265 et
930 1232 974 1265 Pii
1002 1231 1187 1276 praedeces-

447 1299 554 1321 sorum
579 1287 700 1328 litteris,
721 1297 845 1320 necnon
869 1285 1055 1319 recolendae
1072 1295 1188 1318 memo-

448 1342 512 1374 riae
536 1341 686 1374 Bonisacii
711 1341 811 1384 Papae
837 1340 912 1380 wll,
938 1339 1082 1372 similiter
1100 1349 1188 1382 prae-

448 1395 621 1428 decessoris
644 1394 762 1435 nostri,
788 1394 825 1426 dc
850 1393 922 1433 unzi,
944 1398 974 1425 et
998 1392 1030 1424 in
1055 1391 1188 1424 concilio

448 1448 587 1490 generali
605 1448 685 1481 edita
703 1447 740 1480 de
757 1447 876 1480 duabus
897 1446 997 1486 dietis,
1019 1445 1188 1478 dummodo

448 1501 530 1533 ultra
554 1506 617 1534 tres
640 1500 737 1533 dietas
762 1499 874 1543 aliquis
900 1498 1085 1531 auctoritate
1101 1508 1190 1541 prae-

449 1554 582 1586 sentium
604 1554 634 1585 in
659 1552 810 1585 iudicium
827 1562 890 1585 non
907 1552 1059 1591 trahatur,
1078 1555 1108 1583 et
1124 1550 1190 1594 qui-

449 1608 555 1640 busvis
580 1607 647 1640 aliis
673 1606 949 1640 constitutionibus
970 1611 1000 1638 et
1024 1605 1191 1638 ordinatio-

449 1661 540 1693 nibus
565 1660 755 1704 apostolicis,
780 1670 815 1692 ac
841 1659 933 1691 etiam
958 1658 1090 1701 legibus,
1107 1657 1190 1690 iura-

450 1719 564 1755 mento,
578 1713 815 1747 confirmatione
829 1712 1066 1756 apostolica‚x*el
1083 1711 1190 1754 quavis

450 1768 597 1800 firmitate
610 1767 669 1799 alia
695 1766 861 1806 roboratis,
879 1765 1001 1798 statutis
1018 1770 1048 1797 et
1065 1774 1192 1797 consue-

451 1821 632 1861 tudinibus,
659 1820 874 1854 contractibus
899 1824 927 1851 et
953 1817 1190 1857 instrumentis,

450 1874 622 1917 privilegiis
643 1884 778 1917 quoque,
799 1872 926 1905 indultis
943 1878 971 1905 et
988 1871 1101 1904 litteris
1122 1881 1193 1914 apo-

451 1927 577 1969 stolicis,
604 1927 774 1971 quibusvis,
793 1926 849 1959 sub
875 1925 1127 1969 quibuscumque
1151 1928 1193 1958 te-

451 1981 581 2014 noribus
605 1984 635 2014 et
658 1980 768 2013 formis
783 2007 790 2021 ,
814 1990 849 2012 ac
875 1990 945 2012 cum
977 1978 1140 2022 quibusvis
1165 1988 1193 2010 e-

454 2034 526 2065 tiam
540 2034 813 2076 derogatoriarum
827 2032 1047 2075 derogatoriis,
1062 2031 1193 2075 aliisque

453 2087 680 2120 efficacioribus
704 2092 734 2120 et
759 2087 890 2119 insolitis
916 2085 1074 2127 clausulis,
1100 2096 1136 2118 ac
1157 2085 1194 2117 ir-

452 2140 619 2174 ritantibus
643 2146 673 2173 et
697 2141 764 2173 aliis
789 2140 933 2180 decretis,
959 2139 990 2172 in
1015 2149 1128 2182 genere
1147 2139 1193 2171 vel

451 2194 484 2225 iu
509 2194 629 2237 specie,
655 2205 691 2226 ae
715 2193 790 2226 alias
822 2193 853 2225 in
885 2192 1078 2226 contrarium
1103 2202 1212 2235 prae-¹

454 2247 622 2280 missorum
639 2246 872 2290 quomodolibet
894 2245 1059 2286 concessis,
1079 2245 1194 2278 contir-

454 2301 545 2333 matis
569 2305 599 2333 et
622 2300 796 2339 innovatis,
833 2299 946 2342 quibus
978 2298 1126 2332 omnibus
1166 2303 1194 2330 et

455 2355 602 2397 singulis,
628 2353 747 2387 etiamsi
780 2364 838 2397 pro
870 2353 995 2386 illorum
1029 2351 1195 2398 sufficienti

455 2408 656 2451 derogatione
678 2407 716 2439 de
740 2407 801 2439 illis
834 2416 1009 2450 eorumque
1043 2405 1115 2437 totis
1151 2409 1196 2437 te-

456 2461 586 2494 noribus
618 2461 778 2505 specialis,
804 2460 970 2503 specifica,
995 2469 1143 2502 expressa
1167 2463 1197 2490 et

457 2514 615 2547 individua
643 2525 679 2547 ac
710 2514 748 2547 de
773 2513 869 2546 verbo
894 2513 932 2546 ad
957 2512 1110 2552 verbum,
1134 2521 1197 2545 non

457 2573 560 2600 autem
586 2579 643 2611 per
667 2568 820 2600 clausulas
846 2566 1007 2609 generales
1031 2565 1114 2598 idem
1139 2565 1197 2597 im-

495 2632 506 2656 1
529 2629 594 2657 Male
614 2630 677 2657 edit.
699 2629 776 2657 Mein.
798 2629 862 2665 legit
884 2629 942 2664 ipse
963 2629 999 2663 (R.
1017 2628 1066 2663 T.).

1021 225 1200 249 BULLARIUM
1221 225 1376 248 ROMANUM

1972 223 2020 249 An.
2038 223 2065 249 C.
2086 223 2154 251 16‘29

1217 277 1397 315 portantes,
1423 272 1539 304 mentio
1571 281 1625 304 seu
1661 271 1787 316 quaevis
1818 271 1877 303 alia
1901 281 1954 302 ex-

1217 324 1339 368 pressio
1371 324 1514 357 habenda
1540 324 1639 366 soret,
1672 324 1797 357 illorum
1831 328 1955 356 tenores

1217 377 1434 421 praesentibus
1450 387 1508 421 pro
1526 377 1716 411 sufficienter
1734 377 1888 421 expressis
1905 377 1956 409 ha-

1217 432 1336 472 bentes,
1354 431 1414 464 illis
1434 431 1509 464 alias
1534 431 1565 463 in
1589 442 1646 464 suo
1670 431 1787 464 robore
1812 440 1956 474 perman-

1217 484 1316 525 suris,
1352 484 1410 516 hac
1443 484 1508 516 vice
1539 484 1700 517 dumtaxat
1725 483 1903 527 specialiter
1927 488 1957 515 et

1218 547 1363 581 expresse
1377 537 1584 580 derogainus3
1599 537 1777 581 ceterisque
1791 535 1956 569 contrariis

1217 589 1478 633 quibuscumque.

1261 644 1276 687 ξ
1301 644 1329 677 7.
1357 644 1505 676 Volumus
1523 648 1625 676 autem
1644 643 1728 687 quod
1745 642 1955 687 praesentium

1218 696 1432 740 transumptis,
1459 696 1552 730 etiam
1576 696 1755 740 impressis,
1784 706 1878 728 manu
1902 696 1958 728 ali-

1219 750 1307 783 euius
1323 749 1437 783 notarii
1454 749 1570 793 publici
1592 749 1790 793 subscriptis,
1808 754 1838 782 et
1855 749 1958 791 sigillo

1213 795 1372 848 ‘personae
1405 804 1436 836 in
1467 804 1619 847 dignitate
1643 803 1853 837 ecclesiastica
1878 813 1955 836 con-

1219 859 1343 892 stitutae
1373 858 1521 899 munitis,
1558 858 1666 891 eadem
1697 868 1811 901 prosus
1844 856 1960 900 ubique

1219 911 1296 944 fides
1320 911 1352 944 in
1376 911 1491 945 iudicio
1508 916 1538 944 et
1555 916 1641 944 extra
1666 910 1861 950 adhibeatur,
1880 919 1960 953 quae

1220 965 1295 1008 ipsis
1320 965 1540 1009 praesentibus
1564 964 1785 1004 adhiberetur,
1809 963 1833 996 si
1860 963 1961 995 forent

1220 1018 1375 1052 exhibitae
1400 1019 1447 1052 vel
1472 1024 1625 1052 ostensae.

1264 1072 1376 1106 Datum
1400 1073 1528 1113 Romae,
1542 1072 1625 1116 apud
1639 1072 1667 1104 S.
1682 1072 1820 1111 Petrum,
1835 1069 1892 1103 sub
1909 1080 1960 1102 an-

1221 1126 1295 1159 nulo
1327 1125 1503 1166 Piscatoris,
1529 1125 1578 1158 die
1596 1135 1636 1159 xv
1670 1124 1775 1157 martii
1804 1133 1960 1162 mncxmx,

1222 1178 1422 1222 pontificatus
1439 1178 1537 1213 nostri
1554 1188 1636 1212 anno
1654 1188 1694 1210 γι.

2011 655 2156 681 Transummis

1973 683 2032 703 credi
2047 681 2140 703 mandat.

1257 1241 1313 1270 Dat.
1334 1242 1377 1269 die
1399 1242 1431 1269 15
1447 1241 1535 1269 martii
1553 1241 1629 1275 1629,
1649 1241 1746 1276 pontif.
1763 1248 1834 1268 anno
1849 1246 1885 1266 v1.

1501 1357 1684 1391 CCCXXVII.

1223 1428 1380 1471 Religlz'osi
1404 1427 1571 1461 Societatz's
1591 1427 1665 1460 Iesu
1681 1436 1747 1459 non
1762 1431 1897 1470 possunt
1913 1427 1965 1459 uti

1266 1482 1419 1524 facultate
1437 1482 1624 1513 litterarum
1643 1484 1772 1513 sanctae
1791 1481 1965 1520 cruciatae,

1267 1545 1323 1567 nec
1348 1535 1464 1578 elz'yere
1480 1535 1587 1567 alium
1604 1534 1847 1576 confessarium,
1865 1544 1966 1577 quam

1268 1589 1472 1632 assignatum
1498 1598 1516 1620 a
1541 1588 1609 1620 suis
1632 1587 1863 1631 superioribus.

1419 1658 1557 1685 Urbanus
1586 1658 1667 1692 Papa
1685 1658 1771 1691 VIII,

1350 1705 1384 1730 ad
1400 1705 1578 1737 perpetuam
1597 1703 1642 1729 rei
1661 1701 1844 1729 memoriam.

1270 1766 1429 1799 Romanus
1454 1765 1593 1798 Pontifex
1619 1764 1658 1797 ad
1688 1775 1723 1797 ea
1748 1763 1967 1797 sollicitudinis
2007 1770 2129 1793 Exordium.

1226 1830 1298 1852 suae
1323 1824 1428 1862 partes
1460 1818 1621 1851 intendere
1656 1817 1770 1857 debet,
1801 1827 1858 1861 per
1888 1827 1967 1860 quae

1227 1872 1448 1914 religiosorum
1475 1875 1571 1904 status
1596 1870 1627 1903 in
1651 1881 1727 1915 pace
1744 1875 1774 1904 et
1794 1870 1898 1914 quiete
1921 1875 1967 1907 tu-

1228 1925 1286 1958 tius
1311 1930 1523 1958 conservetur.

1271 1979 1285 2021 g
1310 1978 1338 2011 sl.
1367 1978 1456 2018 Sane,
1482 1988 1553 2010 cum
1574 1977 1654 2010 ratio
1678 1976 1788 2010 doceat
1815 1981 1844 2009 et
1868 1986 1964 2020 expe-
2022 1982 2103 2004 indicat
2118 1988 2167 2003 eon-

1983 2010 2090 2030 cessiones
2114 2009 2167 2030 alias

1984 2037 2048 2057 saetas
2063 2043 2076 2056 a
2088 2036 2169 2061 Grego-

1983 2064 2014 2083 rio
2038 2063 2098 2086 xiil.
2122 2062 2167 2083 cie-

1983 2090 2051 2110 mente
2078 2089 2124 2109 vni
2147 2091 2168 2109 et.

1984 2116 2084 2142 Gregorio
2098 2115 2144 2136 XV.

1228 2031 1340 2064 rientia
1366 2035 1564 2074 compertum
1582 2030 1630 2070 sit,
1648 2029 1855 2072 religionibus
1879 2028 1967 2061 valde

1228 2085 1441 2129 perniciosum
1465 2084 1608 2124 existere,
1626 2089 1659 2116 ut
1676 2094 1786 2116 eorum
1810 2082 1967 2125 religiosis

1228 2139 1347 2172 licitum
1373 2139 1411 2171 sit
1435 2137 1660 2172 confessarium
1686 2137 1744 2170 sihi
1769 2136 1897 2179 eligere,
1923 2141 1968 2176 et,

1228 2192 1300 2224 licet
1323 2191 1420 2224 selicis
1445 2190 1673 2223 recordationis
1698 2189 1870 2232 Gregorius
1889 2189 1968 2229 XllI,

1229 2256 1263 2278 ac
1280 2245 1420 2277 Clemens
1435 2244 1500 2277 Vlll
1516 2249 1546 2277 et
1562 2244 1733 2287 Gregorius
1750 2243 1820 2277 ΧΨ
1838 2242 1969 2277 Romani

1230 2298 1405 2341 Pontifices,
1428 2298 1686 2341 praedecessores
1700 2298 1808 2340 nostri,
1824 2308 1881 2342 per
1898 2307 1970 2330 suas

1230 2352 1261 2384 iu
1285 2352 1386 2385 forma
1411 2351 1517 2383 Brevis
1542 2351 1661 2384 litteras
1686 2361 1832 2395 expresse
1864 2350 1970 2394 prohi-

1231 2404 1366 2445 buerint,
1391 2414 1429 2437 ne
1454 2404 1593 2447 religiosi
1608 2404 1771 2437 Soeietatis
1791 2404 1861 2437 lesu
1878 2403 1970 2436 sacul-

1232 2458 1344 2491 tatibus
1376 2458 1531 2490 cruciatae
1558 2462 1682 2491 sanctae
1707 2457 1752 2490 uti
1782 2457 1900 2501 absque
1924 2466 1982 2500 su·¹
2013 2447 2017 2451 ”

1231 2511 1393 2555 periorum
1417 2521 1546 2544 suorum
1574 2510 1699 2544 licentia
1723 2510 1882 2549 valerent,

1272 2585 1278 2609 1
1300 2583 1445 2618 Perperam
1460 2582 1525 2609 edit.
1541 2582 1620 2609 Maiu.
1637 2582 1699 2617 legit
1713 2581 1845 2616 Greyorii
1859 2579 1928 2615 Xlll,
1940 2587 1973 2608 ac

1232 2627 1382 2655 Clementis
1398 2626 1466 2661 vul,
1487 2630 1513 2654 et
1530 2626 1664 2661 Gregorii
1677 2624 1721 2651 XV
1737 2626 1772 2661 (a.
1789 2624 1838 2660 ¹12).
