2226 3235
116 222 167 248 Aa.
189 222 218 247 C.
236 221 304 248 1630

151 819 189 842 Qut
206 817 301 838 eanntvni

116 845 212 866 habeant
239 844 302 864 tacut·

118 874 182 892 tatem
204 876 229 891 ac
252 876 269 890 si
291 876 302 890 a

118 899 212 925 capituto
236 897 302 918 forent

119 925 189 946 electi.

147 1248 193 1273 lpse
206 1252 254 1266 xero
270 1251 304 1265 ca-

120 1274 180 1299 pituli
211 1278 304 1293 nomina·

120 1301 198 1321 tionem
238 1299 304 1325 possit

120 1326 231 1353 impedire.

149 1565 257 1586 Contraria
268 1566 305 1586 tol-

122 1593 198 1613 luatur.

924 220 1064 245 [nemus

316 268 365 301 die
391 277 487 312 super
503 267 660 301 sexdecim
681 268 977 312 compromissariis,
993 268 1056 302 sive

317 321 424 365 plures
444 320 570 361 suerint,
584 326 693 354 nostro
710 325 740 354 et
760 322 955 364 Apostolicae
968 322 1056 355 Sedis

316 373 444 407 nomine
461 373 691 417 praesidentem
718 374 776 406 sub
803 374 895 407 certis
914 374 1006 408 modo

316 428 418 460 fornia
435 432 508 460 tunc
533 428 690 471 expressis
715 427 943 471 deputavimus,
964 439 1043 472 prou

319 481 347 513 in
374 481 490 514 nostris
514 480 586 513 inde
618 480 766 513 confectis
799 481 909 514 litteris
935 481 1074 525 plenius]

318 533 505 576 continetur,
524 537 557 567 ut
573 533 658 566 solus
676 543 731 577 per
743 539 785 565 *te
811 534 922 577 ipsum,
939 534 1057 579 absque
1073 528 1075 562 ἷ

317 597 354 620 co
387 587 471 630 quod
501 586 607 630 lingua
641 586 704 619 sive
732 587 783 619 alii
812 598 828 620 a
859 587 996 631 capitulo
1026 592 1076 619 uti

318 650 412 684 >upra
440 640 631 684 incorporati
650 640 896 674 nominationem
922 640 1058 685 aliquam

318 695 419 727 t'acere
433 693 564 738 possint,
578 694 735 727 sexdecim
753 693 1058 738 compromissarios,
1076 710 1077 718 =

319 748 504 782 auctoritate
523 750 632 781 nostra
650 747 822 792 apostolica
841 747 1013 789 nominare,

361 801 376 845 §
401 801 430 834 ⁶2.
454 801 512 841 Qui
537 801 663 845 quidem
697 802 742 835 sic
772 811 830 845 per
855 805 883 833 te
907 792 1077 833 nominatil

319 854 462 888 camdem
487 855 664 888 facultatem
699 860 729 888 et
762 853 980 887 auctoritatem
1004 854 1059 887 lia-

319 909 422 951 beant,
448 919 543 952 quam
568 908 619 941 alii
640 907 796 941 sexdecim
817 907 979 949 haberent,
1000 908 1024 941 si
1043 919 1059 941 a

320 963 458 1006 capitulo
476 963 626 1006 generali,
644 963 708 995 sive
725 962 763 995 ab
782 972 819 995 eo
840 962 1059 1006 incorporatis,

320 1016 472 1049 nominati
493 1021 523 1049 et
539 1015 628 1049 electi
647 1021 759 1057 essent,
773 1026 868 1059 quam
886 1020 993 1049 tamen
1008 1026 1062 1050 no-

321 1069 523 1103 minationem
558 1068 755 1113 praedictum
791 1069 962 1113 capitulum
997 1070 1061 1103 sive

320 1123 513 1167 incorporati
537 1133 596 1167 pro
628 1122 686 1156 hac
718 1123 784 1156 vice
815 1128 933 1156 tantum
959 1123 1061 1156 facere

320 1187 383 1212 non
406 1176 527 1221 possint
535 1187 542 1217 3

365 1232 381 1275 g
403 1229 433 1263 3.
460 1231 561 1274 thue
585 1230 679 1263 etiam
696 1229 734 1262 ad
752 1230 835 1263 bunc
852 1231 997 1264 ess'cctum
1018 1231 1062 1263 in-

321 1283 497 1328 corporatis
521 1283 710 1333 praedicgis,
737 1288 764 1315 ct
792 1284 954 1327 quibusvis
979 1284 1061 1323 aliis,

321 1347 554 1381 quamcumque
568 1336 813 1370 nominationem
828 1337 982 1380 impcdire
995 1348 1063 1381 pos-

321 1392 363 1426 sis
381 1397 411 1425 et
428 1392 539 1433 valeas,
555 1391 726 1435 apostolica
743 1391 939 1431 auctoritate,
954 1396 1063 1425 tenore

320 1446 556 1490 praesentium,
588 1445 765 1479 facultatem
802 1445 1003 1478 concedimus
1035 1450 1064 1478 et

321 1499 530 1543 impartimur.

364 1553 429 1597 §4
454 1553 522 1586 Non
556 1551 752 1586 obstantibus
789 1551 1063 1586 constitutionilms

321 1611 351 1640 et
375 1605 624 1641 ordinationibus
649 1605 839 1649 apostolicis,
857 1616 892 1638 ac
917 1605 991 1638 dicti
1011 1605 1064 1638 ho-

321 1659 453 1705 spitalis,
478 1659 572 1693 etiam
596 1658 791 1699 iuramento,
825 1659 1063 1692 confirmatione

321 1711 504 1757 apostolica,
521 1712 569 1745 vel
586 1712 695 1755 quavis
713 1711 860 1745 firmitate
886 1711 945 1744 alia
970 1711 1064 1745 robo—

321 1766 407 1808 ratis,
432 1766 554 1800 statutis
579 1771 608 1798 et
633 1765 924 1808 consuetudinibus,
946 1765 1063 1798 stabili-

324 1821 437 1854 mentis
461 1830 601 1863 quoque,
622 1829 656 1853 ac
682 1819 804 1862 legibus
829 1819 1064 1863 capitularibus,

323 1873 499 1918 privilegiis
516 1883 652 1916 quoque,
671 1872 798 1905 indultis
815 1878 845 1905 ct
864 1872 977 1905 litteris
995 1883 1065 1916 apo—

324 1927 452 1968 stolicis,
465 1926 496 1958 in
513 1925 707 1959 contrarium
725 1926 970 1970 praemissorum
988 1937 1065 1970 quo-

324 1980 494 2014 modolibet
521 1980 693 2020 concessis,
727 1980 930 2020 confirmatis,
955 1990 1066 2024 appro-

323 2034 403 2067 batis
439 2038 469 2066 et
505 2033 659 2066 innovatis
672 2045 680 2073 g
713 2033 826 2077 quibus
858 2033 1005 2065 omnibus
1036 2034 1066 2065 et

325 2087 467 2131 singulis,
481 2087 608 2120 illorum
627 2092 751 2120 tenores
768 2086 989 2130 praesentibus
1006 2097 1065 2130 pro

325 2140 481 2185 expressis
505 2151 541 2174 ac
565 2140 603 2173 de
629 2140 724 2173 verbo
749 2140 787 2172 ad
812 2140 943 2172 verbum
968 2140 1066 2172 inser-

325 2193 364 2227 tis
388 2193 550 2234 habentes,
568 2193 629 2226 illis
649 2193 724 2226 alias
742 2193 772 2225 in
791 2204 847 2226 suo
865 2193 981 2226 robore
998 2204 1067 2237 per-

327 2247 494 2288 mansuris
512 2247 549 2280 ad
566 2247 815 2291 praemissorum
833 2247 989 2289 effectum⁷
1008 2247 1066 2280 liac

325 2300 393 2334 vice
417 2300 587 2341 dumtaxat,
605 2300 781 2344 specialiter
805 2306 836 2333 et
855 2311 1001 2344 expresse
1018 2301 1067 2333 dc-

326 2365 496 2398 rogamus,
522 2355 696 2398 ceterisque
730 2354 896 2388 contrariis
931 2355 1063 2399 quibus-

326 2419 469 2452 cumque.

327 2469 329 2471 ’
370 2463 483 2497 Datum
509 2462 636 2503 Romae,
659 2462 742 2506 apud
764 2463 793 2496 S.
817 2463 945 2495 Mariam
972 2463 1066 2496 Maio-

326 2527 404 2558 rem,
423 2516 482 2550 sub
507 2516 623 2549 annulo
643 2516 826 2559 Piscatoris,
847 2516 898 2550 die
919 2526 950 2550 vi
974 2527 1069 2560 augu-

327 2572 365 2606 sti
385 2581 524 2613 nncxxx,
545 2571 746 2615 pontificatus
765 2572 864 2605 nostri
892 2582 974 2606 anno
1001 2583 1066 2606 vin.

362 2632 420 2661 Dat.
441 2633 484 2661 die
503 2634 520 2660 6
540 2633 648 2669 augusti
667 2633 752 2668 1630,
769 2633 863 2669 pontif.
881 2642 952 2662 anno
967 2641 1022 2663 vill.

409 2686 489 2716 Bull.
509 2687 593 2716 Rom.
614 2702 647 2708 -
666 2687 724 2716 Vol.
741 2687 817 2716 XIV.
963 2687 998 2715 ΞΟ

1074 654 1077 670 t

1092 220 1145 244 rin
1169 220 1217 245 rr.
1740 210 1803 245 ⁴153

1377 268 1544 302 CCCLXXI.

1027 349 1245 461 Cff‘acullcts
1271 350 1463 393 Inquisitort'
1486 349 1615 382 Melitae
1636 348 1834 381 nominandi

1135 412 1184 434 cos
1207 403 1326 445 [ratres
1352 402 1523 446 liospilalis
1540 402 1571 435 S.
1594 402 1730 435 Ioannis
1754 401 1834 434 Hira

1134 455 1389 497 rosolymilani,
1425 456 1484 499 qui
1516 455 1659 498 capilult)
1688 455 1835 497 (fenerati

1132 518 1192 550 pro
1219 508 1336 550 limma
1361 508 1503 551 Angyliac
1528 506 1669 540 aclsint'.

1092 587 1206 615 Dilecto
1226 588 1287 615 filio
1316 588 1457 622 magistro
1486 588 1633 615 Ludovico
1659 587 1834 615 Serristorio

1129 632 1159 658 in
1179 631 1307 665 utraque
1329 632 1485 667 signatura
1501 632 1605 660 nostra
1619 632 1832 660 referendario.

1129 677 1301 704 haereticae
1317 677 1477 711 pravitatis
1491 677 1633 704 ininsula
1648 678 1770 705 Melitae
1788 678 1833 704 in-

1131 722 1269 755 quisitori
1291 722 1434 757 generali,

1298 775 1434 802 Urbanus
1456 776 1535 810 Papa
1554 776 1631 803 vul.

1365 837 1478 865 Dilecte
1507 837 1567 871 fili,

1146 882 1275 909 salutem
1291 885 1322 909 et
1336 882 1531 915 apostolicam
1546 883 1787 910 benedictionem

1139 962 1154 1007 ἓ
1186 963 1210 996 l.
1241 964 1317 998 Cum
1346 973 1403 997 nos
1431 962 1524 997 liodie
1558 969 1585 996 te
1617 965 1648 996 in
1680 964 1835 997 sexdecim

1095 1017 1143 1049 vel
1168 1017 1309 1061 plurium
1329 1017 1680 1061 coinpromissariornm
1702 1018 1835 1050 fratrum

1095 1071 1124 1104 S.
1151 1071 1273 1104 Ioannis
1305 1070 1592 1111 iherosolimitani,
1617 1071 1835 1114 eligendorum

1095 1125 1127 1158 in
1143 1125 1288 1169 proximo
1304 1126 1441 1169 capitulo
1465 1125 1604 1168 generali
1622 1125 1672 1158 die
1689 1135 1733 1158 m
1750 1136 1837 1159 men-

1095 1179 1137 1212 sis
1162 1179 1302 1212 octobris
1326 1179 1500 1223 praesentis
1533 1179 1606 1211 anni
1634 1179 1838 1212 benedicente

1095 1232 1228 1265 Domino
1254 1231 1464 1272 celebrando,
1490 1236 1599 1265 nostro
1624 1235 1653 1265 et
1677 1231 1838 1276 Apostoli«

1096 1295 1150 1317 cae
1168 1284 1256 1317 Sedis
1273 1285 1399 1318 nomine
1417 1284 1649 1328 praesidentem
1667 1285 1838 1328 apostolica

1096 1339 1279 1372 auctoritate
1305 1338 1561 1372 constituerimus
1594 1343 1624 1371 ct
1647 1338 1841 1382 deputaveri-

1097 1403 1177 1432 mus,
1207 1397 1301 1435 prout
1326 1391 1356 1424 in
1379 1393 1496 1424 nostris
1526 1391 1660 1435 desuper
1685 1392 1716 1424 in
1747 1391 1840 1425 simili

1097 1445 1199 1478 forma
1224 1444 1331 1478 Brevis
1355 1445 1508 1488 expeditis
1541 1444 1674 1485 litteris,
1707 1455 1840 1488 quarum

1097 1503 1222 1531 tenores
1240 1497 1460 1541 praesentibus
1476 1508 1535 1541 pro
1552 1497 1707 1541 expressis
1732 1497 1840 1530 haberi

1097 1552 1252 1591 volumus,
1269 1551 1391 1595 plenius
1416 1551 1609 1584 continetur:

1142 1605 1156 1648 ξ
1181 1604 1209 1637 Q.
1236 1605 1324 1638 Nunc
1348 1609 1452 1637 autem
1478 1604 1649 1648 cupientes,
1668 1609 1700 1636 ut
1725 1604 1840 1648 capitu-

1097 1659 1162 1691 lum
1193 1657 1397 1698 huiusmodi,
1429 1668 1465 1691 ac
1496 1658 1652 1691 dictorum
1683 1657 1839 1691 sexdecim

1098 1722 1152 1744 seu
1165 1711 1304 1755 plurium
1322 1710 1673 1755 comproniissariorum
1688 1711 1841 1744 sessiones

1098 1765 1230 1798 feliciter
1255 1765 1464 1808 celebrentur,
1482 1765 1539 1798 tibi
1561 1776 1614 1798 eos
1639 1765 1714 1798 dicti
1739 1765 1842 1809 hospi-

1098 1819 1167 1851 talis
1194 1819 1326 1861 fratres,
1351 1819 1405 1863 qui
1430 1819 1566 1862 capitulo
1597 1818 1778 1852 huiusmodi
1812 1824 1841 1852 et

1098 1872 1255 1906 dictorum
1280 1872 1436 1906 sexdecim
1459 1883 1513 1905 seu
1539 1872 1678 1916 plurium
1697 1883 1842 1916 compro<

1099 1926 1317 1960 missariorum
1344 1926 1539 1959 sessionibus
1564 1937 1623 1970 pro
1648 1926 1757 1969 lingua
1782 1927 1840 1959 An-

1098 1981 1179 2024 gliae
1204 1980 1304 2024 ipsius
1338 1980 1501 2024 hospitalis
1533 1979 1723 2013 intervenire
1748 1979 1841 2013 debew

1098 2034 1185 2074 bunt,
1204 2034 1389 2068 auctoritate
1414 2035 1520 2066 nostra
1547 2033 1720 2077 apostolica
1745 2034 1842 2067 norni-

1098 2087 1191 2120 nandi
1202 2088 1392 2129 facultatem,
1404 2088 1514 2120 eadem
1529 2088 1724 2129 auctoritate,
1735 2092 1842 2121 tenore

1099 2141 1323 2185 praesentium,
1350 2141 1553 2175 concedimus
1578 2147 1608 2174 et
1633 2141 1841 2185 impertimur.

1144 2195 1158 2238 ἓ
1182 2193 1211 2227 3.
1237 2195 1305 2228 Non
1330 2194 1525 2228 obstantibus
1550 2204 1749 2238 quacumque
1773 2204 1843 2227 con-2

1850 220 1898 245 An.
1919 220 1947 246 C.
1967 219 2032 246 1630

1890 974 1961 995 Refert
1975 979 2035 1000 prae-

1852 1000 1951 1022 cedentes
1982 1001 2035 1021 titte-

1852 1033 1893 1049 ras.

1889 1615 1998 1639 Faenltas,
2014 1615 2040 1635 do

1856 1648 1898 1669 qua
1912 1643 1932 1663 in
1948 1641 2040 1663 rubrIca.

1880 2201 1991 2224 Contraria
2004 2202 2042 2223 tol-

1813 2247 1818 2253 .
1857 2227 1934 2250 tithtur.

1100 2248 1239 2281 cessione
1269 2248 1456 2291 dignitatum
1488 2248 1586 2292 ipsius
1618 2248 1743 2290 linguae
1767 2259 1839 2291 qui-

1100 2302 1205 2334 busvis
1223 2302 1296 2335 dicti
1320 2302 1484 2345 hospitalis
1505 2301 1655 2334 fratribus
1681 2302 1842 2341 hactenus,

1100 2355 1193 2388 etiam
1227 2366 1284 2399 per
1316 2356 1435 2388 litteras
1466 2355 1653 2399 apostolicas
1686 2355 1840 2388 informa

1101 2410 1206 2442 Brevis
1223 2409 1414 2451 huiusmodi,
1430 2409 1521 2449 sacta,
1539 2419 1575 2442 ac
1592 2408 1843 2452 quibuscumque

1101 2463 1168 2496 aliis
1192 2462 1379 2507 privilegiis,
1406 2463 1528 2496 statutis
1553 2468 1582 2496 et
1607 2461 1842 2496 consuetudini-

1101 2517 1175 2559 bus,
1200 2526 1323 2550 necnon
1347 2516 1493 2549 omnibus
1519 2516 1594 2559 iltis,
1615 2527 1695 2560 quae
1720 2516 1750 2548 in
1774 2515 1842 2549 aliis

1100 2570 1227 2610 nostris,
1245 2570 1276 2602 in
1296 2569 1404 2602 eadem
1427 2570 1527 2602 forma
1549 2569 1655 2603 Brevis
1681 2580 1777 2614 super
1800 2570 1843 2602 in-

1140 2637 1148 2661 t
1167 2633 1205 2661 Ex
1220 2633 1328 2669 Regest.
1346 2633 1372 2660 in
1388 2632 1488 2661 Secret.
1505 2631 1583 2660 Brev.
