2248 3229
217 246 265 273 An.
283 246 312 273 C.
332 247 398 274 1637

444 238 508 273 624

992 245 1168 268 BULLARIUM
1194 244 1347 268 ROMANUM

1939 244 1986 269 An.
2003 243 2030 269 C.
2055 243 2120 270 1637

414 302 443 329 et
474 295 704 334 residentibus,
729 304 764 325 ac
796 304 867 326 cum
900 291 1476 335 quibuscumque'confii·1iiationeni,
1501 291 1555 324 sed
1579 291 1672 324 etiam
1698 292 1922 337 cuiuscumque

413 349 480 382 aliis
505 348 602 391 ipsius
626 346 813 379 Ferdinandi
839 345 928 378 electi
954 345 1149 386 officialibus,

413 401 573 439 ministris,
594 399 854 442 procuratorilms
870 403 899 431 et
914 398 1152 441 plenipotentia-

413 455 477 495 riis,
491 453 599 496 quavis
623 451 786 485 occasione
811 457 841 484 et
865 451 968 490 causa,
995 451 1087 483 etiam
1107 462 1152 483 ra-

413 508 496 540 tione
519 505 653 538 foederis
678 505 878 544 universalis,
904 515 939 537 ac
961 504 1151 537 defensionis

412 565 442 592 et
459 557 694 602 propagationis
710 557 781 589 fidei
800 557 981 596 catholicae,
999 561 1028 590 et
1044 557 1152 600 quavis

412 612 483 652 alia,
500 611 593 644 etiam
613 609 795 654 particulari
821 610 1023 653 expressione
1044 609 1150 652 digna,

412 666 563 698 hactenus
587 669 618 696 et
640 674 699 707 pro
724 668 865 706 tempore
897 663 991 703 sacta,
1022 667 1151 696 tractata

413 723 442 750 et
453 721 549 760 gesta,
561 716 773 759 faciendaque,
784 715 945 748 tractanda
959 721 988 748 et
1002 715 1151 758 gerenda,

411 779 533 804 necnon
557 780 613 813 per
637 779 851 812 quascumque
868 769 1150 810 denominationes,

412 822 651 866 inscriptiones,
675 821 919 866 appellationes,
944 821 1151 865 nuncupatio-

414 886 469 909 nes
493 881 523 908 et
548 874 722 908 narrativas
738 901 745 915 ‚
771 874 801 907 in
825 876 965 907 savorem
999 874 1150 918 praedicti

412 928 599 963 Ferdinandi
631 929 663 961 in
694 939 802 971 regem
834 929 1049 961 Romanorum
1074 927 1153 961 sutu-

411 992 483 1015 rum
514 981 738 1024 imperatorem
771 981 871 1021 electi,
889 991 944 1024 per
976 990 1148 1024 quoscum-

411 1045 481 1078 que,
506 1034 600 1067 etiam
625 1033 751 1066 nomine
774 1039 881 1066 nostro
907 1037 936 1065 et
953 1032 1151 1076 Apostolicae

412 1087 509 1128 Sedis,
534 1098 570 1120 ac
594 1087 685 1121 etiam
710 1097 766 1130 per
786 1097 843 1119 nos
860 1085 1098 1129 quomodolibet.
1114 1086 1152 1117 sa-

412 1147 476 1175 etas
496 1146 525 1174 et
539 1151 598 1184 pro
612 1146 756 1183 tempore
770 1139 936 1178 faciendas,
950 1139 1038 1170 illum
1059 1138 1151 1170 etiam

412 1205 521 1238 regem
545 1195 759 1227 Romanorum
785 1192 816 1224 in
842 1193 1065 1235 imperatorem
1091 1192 1152 1224 ele-

412 1254 496 1282 ctum
514 1247 713 1292 appellando,
734 1257 769 1279 ac
787 1246 878 1280 ctiam
897 1257 953 1289 per
969 1256 1152 1289 quemcum-

412 1312 473 1346 que
497 1301 632 1335 oratoris
657 1307 687 1334 et
711 1306 873 1333 oratorum
899 1301 936 1332 ad
961 1310 1018 1333 nos
1050 1304 1079 1332 et
1104 1301 1151 1332 Sc-

413 1355 483 1388 dem
507 1354 720 1398 Apostolicam
750 1354 788 1386 al)
820 1354 930 1386 codem
956 1353 1152 1386 Ferdinando

413 1409 511 1442 electo
536 1408 679 1440 destinati
700 1411 730 1441 et
746 1407 973 1441 destinatorum
1003 1406 1152 1449 missique

414 1467 443 1494 et
462 1461 686 1495 mittendorum
712 1460 924 1503 receptionem
943 1464 973 1492 ct
993 1459 1153 1492 admissio-

413 1525 484 1548 nem
508 1514 547 1547 ad
571 1514 759 1546 audientiam
784 1519 924 1546 nostram
954 1519 983 1545 et
1006 1512 1044 1545 ad
1066 1523 1153 1545 oscu-

414 1568 477 1601 lum
491 1567 604 1611 pedum
619 1572 811 1607 nostrorum,
822 1577 892 1599 cum
903 1566 1153 1609 quibuscumque

414 1621 628 1665 apparatibus,
654 1619 870 1658 caeremoniis,
895 1619 1152 1658 circumstantiis,

413 1673 650 1718 praerogativis,
675 1672 927 1711 antelationibus,
942 1672 1034 1704 etiam
1055 1671 1154 1714 publi-

415 1727 469 1767 cis,
484 1727 575 1760 etiam
600 1726 857 1760 extraordinariiS
876 1729 905 1759 et
922 1725 1063 1764 insolitis,
1081 1735 1155 1768 quo-

415 1779 597 1818 modolibet,
622 1789 767 1821 expresse
793 1778 839 1810 vel
873 1778 978 1818 tacite,
1004 1778 1154 1809 hactenns

416 1832 573 1866 concessis
597 1837 627 1865 et
651 1832 740 1871 datis,
765 1831 1035 1874 conccdendisquc
1053 1836 1083 1862 et
1100 1831 1155 1862 im-

415 1890 577 1929 posterum
602 1884 723 1924 dandis,
743 1884 835 1916 etiam
860 1889 1018 1927 tamquam
1036 1883 1154 1916 oratori

417 1944 446 1971 et
469 1938 647 1972 oratoribus
668 1938 798 1971 Romani
816 1938 1017 1981 imperatoris
1042 1937 1154 1977 electi,

416 2002 479 2025 non
503 1991 690 2025 intellexisse
722 2002 779 2023 nec
808 1991 963 2032 voluisse,
990 1990 1173 2033 minusque

417 2044 622 2088 imposterum
648 2043 823 2086 intelligere
848 2054 905 2075 nec
936 2043 1013 2075 relle
1034 2042 1155 2085 praedi-

417 2102 497 2131 ctam
522 2097 587 2130 eius
604 2097 787 2129 electionem
811 2096 987 2140 approbare
1011 2106 1068 2128 nec
1085 2105 1157 2128 con-

417 2151 553 2192 firmare,
578 2150 752 2193 quinimmo
778 2155 902 2182 nostrae
921 2149 1032 2182 mentis
1058 2153 1087 2182 et
1108 2159 1157 2182 ro-

417 2205 544 2237 luntatis
568 2204 673 2243 fuisse,
698 2214 733 2236 ac
748 2203 895 2246 deinceps
912 2204 989 2242 sore,
1013 2208 1055 2242 ut,
1073 2202 1157 2234 iuxta
1173 2217 1174 2225 ¹

418 2262 613 2297 consuetum,
635 2256 834 2289 confirmatio
859 2255 1029 2299 apostoliea
1053 2255 1157 2287 liuius-

418 2311 502 2344 modi
526 2321 582 2354 per
607 2310 803 2354 praedictum
830 2309 1061 2342 Ferdinandum
1095 2309 1156 2340 ele-

419 2370 502 2397 ctum
528 2369 662 2407 petatur,
689 2367 718 2396 et
743 2374 799 2406 per
823 2363 943 2396 litteras
968 2362 1157 2405 apostolicas

420 2417 651 2450 consistoriales
672 2416 796 2449 anobis
814 2421 843 2448 et
859 2416 887 2448 S.
910 2416 943 2448 P..
966 2416 997 2447 E.
1018 2415 1157 2447 cardina—

420 2470 502 2504 libus
519 2470 711 2513 subscriptas
729 2469 868 2513 expediri
894 2468 1109 2513 impetretur¹,
1128 2474 1157 2501 et

422 2523 545 2556 interim
570 2523 685 2556 nedum
707 2534 833 2556 omnem
851 2522 1110 2566 approbationem
1128 2526 1174 2558 et}

459 2640 468 2665 1
493 2637 540 2665 Ed.
562 2637 640 2666 Main.
661 2638 726 2673 legit
747 2638 919 2673 impetratur
933 2640 968 2671 (a.
986 2637 1033 2670 τ.).

1185 344 1419 388 approbationis
1444 349 1474 376 et
1497 343 1744 376 confirmationis
1756 355 1922 388 expressae

1186 401 1215 428 et
1239 396 1349 428 tacitae
1374 396 1609 429 concessionem
1637 400 1667 428 et
1692 406 1923 440 quemcumque

1186 450 1252 482 eius
1269 449 1413 482 effectum
1431 448 1651 492 suspendimus
1676 458 1923 493 suspensamque

1186 508 1215 534 et
1239 512 1426 545 suspensum
1450 502 1545 534 fuisse
1577 506 1606 533 et
1630 511 1698 534 esse
1722 511 1757 534 ac
1777 501 1923 545 deinceps

1186 556 1251 588 sore
1276 555 1482 594 declaramus,
1507 564 1543 587 ac
1560 564 1618 597 pro
1635 553 1794 597 suspensis
1814 553 1922 586 haberi

1187 608 1330 641 volumus
1351 613 1381 640 et
1404 607 1612 640 decernimus.

1231 661 1244 704 ξ
1269 661 1298 693 ⁹2.
1324 661 1569 703 Praesentesque
1592 659 1711 693 litteras
1735 659 1773 692 de
1796 659 1924 702 subrep-
1974 672 2036 701 ,unm
2053 673 2122 693 decla-

1186 714 1278 747 tionis
1303 714 1349 746 rel
1374 713 1578 757 obreptionis,
1598 723 1653 745 seu
1667 712 1819 745 nullitatis
1838 712 1923 752 vitio,
1939 700 2123 746 {Silff‘sslffi’ffiilss

1185 772 1237 799 aut
1262 766 1442 799 intentionis
1465 771 1602 806 nostrae,
1627 765 1674 798 vel
1691 765 1752 799 alio
1776 775 1924 808 quocum·
1940 751 2012 771 “mm

1185 830 1245 863 que
1269 819 1402 859 defectu,
1420 819 1513 851 etiam
1530 829 1566 851 ex
1580 828 1617 851 eo
1634 818 1717 862 quod
1734 818 1924 861 quicumque

1186 873 1216 905 in
1242 872 1425 916 praemissis
1450 871 1601 904 interesse
1617 870 1855 915 quomodolibet
1874 870 1924 903 ha-

1186 926 1295 958 bentes
1310 930 1337 958 et
1352 925 1467 957 habere
1480 923 1729 968 praetendentes,
1749 924 1923 957 cuiuscum-

1185 989 1246 1022 que
1270 984 1387 1018 status,
1413 977 1537 1020 gradus,
1561 976 1740 1020 qualitatis,
1765 976 1924 1020 dignitatis

1186 1036 1215 1064 et
1240 1030 1427 1064 conditionis
1441 1030 1575 1062 existant
1599 1033 1628 1063 et
1652 1029 1822 1070 existerint,
1839 1029 1878 1062 ad
1894 1028 1924 1062 id

1186 1086 1298 1127 vocati,
1317 1084 1400 1117 citati
1425 1087 1454 1118 et
1473 1083 1569 1116 auditi
1587 1093 1650 1116 non
1667 1083 1793 1122 fuerint,
1810 1083 1923 1122 notari,

1186 1137 1377 1181 impugnari,
1398 1136 1536 1179 infringi,
1565 1147 1620 1168 seu
1643 1135 1792 1178 redargui
1817 1136 1921 1169 nulla-

1187 1195 1275 1222 tenus
1293 1200 1396 1233 posse,
1415 1199 1516 1232 neque
1533 1189 1590 1221 sub
1608 1188 1859 1232 quibuscumque
1879 1199 1925 1222 re-

1187 1243 1410 1285 vocationibus,
1438 1243 1706 1286 suspensionibus,
1735 1242 1924 1276 moderatio-

1187 1297 1288 1339 nibus,
1309 1297 1567 1339 derogationibus
1581 1324 1588 1337 ,
1613 1307 1649 1329 ac
1673 1296 1925 1340 quibuscumque

1186 1350 1254 1382 aliis
1265 1350 1431 1383 contrariis
1446 1349 1702 1392 dispositionibus
1715 1349 1925 1391 generalibus,

1187 1404 1279 1435 etiam
1310 1409 1418 1443 motu,
1452 1402 1602 1442 scientia,
1634 1402 1860 1434 deliberatione
1892 1412 1928 1435 ac

1187 1456 1380 1500 plenitudine
1395 1456 1533 1499 paribus,
1547 1455 1641 1488 etiam
1659 1454 1927 1494 consistorialiter,

1187 1521 1223 1543 ac
1249 1510 1323 1542 alias
1348 1509 1595 1553 quomodolibet,
1620 1508 1713 1541 etiam
1737 1518 1794 1552 per
1818 1518 1875 1541 nos
1898 1514 1928 1540 et

1188 1564 1345 1596 Romanos
1370 1562 1536 1595 Pontifices
1571 1571 1770 1594 successores
1804 1566 1928 1594 nostros

1188 1616 1346 1657 faciendis,
1365 1614 1602 1658 comprehendi,
1620 1614 1726 1657 sicque
1746 1618 1776 1646 et
1795 1623 1858 1646 non
1878 1613 1929 1646 ali-

1189 1674 1235 1701 ter
1253 1679 1310 1712 per
1327 1678 1544 1712 quoscumque
1568 1667 1686 1700 iudices
1706 1666 1883 1700 ordinarios
1900 1671 1928 1699 et

1189 1722 1366 1764 delegatos,
1395 1720 1487 1753 ctiam
1512 1730 1679 1752 causarum
1710 1719 1817 1763 palatii
1852 1729 1929 1763 apo-

1189 1775 1289 1807 stolici
1315 1774 1485 1813 auditores,
1510 1784 1546 1805 ac
1571 1773 1663 1805 etiam
1688 1772 1717 1805 S.
1739 1773 1773 1805 R.
1799 1772 1831 1805 E.
1860 1782 1928 1805 car-

1189 1828 1317 1867 dinales,
1333 1828 1425 1859 etiam
1439 1826 1476 1858 de
1490 1827 1586 1859 latere
1600 1826 1718 1868 legatos
1742 1831 1772 1858 et
1789 1825 1928 1865 nuncios,

1189 1880 1297 1924 quavis
1322 1880 1506 1913 auctoritate
1530 1883 1560 1913 et
1584 1884 1735 1922 potestate
1754 1879 1929 1922 fungentes,

1190 1934 1311 1966 sublata
1328 1933 1372 1966 eis
1396 1937 1425 1967 et
1451 1943 1559 1966 eorum
1588 1932 1715 1965 cuilibet
1744 1931 1853 1976 quavis
1873 1932 1929 1964 ali-

1191 1993 1238 2019 ter
1259 1986 1415 2019 iudicandi
1442 1991 1471 2018 et
1495 1985 1721 2029 interpretandi
1741 1985 1885 2018 facultate
1902 1989 1931 2017 et,

1172 2040 1386 2082 ,auctor-itate,
1410 2039 1534 2071 definiri
1554 2038 1679 2078 debere,
1696 2048 1732 2071 ac
1752 2037 1876 2070 irritum
1903 2042 1932 2070 et

1172 2094 1282 2126 linane
1307 2092 1458 2136 quidquid
1484 2102 1573 2124 secus
1598 2101 1692 2134 super
1723 2090 1771 2123 liis
1802 2101 1819 2122 a
1847 2102 1928 2134 quo·

1191 2157 1296 2189 spiam,
1308 2145 1416 2188 quavis
1431 2145 1625 2184 auctoritate,
1637 2144 1770 2176 scienter
1783 2143 1830 2176 vel
1848 2143 1933 2186 igno-

1192 2205 1307 2239 ranter,
1333 2199 1500 2241 contigerit
1524 2198 1679 2239 attentari,
1704 2197 1848 2230 similiter
1872 2197 1928 2231 de-

1193 2263 1359 2285 (ὋΙῚῚΗΠΙΙΞ,

1237 2306 1293 2348 §.it
1309 2306 1375 2338 Non
1391 2305 1584 2338 obstantibus
1602 2304 1793 2348 praemissis,
1810 2315 1846 2338 ac
1863 2315 1933 2338 con-

1193 2359 1406 2392 stitutionibus
1424 2364 1453 2391 et
1471 2358 1721 2391 ordinationibus
1735 2358 1934 2402 quibuscum-

1192 2423 1262 2456 que,
1290 2417 1350 2446 tam
1372 2412 1552 2456 apostolicis
1577 2422 1670 2455 quam
1696 2411 1931 2454 imperialibus,

1173 2478 1227 2499 =ac
1252 2466 1455 2499 cancellariae
1480 2466 1669 2509 apostolicae
1694 2465 1822 2508 regulis,
1839 2464 1932 2497 etiam

1194 2520 1384 2552 individuam
1420 2519 1657 2562 derogationem
1682 2517 1932 2562 requirentibus;

1194 2574 1307 2616 quibus
1325 2573 1480 2614 omnibus,
1492 2573 1613 2605 etiamsi
1632 2583 1690 2616 pro
1708 2570 1871 2604 sufficienti
1885 2581 1935 2604 eo-

1175 2637 1263 2668 ,rum
1289 2626 1493 2669 derogatione
1517 2626 1554 2658 de
1580 2625 1641 2658 illis
1663 2634 1837 2668 eorumque
1862 2624 1934 2657 totis

2000 2311 2132 2337 nerngaiquo

1949 2340 2027 2358 contra·
2034 2338 2066 2358 lis⁴
