2248 3229
244 238 292 265 An.
311 239 340 266 c.
359 239 426 267 1637
473 231 536 265 630

288 1093 415 1113 facultatem

234 1126 301 1139 1111114Ἱὶ
349 1127 415 1139 '‘lupi“

440 288 625 321 Ferdinandi
651 289 676 321 ll
702 289 916 321 Romanorum
946 289 977 321 in
1006 290 1179 334 imperato-

439 352 504 374 rem
525 342 614 374 electi
639 341 853 383 detinebatur,
878 342 1029 376 liberares
1064 354 1100 377 ac
1124 345 1175 376 di-

438 394 586 434 mitteres,
606 399 640 426 ut
665 395 746 437 apud
771 406 842 428 suas
867 397 1014 429 ecclesias
1038 397 1177 430 residere

437 446 568 485 valeret,
587 452 617 478 et
634 447 745 480 deinde
765 458 821 491 per
840 449 915 482 alias
940 455 1065 483 nostras
1090 451 1120 482 in
1140 450 1195 482 si-'

437 498 501 530 mili
526 499 627 531 forma
657 499 763 533 Brevis
794 502 954 545 expeditas
978 503 1118 543 litteras,
1144 509 1177 535 ut

436 552 555 584 facilius
579 558 609 585 et
625 553 760 596 quietius
777 554 843 598 ipse
864 555 1025 599 Philippus
1042 556 1177 589 Christo-

435 604 554 647 phorus
568 606 833 650 archicpiscoqu
848 608 1176 653 clectoretepiscopus
1191 628 1193 639 ›

435 657 580 699 regimini
598 664 626 690 et
644 659 799 701 gubernio
821 671 949 693 suarum
971 663 1173 695 ecclesiarum

434 716 464 742 et
474 715 609 743 statuum
620 712 854 755 praedictorum
871 714 1053 748 incumbere
1066 716 1174 758 possit,

436 763 615 796 mandatum
640 764 678 798 de
704 765 805 809 ipsum
832 767 1011 811 Philippum
1035 768 1173 801 Christo-

434 816 570 859 phorum
584 817 868 862 aichicltiiscopum,
880 821 1047 853 electorem
1058 827 1087 854 et
1098 821 1174 865 cpis-

434 879 546 912 copum
579 872 810 905 manutenendo
846 873 876 905 iu
913 874 1110 916 possessione
1145 880 1173 906 et

433 926 523 964 statu,
549 923 580 955 in
604 935 666 967 quo
685 926 731 958 vel
756 926 872 969 quibus
892 927 930 960 de
955 933 1099 971 tempore
1127 938 1173 960 ca-

432 981 543 1018 pturae
574 987 610 1010 ac
634 977 821 1012 detentionis
846 991 920 1013 suae
945 981 1172 1024 reperiebatur,

433 1030 645 1064 concessimus
658 1031 664 1047 ¹
678 1042 684 1062 :

477 1082 491 1125 ἓ
515 1082 544 1115 2.
569 1084 658 1117 Nunc
683 1090 797 1126 autem,
824 1091 866 1127 ut,
882 1093 1033 1130 qnantum
1060 1087 1092 1120 in
1118 1088 1190 1120 [lo-1

354 1155 356 1165 .
374 1154 416 1166 ,wi
433 1135 517 1168 mino
534 1147 711 1180 possumus,
728 1139 871 1171 eumdem
890 1140 1067 1183 Philippum
1086 1140 1172 1173 Clu-i-

306 1206 316 1218 ιι
367 1207 415 1219 ου..
433 1189 618 1232 stophorum
647 1195 746 1224 aetate
771 1202 899 1233 gravem
932 1203 949 1224 a
981 1193 1173 1236 quibuslibet

352 1233 363 1245 ll

271 2153 363 2179 berngat
377 2153 412 2174 ob·

231 2181 342 2201 stantibus.

375 1234 384 1245 ⁹
397 1234 415 1246 '³‘
433 1242 537 1275 litibus
551 1248 580 1275 et
596 1244 746 1277 molestiis
766 1245 946 1285 liberemus,
961 1249 1067 1279 tenore
1086 1258 1173 1290 prac-

432 1295 565 1327 sentium
593 1296 647 1328 tibi
666 1297 757 1329 etiam
780 1298 1005 1331 committimus
1030 1305 1060 1332 et
1085 1310 1169 1332 man—

432 1347 551 1391 damus,
570 1354 603 1381 ut
620 1351 850 1384 controversias
874 1362 1089 1396 quascumque
1107 1363 1173 1386 mo-

433 1405 476 1434 tas
501 1408 529 1434 et
556 1404 734 1446 movendas,
760 1404 875 1448 quibus
900 1405 981 1438 idem
1008 1406 1189 1450 Philippus.

431 1454 675 1499 Christophorus
707 1458 974 1502 archiepiscopus,
1000 1459 1118 1493 elector
1142 1465 1171 1492 et

432 1508 598 1552 episcopus
623 1515 651 1542 et
684 1511 971 1545 commendatarius
996 1513 1170 1556 respective

432 1561 625 1602 molestatur,
651 1573 705 1596 seu
732 1564 937 1607 imposterum
963 1566 1068 1598 vexari
1094 1576 1170 1599 con-

431 1614 536 1656 tigerit
553 1625 570 1647 a
584 1616 647 1648 suis
661 1616 792 1649 subditis
810 1618 1071 1661 quibuscumque,
1090 1630 1171 1652 com—

429 1678 546 1710 ponere
578 1675 608 1701 et
639 1671 832 1704 concordare
857 1683 947 1704 cures
971 1677 1000 1705 et
1025 1673 1169 1715 studeas,

429 1730 474 1761 ac,
488 1726 521 1753 ut
534 1728 647 1765 partes,
658 1735 729 1756 cum
740 1724 901 1767 praedicto
911 1725 1053 1768 Philippo
1070 1726 1170 1759 Chris-

430 1773 564 1817 tophoro
572 1776 820 1820 archiepiscopo,
829 1778 966 1811 electore
976 1783 1006 1810 et
1017 1779 1169 1822 episeopo

428 1826 586 1869 litigantes
600 1839 654 1861 scu
668 1830 900 1871 contendentes,
915 1831 951 1863 ad
967 1831 1168 1864 concordiam
1185 1850 1186 1856 =

428 1880 630 1921 reducantur,
640 1887 667 1914 te
675 1883 881 1916 amicabiliter
899 1884 1090 1928 interponas,
1102 1886 1167 1919 siue

428 1933 621 1976 praeiudicio
635 1935 734 1968 litium
749 1941 777 1969 et
799 1947 962 1970 causarum
979 1938 1009 1970 in
1029 1939 1167 1973 Romana
1184 1959 1186 1977 .=

429 1987 516 2019 curia
545 1988 758 2031 pendentium.
784 1991 846 2023 'Nos
876 1991 958 2023 euim
989 1991 1027 2023 ad
1058 1992 1087 2024 id
1114 1993 1167 2025 tibi

429 2040 634 2074 sufficientem
647 2048 675 2075 et
687 2049 896 2086 opportunam
908 2044 1083 2079 facultatem
1099 2055 1168 2079 con-

429 2093 577 2127 cedimus.

478 2147 493 2190 g
524 2147 553 2181 3.
586 2148 654 2182 Non
686 2149 881 2184 obstantibus
915 2151 1167 2196 quibuscumque

429 2200 703 2234 constitutionibus
722 2208 751 2235 et
772 2203 1023 2237 ordinationibus
1049 2210 1168 2248 aposto-

429 2253 505 2294 licis,
531 2256 705 2298 ceterisque.
731 2257 895 2290 contrariis
919 2258 1166 2302 qubuscumquc.

473 2307 582 2341 Datum
594 2309 720 2349 Romae,
730 2310 811 2353 apud
824 2311 852 2343 S.
862 2311 998 2353 Petrum,
1011 2311 1169 2344 subannu-

429 2360 458 2391 lo
466 2359 643 2401 Piscatoris,
654 2362 704 2395 die
718 2373 781 2396 xvu
793 2363 968 2396 decembris
980 2374 1167 2403 iincxxxvu,

429 2413 627 2455 pontificatus
641 2416 739 2448 nostri
765 2427 846 2449 anno
865 2427 916 2450 xv.

466 2475 521 2502 Dat.
540 2476 583 2504 die
603 2478 631 2504 17
648 2478 801 2505 decembris
820 2479 895 2512 1637,
913 2479 1008 2515 pontif.
1021 2488 1090 2507 anuo
1107 2487 1149 2506 xv.

468 2591 477 2616 1
498 2590 595 2618 Forsan
620 2592 766 2627 legendum
787 2595 1027 2622 concesserimus:
1049 2598 1167 2621 ceterum

432 2639 557 2669 utrasque
573 2637 677 2664 litteras
692 2637 777 2664 habes
792 2641 854 2665 autc
870 2639 933 2665 istas
954 2639 1051 2665 relatas
1071 2645 1106 2673 tn.
1120 2641 1166 2668 TA.
1185 2666 1186 2673 ἵ

1023 243 1201 268 BULLAIUUM
1225 243 1378 269 ROMANUM

1964 243 2016 272 An.
2032 243 2060 271 C.
2079 245 2145 273 ¹63?

1498 298 1502 299 ⁷
1526 293 1637 327 DXCII.

1214 359 1405 393 Conceditur
1429 361 1665 404 archiepiscopo
1693 362 1877 396 Treverensi
1895 373 1948 396 sa-

1256 413 1303 445 cri
1327 414 1469 446 Romani
1492 414 1624 456 imperii
1656 413 1799 455 electori,
1826 420 1862 448 ut
1888 427 1948 459 pro

1254 465 1404 498 electione
1421 466 1507 509 reglis
1519 462 1741 499 Romanorum
1753 467 1949 510 stiffraqium

1253 529 1351 550 suum
1374 519 1457 561 serre
1478 520 1590 562 possit,
1608 519 1744 562 perinde
1768 530 1804 552 ac
1829 521 1858 552 si
1881 531 1950 553 con-

1252 573 1363 604 ventui
1382 572 1546 605 electorali
1562 572 1791 615 interfuisset¹.

1243 642 1415 670 Venerabili
1437 643 1524 670 fratri
1544 643 1680 677 Philippo
1701 644 1913 678 Christophoro

1404 686 1542 719 episcopo
1563 686 1755 720 Treverensi,

1250 727 1326 754 sacri
1347 727 1468 754 Romani
1487 728 1604 761 imperii
1625 728 1750 762 principi
1771 729 1912 761 electori,

1411 771 1546 799 Urbanus
1568 773 1646 806 Papa
1666 772 1742 799 vm.

1422 825 1607 852 Venerabilis
1629 826 1733 859 frater,

1255 867 1383 894 salntem
1398 869 1428 894 et
1444 868 1638 901 apostolicam
1652 868 1900 896 benedictionem.

1251 928 1308 969 §l
1327 929 1419 969 Alias,
1437 928 1495 962 sub
1511 929 1561 962 die
1578 940 1618 963 xx
1632 930 1755 973 augusti
1772 930 1843 963 anni
1860 941 1947 974 prae-
2009 968 2012 971 Δ

1207 981 1288 1014 teriti
1301 991 1471 1022 mccxxxvi,
1480 993 1537 1026 per
1546 982 1684 1015 diversas
1693 989 1816 1016 nostras
1829 984 1947 1017 litteras
1962 968 2054 1024 iiiiii?
2065 971 2144 1024 fet-'0⁰33

1207 1034 1236 1066 in
1255 1036 1354 1067 forma
1373 1035 1478 1068 Brevis
1503 1035 1561 1068 sub
1580 1036 1696 1068 annulo
1717 1036 1882 1070 piscatoris
1899 1048 1948 1070 ex·
1962 1020 2088 1083 2ῗέ53ξὲῗέ
2108 1021 2145 1067 irad}

1206 1087 1336 1130 peditus,
1362 1093 1390 1120 et
1415 1088 1603 1121 fraternitati
1629 1094 1699 1121 tuae
1724 1089 1854 1132 aliisque
1879 1090 1944 1123 ele·
1963 1076 2073 1099 ‘'emon'‘

1207 1140 1346 1173 ctoribus
1366 1141 1528 1182 directas‘2,
1548 1141 1746 1175 decrevimus
1762 1142 1946 1176 electionem

1206 1193 1289 1235 regis
1314 1194 1527 1227 Romanorum
1547 1205 1614 1227 esse
1632 1195 1815 1237 faciendam,
1830 1200 1859 1228 ct
1873 1206 1945 1228 con-

1206 1245 1378 1280 siderantes
1392 1247 1422 1278 in
1440 1248 1476 1280 ea
1494 1248 1675 1291 complures
1696 1248 1835 1281 defectus
1853 1249 1947 1282 inter-

1206 1310 1360 1340 cessuros,
1386 1299 1459 1343 quia
1483 1300 1545 1334 duo
1571 1301 1722 1334 electores
1743 1301 1893 1334 haeretici
1918 1302 1945 1334 ei

1206 1353 1394 1387 intervenire
1419 1354 1583 1397 debebant,
1605 1355 1751 1399 quodque
1767 1355 1804 1388 ad
1823 1356 1946 1389 electio-

1205 1417 1276 1439 nem
1291 1407 1363 1439 novi
1380 1407 1464 1450 regis
1482 1408 1694 1441 Romanorum
1714 1408 1946 1452 procedebatur

1206 1460 1267 1493 alio
1298 1470 1372 1503 rege
1404 1461 1619 1494 Romanorum
1656 1462 1688 1494 in
1720 1462 1944 1506 imperatorem

1206 1514 1304 1547 electo
1319 1519 1391 1547 tune
1407 1514 1528 1547 vivente
1545 1520 1575 1547 et
1594 1515 1696 1548 adhuc
1710 1525 1772 1548 non
1785 1521 1945 1555 coronato,

1204 1567 1383 1610 praedictos
1403 1567 1540 1601 defectus
1557 1568 1702 1602 electioni
1719 1568 1877 1602 faciendae
1891 1569 1946 1602 mi-

1205 1621 1288 1652 nime
1315 1621 1441 1653 obstare
1467 1621 1633 1654 voluimus.

1249 1674 1263 1716 ἓ
1288 1673 1316 1706 02.
1344 1674 1458 1706 Verum
1485 1675 1567 1717 quia,
1593 1679 1627 1706 ut
1651 1674 1740 1707 nobis
1765 1684 1866 1718 nuper
1891 1684 1942 1708 ex·
1960 1715 1969 1728 v
1991 1683 2078 1723 flector
2093 1683 2142 1729 Tisi}

1204 1726 1276 1769 poni
1302 1725 1417 1767 fecisti,
1442 1727 1568 1759 eaedem
1593 1727 1714 1760 litterae
1739 1733 1864 1761 nostrae
1889 1716 2143 1782 [ibi1-1i›'‡r'.¹2'}³.i‚i.¹.'ims·f

1204 1779 1342 1812 redditae
1360 1790 1422 1812 non
1442 1780 1568 1822 fuerint,
1587 1780 1660 1822 imo,
1688 1787 1715 1813 te
1735 1791 1798 1814 non
1823 1787 1942 1824 vocato,
1959 1768 2087 1814 ἶέῘῘὲῙῙυιῗ-ΠΕ
2100 1769 2123 1783 ³¹¹

1204 1832 1257 1865 scd
1281 1832 1408 1865 absente
1434 1843 1469 1865 ac
1490 1838 1681 1877 contempto,
1700 1833 1737 1866 ad
1758 1834 1943 1868 electionem

1204 1886 1398 1929 praedictam
1423 1886 1590 1919 deventum
1615 1887 1747 1928 fuerat³,
1779 1891 1809 1921 tu
1838 1893 1943 1920 autem

1203 1938 1388 1981 suffragium
1403 1944 1433 1972 et
1453 1943 1559 1972 votum
1582 1945 1668 1972 tuum
1690 1946 1851 1983 praestare
1874 1951 1944 1974 exo-

1202 1992 1337 2035 ptareris
1363 1998 1392 2025 et
1417 1999 1566 2036 exoptes,
1591 1998 1757 2037 propterea
1777 1994 1867 2027 nobis
1888 1995 1943 2027 hu-

1203 2046 1319 2078 militer
1343 2046 1514 2090 supplicari
1540 2046 1648 2087 fecisti,
1673 2053 1825 2090 quatenus
1849 2047 1886 2080 ad
1912 2047 1942 2080 id

1203 2098 1408 2131 sufficientem
1434 2099 1611 2132 facultatem
1630 2105 1659 2132 et
1679 2100 1942 2144 dispensationem

1202 2151 1257 2184 tibi
1284 2152 1457 2185 concedere
1482 2152 1696 2195 dignaremur.

1247 2206 1261 2248 ἓ
1285 2205 1314 2238 3.
1340 2207 1402 2239 Nos
1427 2206 1541 2249 igitur,
1566 2206 1723 2240 desiderio
1750 2212 1802 2240 tuo
1826 2208 1885 2240 hac
1910 2207 1982 2260 inad
2003 2212 2140 2261 iffaffigtfggfffi

1205 2264 1293 2301 parte
1309 2259 1488 2292 satisfacere
1502 2260 1651 2299 volentes,
1663 2260 1942 2304 supplicationibus
1957 2266 2060 2287 [rbanus-

1203 2312 1423 2354 tuisinclinati,
1441 2313 1627 2346 fraternitati
1647 2319 1715 2346 tuae
1729 2314 1940 2357 praesentium

1203 2365 1378 2398 litterarum
1403 2371 1583 2399 nostrarum
1609 2366 1689 2399 serie
1714 2366 1916 2399 concedimus
1932 2393 1939 2406 ,

1204 2422 1368 2461 tecumque
1393 2419 1618 2463 dispensamus,
1643 2424 1685 2461 ut,
1712 2429 1773 2452 non
1798 2420 1941 2452 obstante

1239 2508 1248 2532 1
1274 2506 1310 2532 Ex
1331 2506 1438 2542 Regest.
1458 2507 1486 2533 in
1506 2507 1610 2534 Secret.
1632 2507 1708 2534 Brev.

1237 2550 1253 2576 ⁶2
1275 2550 1357 2577 Unam
1378 2551 1472 2577 harum
1492 2551 1643 2579 litterarum
1663 2552 1774 2579 forman]
1795 2551 1878 2579 habes
1897 2561 1940 2579 su-

1204 2603 1250 2629 pra
1271 2603 1331 2629 pag.
1352 2596 1405 2623 556
1424 2598 1462 2630 (R.
1479 2597 1526 2630 T.).

1238 2639 1253 2663 3
1271 2640 1360 2673 Aptios
1376 2640 1433 2674 lege
1449 2641 1539 2674 fuerit
1555 2642 1592 2675 (n.
1609 2642 1657 2675 lu).

1988 940 2083 961 Pontifex
2102 941 2146 961 ele-

2237 2020 2248 2236 t
