2248 3229
104 209 157 238 An.
174 210 205 239 C.
222 210 288 239 1631

910 209 1053 236 URBANUS
1076 208 1134 234 VIII
1153 210 1201 235 PP.

304 262 491 299 teneantur,
515 258 697 302 reponenda
720 264 751 292 et
775 259 987 293 conservanda
1011 259 1043 292 in
1057 265 1061 284 Ι
1077 259 1158 291 mala
1179 257 1448 291 administratione
1465 260 1628 300 suspectus
1641 261 1815 290 censeatur.

305 312 399 355 capsa
422 310 542 344 triclavi
567 311 763 355 supradicta:
789 312 965 345 visitatores
989 322 1043 345 au-

305 368 367 398 tem
391 367 420 398 et
439 364 620 398 definitores
644 365 676 398 in
699 365 758 398 hac
781 375 827 406 re,
847 365 932 398 iuxta
954 375 1044 409 prae-

306 416 457 461 scriptum
476 418 556 451 sacri
576 418 704 452 Concilii
724 418 906 459 Tridentini,
932 427 1043 451 curare

305 469 474 512 debebunt,
492 476 524 504 ut
545 471 790 516 uniuscuiusque
810 471 949 515 religiosi
973 481 1044 515 sup-

304 523 407 567 pellex
431 525 523 558 statui
552 525 764 569 paupertatis,
789 536 883 569 quam
911 523 1044 569 professi

306 582 388 620 sunt,
413 578 586 619 conveniat,
610 579 750 623 nihilque
775 578 928 623 superflui
953 578 985 610 in
1008 579 1045 610 ea

306 629 354 671 sit,
378 629 457 664 nihil
481 630 574 664 etiam
598 632 682 676 quod
706 632 917 665 necessarium
936 630 973 664 sit
1001 630 1045 663 eis

307 682 488 726 denegetur.

351 736 492 770 visitatio
515 737 750 781 provinciarum
775 744 809 771 ut
833 739 915 772 serio
947 742 978 771 et
1000 737 1045 770 di-

307 789 441 833 ligenter
460 789 623 831 habeatur,
647 791 781 825 debeant
804 791 934 837 omnino
959 800 1046 835 prae-

307 852 356 876 ses
372 848 402 876 et
425 843 601 877 visitatores
625 845 730 878 onmia
751 850 780 878 et
796 845 918 888 singula
939 853 1047 877 mona-

307 895 401 929 steria
424 898 632 940 personaliter
650 908 708 942 per
724 898 843 941 seipsos
864 897 1000 937 visitare,
1017 902 1047 930 et

308 949 339 981 in
356 960 546 994 unoquoque
566 961 623 994 per
639 956 759 983 tantum
779 956 903 994 tempus
926 960 1048 994 perma-

308 1012 383 1036 nere
407 1008 559 1047 quantum
588 1003 801 1037 necessarium
833 1003 893 1037 erit
917 1003 954 1036 ad
978 1002 1048 1036 visi-

308 1055 457 1090 tationem
480 1057 571 1100 plene
596 1062 626 1090 et
649 1062 794 1091 accurate
811 1056 1047 1101 perficiendam,

308 1108 442 1153 ideoque
474 1110 701 1144 visitationibus
732 1110 920 1154 peragendis
944 1110 1044 1154 depu-

308 1167 414 1195 tentur
433 1173 557 1196 menses
585 1163 703 1207 aprilis,
718 1164 790 1196 maii
823 1168 853 1197 et
880 1163 969 1205 iunii,
985 1173 1049 1197 non

308 1215 453 1249 obstante
487 1216 692 1260 dispositione
727 1217 986 1251 constitutionum
1017 1217 1049 1250 in

309 1269 367 1302 hac
383 1274 485 1314 parte:
504 1269 680 1304 visitatores
695 1274 799 1305 autem
820 1276 949 1304 utantur
966 1282 1049 1304 com-

310 1323 397 1356 muni
414 1325 532 1365 mensa,
549 1329 578 1357 et
594 1324 708 1367 frugali
721 1325 804 1357 victu
825 1325 886 1357 sint
903 1324 1048 1366 contenti,

311 1375 457 1420 idemque
473 1382 615 1410 servetur
639 1377 670 1410 in
695 1377 838 1411 comitiis.
856 1378 1051 1422 Praecipitur

312 1440 387 1464 vero
400 1430 432 1462 in
445 1430 559 1464 virtute
572 1435 696 1465 sanctae
710 1431 918 1474 obedientiae,
931 1436 974 1474 ut,
988 1437 1050 1464 tam

311 1483 377 1527 ipse
400 1493 529 1527 praeses
553 1489 583 1517 et
606 1484 796 1525 visitatores,
821 1495 915 1528 quam
940 1495 1051 1518 eorum

312 1536 454 1569 conversi
468 1541 498 1569 et
511 1537 628 1577 famuli,
641 1537 718 1570 nihil
732 1537 861 1571 omnino
876 1538 1052 1582 percipiant

311 1599 329 1622 a
347 1589 488 1630 visitatis,
513 1590 605 1623 etiam
631 1596 741 1634 sponte
765 1591 840 1624 dare
864 1590 1050 1625 volentibus:

311 1642 396 1686 quod
418 1643 443 1676 si
463 1642 667 1687 praesidem¹,
691 1654 747 1677 seu
764 1644 940 1678 visitatores
965 1644 1052 1687 quic-

311 1706 406 1740 quam
420 1697 587 1741 accepisse,
604 1703 687 1730 anta
700 1698 860 1732 conversis
874 1702 904 1732 et
916 1698 1052 1739 famulis,

312 1749 387 1794 ipsis
400 1750 578 1794 scientibus,
595 1756 761 1796 acceptum
774 1751 868 1785 fuisse
885 1751 1052 1796 probatum

312 1803 415 1844 suerit,
430 1803 583 1838 inhabiles
599 1805 704 1838 sintin
716 1809 902 1849 perpetuum
915 1805 953 1839 ad
966 1816 1054 1850 prae-

313 1856 485 1890 sidentatus
498 1863 528 1891 et
541 1857 763 1892 visitatoriatus
774 1859 886 1900 officia,
900 1864 931 1892 et
944 1859 1054 1893 nihilo-

315 1910 420 1944 minus
442 1911 594 1953 conversi,
623 1911 676 1955 qui
699 1913 890 1956 acceperint,
916 1912 1054 1956 graviter

314 1964 494 2008 puniantur,
509 1970 540 1998 et
562 1964 679 2007 famuli,
705 1965 823 2009 absque
847 1975 901 2009 spe
924 1965 1053 2007 reditus,

314 2027 331 2050 a
355 2018 482 2052 servitio
508 2018 611 2051 statim
636 2018 810 2052 eiiciantur.

359 2071 472 2113 Abbas,
492 2071 581 2116 prior
604 2076 635 2105 et
658 2071 813 2105 revisores
832 2076 1055 2116 computorum

315 2129 479 2160 teneantur
492 2125 623 2169 singulis
640 2126 801 2160 mensibus
816 2125 959 2159 revidere
972 2136 1056 2160 com-

315 2182 477 2223 putatam
509 2179 663 2213 cellerarii
696 2190 791 2223 quam
822 2179 957 2213 aliorum
981 2190 1052 2214 om-

299 2261 302 2263 ,
316 2232 403 2265 nium
417 2232 634 2266 ministrorum
650 2232 703 2276 qui
728 2233 934 2266 substantiam
948 2243 1056 2266 mona-

317 2285 404 2319 sterii
423 2285 657 2326 administrant;
678 2285 792 2329 singuli
807 2291 923 2324 ,autem
945 2297 1056 2320 eorum

317 2338 465 2373 adnotent
480 2338 511 2371 in
524 2339 706 2383 particulari
723 2337 871 2373 schedula
887 2340 993 2373 omnia
1010 2350 1058 2373 su-

317 2391 460 2436 pradicta
483 2395 644 2436 computa,
675 2392 853 2436 dictamque
876 2392 1057 2426 schedulam

318 2456 417 2490 penes
441 2456 473 2479 se
497 2446 685 2488 custodiant,
709 2451 739 2480 et
761 2451 906 2491 tempore
930 2447 1058 2491 capituli

320 2500 506 2543 consignent
530 2499 676 2543 discreto,
694 2505 727 2533 ut
744 2499 862 2535 deferat
880 2500 918 2533 ad
938 2500 1058 2544 capitu-

320 2552 403 2586 lum:
427 2552 511 2598 quod
536 2553 561 2586 si
584 2552 681 2586 abhas
699 2553 800 2587 facere
817 2553 1000 2597 neglexerit,
1021 2553 1059 2586 de

357 2615 367 2642 1
386 2614 452 2642 Mate
468 2614 531 2643 edit.
550 2613 629 2643 Main.
646 2615 710 2652 legit
722 2623 839 2651 praeses
855 2616 891 2651 (n.
908 2616 956 2651 Τ.).

1076 312 1118 345 ita
1130 316 1162 345 ut
1180 311 1329 345 adversus
1342 321 1413 345 eum
1430 309 1559 354 procedi
1577 310 1682 354 possit.

1120 365 1267 398 Conversi
1287 364 1430 409 deputari
1448 374 1511 397 non
1531 363 1652 408 possint
1667 362 1705 396 ad
1722 362 1817 396 admi-

1077 417 1276 451 nistrationes
1294 423 1380 451 extra
1405 417 1604 457 monasteria,
1622 416 1660 449 ad
1678 415 1816 450 officium

1077 470 1367 513 subcellerariatus,
1393 476 1445 503 aut
1469 470 1508 503 ad
1532 470 1656 504 servitia
1680 469 1818 513 particu-

1078 523 1155 557 laria
1179 524 1339 566 abbatum,
1357 523 1416 557 nisi
1441 528 1511 567 post
1530 523 1674 567 quintum
1698 523 1818 567 profes-

1078 576 1175 610 sionis
1199 587 1317 610 annum
1338 577 1548 621 completum:
1574 576 1627 620 qui
1652 586 1741 610 secus
1765 575 1820 609 ali-

1078 640 1172 673 quem
1189 630 1397 674 deputaverit,
1415 640 1490 663 voce
1507 629 1607 662 activa
1625 629 1656 661 in
1675 629 1820 673 proximo

1079 683 1218 727 capitulo
1235 689 1348 716 careat.

1124 736 1246 769 Nemini
1261 736 1499 777 monachorum,
1511 736 1564 769 sed
1579 736 1763 779 praesertim
1779 736 1821 769 iu-

1080 789 1210 822 venibus
1226 799 1290 822 non
1307 788 1530 831 sacerdotibus,
1545 789 1609 822 ullo
1624 789 1717 822 modo
1731 788 1822 821 detur

1081 841 1205 875 licentia
1217 841 1435 886 permanendi,
1449 841 1652 874 recreationis
1665 841 1776 884 gratia,
1791 840 1822 873 in

1080 895 1150 928 loco
1164 895 1194 928 in
1208 906 1271 939 quo
1285 895 1325 928 sit
1338 895 1382 928 eis
1394 894 1644 939 pernoctandum
1660 899 1746 927 extra
1760 904 1823 927 mo-

1080 949 1216 982 nasteria
1237 949 1284 982 vel
1310 949 1378 982 loca
1398 948 1680 988 monasteriorum
1702 948 1822 991 praela-

1081 1008 1141 1044 tus,
1158 1002 1211 1046 qui
1228 1002 1379 1035 adversus
1403 1002 1463 1035 hoc
1488 1002 1646 1035 licentiam
1664 1011 1824 1034 concesse-

1082 1056 1131 1098 rit,
1149 1056 1188 1089 ab
1208 1056 1312 1090 officio
1328 1067 1385 1100 per
1398 1065 1451 1089 sex
1468 1066 1592 1089 menses
1605 1054 1822 1098 suspendatur.

1125 1109 1297 1143 Abbatibus
1311 1109 1460 1149 emeritis,
1469 1109 1568 1153 quiex
1580 1108 1721 1152 legitima
1730 1108 1823 1141 causa

1082 1163 1336 1197 renunciaverint
1347 1163 1502 1206 dignitati,
1515 1162 1606 1195 liceat
1616 1162 1747 1195 honoris
1757 1171 1825 1204 gra-

1082 1217 1124 1250 tia
1141 1217 1263 1250 abbatis
1281 1216 1408 1250 nomine
1421 1216 1537 1255 vocari,
1556 1216 1640 1259 quod
1657 1215 1823 1248 maluerint

1084 1270 1310 1304 monasterium
1335 1280 1394 1314 pro
1411 1269 1602 1303 habitatione
1617 1274 1759 1313 tempore
1776 1279 1824 1302 re-

1083 1323 1293 1357 nunciationis
1311 1328 1341 1356 et
1361 1323 1580 1356 celebrationis
1605 1322 1734 1367 capituli
1755 1321 1825 1362 sibi,

1084 1377 1212 1420 eligere,
1229 1377 1346 1409 habere
1362 1386 1549 1409 conversum
1567 1376 1606 1409 ad
1624 1375 1750 1409 servitia
1767 1375 1824 1408 sibi

1085 1430 1278 1474 deputatum,
1304 1435 1334 1462 et
1357 1429 1460 1473 quoad
1484 1429 1600 1462 victum
1626 1434 1656 1462 et
1680 1428 1825 1462 vestitum

1086 1484 1206 1517 censeri
1230 1484 1299 1516 iure
1323 1483 1482 1516 abbatum,

1130 1536 1253 1570 Nemini
1267 1536 1479 1580 praelatorum
1497 1535 1589 1569 liceat
1600 1536 1748 1579 pecunias
1762 1545 1827 1569 mo-

1085 1590 1296 1623 nasteriorum
1315 1589 1451 1632 exigere,
1469 1595 1522 1622 aut
1538 1598 1681 1631 erogare,
1698 1594 1752 1621 aut
1775 1598 1826 1621 eas

1086 1644 1196 1688 quovis
1221 1643 1316 1677 modo
1341 1648 1548 1683 contrectare,
1573 1652 1676 1687 neque
1701 1642 1777 1675 item
1796 1642 1826 1675 in

1086 1698 1181 1731 rebus
1206 1697 1471 1731 monasteriorum
1502 1695 1678 1729 dividendis
1702 1700 1755 1729 aut
1778 1705 1827 1729 ne-

1087 1751 1231 1785 cessariis
1256 1749 1477 1794 comparandis
1493 1759 1549 1793 per
1578 1749 1700 1792 seipsos
1724 1759 1757 1782 se
1773 1748 1828 1781 im=

1087 1805 1230 1847 miscere,
1248 1803 1302 1837 sed
1322 1814 1357 1837 ea
1374 1803 1479 1837 omnia
1495 1813 1552 1847 per
1569 1802 1758 1844 cellerarios,
1776 1807 1830 1835 aut

1087 1858 1165 1891 alios
1182 1858 1354 1898 ministros,
1368 1857 1406 1890 ad
1419 1867 1498 1901 quos
1512 1867 1549 1890 ex
1569 1856 1828 1890 constitutionum

1088 1912 1283 1957 praescripto
1308 1911 1426 1954 attinet,
1448 1911 1540 1944 fiant:
1566 1910 1619 1954 qui
1644 1916 1749 1943 tamen
1765 1910 1828 1944 cel-

1088 1966 1196 2000 lerarii
1212 1971 1243 1999 et
1260 1965 1395 1999 ministri
1422 1970 1585 1998 teneantur
1601 1965 1632 1997 in
1650 1963 1828 1997 huiusmodi

1089 2019 1184 2053 rebus
1222 2018 1410 2063 peragendis
1449 2029 1579 2052 suorum
1615 2018 1828 2062 praelatorum

1090 2072 1267 2116 praeceptis
1283 2072 1422 2113 obedire,
1439 2082 1497 2104 nec
1514 2071 1692 2115 quicquam,
1705 2070 1766 2103 nisi
1783 2080 1831 2104 eo-

1090 2126 1161 2160 dem
1182 2126 1321 2170 praelato
1335 2125 1461 2158 iubente
1479 2130 1509 2158 et
1526 2124 1701 2167 mandante,
1720 2124 1830 2168 exequi

1090 2180 1225 2224 possint,
1249 2179 1400 2224 pecuniae
1425 2183 1529 2213 autem
1548 2189 1566 2211 a
1583 2178 1724 2222 capserio
1742 2177 1780 2210 ad
1800 2176 1830 2210 id

1091 2243 1204 2266 munus
1228 2233 1406 2277 specialiter
1437 2232 1585 2276 deputato
1616 2230 1831 2265 custodiantur

1091 2286 1122 2318 in
1147 2287 1243 2330 capsa
1267 2285 1399 2327 triclavi,
1419 2286 1548 2330 quaein
1572 2284 1703 2328 singulis
1728 2293 1831 2317 mona-

1091 2339 1194 2373 steriis
1218 2339 1370 2371 habeatur
1395 2338 1425 2370 in
1450 2338 1595 2371 cubiculo
1619 2337 1762 2381 praelati,
1779 2346 1831 2370 ea·

1092 2402 1226 2436 rumque
1250 2392 1384 2425 clavium
1401 2402 1496 2425 unam
1521 2393 1653 2425 retineat
1672 2390 1831 2434 praelatus

1092 2446 1284 2487 monasterii,
1301 2445 1394 2478 aliam
1411 2445 1580 2489 capserius,
1598 2444 1721 2478 tertiam
1742 2444 1831 2478 celle-

1094 2500 1209 2539 rarius,
1233 2509 1290 2543 per
1313 2510 1407 2543 quem
1432 2498 1648 2540 cellerarium,
1674 2509 1729 2531 seu
1754 2498 1831 2531 alios

1094 2553 1254 2586 ministros
1286 2551 1325 2585 ad
1348 2562 1426 2596 quos
1451 2557 1624 2596 spectaret,
1653 2556 1688 2585 ut
1715 2561 1831 2595 supra,
1852 2543 1856 2547 ⁴

1093 2610 1156 2641 tarn
1181 2606 1416 2649 eleemosynae,
1446 2615 1541 2651 quarn
1573 2604 1758 2639 munuscula
1774 2632 1782 2641 ,
1807 2606 1831 2637 si

1719 198 1784 232 905
1830 207 1878 235 An.
1895 207 1924 235 C.
1945 207 2010 236 1631
