2248 3229
194 245 243 275 An.
265 245 380 274 c.1633
426 235 490 270 338

391 299 625 338 nuncupentur,
651 292 772 326 etiamsi
796 302 833 325 ex
859 289 1072 333 regularibus,
1097 300 1133 322 ac

394 347 592 392 quantumvis
616 345 814 390 privilegiata
838 348 868 377 et
886 342 1063 377 necessario
1084 342 1134 375 de-

395 400 540 434 claranda
573 409 627 432 seu
662 398 713 431 hic
748 398 796 431 vel
828 397 901 430 alibi
931 396 1133 440 exprimenda

395 455 513 496 serent,
539 454 631 497 pleno
656 452 740 493 iure,
765 451 859 485 etiam
883 449 1133 484 irrevocabiliter

396 512 425 539 et
441 508 472 540 in
492 511 690 550 perpetuum,
709 505 912 538 Sanctissimo
929 503 1062 537 Domino
1082 513 1134 536 no-

395 565 460 592 stro
485 560 586 603 Papae
610 559 736 592 Urbano
761 559 837 599 VIII,
862 563 892 591 et
916 562 1040 591 sanctae
1063 557 1134 590 Sedi

395 612 602 656 Apostolicae,
626 622 671 653 ac,
689 622 747 656 pro
765 612 836 654 illis,
853 610 1135 655 plenipotentiariis

396 677 413 697 a
437 665 500 698 Sua
524 665 702 708 Sanctitate,
729 670 762 698 ut
785 664 974 709 praefertur,
998 663 1136 697 nomina-

398 718 452 752 tis¹
468 724 497 752 et
517 718 670 763 deputatis
695 719 726 751 in
739 718 750 735 ²
773 717 962 751 beneficium
980 717 1136 750 Ecclesiae

397 779 426 805 et
456 772 552 806 solius
584 772 740 805 salvificae
772 771 943 805 catholicae
975 771 1137 814 religionis

397 826 598 870 universique
624 825 699 859 cleri
724 825 756 858 in
780 824 961 869 supradicto
986 824 1134 858 haeredi-

398 881 477 913 tario
490 884 598 914 nostro
612 890 710 923 regno
727 879 896 912 Bohemiae
913 878 1053 920 cedendi,
1068 888 1139 912 con-

398 934 552 977 signandi,
577 937 669 977 alque
693 932 837 966 tradendi
861 932 988 966 realiter
1012 937 1041 965 et
1066 942 1138 965 cum

399 987 511 1022 effectu
543 987 573 1020 in
606 986 761 1031 ampliore
794 991 823 1019 et
859 985 1008 1018 validiore
1037 986 1139 1018 forma

399 1044 547 1086 (ratum,
580 1045 767 1084 gratumque
792 1045 822 1072 et
845 1039 972 1072 firmum
1002 1038 1140 1072 habituri

398 1094 551 1140 quidquid
576 1095 607 1127 hi
624 1093 856 1138 praenominati
873 1092 1140 1137 plenipotentiarii

399 1148 509 1191 nostri,
524 1153 631 1182 nostro
646 1152 673 1180 ct
687 1147 858 1180 haeredum
872 1157 907 1179 ac
922 1156 1139 1180 successorum

399 1206 581 1237 nostrorum
606 1209 881 1246 quorumcumque
897 1200 927 1232 in
952 1204 1139 1244 perpetuum

400 1257 432 1289 in
456 1255 565 1289 eodem
591 1265 689 1298 regno
710 1253 846 1296 nomine,
863 1264 932 1287 cum
948 1263 1142 1298 praememo-

400 1310 475 1343 ratis
489 1310 568 1343 Suae
583 1308 760 1342 Sanctitatis
785 1307 1068 1351 plenipotentiariis
1080 1307 1142 1340 hoc

400 1364 433 1396 in
464 1362 591 1406 negotio
622 1367 651 1395 ct
683 1361 765 1394 dicta
796 1360 1016 1394 transactionis
1048 1362 1141 1394 causa

401 1417 533 1461 egerint,
558 1415 697 1457 fecerint,
724 1415 999 1455 concordaverint,
1027 1420 1142 1448 trause-

401 1471 515 1515 gerint,
533 1471 563 1503 in
586 1475 649 1504 toto
667 1474 696 1503 et
716 1470 746 1502 in
772 1473 870 1513 parte,
888 1479 972 1502 nunc
985 1479 1043 1513 pro
1059 1474 1141 1510 tunc,

402 1531 431 1559 et
457 1530 529 1558 tunc
554 1535 612 1569 pro
632 1534 725 1564 nunc,
744 1533 805 1557 non
830 1533 920 1556 secus
945 1534 1039 1567 quam
1066 1523 1091 1555 si
1112 1522 1160 1555 id*

402 1584 502 1613 totum
529 1578 674 1622 ipsimet3
698 1587 754 1610 nos
770 1588 827 1621 per
839 1576 1048 1620 nosmetipsos
1061 1576 1143 1619 egis-

403 1643 517 1676 semus,
538 1632 732 1673 fecissemus,
747 1631 1004 1664 accordassemus
1018 1636 1048 1663 et
1063 1635 1144 1663 tran·
1158 1603 1161 1646 ἱ

403 1687 602 1731 segissemus,
619 1685 870 1730 quilniscumque
891 1684 1080 1718 salutaribus
1097 1695 1145 1717 ex·
1159 1694 1161 1703 ¹

403 1740 601 1785 ceptionihus
625 1739 702 1772 iuris
726 1750 761 1772 ac
786 1739 893 1781 legum
914 1738 1029 1771 auxilio
1053 1737 1161 1771 nobis*

403 1794 461 1827 hac
486 1793 523 1826 de
548 1795 641 1826 causa
666 1792 917 1836 competentibus
938 1801 1083 1835 expresse
1099 1801 1144 1823 re-

403 1847 609 1889 nunciantes),
640 1846 701 1878 lide
734 1846 938 1889 in‘iperatoria
970 1844 1143 1888 regiaque,

404 1901 516 1933 haruin
544 1900 652 1942 vigore
680 1904 710 1932 et
738 1898 918 1931 testimonio
946 1898 1143 1939 litterarum,

405 1964 516 1987 manus
530 1958 653 1986 nostrae
668 1952 899 1995 subscriptione
917 1956 944 1984 et
964 1951 1059 1994 sigilli
1080 1961 1145 1983 cae·
1161 1976 1163 1989 ‚

405 2008 486 2041 sarci
511 2007 654 2051 regiique
678 2005 871 2050 appensione
902 2005 1144 2046 roboratarum,

406 2072 487 2106 quac
501 2060 676 2094 dabuntur⁴
693 2060 724 2092 in
745 2059 867 2093 civitate
885 2060 993 2092 nostra
1010 2058 1145 2091 Viennae
1161 2076 1164 2120 =,

406 2115 455 2148 die
473 2124 526 2148 xv1
544 2113 693 2147 februarii
717 2123 798 2147 anno
816 2122 953 2153 uncam,
974 2122 1146 2156 regnorum

406 2173 589 2201 nostrorum
613 2167 767 2200 Romani⁵
792 2177 834 2207 xi,
858 2166 1028 2210 IIungarici
1054 2175 1097 2200 ΧΗ
1117 2171 1147 2199 et

407 2221 567 2256 Bohemiei
593 2230 658 2254 xm.

451 2285 692 2324 Fiznnuvmnos,
717 2289 793 2322 etc.;

451 2338 652 2373 “GULIELMUS
669 2347 774 2370 comes
786 2337 927 2370 SLAvitrA
947 2336 1035 2379 regni
1053 2335 1148 2369 Belic-

409 2393 490 2426 miae
507 2393 536 2426 S.
555 2392 761 2426 cancellarius
771 2402 779 2431 ;

446 2463 454 2488 1
475 2461 620 2495 Perperam
632 2459 674 2487 ed.
687 2459 770 2486 Main.
783 2459 847 2494 legit
857 2459 888 2486 in
899 2458 1146 2492 ηωνιιηαίίεοὶπ).
1162 2459 1165 2489 ᾗ

443 2502 459 2528 2
471 2500 536 2527 lleic
548 2500 635 2534 potius
646 2499 771 2526 addimus
783 2498 1012 2534 praepositionem
1024 2499 1053 2526 in
1066 2497 1144 2532 (ns).

444 2542 460 2568 3
476 2541 544 2567 Edit.
562 2540 640 2567 ltlain.
658 2539 723 2574 legit
738 2540 857 2574 ipsemet
872 2541 909 2571 (R.
922 2539 970 2573 T.).

446 2582 461 2606 ά
472 2581 570 2607 Forsan
581 2580 725 2614 legendum
738 2579 884 2607 [labantur
896 2579 936 2606 vel
948 2580 1056 2606 riantur
1071 2578 1147 2611 (ass).

445 2622 462 2647 5
477 2620 547 2646 Edit.
563 2620 645 2646 Main.
662 2619 727 2653 legit
742 2620 938 2646 Romanorum
953 2624 988 2651 (n.
1002 2620 1050 2653 T.].

447 2660 463 2686 6
478 2659 558 2687 Deest
572 2659 733 2695 subscriptio
749 2659 954 2687 Maaeimilicmt'
970 2662 1005 2693 (a.
1018 2659 1067 2692 in).

977 243 1034 265 L'L'L
1041 241 1155 265 lAltlUll
1181 241 1334 265 ROMANDM

1213 290 1242 321 tl.
1268 290 1299 322 L.
1326 288 1355 321 S.
1381 290 1480 332 Orro,
1503 288 1583 322 liber
1604 288 1683 324 baro
1708 289 1745 323 de
1770 288 1907 329 llostitz;

1209 350 1256 384 Ad
1280 350 1463 384 mandatum
1494 361 1602 384 sacrae
1625 361 1788 385 caesareae
1813 351 1908 385 maie-

1167 404 1253 437 statis
1277 404 1447 448 proprium
1461 431 1468 445 ,

1524 475 1660 508 Ioannes
1686 475 1885 509 VALnEnonss.

1213 557 1356 590 Veientes
1370 556 1408 589 ad
1422 555 1653 600 infrascriptam
1671 554 1910 590 conventionem

1168 609 1325 651 devenire,
1340 615 1379 650 et,
1398 614 1493 653 prout
1509 609 1547 642 ad
1563 618 1818 653 unumquemque
1832 608 1912 652 ipso-

1169 674 1240 697 rum
1272 663 1362 696 dictis
1394 662 1574 696 nominihus
1608 666 1637 695 et
1670 662 1715 695 uti
1746 662 1912 706 deputatos

1170 722 1288 762 spectat
1310 722 1339 750 et
1363 716 1510 760 pertinet,
1530 716 1561 749 in
1578 715 1761 760 praemissis
1782 720 1912 750 tractata

1171 770 1283 814 exequi
1301 775 1331 803 et
1351 769 1536 814 adimplere,
1553 774 1580 802 et
1598 769 1735 813 desuper
1750 769 1913 814 publicum

1171 829 1201 857 ct
1227 824 1368 857 solemne
1393 822 1639 856 instrumentum
1664 822 1703 855 ad
1726 827 1913 866 perpetuam

1171 878 1217 912 rei
1244 874 1440 911 memoriam
1456 875 1613 910 conficere
1638 880 1668 909 et
1691 875 1869 917 celebrare,
1904 887 1906 889 ·

1216 932 1250 965 In
1282 930 1392 975 primis
1429 930 1503 963 dicti
1540 929 1742 963 illustrissimi
1773 929 1914 971 domini,

1172 985 1318 1020 dominus
1351 983 1578 1018 Maximilianus
1604 994 1709 1017 comes
1739 982 1778 1016 de
1807 983 1916 1017 Chaut-

1173 1039 1350 1073 mansdorff
1357 1043 1427 1079 ete,
1436 1037 1582 1071 dominus
1595 1047 1701 1071 comes
1711 1036 1835 1072 Slavata
1846 1041 1914 1079 ete,

1173 1093 1320 1127 dominus
1335 1091 1439 1133 Oct0¹‚
1454 1091 1534 1124 liber
1550 1091 1628 1124 haro
1645 1091 1683 1124 de
1699 1090 1830 1124 Hostitiz
1846 1094 1916 1131 etc„

1174 1146 1312 1191 deputati
1350 1145 1542 1179 serenissimi
1575 1144 1694 1178 domini
1727 1143 1916 1178 Ferdinandi

1175 1199 1374 1244 imperatoris
1398 1203 1428 1232 et
1452 1198 1537 1241 regis
1561 1197 1724 1242 praedicti,
1742 1197 1773 1230 in
1793 1197 1856 1230 vim
1876 1197 1917 1230 fa-

1175 1253 1344 1286 cultatibus
1380 1252 1438 1285 sibi
1475 1251 1531 1284 ut‘2
1561 1262 1658 1295 supra
1689 1260 1855 1284 concessae
1887 1255 1917 1284 et

1176 1306 1488 1348 attributae,nomine
1504 1305 1576 1339 dicti
1591 1304 1784 1338 serenissimi
1798 1304 1916 1338 domini

1176 1360 1365 1393 Ferdinandi
1382 1358 1584 1403 imperatoris
1605 1362 1634 1392 et
1651 1357 1734 1401 regis
1749 1357 1916 1390 Bohemiae

1176 1420 1205 1447 et
1215 1414 1449 1458 praedictorum
1461 1423 1591 1446 snorum
1600 1412 1632 1444 in
1643 1421 1740 1455 regno
1751 1411 1918 1444 Bohemiae

1177 1467 1347 1501 haeredum
1363 1472 1392 1500 et
1405 1476 1624 1500 successorum
1642 1474 1919 1510 quorumcumque

1177 1522 1208 1554 in
1232 1526 1442 1565 perpetuum,
1475 1531 1512 1554 ex
1545 1521 1638 1553 causti
1668 1518 1787 1563 pariter
1819 1518 1919 1552 dictae

1177 1574 1392 1609 conventionis
1426 1577 1459 1608 ut
1489 1584 1584 1617 supra
1619 1577 1788 1615 tractatae,
1825 1572 1919 1605 initae

1177 1635 1270 1673 atque
1294 1629 1447 1669 firmatae,
1472 1632 1583 1672 sponte
1604 1631 1633 1661 et
1650 1637 1686 1660 ex
1704 1637 1815 1660 eorum
1833 1627 1919 1659 certa

1178 1682 1328 1725 scientia,
1354 1682 1518 1725 liberaque
1551 1686 1580 1714 et
1609 1681 1781 1724 spontanea
1814 1679 1920 1713 volun-

1178 1741 1239 1769 tate
1260 1741 1289 1769 et
1306 1735 1393 1769 omni
1414 1733 1540 1768 meliori
1558 1733 1662 1774 modo,
1681 1738 1751 1774 etc.‚
1770 1732 1837 1766 iure
1851 1743 1920 1777 pro-

1178 1790 1248 1834 prio
1280 1794 1309 1822 et
1345 1790 1375 1822 in
1410 1793 1600 1833 perpetuum
1633 1787 1759 1819 realiter
1789 1791 1819 1819 et
1849 1797 1919 1820 cum

1160 1868 1162 1876 ,
1179 1844 1291 1878 effectu
1308 1843 1519 1886 assignarunt,
1532 1841 1697 1882 dederunt,
1714 1840 1920 1883 tradiderunt,

1179 1902 1340 1930 cesserunt
1360 1900 1452 1940 atque
1472 1899 1697 1928 concesserunt
1716 1894 1920 1929 Sanctissimo

1180 1950 1313 1984 Domino
1337 1954 1445 1983 nostro
1461 1948 1587 1982 Urbano
1606 1948 1706 1992 Papae
1722 1947 1796 1989 VIII,
1812 1951 1842 1981 et
1855 1958 1921 1981 san-

1162 2008 1246 2038 ,ctae
1271 2003 1342 2037 Sedi
1366 2002 1580 2048 Apostolicae‚
1605 2001 1637 2034 in
1661 2001 1849 2034 beneficium
1866 2001 1921 2035 Ec<

1180 2058 1294 2091 etesiae
1318 2068 1354 2091 ac
1378 2057 1475 2091 solius
1495 2056 1651 2090 salvificae
1676 2055 1839 2098 religionis
1863 2066 1917 2089 ca-

1180 2112 1316 2146 tholicae
1346 2110 1549 2154 universique
1573 2109 1648 2143 cleri
1680 2109 1711 2142 in
1743 2109 1921 2154 saepedicto

1181 2165 1391 2199 haereditario
1400 2174 1499 2208 regno
1509 2163 1686 2205 Bohemiae,
1695 2168 1734 2205 et,
1742 2174 1800 2208 pro
1810 2164 1921 2198 eodem

1181 2218 1384 2253 Sanctissimo
1399 2218 1532 2252 Domino
1548 2221 1658 2252 nostro
1673 2228 1709 2251 ac
1722 2219 1829 2252 sancta
1843 2217 1921 2252 Sede

1181 2272 1372 2317 Apostolica,
1397 2272 1486 2307 dictis
1504 2272 1717 2306 illustrissimo
1732 2276 1762 2306 et
1778 2282 1922 2306 reveren-

1181 2326 1311 2360 dissimo
1335 2326 1464 2360 domino
1489 2326 1618 2360 domino
1638 2326 1771 2360 Ernesto
1795 2330 1920 2360 sanctae

1181 2382 1339 2415 Romanae
1358 2380 1516 2414 Ecclesiae
1537 2380 1691 2414 cardinali
1710 2381 1749 2414 ab
1769 2381 1920 2424 Ilarrach‚

1181 2434 1418 2478 archiepiscopo
1433 2434 1593 2478 Pragensi,
1611 2439 1640 2467 et
1657 2433 1872 2468 illustrissimo
1890 2439 1921 2467 et

1163 2492 1164 2515 l
1182 2487 1443 2521 reverendissimo
1456 2488 1584 2521 domino
1598 2488 1727 2522 domino
1743 2487 1850 2522 Ioanni
1869 2487 1921 2521 Ba-

1180 2542 1293 2585 ptistae
1317 2542 1345 2574 S.
1365 2542 1398 2574 n.
1418 2542 1449 2574 E.
1469 2541 1620 2574 cardinali
1642 2542 1783 2582 Pallotto,
1803 2541 1920 2575 archie-

1220 2619 1228 2644 1
1247 2617 1332 2651 Supra
1346 2616 1487 2652 legebatur
1503 2617 1571 2645 Otho
1588 2617 1628 2644 vel
1645 2617 1707 2645 Otto
1723 2617 1761 2651 (lt.
1773 2617 1821 2650 ¹12).

1164 2682 1167 2693 ,
1217 2658 1233 2684 ⁶2
1248 2657 1313 2685 Male
1330 2657 1393 2684 edit.
1412 2656 1490 2685 Main.
1509 2656 1573 2693 legit
1588 2659 1614 2685 ec
1629 2665 1677 2692 pro
1696 2659 1725 2684 u!
1741 2657 1778 2691 (n.
1791 2657 1838 2691 72).

1924 241 1973 268 An.
1995 241 2012 268 C
2042 240 2109 269 1633
