2248 3229
486 215 550 251 '792

530 289 695 323 scoporum
724 284 752 312 et
785 280 981 322 regularium
1011 291 1107 324 super
1131 281 1177 314 di-

530 334 629 365 versis
655 333 879 365 controversiis
903 334 984 366 inter
1000 334 1179 377 metropoli-

529 389 616 418 tanos
627 388 656 417 et
669 385 885 427 suffraganeos
900 386 1065 427 editorum,
1082 387 1153 420 328.

440 437 527 471 CDV.
549 438 715 471 Confirmat
737 437 899 472 decretum
917 439 1177 482 Congregationis

528 490 718 524 Palatinatus
745 491 776 523 in
802 490 896 524 causti
926 496 1070 526 vertente
1095 494 1177 526 inter

527 543 782 587 archiepiscopos
807 545 836 576 8.
855 544 889 578 R.
914 544 938 578 1.
965 545 1119 579 electores
1140 556 1176 580 ac

526 607 634 630 eorum
659 597 876 640 suffraganeos
898 602 928 631 et
949 598 1079 632 abbates
1100 599 1176 633 Con-

526 651 721 692 gregationis
769 651 998 684 Burst'eldensis
1045 652 1175 686 Ordinis

526 704 628 736 sancti
675 703 840 737 Benedicti
883 715 978 748 super
1014 705 1175 739 validitate

526 757 651 789 unionis
675 756 806 790 aliarum
832 759 1114 801 congregationum
1139 768 1174 792 ac

525 811 788 843 monasteriorum
814 810 956 843 eiusdem
974 810 1114 853 Ordinis,
1136 811 1175 846 ab

526 862 647 896 eisdem
672 862 837 896 abbatibus
855 864 964 905 saetae,
984 869 1174 907 emanatum,

437 967 539 1002 CDVI.
566 968 710 1002 Facultas
734 969 839 1012 legato
860 969 1054 1004 Ferrariensi
1079 981 1175 1014 super

524 1020 690 1055 obsidibus
723 1033 780 1066 pro
814 1024 1053 1057 confirmatione
1088 1027 1174 1067 pacis

523 1073 630 1108 ltaliae
656 1077 784 1109 nomine
812 1075 946 1109 Sanctae
977 1076 1068 1110 Sedis
1093 1079 1175 1111 acci-

523 1128 657 1170 piendis,
685 1128 757 1161 931.

435 1179 552 1214 CDVlI.
575 1181 822 1215 Communicatio
852 1186 883 1216 et
908 1185 1050 1216 extensio
1076 1183 1175 1217 indul—

522 1235 649 1277 gentiae
675 1234 829 1267 ecclesiae
855 1236 885 1268 8.
904 1236 1020 1268 Mariae
1039 1236 1175 1278 Angelo-

523 1297 590 1320 rum
614 1287 800 1321 Assisiensis
820 1292 960 1331 tempore
979 1291 1084 1331 pestis,
1101 1289 1173 1322 232.

434 1338 757 1373 CDVlll.Commissio
771 1343 920 1385 episcopo
933 1342 1172 1384 Por-tugallensi,

523 1397 556 1426 ut
588 1393 730 1427 inhibeat
763 1394 922 1428 iiuslicibus
955 1395 1172 1437 secutaribus,

523 1456 561 1478 ne
586 1456 697 1479 causas
723 1447 833 1480 civiles
862 1448 1045 1481 monialium
1070 1458 1174 1481 mona-

522 1502 688 1533 steriorum
721 1499 851 1534 Ordinis
880 1502 910 1534 S.
946 1501 1111 1534 Benedicti
1140 1504 1170 1534 in

520 1552 575 1586 sua
597 1553 738 1587 dioecesi
764 1556 968 1587 existentium
992 1554 1053 1588 ullo
1079 1556 1172 1587 modo

520 1615 716 1649 cognoscere
741 1607 889 1648 audeant,
917 1608 988 1641 2:33.

432 1658 538 1692 (IDIX.
554 1660 755 1693 Confirmatio
772 1661 893 1694 decreti
911 1661 1170 1704 (Iongregationis

520 1712 735 1756 Concilii,‹1uo
750 1714 1169 1747 declaraturClementinam

490 1787 493 1789 Δ
522 1765 644 1798 Dudum
671 1766 708 1798 {le
732 1767 908 1810 sepulturis
934 1777 994 1800 non
1021 1777 1090 1800 esse
1119 1767 1171 1800 ol)-

521 1819 722 1859 servandam,
755 1822 813 1853 nisi
842 1830 913 1853 ‹fum
946 1823 1080 1863 ipsemet
1104 1823 1170 1864 epi-

520 1882 634 1915 scopus
659 1873 841 1915 praedicat:
878 1874 1034 1915 parochus
1065 1878 1169 1907 autem

519 1927 601 1958 inter
625 1928 791 1959 missarum
817 1927 973 1959 solemnia
998 1929 1091 1960 etiam
1118 1927 1170 1960 ea-

519 1978 591 2011 dem
610 1978 695 2020 hora,
714 1989 775 2023 qua
801 1981 1039 2023 episcopusmet
1065 1982 1096 2012 ln
1122 1990 1170 2013 ca-

520 2031 653 2064 thedrali
672 2032 844 2074 praedicat,
864 2043 956 2075 posse
978 2035 1008 2066 in
1034 2033 1090 2066 sua
1116 2042 1170 2076 pa-

518 2084 625 2118 rochia
651 2085 688 2118 ad
716 2085 841 2127 plebem
872 2096 961 2119 suam
991 2096 1168 2120 sermonem

519 2137 648 2179 habere,
676 2139 747 2171 238.

431 2190 521 2224 CDX.
547 2192 730 2234 Prorogatio
757 2192 973 2235 indulgentiae
1006 2193 1169 2237 plenariae

518 2245 549 2277 in
574 2245 671 2277 fornia
690 2244 831 2285 iubilaei,
850 2246 888 2279 de
910 2256 970 2289 qua
988 2256 1082 2289 supra
1100 2256 1170 2280 cou-

519 2298 680 2331 stitutione
720 2308 871 2339 CCtIIJx‘Yt,
909 2299 947 2332 ad
987 2300 1065 2334 alios
1107 2304 1169 2333 tres

519 2360 662 2391 menses,
699 2351 817 2384 scilicet
850 2352 1055 2394 septembris,
1089 2358 1169 2386 ocii»-

518 2402 583 2436 bris
613 2408 643 2436 et.
669 2404 859 2445 novembris,
886 2416 956 2437 cum
976 2405 1107 2445 indulto,
1127 2410 1167 2440 ut.

518 2459 570 2500 qui
596 2457 711 2490 dietam
730 2458 960 2500 indulgentiam
978 2461 1168 2503 consequuti

518 2512 578 2543 iam
604 2515 685 2552 suut,
711 2511 795 2543 illam
821 2512 924 2545 denuo
950 2515 1101 2557 consequi
1120 2522 1168 2546 xa-

518 2563 610 2604 leant‚
637 2574 672 2597 ac
698 2564 836 2605 decreto,
855 2569 895 2603 ut,
918 2566 1039 2599 eisdem
1067 2565 1166 2600 tribus

518 2616 681 2650 mensibus
693 2617 819 2660 elamts,
830 2628 1050 2662 quaecumque
1061 2623 1168 2653 exten-

1033 227 1129 252 BULLA
1135 228 1211 253 RIUM
1236 228 1387 254 ROMANUM

1318 284 1423 315 siones
1448 287 1479 316 et
1503 283 1722 326 ampliationes
1746 285 1964 329 induigentiae

1317 335 1509 375 huiusmodi,
1521 336 1559 369 ad
1577 340 1698 369 certum
1716 339 1838 380 tempus
1852 339 1962 380 factae,

1320 390 1415 421 etiam
1441 398 1477 421 eo
1503 390 1571 432 ipso
1597 391 1760 433 expirent,
1786 390 1859 422 236.

1228 440 1334 474 CDXI,
1350 441 1441 482 Quod
1460 442 1574 475 fratres
1586 442 1779 486 Cappuccini
1792 447 1968 478 conventus

1316 498 1418 527 terrae
1442 494 1606 538 Modogni,
1623 496 1771 529 Barensis
1797 495 1968 537 dioecesis,

1316 556 1377 579 non
1410 549 1533 590 possint
1565 547 1727 592 prohiberi
1764 550 1795 581 iu
1832 547 1967 591 publicis

1316 600 1576 642 processionibus
1598 602 1748 635 incedere
1765 600 1823 634 suh
1841 600 1967 645 propria

1316 663 1419 694 eruce,
1446 654 1518 687 u237.

1227 704 1347 739 CDXII.
1365 706 1524 740 Indultum
1542 717 1598 751 pro
1617 707 1765 742 fratribus
1790 711 1968 745 reformatis

1316 758 1523 794 Discalceatis
1556 760 1780 795 Sanctissimae
1806 762 1966 798 Trinitatis

1317 812 1555 856 Redemptionis
1580 817 1778 857 captivorum
1794 816 1967 859 Hispaniae

1317 866 1503 909 quaerendi,
1514 867 1643 909 petendi
1658 871 1688 901 et
1701 869 1967 911 recipiendielee-

1316 920 1463 959 mostnas,
1478 918 1653 953 oblationes
1671 923 1700 953 et
1718 920 1831 963 legata,
1850 930 1886 955 ac
1906 921 1965 956 alia

1316 981 1538 1016 quaecumque
1577 972 1719 1006 subsidia
1751 983 1807 1016 pro
1841 974 1967 1009 redem-

1316 1026 1423 1068 ptione
1448 1027 1645 1068 captimrum
1670 1026 1788 1068 relicta,
1816 1027 1889 1061 239.

1227 1076 1362 1111 CDXIlI.
1375 1078 1466 1119 Quod
1484 1080 1595 1112 fratres
1609 1079 1800 1124 Cappuccini
1815 1081 1961 1125 (excepta

1316 1132 1480 1174 provincia
1505 1132 1658 1174 Romana)
1678 1143 1739 1166 non
1757 1134 1893 1168 audeant
1917 1144 1964 1168 ac-

1316 1184 1431 1217 cedere
1457 1185 1587 1218 Romam
1608 1185 1727 1230 absque
1753 1186 1880 1220 ticentia
1896 1197 1964 1221 ear-

1315 1236 1429 1269 dinalis
1458 1240 1660 1279 protectoris,
1685 1242 1737 1272 aut
1765 1241 1964 1283 superiorum

1313 1289 1520 1331 generalium,
1547 1290 1620 1323 241.

1226 1341 1357 1375 CDXIV.
1376 1342 1549 1376 Mmteratio
1567 1345 1800 1378 constitutionis
1826 1345 1929 1379 editae
1947 1355 1964 1380 a

1314 1394 1477 1428 Clemente
1508 1396 1575 1429 vill
1611 1399 1695 1430 circa
1728 1398 1965 1433 distractionem

1314 1452 1487 1482 castrorum
1525 1454 1555 1483 et
1591 1449 1764 1493 bonorum,
1801 1454 1895 1485 etiam
1931 1454 1963 1486 ti-

1314 1500 1666 1543 deieommissariorum,
1678 1513 1734 1546 pro
1748 1505 1962 1538 satisfactione

1314 1554 1505 1588 creditorum
1521 1555 1674 1589 baronum
1686 1561 1715 1590 et
1727 1557 1963 1592 domicellorum

1313 1609 1415 1641 §tritus
1430 1608 1651 1649 Ecclesiastici,
1670 1610 1752 1654 quod
1772 1620 1832 1643 non
1848 1610 1964 1644 habeat

1313 1660 1413 1692 locum
1439 1661 1543 1704 quoad
1570 1661 1677 1695 debita
1705 1666 1865 1696 contracta
1894 1668 1962 1707 post

1310 1723 1365 1745 sex
1391 1723 1516 1746 menses
1542 1723 1559 1747 a
1585 1715 1636 1747 die
1657 1715 1895 1749 archiviationis
1919 1717 1963 1749 in-

1310 1770 1555 1800 strumentorum
1572 1777 1608 1800 ac
1628 1769 1850 1801 vinculationis
1868 1768 1963 1802 bono-

1311 1830 1390 1855 rum,
1417 1820 1489 1852 est.

1222 1873 1339 1906 (IDXV.
1363 1874 1544 1908 Mandatum
1576 1875 1728 1909 cardinali
1757 1876 1860 1919 legato
1892 1876 1961 1910 Fer-

1312 1929 1446 1960 rariensi
1465 1928 1503 1960 de
1526 1929 1731 1962 restituendis
1753 1928 1919 1963 obsidibus
1944 1939 1962 1964 a

1312 1980 1513 2014 Ferdinando
1541 1983 1731 2025 imperatore
1757 1982 1847 2024 (latis,
1873 1985 1960 2018 iuxta

1311 2033 1569 2076 capitulationem
1597 2034 1766 2075 Cherasei,
1792 2037 1864 2070 946.

1222 2085 1352 2119 CDXVI.
1378 2086 1465 2119 Idem
1490 2087 1673 2121 mandatum
1691 2088 1730 2121 de
1755 2090 1960 2124 restituendis

1311 2139 1476 2173 obsidibus
1491 2140 1571 2173 datis
1585 2150 1601 2173 a
1613 2150 1688 2183 rege
1701 2141 1959 2183 GalliarumAE-fl.

1222 2191 1373 2225 Cvalt.
1392 2193 1482 2233 Quod
1502 2196 1742 2227 constitutiones
1768 2195 1960 2237 apostolicae

1309 2246 1340 2278 in
1367 2247 1631 2280 concernentibus
1654 2247 1748 2280 tidem
1773 2248 1960 2282 catholicam

1309 2303 1337 2332 et
1356 2304 1484 2332 sanctae
1502 2301 1716 2343 inquisitionis
1733 2301 1872 2334 osticium
1890 2301 1960 2334 bac-

1310 2356 1400 2385 tenus
1433 2353 1546 2388 editae,
1573 2357 1601 2386 et
1633 2355 1839 2396 imposterum
1865 2356 1959 2388 etiam

1309 2416 1404 2448 super
1428 2415 1630 2449 quacunupie
1657 2406 1717 2439 atta
1744 2416 1778 2439 re
1803 2406 1960 2448 edendae,

1309 2469 1417 2492 ornnes
1444 2459 1607 2502 regulares
1633 2459 1871 2504 quomodolibet
1900 2461 1960 2503 pri-

1308 2512 1473 2555 xitegiatos
1507 2514 1796 2556 compi-eliemtant,
1827 2515 1889 2547 nisi
1914 2513 1958 2546 illi

1308 2567 1488 2607 specialiter
1514 2569 1723 2610 excipiantur,
1743 2568 1814 2600 248.

1219 2618 1384 2652 CDIx'thl.
1412 2619 1557 2653 Facultas
1594 2619 1855 2653 christianissimo
1888 2621 1957 2663 regi
