2248 3229
82 228 138 260 An.
156 228 185 256 C.
210 227 278 256 1634

140 1356 278 1378 conecterem

93 1384 212 1409 generalem
221 1384 279 1404 insti-

94 1411 133 1430 tuit
154 1413 175 1431 οῑ
192 1410 279 1431 facult-2·

94 1440 125 1457 tes
142 1436 170 1457 illi
186 1437 266 1458 tribuit.

898 228 1041 253 uubanus

287 275 363 309 illud
388 275 504 319 ubique
528 275 672 309 locorum
702 276 764 309 vim
790 276 917 317 habere,
942 287 977 310 ae
1001 276 1045 310 si³

288 329 430 373 ipsismet
441 329 668 373 principalibus
680 335 709 362 et
723 329 931 374 pensionariis
942 339 1029 374 prae-

288 382 429 416 sentibus
447 388 475 415 et
493 382 685 417 solventibus
705 383 803 418 factae
827 388 856 416 et
873 382 1028 416 exhibitae
1045 385 1046 406 i

286 436 432 477 fuissent;
451 437 659 471 conductores
683 437 872 480 antean-qui
892 437 1028 481 pretium
1045 444 1047 457 ¹

288 491 452 524 locationis
473 491 608 524 dominis
625 490 765 533 legitime
782 490 1029 535 anticipaverint,
1046 506 1048 513 ι

289 543 478 577 locationem
498 554 584 577 suam
602 543 794 585 huiusmodi,
808 554 901 587 quam
915 543 952 576 ad
970 543 1030 576 hoc

289 607 523 640 prorogamus,
550 607 650 640 usque
674 597 712 630 ad
736 597 891 640 integram
917 597 1032 634 satisfa-

290 650 436 691 ctionem,
454 655 488 683 ut
511 650 610 694 prius,
636 651 730 683 etiam
754 651 939 684 adveniente
966 660 1049 683 suc-=

290 714 437 745 cessore,
465 704 649 737 continuare
681 704 795 738 debere
805 716 813 744 3
839 705 945 748 sicque
975 714 1049 747 per}

289 767 506 801 quoscumque
542 757 660 791 iudices
691 758 868 791 ordinarios
893 763 923 790 et
946 757 1049 790 dele-¹

289 816 379 854 gatos
403 811 512 854 quavis
536 812 722 844 auctoritate
746 811 922 855 fungentes
939 810 1031 846 etiam

290 874 457 897 causarum
482 865 589 908 palatii
613 865 777 909 apostolici
802 864 971 905 auditores,
997 874 1033 896 ac

291 917 320 950 S.
347 918 381 951 R.
407 918 440 950 E.
466 918 659 959 cardinales,
684 918 777 951 etiam
806 917 844 951 de
868 918 966 950 latere
988 917 1050 950 le-‘

291 975 379 1014 gatos
409 977 440 1005 et
464 972 616 1012 nuncios,
641 972 764 1005 sublata
793 971 838 1004 eis
861 976 892 1004 et
921 981 1031 1005 eorum

291 1025 420 1058 cuilibet
443 1025 551 1069 quavis
576 1025 664 1058 aliter
689 1025 846 1058 iudicandi
869 1031 899 1058 et
934 1025 1032 1058 inter-

292 1079 435 1123 pretandi
460 1079 605 1112 facultate
631 1084 662 1112 et
686 1079 869 1113 auctoritate
884 1106 891 1120 ‚
916 1079 1034 1123 ubique

292 1132 424 1166 iudicari
449 1138 479 1165 et
503 1132 627 1166 definiri
652 1132 777 1173 debere,
795 1143 832 1166 ac
855 1132 979 1166 irritum
1005 1137 1033 1167 et

292 1186 393 1228 inane,
412 1186 437 1219 si
458 1197 548 1220 secus
566 1197 660 1230 super
681 1186 729 1219 his
745 1197 763 1219 a
777 1197 947 1230 quoquam,
962 1197 1035 1231 qua-

293 1240 339 1273 vis
363 1240 566 1281 auctoritate,
591 1240 726 1274 scienter
760 1241 807 1274 vel
833 1241 1034 1284 ignoranter,

293 1293 462 1337 contigerit
485 1293 639 1327 attentari.

338 1348 353 1391 ἓ
377 1347 406 1380 9.
433 1347 471 1381 Ut
495 1353 598 1381 autem
625 1347 729 1381 onmia
754 1347 931 1391 praedicta,
956 1347 1035 1380 sicut

294 1410 388 1434 causa
412 1411 530 1444 urgens
553 1402 701 1445 postulat,
718 1401 886 1444 diligenter
911 1407 941 1434 et
964 1400 1037 1433 fide-

294 1453 366 1487 liter
375 1455 578 1498 exequutioni
588 1455 827 1495 demandentur,
840 1454 1036 1498 praedictum

296 1508 497 1553 Hippolytum
524 1509 716 1543 cardinalem
748 1509 968 1550 camerarium,
986 1519 1038 1541 cu-

295 1561 344 1595 ius
361 1562 522 1605 integritas
537 1569 630 1606 atque
644 1562 836 1606 experientia
851 1561 1035 1606 iampridem

294 1615 385 1648 nobis
398 1621 563 1659 perspecta
580 1620 634 1658 est,
653 1615 833 1659 generalem
851 1625 972 1648 annuae
990 1626 1038 1648 so-

295 1668 423 1702 lutionis
437 1670 617 1704 huiusmodi
631 1671 833 1704 collectorem
846 1670 877 1702 in
889 1670 1037 1702 universa
1054 1689 1056 1705 ι

296 1722 404 1764 Italia,
435 1734 505 1757 cum
539 1724 686 1757 omnibus
723 1730 752 1757 et
787 1724 1038 1768 quibuscumque

296 1776 492 1820 privilegiis,
518 1777 788 1811 iurisdictionibus
823 1788 859 1811 ac
895 1777 1036 1819 iuribus,

296 1839 376 1873 quae
400 1840 509 1863 omnes
533 1831 585 1863 alii
611 1831 742 1864 antehac
766 1830 949 1864 huiusmodi
974 1831 1038 1864 col-

297 1883 431 1918 lectores
448 1885 636 1927 habuerunt,
655 1886 827 1930 apostolica
843 1886 1038 1926 auctoritate,
1055 1883 1057 1891 ’

297 1941 405 1971 tenore
429 1938 662 1982 praesentium,
687 1939 907 1972 constituimus
932 1944 962 1972 et
985 1938 1039 1972 de-

295 1997 453 2036 putamus,
471 1993 562 2037 eique
586 1994 723 2037 plenam,
743 1993 877 2026 liberam
899 1999 928 2026 et
953 1993 1041 2027 abso-

296 2045 395 2079 lutam
420 2051 617 2090 potestatem‚
642 2047 821 2080 facultatem
850 2052 880 2080 et
903 2047 1040 2080 auctori-

298 2102 393 2132 tatem
405 2099 576 2134 tribuimus
585 2110 721 2133 annuam
736 2101 922 2134 solutionem
937 2100 1041 2133 huius-

298 2153 393 2195 modi,
412 2164 554 2187 camerae
570 2154 748 2198 praedictae
764 2154 902 2195 nomine,
924 2154 1041 2198 ubique

299 2207 500 2250 procurandi,
525 2208 703 2252 praedictos
723 2218 832 2241 omnes
847 2235 854 2249 ,
878 2212 941 2242 tam
967 2217 1040 2241 con-

299 2259 429 2294 iunctim
449 2271 543 2304 quam
565 2261 699 2304 divisim,
717 2261 756 2294 ad
780 2261 865 2295 illius
884 2261 1040 2304 integram

300 2313 499 2357 solutionem,
514 2320 548 2348 ut
566 2315 763 2359 praedictum
787 2320 843 2355 est,
857 2313 1041 2354 faciendam,
1058 2338 1060 2346 ⁴

301 2367 395 2400 etiam
418 2378 474 2411 per
498 2367 635 2401 edictum
659 2368 737 2402 locis
756 2367 892 2412 publicis
916 2367 1043 2410 affigen-

301 2420 386 2462 dum,
396 2421 545 2454 monendi
558 2426 588 2454 et
601 2420 794 2465 requirendi,
808 2431 872 2454 non
885 2425 1041 2465 parentes,

301 2474 481 2509 fraudantes
505 2480 535 2508 et
560 2480 682 2509 ceteros
707 2480 907 2509 contumaces
926 2474 959 2507 in
975 2484 1044 2507 cen-

303 2538 391 2562 suras
415 2534 445 2561 et
468 2538 585 2572 poenas
609 2527 764 2569 incidisse,
795 2529 917 2561 servata
940 2527 1042 2561 forma

298 2582 426 2625 concilii
445 2581 627 2624 Tridentini,
648 2581 837 2622 declarandi,
863 2580 1041 2625 proprieta-

303 2639 365 2675 tes,
390 2646 456 2676 res,
481 2636 600 2670 fructus
633 2641 661 2668 et
695 2635 754 2668 alia
785 2634 866 2669 bona
887 2634 1040 2678 ,ipsorum

1065 227 1122 252 vlu
1146 228 1193 252 1²1³.

1061 276 1155 309 ctiam
1169 286 1264 308 manu
1277 274 1365 317 regia
1383 271 1641 318 apprehendendi
1656 278 1686 305 et
1706 283 1804 315 usque,

1061 330 1100 362 ad
1132 329 1319 372 condignam
1351 327 1595 361 satisfactionem
1629 325 1800 367 retinendi,

1063 383 1312 416 contradictores
1339 387 1368 415 ct
1394 380 1643 425 perturbatores,
1663 380 1806 413 molesta-

1063 441 1148 469 tores
1166 442 1195 469 et
1219 436 1352 469 rebelles
1377 445 1603 479 quoscumque,
1621 434 1728 478 eisque
1751 445 1806 466 au-

1065 489 1184 531 xilium,
1203 489 1369 522 consilium
1388 489 1436 521 vel
1462 488 1599 521 favorem
1617 488 1741 532 publice
1759 487 1804 519 vel

1064 543 1184 576 occulte
1198 543 1308 587 quovis
1325 542 1466 585 quaesito
1481 542 1587 575 colore
1601 546 1806 585 praestantes,

1064 597 1290 640 cuiuscumque
1317 596 1486 639 dignitatis,
1512 596 1628 638 gradus
1645 600 1675 628 et
1689 595 1807 629 ordinis

1065 651 1190 692 fuerint,
1209 650 1378 695 praedictis
1396 655 1425 683 et
1445 650 1513 682 aliis
1529 650 1669 682 censuris
1687 654 1716 682 ct
1732 659 1806 693 poe-

1065 704 1113 737 nis
1137 704 1367 744 ecclesiasticis,
1394 713 1516 736 necnon
1541 702 1740 746 pecuniariis,
1761 712 1807 735 ce-

1065 758 1203 801 terisque
1228 758 1306 790 iuris
1337 762 1366 790 et
1394 757 1464 790 facti
1494 756 1642 789 remediis
1670 756 1807 800 compel-

1066 811 1159 853 lendi,
1185 812 1316 855 illasque
1342 811 1435 843 etiam
1460 810 1578 844 iteratis
1608 809 1729 842 vicibus
1754 819 1808 851 ag-

1066 864 1228 907 gravandi,
1241 864 1458 907 dignitatibus,
1471 863 1633 896 beneficiis
1651 868 1680 895 et
1698 861 1808 895 officiis

1066 918 1214 951 omnibus
1252 917 1395 961 privandi
1435 922 1464 949 et
1502 916 1667 949 amovendi
1706 920 1735 948 et
1772 915 1809 947 ad

1066 970 1172 1004 futura
1197 970 1351 1003 inhabiles
1376 969 1519 1008 faciendi,
1537 969 1737 1003 interdictum
1763 979 1810 1001 ec-

1068 1024 1278 1057 clesiasticum
1296 1022 1486 1067 apponendi,
1504 1023 1716 1066 auxiliumque
1741 1022 1811 1055 bra-

1068 1077 1130 1110 chii
1151 1077 1312 1117 secularis,
1325 1076 1587 1121 quandocumque
1606 1086 1687 1119 opus
1707 1075 1810 1111 fuerit,

1068 1131 1243 1171 invocandi,
1268 1131 1306 1164 ad
1321 1131 1485 1164 sanitatem
1502 1140 1576 1163 vero
1590 1139 1743 1172 reversos,
1758 1129 1811 1172 qui

1068 1184 1171 1217 debite
1196 1184 1412 1224 satisfecerint,
1433 1185 1471 1217 ab
1498 1183 1644 1217 omnibus
1669 1183 1811 1216 censuris

1069 1243 1098 1272 et
1122 1238 1232 1282 poenis
1256 1237 1443 1282 supradictis
1466 1238 1497 1270 in
1523 1238 1622 1270 fornia
1655 1236 1810 1269 Ecclesiae

1069 1293 1219 1326 consueta
1244 1291 1436 1331 absolvendi,
1457 1301 1553 1334 super
1578 1290 1811 1333 irregularitate

1070 1346 1177 1380 forsan
1190 1345 1316 1378 incursa
1330 1344 1531 1388 dispensandi
1545 1349 1574 1377 et
1588 1343 1625 1376 ad
1643 1343 1810 1388 pristinum

1070 1403 1185 1433 statum
1210 1399 1339 1432 omniuo
1364 1398 1568 1437 restituendi,

1115 1454 1129 1497 ἓ
1153 1453 1204 1486 Ἠ).
1231 1453 1397 1486 Praeterea
1421 1453 1607 1486 collectores
1632 1457 1662 1484 et
1687 1451 1812 1484 subcol-

1071 1507 1204 1540 lectores
1235 1507 1295 1539 side
1328 1511 1357 1539 et
1389 1506 1589 1549 qualitatibus
1621 1505 1751 1538 idoneos
1783 1505 1812 1536 in

1071 1560 1220 1593 omnibus
1245 1559 1439 1596 civitatibus.
1466 1559 1557 1592 terris
1582 1564 1612 1592 et
1642 1557 1813 1603 provinciis

1072 1614 1176 1647 ltaliae
1200 1613 1389 1658 praedictae,
1411 1619 1565 1657 quotquot
1586 1613 1697 1646 viderit
1723 1623 1813 1656 expe-

1071 1667 1149 1709 dire,
1171 1678 1243 1700 cum
1272 1667 1367 1700 simili
1396 1667 1444 1699 vel
1466 1666 1609 1708 limitata,
1627 1676 1690 1700 non
1710 1671 1813 1698 tamen

1072 1721 1265 1762 absolvendi,
1284 1725 1448 1764 potestate,
1472 1720 1652 1764 deputandi,
1677 1730 1814 1763 eumque

1072 1775 1119 1808 vel
1145 1785 1199 1808 eos
1224 1775 1355 1808 arbitrio
1376 1785 1431 1807 suo
1452 1774 1631 1816 revocandi,
1657 1773 1816 1816 negligen-

1073 1836 1118 1863 tes
1143 1835 1171 1863 et
1197 1840 1342 1863 morosos
1367 1828 1561 1869 removendi,
1578 1839 1614 1861 ac
1637 1828 1734 1860 alium
1761 1837 1814 1860 seu

1073 1884 1150 1917 alios
1174 1882 1377 1926 subrogandi,
1403 1882 1665 1926 quotiescumque
1686 1881 1713 1914 ei
1735 1880 1816 1913 vide-

1073 1937 1167 1978 bitur,
1183 1937 1215 1970 in
1228 1937 1445 1980 delinquentes
1463 1941 1492 1968 et
1509 1940 1681 1979 suspectOS,
1699 1945 1756 1978 per
1772 1945 1814 1975 se,

1074 1991 1121 2024 vel
1146 1991 1252 2031 alium,
1278 2001 1334 2024 seu
1358 1990 1446 2030 alios,
1467 1989 1561 2022 etiam
1587 1988 1771 2032 simpliciter
1788 1992 1816 2021 et

1074 2043 1112 2077 de
1135 2044 1239 2088 plano,
1257 2054 1293 2077 ac
1310 2044 1376 2077 sine
1397 2043 1529 2087 strepitu
1553 2046 1583 2076 et
1606 2042 1710 2085 figura
1736 2041 1817 2074 iudi-

1075 2097 1124 2138 cii,
1139 2097 1329 2141 inquirendi,
1347 2102 1377 2129 et
1394 2096 1513 2129 meritis
1527 2096 1636 2140 poenis
1655 2094 1816 2139 puniendi,

1076 2151 1186 2184 modos
1210 2156 1241 2184 et
1264 2151 1381 2184 formas
1399 2151 1429 2182 in
1454 2149 1623 2194 praedictis
1648 2147 1817 2182 servandos

1076 2204 1322 2248 praescribendi,
1335 2203 1432 2236 dubia
1449 2212 1667 2247 quaecumque
1684 2202 1715 2234 in
1732 2211 1818 2245 prae-

1076 2258 1178 2290 missis
1194 2258 1273 2291 sorte
1290 2257 1411 2291 oritura
1429 2256 1620 2297 declarandi,
1639 2267 1674 2289 ac
1687 2266 1818 2300 prorsus

1076 2311 1181 2345 omnia
1203 2317 1233 2344 et
1249 2321 1468 2355 quaecumque
1485 2311 1570 2344 cirea
1590 2320 1625 2343 ea
1642 2309 1818 2342 necessaria

1076 2370 1106 2398 et
1130 2368 1308 2408 opportuna
1332 2364 1485 2406 faciendi,
1511 2363 1666 2396 statuendi
1695 2368 1724 2396 et
1749 2373 1819 2395 exe·

1077 2418 1204 2462 quendi,
1230 2417 1352 2451 etiamsi
1378 2418 1449 2450 talia
1467 2418 1578 2455 forent,
1596 2426 1675 2460 quae
1695 2415 1819 2448 manda-

1077 2477 1141 2504 tum
1160 2470 1319 2514 exigerent
1335 2471 1435 2514 inagis
1452 2470 1599 2514 speciale,
1617 2479 1710 2512 quam
1731 2479 1820 2512 prae-

1076 2525 1215 2558 sentibus
1237 2529 1283 2557 est
1301 2534 1498 2568 expressum.
1741 2531 1745 2534 ·

1120 2580 1135 2622 ξ
1159 2578 1210 2611 Η.
1236 2579 1304 2612 Non
1329 2578 1525 2612 obstantibus
1553 2577 1621 2620 piae
1647 2576 1841 2627 memoriael

1075 2633 1224 2667 Bonifacii
1240 2633 1340 2676 Papae
1358 2631 1422 2665 Vlll
1445 2631 1539 2664 etiam
1564 2630 1817 2675 praedecessoris

1704 213 1763 248 38¹1
1814 225 1863 252 An.
1885 223 1913 250 c.
1936 223 2003 251 163i

1855 1461 1911 1481 Alias
1927 1459 2012 1480 faculta-

1829 1489 1859 1507 tes
1879 1487 1929 1507 dicti
1949 1486 2012 1506 colle-

1828 1514 1892 1535 ctoris
1908 1513 2005 1538 explicat.

1863 2581 1953 2611 Dei-egat
1969 2585 2020 2601 σου

1845 2613 1911 2628 rarus.
