2248 3229
232 201 281 228 An.
297 200 327 229 c.
346 201 410 230 1631
459 192 522 227 208

261 1112 371 1133 Decretum
391 1118 417 1133 ir—

234 1141 306 1160 ulans.

304 1539 417 1569 Dsrogatio

235 1568 395 1587 contrariorum.

430 249 526 283 causa
548 249 619 283 latis
633 276 641 291 ‚
665 251 690 283 si
722 250 835 294 quibus
869 249 1105 293 quomodolibet
1128 249 1172 283 in-

432 303 563 337 nodatae
581 303 725 342 existunt,
740 301 778 334 ad
794 301 939 335 effectum
956 302 1170 345 praesentium

431 356 592 389 dumtaxat
626 355 881 398 consequendum
900 382 907 395 ,
940 355 1054 388 harum
1089 356 1170 389 serie

431 409 627 442 absolventes
652 413 682 441 et
706 408 865 442 absolutas
900 408 967 442 fore
997 415 1170 450 censentes,

432 468 518 496 motu
537 461 677 506 proprio,
695 464 725 495 et
744 471 781 494 ex
806 463 892 494 certa
909 462 1037 495 scientia
1056 473 1092 495 ac
1108 473 1171 495 ma-

432 516 501 548 tura
525 514 750 547 deliberatione
774 514 908 555 nostris,
933 515 1172 548 constitutiones

432 573 462 600 et
484 571 597 600 statuta
617 566 813 611 praeinserta
836 567 1027 610 huiusmodi,
1045 573 1172 612 aposto-

432 620 491 653 lica
516 620 710 661 auctoritate,
727 625 836 653 tenore
859 621 1082 664 praesentium,
1099 632 1171 666 per-

432 679 527 717 petuo
551 674 776 718 approbamus,
793 674 1029 716 confirmamus,
1047 675 1172 719 illisque

431 726 620 760 inviolabilis
657 727 847 770 apostolicae
881 727 1038 761 firmitatis
1074 727 1173 761 robur

431 779 605 820 adiieimuS,
623 791 658 813 ac
684 790 792 814 omnes
817 785 847 813 et
866 780 1018 824 singulos,
1043 786 1105 813 tam
1130 782 1173 814 iu-

432 833 475 866 ris
504 844 599 878 quam
623 833 706 875 sacti,
730 844 765 867 ac
791 834 1023 867 solemnitatum
1047 835 1174 868 omissa-

432 897 513 928 rum,
534 892 564 920 et
588 887 714 930 quosvis
738 887 825 929 alios,
850 887 944 920 etiam
973 887 1174 931 quantumvis

433 940 666 982 substantiales,¹
682 940 831 981 defectus,
845 940 870 973 si
885 940 937 984 qui
951 940 1086 985 desuper
1099 951 1174 985 quo-

434 994 608 1028 modolibet
632 994 867 1036 intervenerint,
892 999 944 1026 aut
968 993 1174 1027 intervenisse

433 1048 494 1081 dici
515 1052 654 1092 possent,
672 1048 863 1091 supplemus.

477 1102 493 1145 g
511 1100 771 1137 3.⁷Decernentes
792 1101 844 1133 illa
868 1101 898 1133 in
919 1101 1088 1145 praedictis
1105 1111 1175 1134 con-

433 1155 672 1198 gregationibus
688 1155 727 1187 ab
751 1154 899 1187 omnibus
923 1160 953 1187 et
977 1154 1119 1197 singulis,
1136 1155 1175 1188 ad

433 1218 513 1251 quos
535 1212 653 1251 spectat
678 1213 707 1240 et
731 1207 762 1239 in
787 1208 928 1240 futurum
953 1206 1115 1251 spectabit,
1133 1207 1176 1240 in-

435 1260 622 1294 violabiliter
638 1260 800 1294 observari
818 1266 848 1293 et
864 1260 1029 1304 adimpleri
1047 1260 1175 1294 omnino

433 1314 560 1355 debere,
590 1314 781 1358 irritumque
803 1314 1008 1347 nihilominus
1028 1319 1059 1347 et
1082 1314 1175 1347 inane

433 1368 586 1413 quidquid
602 1378 692 1401 secus
709 1378 807 1412 super
820 1368 869 1400 his
886 1378 902 1400 a
920 1377 1090 1411 quoquam,
1102 1378 1176 1411 qua-

433 1420 478 1454 vis
509 1420 716 1461 auctoritate,
742 1420 878 1454 scienter
909 1420 957 1453 vel
982 1420 1175 1463 ignoranter,

433 1474 602 1518 contigerit
617 1474 772 1508 attentari.

478 1529 494 1573 ἓ
517 1528 546 1562 4.
571 1529 640 1562 Non
673 1527 870 1562 obstantibus
902 1527 1177 1562 constitutionibus

434 1587 465 1616 et
481 1581 733 1616 ordinationibus
747 1581 937 1625 apostolicis,
955 1591 1000 1623 ac,
1021 1586 1175 1625 quatenus

434 1646 514 1681 opus
539 1636 588 1676 sit,
612 1634 738 1669 Ordinis
762 1640 792 1668 et
815 1634 1102 1677 Congregationum
1122 1635 1177 1667 bu-

434 1689 580 1732 iusmodi,
606 1689 700 1722 etiam
724 1688 912 1729 iuramento,
937 1688 1176 1722 confirmatione

434 1743 616 1788 apostolica,
636 1742 685 1776 vel
709 1742 818 1786 quavis
841 1741 991 1776 firmitate
1008 1741 1068 1774 alia
1086 1741 1177 1775 robo-

435 1797 521 1837 ratis,
545 1796 667 1830 statutis
692 1799 721 1829 et
745 1794 1033 1835 consuetudinibus,
1053 1794 1177 1838 privile-

436 1850 495 1893 giis
508 1859 644 1893 quoque,
659 1847 787 1881 indultis
813 1851 842 1882 et
858 1847 969 1881 litteris
986 1847 1176 1891 apostolicis,

435 1902 467 1936 in
496 1901 692 1936 eontrarium
723 1901 969 1945 praemissorum
1002 1900 1176 1944 quomodo-

436 1955 511 1990 libet
535 1955 708 1997 concessis,
739 1954 932 1987 confirmatis
958 1958 987 1986 et
1010 1953 1175 1986 innovatis.

436 2008 556 2049 Quibus
580 2008 726 2042 omnibus
750 2012 781 2040 et
806 2007 948 2050 singulis,
973 2017 1083 2040 eorum
1108 2016 1176 2040 om-

436 2063 522 2096 nium
546 2066 672 2095 tenores
696 2061 924 2105 praesentibus,
949 2070 1007 2104 pro
1031 2060 1123 2104 plene
1147 2064 1177 2092 et

438 2116 629 2150 sufficienter
654 2114 810 2159 expressis
834 2114 997 2154 habentes,
1015 2113 1077 2146 illis
1101 2113 1177 2146 alias

438 2170 470 2203 in
487 2180 543 2203 suo
559 2168 675 2202 robore
690 2168 915 2212 permansuris,
933 2168 991 2201 hac
1008 2168 1074 2201 vice
1092 2167 1179 2200 dum-

438 2227 522 2256 taxat
545 2221 723 2267 specialiter
751 2226 781 2254 et
806 2231 952 2265 expresse
977 2220 1176 2264 derogamus

439 2276 614 2320 ceterisque
639 2275 805 2309 contrariis
826 2274 1088 2319 quibuscumque.

482 2329 595 2363 Datum
619 2330 757 2370 Romae,
782 2329 866 2373 apud
891 2328 920 2362 S.
946 2328 1073 2362 Petrum
1088 2355 1095 2369 ‚
1120 2327 1178 2361 sub

439 2383 554 2418 annulo
570 2382 749 2423 Piscatoris,
759 2382 809 2415 die
829 2391 885 2416 xxi
906 2382 1010 2415 martii
1027 2390 1179 2422 nncxxm,

440 2436 639 2481 pontificatus
650 2436 751 2469 nostri
765 2446 847 2469 anno
865 2445 929 2469 vm.

476 2500 533 2528 Dat.
552 2499 595 2528 die
608 2499 638 2526 21
658 2497 748 2526 martii
767 2497 845 2532 1631,
861 2498 956 2533 pontif.
972 2506 1043 2527 anno
1060 2504 1113 2527 v111.

983 202 1164 228 BULLARIUM
1186 203 1341 229 ROMANUM

1502 251 1639 288 CCCXCI.

1203 322 1398 366 Proroqatz'o
1437 322 1663 367 indutqentiae
1698 325 1870 368 plenariae
1908 326 1940 358 in

1247 375 1354 417 forma
1378 375 1527 417 iubssaei,
1546 375 1583 409 de
1606 387 1673 420 qua
1696 387 1798 421 supra
1822 378 1944 412 Consti-

1251 428 1336 461 tione
1360 438 1503 470 ccccxvn
1531 429 1573 462 ad
1596 429 1680 462 alios
1704 429 1783 462 duos
1807 441 1940 470 menseS,

1248 480 1370 514 scilicet
1396 482 1516 526 aprilis
1533 486 1562 515 et
1584 483 1668 515 maii
1691 492 1843 523 tiberim,
1870 493 1945 517 cum

1250 533 1391 574 indulto,
1413 538 1460 575 ut,
1480 535 1539 577 qui
1555 534 1677 568 dictam
1700 534 1944 578 indulyenliam

1249 587 1439 630 consequuti
1454 587 1524 620 iam
1535 591 1622 628 sunl,
1638 588 1736 620 illam
1749 587 1853 621 denuo
1873 598 1945 621 con-

1249 639 1341 682 sequi
1364 639 1515 680 valeant,
1542 644 1571 673 et
1596 640 1737 681 decreto,
1764 644 1823 681 ut,
1850 640 1946 674 dictis

1249 691 1373 725 duobus
1390 692 1553 725 mensibus
1572 692 1702 736 elapsis
1721 693 1947 737 indulqerttiae

1251 745 1442 778 huiusmodi
1452 756 1511 789 per
1527 745 1581 779 SS.
1606 746 1644 779 D.
1669 745 1709 778 N.
1727 756 1889 780 concessae
1905 746 1947 779 nd

1250 801 1372 830 certum
1397 802 1521 841 tempus
1537 808 1570 831 eo
1590 799 1659 842 ipso
1683 799 1842 843 expirent.

1413 878 1549 905 urbanus
1565 878 1645 912 Papa
1664 878 1742 909 vm,

1327 924 1363 950 ad
1382 925 1558 957 perpetuam
1577 923 1622 950 rei
1642 922 1822 951 memoriam.

1251 995 1334 1028 Alias
1353 1006 1370 1028 a
1395 994 1485 1028 nobis
1509 999 1696 1028 emanarunt
1719 994 1841 1029 litterae
1865 1000 1948 1029 teno-
1988 1007 2093 1029 Recenset
2111 1013 2144 1029 01-

1208 1048 1252 1082 ris
1277 1048 1511 1092 subsequentis,
1535 1048 1697 1089 videlicet,
1722 1048 1844 1082 dilectis
1874 1048 1948 1082 filiis
1961 1035 2068 1083 l33{}?⁰⁸
2093 1034 2146 1056 ω’

1208 1102 1293 1135 clero
1318 1106 1348 1134 et
1370 1102 1490 1146 populo
1515 1102 1656 1135 Romano
1681 1100 1875 1145 (Omittitar
1898 1112 1947 1136 re-

1207 1155 1340 1188 siduum
1358 1155 1458 1188 liuius
1476 1155 1734 1196 Constituamus,
1754 1155 1834 1199 quia
1852 1155 1948 1188 habes

1207 1219 1308 1252 supra
1330 1219 1407 1252 paq.
1436 1207 1525 1251 148).

1254 1262 1269 1305 ξ,
1281 1261 1310 1294 1.
1325 1262 1362 1294 Et
1375 1261 1520 1302 subinde,
1532 1262 1705 1296 multorum
1719 1262 1947 1295 venerabilium

1208 1316 1343 1348 fratrum
1374 1316 1686 1360 archiepiscoporum
1718 1321 1749 1349 et
1777 1316 1947 1360 episcopo·

1209 1379 1291 1409 rum,
1304 1378 1429 1402 necnon
1443 1368 1631 1402 dilectorum
1644 1368 1783 1402 filiorum
1797 1369 1950 1403 nobilium

1209 1421 1363 1463 virorum,
1388 1421 1526 1464 ducum,
1550 1422 1732 1466 principum
1763 1427 1793 1455 et
1816 1421 1951 1455 aliorum

1210 1480 1394 1518 magnatum
1420 1475 1451 1508 in
1469 1475 1556 1509 Italia
1572 1481 1602 1509 et
1621 1475 1730 1509 insulis
1747 1475 1792 1508 illi
1811 1475 1952 1510 adiacen-

1209 1527 1293 1561 tibus
1318 1528 1536 1562 existentium¹
1550 1527 1838 1575 supplicationibus
1860 1528 1951 1562 nobis

1210 1591 1306 1624 super
1331 1581 1392 1614 hoc
1416 1581 1579 1614 humiliter
1613 1581 1768 1625 porrectis
1790 1581 1951 1622 inclinati,

1209 1634 1422 1678 praeinsertas
1450 1633 1570 1666 litteras
1592 1639 1716 1667 nostras
1741 1633 1951 1668 concessionis

1209 1686 1488 1730 indulgentiarum,
1506 1697 1542 1720 ac
1561 1686 1715 1721 facultatis
1728 1686 1865 1730 eligendi
1881 1697 1951 1721 con-

1209 1739 1397 1782 fessarium,
1422 1750 1495 1774 cum
1526 1739 1672 1773 omnibus
1703 1744 1733 1773 et
1764 1739 1896 1783 singulis
1919 1739 1951 1773 in

1210 1793 1254 1826 eis
1275 1792 1429 1826 contentis
1443 1792 1581 1833 indultis,
1598 1793 1745 1826 clausulis
1763 1797 1793 1826 et
1805 1792 1951 1835 decretis,

1210 1846 1248 1879 ad
1272 1845 1436 1879 universos
1459 1846 1623 1890 utriusque
1653 1856 1743 1879 sexus
1767 1845 1952 1880 christifide-

1209 1900 1264 1940 les,
1285 1900 1442 1932 seculares
1460 1903 1490 1933 et
1508 1899 1679 1943 regulares,
1705 1903 1778 1934 tunc
1798 1900 1951 1943 temporis

1210 1953 1240 1986 in
1265 1952 1353 1986 Italia
1377 1957 1408 1986 et
1430 1952 1541 1986 insulis
1569 1951 1738 1997 praedictis
1767 1952 1949 1996 existentes,

1210 2016 1332 2040 necnon
1352 2006 1499 2039 ecclesias
1530 2016 1588 2050 per
1604 2005 1787 2039 Ordinarios
1807 2006 1950 2040 locorum

1210 2069 1266 2092 seu
1296 2069 1354 2103 per
1383 2058 1461 2103 alios
1491 2058 1530 2091 de
1554 2068 1665 2092 eorum
1698 2058 1845 2092 mandato
1869 2058 1951 2093 desi-

1210 2112 1359 2156 gnandas,
1380 2116 1410 2144 et
1435 2111 1641 2144 confessarios
1666 2110 1704 2145 ab
1729 2110 1840 2144 iisdem
1865 2110 1952 2146 Ordi-

1210 2166 1290 2199 narii
1314 2164 1514 2209 approbatos,
1530 2174 1585 2197 seu
1604 2164 1835 2208 approbandos,
1851 2165 1952 2209 spatio

1211 2220 1306 2252 trium
1335 2218 1478 2252 similiter
1514 2218 1669 2251 mensium
1701 2228 1717 2251 a
1745 2218 1795 2251 die
1818 2218 1948 2262 pubbli-

1211 2272 1342 2307 cationis
1365 2272 1540 2306 litterarum
1567 2271 1702 2316 desuper
1735 2271 1950 2316 expeditarum

1211 2325 1460 2360 inchoandorum
1499 2325 1652 2368 durante,
1684 2326 1856 2370 apostolica
1889 2336 1948 2360 auu

1213 2379 1356 2415 ctoritate
1380 2378 1591 2420 extendimus,
1615 2379 1848 2424 praedictisque
1871 2378 1951 2412 chri-

1213 2433 1420 2475 stifidelibus,
1445 2442 1568 2467 necnon
1592 2433 1731 2467 ecclesiis
1762 2437 1793 2467 et
1824 2432 1948 2466 conses-

1214 2487 1315 2528 sariis,
1340 2486 1568 2530 concessiones,
1594 2486 1756 2520 facultates
1780 2490 1811 2519 et
1833 2485 1953 2520 indulta

1213 2539 1373 2585 praedicta
1397 2550 1469 2573 cum
1487 2539 1635 2574 clausulis
1651 2545 1682 2574 et
1696 2539 1830 2574 decretis
1845 2539 1952 2573 huius-

1250 2604 1262 2631 1
1280 2602 1346 2632 Male
1361 2602 1425 2632 edit.
1441 2602 1525 2632 Main.
1540 2602 1607 2639 legit
1621 2601 1805 2632 existentibus
1821 2602 1859 2639 (n.
1875 2602 1923 2637 τ.).

1950 205 2004 232 An.
2021 204 2049 232 C.
2066 204 2132 234 163¹
