2226 3235
91 229 141 256 An.
161 228 191 255 C.
208 227 275 255 1628

134 713 175 738 Et.
204 715 279 740 quate-

94 746 132 761 nns
155 747 279 766 promissam

95 770 162 788 ratam
179 768 219 787 iam
234 773 279 793 per·

94 795 209 817 sotvei-int,
225 794 279 814 dan-

95 823 134 845 tes,
143 821 279 846 recipient-›s-

95 853 136 873 que
154 854 166 867 a
185 849 279 868 censuris

95 874 198 894 absolvat.

151 1296 178 1318 Et
199 1298 283 1323 pensio-

100 1329 170 1344 narios
198 1330 283 1350 quoque

99 1350 272 1377 comprehendat.

906 228 1048 253 cnssxxus
1069 228 1125 251 vni
1146 228 1193 251 PP.
1758 216 1778 249 5

291 286 354 317 eos,
371 282 405 309 ut
424 276 610 320 praefertur,
637 276 775 309 oblatam
796 282 825 310 et
841 277 1028 321 promissam

290 331 492 374 persolvere,
523 341 558 363 ae
590 331 692 364 dictus
722 331 886 375 Philippus
917 342 971 363 rex
1001 335 1031 363 et

291 383 358 416 eius
376 383 521 424 ministri,
539 384 703 427 dictusque
721 384 905 417 Franciseus
922 384 984 416 dux
1002 388 1032 415 et

291 446 424 479 prorex,
450 447 519 469 eam
545 441 651 479 petere
677 442 705 469 et
730 437 888 480 recipere,
913 437 1032 479 absque

292 489 502 522 conscientiae
523 490 683 533 scrupulo,
709 501 763 523 seu
781 500 985 523 censurarum
1003 494 1031 521 et

292 552 465 585 poenarum
484 542 715 586 praedictarum
735 544 873 583 incursu,
887 543 986 574 libere
1004 546 1033 573 et

293 595 377 627 licite
403 596 533 636 valeant,
551 597 736 629 auctoritate
753 598 862 629 nostrai
879 594 1033 628 concedas

294 653 324 681 et
349 648 522 691 indulgeas.

339 701 353 744 ἓ
378 701 407 733 4.
434 701 582 745 Ipsosque
608 702 875 745 archiepiscopos,
904 700 1030 744 episco-

294 764 351 797 pos
377 759 407 786 et
430 755 708 787 archimamlritam
728 766 763 787 ae
784 755 859 787 alias
884 764 1034 798 personas

295 807 522 840 ecclesiasticas
540 814 569 840 et
586 818 693 841 earum
713 808 860 850 singulas,
882 812 1035 850 quatenus

295 860 355 904 ipsi
370 861 485 894 dictam
501 867 598 894 ratam
615 862 675 893 iam
690 861 895 905 promiserint.
911 866 964 893 aut
979 861 1036 893 sol—

295 914 407 955 verint,
421 925 542 948 necnon
561 915 705 947 eumdem
721 915 898 958 Philippum
917 925 1035 957 regem,

296 967 425 1011 eiusque
451 968 622 1007 ministros,
639 978 675 1000 30
696 968 898 1000 Franciseuin
924 967 1035 1000 ducem

296 1026 326 1053 et
342 1031 510 1064 proregem
530 1021 718 1064 praedictos,
733 1021 758 1053 si
777 1021 919 1053 eamdem
937 1026 1035 1053 ratam

296 1073 358 1105 iam
382 1073 592 1116 perceperint,
618 1074 658 1106 ab
683 1074 832 1107 omnibus
850 1079 880 1106 et
905 1074 1036 1116 singulis

297 1121 439 1160 censuris
449 1127 785 1170 0111001115,[1101110103
800 1127 1037 1170 quomodolibet

297 1180 450 1221 incursis,
476 1180 584 1214 eadem
619 1180 805 1213 auctoritate
837 1181 980 1213 absolvas
1008 1186 1037 1213 et

297 1233 458 1267 absolutos
482 1235 565 1267 sores
589 1244 718 1266 censeas
743 1239 773 1266 et
797 1234 947 1267 declares.

343 1288 358 1330 ἓ
382 1288 410 1320 5.
436 1288 482 1327 Et,
501 1287 585 1331 quod
602 1298 712 1321 omnes
730 1294 759 1320 et
779 1288 893 1330 singuli
914 1288 1038 1331 pensio-

298 1341 390 1381 narii,
406 1352 461 1374 seu
478 1342 509 1381 ii,
527 1342 652 1385 quibus,
670 1342 740 1374 loco
759 1342 959 1385 pensionum,
977 1342 1039 1374 sru-

300 1399 386 1435 ctus,
410 1394 441 1426 in
466 1399 565 1427 totum
597 1395 644 1427 vel
669 1395 700 1426 in
724 1400 864 1437 partem,
889 1394 1039 1427 reservati

301 1447 444 1487 existunt,
469 1448 696 1490 cuiuscumque
720 1447 880 1490 dignitatis
897 1448 944 1480 vel
965 1457 1039 1480 con-

301 1499 427 1533 ditionis
452 1500 522 1540 sint,
539 1501 677 1543 exeeptis
702 1506 805 1533 tamen
823 1501 851 1533 S.
866 1501 900 1533 R.
919 1501 951 1533 E.
970 1511 1039 1533 ear-

300 1552 466 1596 dinalibus,
483 1553 522 1585 ad
538 1553 717 1585 huiusmodi
741 1558 826 1585 ratae
850 1553 1039 1586 solutionem

300 1604 331 1637 in
356 1605 502 1638 omnibus
527 1611 557 1638 et
579 1616 635 1649 per
660 1606 777 1646 onmia,
802 1606 934 1650 perinde
959 1616 994 1639 ae
1015 1606 1039 1638 si

300 1659 486 1692 nominatim
517 1665 618 1693 ratam
651 1660 794 1693 eamdem
823 1670 856 1693 se
881 1660 1041 1692 soluturos

300 1712 486 1746 obtulissent
499 1713 659 1756 (clausulis
677 1718 706 1746 et
723 1713 858 1747 decretis
875 1713 907 1746 in
928 1713 1041 1746 litteris

301 1767 483 1810 apostolicis
514 1767 764 1800 reservationum
797 1767 985 1810 pensionum
1011 1772 1041 1799 et

300 1818 459 1852 fructuum
484 1820 674 1862 huiusmodi,
700 1819 793 1852 etiam
819 1819 1042 1853 consistoriali-

301 1876 349 1904 ter
365 1873 527 1916 appositis,
545 1878 574 1905 et
598 1873 682 1916 quod
699 1873 798 1906 dictae
818 1873 985 1916 pensiones
1003 1873 1041 1906 ab

301 1925 385 1958 omni
400 1925 530 1967 decima,
548 1926 689 1959 subsidio
706 1926 901 1968 charitativo,
920 1931 950 1959 et
967 1937 1042 1970 quo-

301 1978 347 2011 vis
371 1979 432 2012 alio
461 1989 557 2012 onere
588 1984 651 2012 tam
682 1979 842 2012 ordinario
873 1990 968 2023 quam
994 1990 1043 2012 ex-

302 2032 522 2075 traordinario,
538 2033 646 2076 quavis
663 2033 859 2074 auctoritate,
877 2033 969 2066 etiam
984 2044 1042 2077 pro

302 2086 500 2129 expeditione
521 2091 583 2119 tam
603 2086 754 2120 ostensiva
771 2097 865 2130 quam
884 2086 1043 2119 defensiva

303 2145 413 2173 contra
442 2146 548 2174 turcas
580 2145 610 2173 et
638 2141 715 2174 alios
748 2140 890 2174 infideles
919 2151 955 2173 ac
985 2141 1043 2173 rei—

302 2193 447 2236 publicae
471 2193 660 2227 christianae
684 2193 825 2236 hostes,¹
851 2194 889 2226 ab
916 2194 1042 2227 illorum

304 2246 467 2279 conatibus
502 2246 700 2287 defensione,
725 2257 781 2279 seu
809 2247 1042 2290 inexcogitabili

304 2301 408 2341 causa,
434 2310 451 2332 a
476 2300 616 2333 Romano
642 2300 792 2333 Pontifice
817 2311 876 2344 pro
902 2305 1043 2344 tempore

305 2352 473 2393 existente,
498 2353 591 2386 etiam
615 2353 654 2386 ad
678 2353 895 2396 imperatoris,
920 2364 1043 2397 regum,

305 2405 422 2439 dueum
440 2411 470 2439 et
486 2407 620 2440 aliorum
640 2407 829 2449 instantiam,
852 2407 1044 2450 illorumque

307 2459 602 2503 contemplationem
619 2465 649 2492 et
665 2460 824 2500 intuitum,
845 2460 939 2493 etiam
957 2463 1045 2493 motu

306 2513 440 2557 proprio
457 2517 487 2545 et
507 2523 545 2546 ex
569 2513 655 2546 certa
680 2513 819 2554 scientia,
844 2513 999 2557 impositis
1016 2517 1046 2546 et

344 2585 355 2611 1
377 2584 483 2621 Aliquid
503 2584 598 2612 deesse
617 2584 736 2620 videtur,
757 2593 799 2612 ex.
819 2592 846 2620 g.
871 2587 921 2613 aut
946 2585 1044 2619 illius,

308 2637 407 2665 nempe
418 2629 533 2665 reipubl.
546 2629 718 2666 christianae,
728 2629 762 2658 ab
773 2629 881 2659 illorum
890 2633 942 2658 etc.
953 2629 1044 2666 (nm).

1064 275 1273 320 imponendis,
1291 279 1345 308 aut
1364 274 1439 307 alias
1453 273 1734 318 qualitercumque,
1757 284 1807 306 ex-

1065 335 1187 373 emptae
1211 330 1288 370 sint,
1307 339 1505 373 nequaquam
1529 328 1748 371 obstantibus),
1767 331 1808 361 te-

1066 388 1199 414 neantur
1213 387 1240 414 01
1258 382 1426 415 efficaciter
1440 381 1580 414 obstricti
1595 381 1669 419 sint:
1684 380 1807 424 ipsique

1067 435 1307 478 archiepiscopi,
1333 434 1472 478 episcopi
1498 440 1525 466 et
1551 433 1808 473 archimandrita,

1068 493 1097 520 et
1114 488 1192 519 aliae
1213 498 1376 531 personae,
1401 498 1535 531 quarum
1563 486 1725 526 ecclesiae,
1747 496 1810 518 mo-

1068 541 1205 573 nasteria
1224 544 1253 574 et
1275 541 1335 572 alia
1360 540 1513 573 beneficia
1531 539 1741 573 ecclesiastica
1760 549 1810 571 an-

1068 593 1138 626 nuis
1167 593 1390 637 pensionibus,
1423 593 1610 626 auctoritate
1640 593 1810 636 apostoliea

1069 646 1245 689 assignatis,
1271 652 1398 689 gravata
1416 652 1445 678 et
1463 653 1591 679 onerata
1617 646 1686 687 sint,
1709 650 1808 678 ratam

1070 699 1346 742 pensionariorum
1372 710 1512 741 suorum,
1532 710 1585 731 seu
1611 710 1720 731 eorum
1746 700 1811 742 qui-

1070 753 1127 785 bus
1145 753 1265 785 fructus
1283 753 1461 785 huiusmodi
1481 758 1553 785 sunt
1574 752 1734 791 reservati,
1749 753 1810 785 sol-

1072 817 1154 846 vere,
1172 812 1201 839 et
1219 806 1306 846 illud,
1324 806 1407 849 qnod
1426 818 1484 850 pro
1503 807 1576 850 ipsis
1593 805 1811 849 pensi'onariis‚

1071 870 1126 892 seu
1155 860 1192 892 iis
1222 860 1337 903 quibus
1368 861 1488 892 l'ruetus
1526 860 1704 891 huiusmodi
1741 865 1811 892 sunt

1071 910 1232 950 reservati,
1255 920 1326 942 vere
1351 916 1378 942 et
1405 910 1532 942 realiter
1552 920 1587 943 ac
1613 920 1812 954 quacumque

1071 964 1197 997 fictione
1216 969 1357 997 cessante
1375 964 1592 1007 persolverint,
1610 966 1665 996 sua
1682 965 1812 1007 propria

1071 1018 1258 1051 auctoritate
1284 1017 1484 1060 postmodum
1504 1028 1599 1060 penes
1621 1027 1652 1049 se
1678 1017 1813 1049 retinere

1072 1071 1203 1114 possint,
1229 1081 1286 1104 nee
1312 1076 1480 1114 11101110103
1504 1071 1683 1111 sententias,
1701 1081 1813 1103 censu-

1073 1135 1124 1156 ras
1149 1129 1179 1156 et
1203 1134 1320 1167 poenas
1345 1124 1376 1156 in
1402 1124 1519 1156 eisdem
1545 1124 1732 1167 pensionum
1758 1135 1811 1156 re-

1072 1177 1303 1210 servationibus
1321 1183 1483 1211 contentas
1507 1178 1682 1219 incurrant,
1704 1178 1813 1211 eadem

1072 1231 1258 1264 auctoritate
1283 1231 1448 1263 decernas.

1118 1285 1132 1327 ἓ
1146 1284 1174 1317 G.
1193 1285 1261 1318 Non
1278 1284 1474 1316 obstantibus
1491 1284 1683 1327 praemissis,
1700 1296 1735 1317 ac
1751 1285 1816 1328 qui-

1073 1338 1178 1370 busvis
1204 1337 1478 1371 constitutionibus
1507 1343 1537 1370 et
1565 1338 1816 1371 ordinationibus

1073 1391 1263 1434 apostolicis,
1289 1400 1411 1423 necnon
1433 1391 1647 1431 ecclesiarum,
1664 1397 1817 1424 monaste-

1075 1444 1195 1476 riorum
1213 1449 1243 1476 et
1259 1443 1486 1476 beneficiorum
1513 1444 1705 1484 huiusmodi,
1723 1444 1817 1476 etiam

1074 1498 1272 1539 iuramento,
1303 1497 1543 1530 confirmatione
1572 1498 1743 1541 apostoliea
1771 1498 1817 1530 vel

1074 1551 1184 1594 quavis
1209 1550 1357 1584 firmitate
1375 1550 1435 1583 alia
1455 1550 1622 1591 roboratis,
1648 1552 1770 1583 statutis
1789 1556 1817 1585 et

1074 1603 1365 1643 consuetudinibus,
1391 1603 1567 1647 privilegiis
1592 1614 1740 1647 quoque,
1766 1605 1815 1636 in-

1075 1657 1169 1689 dultis
1185 1683 1192 1697 ,
1233 1656 1507 1700 exemptionibus,
1545 1656 1818 1695 immunitatibus,

1075 1709 1168 1742 etiam
1193 1709 1225 1741 in
1249 1720 1383 1752 corpore
1409 1709 1486 1742 iuris
1511 1709 1633 1751 clausis,
1655 1720 1690 1742 ae
1708 1710 1819 1743 litteris

1075 1761 1256 1806 apostolicis
1281 1761 1443 1805 quibusvis
1463 1762 1653 1803 generaliter
1681 1763 1728 1794 vel
1749 1773 1820 1805 spe-

1076 1815 1196 1848 cialiter
1221 1815 1389 1855 concessis,
1410 1825 1533 1847 necnon
1553 1815 1666 1847 litteris
1683 1826 1821 1847 reserva—

1077 1869 1195 1902 tionum
1209 1869 1397 1912 pensionum
1412 1874 1442 1900 et
1455 1869 1614 1901 fructuum
1628 1868 1819 1909 huiusmodi,

1077 1932 1112 1955 ac
1122 1922 1286 1965 quibusvis
1297 1921 1553 1964 oliiligationibus,
1566 1921 1658 1954 etiam
1673 1921 1704 1953 in
1717 1922 1819 1954 forma

1077 1986 1230 2016 camerae,
1246 1975 1339 2008 etiam
1355 1985 1426 2008 eum
1441 1975 1618 2007 iuramento
1632 1980 1661 2007 et
1679 1975 1820 2008 censuris

1077 2039 1113 2061 30
1130 2028 1265 2062 mandati
1283 2028 1436 2061 executivi
1454 2028 1661 2071 susceptione,
1680 2028 1726 2060 vel
1745 2028 1820 2060 alias

1077 2082 1213 2126 desuper
1230 2080 1343 2121 sactis¹‚
1361 2081 1483 2114 etiamsi
1505 2081 1542 2114 de
1563 2082 1624 2113 illis
1646 2092 1821 2125 eorumque

1078 2137 1150 2169 totis
1176 2136 1338 2169 tenoribus
1363 2136 1401 2169 de
1419 2136 1515 2169 verbo
1530 2136 1568 2168 ad
1582 2136 1713 2169 verbum
1732 2146 1820 2168 men-

1078 2190 1120 2223 tio
1138 2201 1192 2223 seu
1209 2190 1336 2233 quaevis
1354 2190 1414 2222 alia
1431 2189 1592 2233 expressio
1613 2189 1754 2222 habenda
1771 2190 1819 2229 sit,

1078 2248 1107 2275 et
1131 2243 1163 2276 in
1183 2244 1227 2276 eis
1252 2248 1398 2276 caveatur
1415 2253 1562 2286 expresse
1588 2242 1671 2286 quod
1690 2254 1748 2286 per
1766 2243 1822 2275 hu-

1079 2297 1213 2330 iusmodi
1228 2297 1383 2329 clausulas
1397 2297 1571 2339 generales,
1585 2297 1677 2329 etiam
1692 2297 1821 2330 mentio-

1077 2360 1149 2383 nem
1163 2350 1332 2394 specialem
1347 2350 1564 2393 importantes,
1576 2349 1620 2382 eis
1635 2349 1821 2392 derogatum

1077 2414 1144 2437 esse
1168 2414 1231 2437 non
1254 2409 1419 2436 censeatur
1443 2408 1496 2435 aut
1511 2403 1668 2445 *derogari
1693 2413 1755 2436 non
1780 2403 1823 2435 xi-

1078 2457 1198 2497 deatur,
1222 2457 1282 2489 nisi
1308 2457 1400 2489 certis
1418 2456 1512 2489 modo
1535 2461 1566 2488 et
1590 2456 1690 2488 forma
1709 2457 1740 2488 in
1761 2455 1822 2487 illis

1079 2510 1236 2555 expressis
1260 2512 1351 2554 plene
1375 2509 1563 2543 observatis:
1584 2509 1699 2553 quibus
1724 2509 1823 2542 omni-

1116 2584 1127 2609 1
1146 2581 1309 2609 Erronee-ut
1324 2585 1388 2617 puto
1409 2580 1451 2608 ed.
1469 2580 1549 2607 Main.
1570 2580 1638 2615 legit
1656 2580 1739 2614 facti,
1761 2587 1822 2607 nam

1080 2627 1253 2664 participium
1268 2626 1384 2656 refertur
1399 2626 1433 2654 ad
1447 2626 1669 2662 obligationibus
1682 2625 1723 2660 (a.
1736 2625 1784 2660 T.).

1825 225 1872 251 An.
1890 225 1919 252 C.
1938 225 2005 251 1628

1858 1296 1950 1321 Derngat
1966 1301 2014 1315 con·

1831 1325 1908 1343 trariis.
