2248 3229
1035 265 1129 290 ixnsx
1156 266 1259 290 nnnru
1807 259 1865 292 771

463 315 587 362 aliaque
613 317 755 352 subsidia
773 327 829 362 pro
843 317 1046 362 Captlvorum
1062 319 1292 364 llcdemptione
1311 319 1464 363 recipere,
1482 320 1544 355 ,⁶239
1570 319 1586 353 b
1610 324 1641 354 et
1662 330 1723 364 seq.
1741 320 1823 354 Huic
1840 330 1915 355 con-

460 373 638 414 gregationi
663 374 861 406 comunicata
887 373 1055 417 privilegia
1089 375 1193 408 omnia
1227 372 1384 408 Ordinnm
1418 373 1625 417 regularium,
1652 374 1714 408 387
1749 374 1766 406 b
1790 378 1819 407 et
1850 385 1912 433 seq.

462 423 545 465 Quid
571 425 741 469 agendum,
763 427 789 460 si
814 428 958 460 minister
981 426 1140 469 generalis
1167 437 1227 460 non
1253 428 1380 471 expleto
1405 428 1500 462 ul'ticii
1526 429 1575 462 sui
1605 428 1760 461 sexennio
1784 427 1911 467 obierit,

462 476 524 510 353
550 478 584 517 b;
610 478 816 513 Discalceatis
841 481 1019 514 reformatis
1045 480 1270 524 Hispaniarum
1296 483 1438 523 vetitum,
1464 484 1633 526 quominus
1657 490 1849 526 quemquam
1874 479 1914 513 ad

461 530 604 566 habitum
636 533 825 568 donatorum
850 534 1031 573 admittant,
1058 535 1119 567 453
1145 545 1174 567 a.
1204 535 1229 567 A
1255 535 1474 568 iurisdictione
1500 536 1634 569 ministri
1660 534 1819 578 generalis
1844 533 1913 567 Cal-

460 588 621 619 ceatorum
647 587 832 620 eximuntur
848 587 910 620 520
928 587 953 620 b.
980 587 1121 621 Minister
1145 587 1304 629 generalis
1321 590 1579 632 congregationis
1598 588 1821 632 Hispaniarum
1844 590 1913 631 post

462 635 510 668 sui
529 635 720 671 electionem
746 638 831 672 nulla
856 638 916 672 alia
942 639 1062 683 indiget
1080 642 1329 681 confirmatione,
1351 643 1413 675 5155
1432 642 1458 674 b.
1480 641 1641 675 Fratribus
1666 642 1759 674 liuius
1782 640 1912 676 Ordinis

460 692 490 722 et
517 692 774 733 congregationis
801 696 870 735 post
897 694 1044 726 emissam
1071 694 1298 737 professionem
1316 695 1355 728 al)
1376 694 1530 730 Ordinem
1548 696 1748 729 Minimorum
1777 695 1911 728 transire

459 744 603 783 vetitum,
626 744 687 778 584
714 744 740 777 b.
765 744 944 780 Conventus
971 746 1235 781 Barcliinonensis
1261 753 1404 790 erectus,
1431 750 1492 782 596
1519 749 1552 790 b·,
1577 750 1649 791 sed,
1676 759 1747 783 cnm
1773 749 1831 782 hoc
1856 758 1911 782 au-

458 795 534 829 xilio
560 797 727 832 tribunalis
754 798 825 832 laici
851 800 966 834 t'actnm
993 801 1098 838 suerit,
1128 803 1238 836 fratres
1271 804 1309 837 dc
1337 804 1467 837 incursu
1492 813 1699 838 censurarum
1725 803 1911 837 insimulan-

458 851 508 882 tur
532 853 561 883 et
587 849 626 883 ab
653 849 778 884 Urbano
803 852 1022 894 absolvuntur,
1050 856 1111 888 597
1138 867 1157 888 a
1183 860 1213 889 ct
1239 857 1265 888 l».

367 898 628 945 osnaburgensis
653 905 817 939 academia
844 916 900 949 per
928 907 1130 942 Francis-enm
1157 908 1349 943 Gulielmum
1375 912 1562 955 episcopum
1588 912 1745 951 instituta,
1771 911 1812 944 76
1837 921 1856 943 α
1877 913 1909 944 et

455 965 516 1000 seq.
542 955 727 992 Ceterarum
753 959 990 995 academiarum
1014 962 1184 1006 privilegia
1208 963 1247 997 ab
1274 963 1399 998 [rhano
1423 964 1508 1009 Papa
1525 975 1686 1008 concessa,
1712 965 1751 999 Τι’
1779 965 1807 997 b.

1113 1148 1136 1183 P

363 1270 555 1307 Palatinatus
580 1276 716 1318 negotiis
741 1279 947 1321 congregatio
969 1279 1177 1315 cardinalium
1203 1284 1401 1326 praeposita,
1428 1284 1486 1318 231
1515 1295 1548 1324 113
1574 1286 1698 1322 irritum
1727 1287 1902 1324 declaravit

451 1327 601 1361 unionem
623 1332 885 1364 monasteriorum
912 1336 942 1365 et
968 1337 1252 1377 congregationum
1272 1336 1403 1371 Ordinis
1428 1338 1458 1371 S.
1477 1338 1639 1374 Benedicti
1660 1343 1900 1385 congregationi

450 1378 666 1416 Bursseldensi
692 1383 837 1418 eiusdem
862 1385 1011 1427 Ordinis,
1039 1387 1118 1421 ibid.

361 1430 552 1467 Palatinatus
574 1436 714 1469 nonnulli
734 1437 877 1473 redditus
895 1441 1106 1476 ecclesiastici
1126 1442 1259 1478 Foederi
1276 1445 1431 1479 catholieo
1448 1446 1661 1489 assignantur,
1678 1447 1740 1481 202
1758 1448 1774 1481 b
1791 1453 1898 1495 etseq.

360 1484 520 1520 Parochus
545 1487 658 1522 diebus
682 1490 770 1524 sestis
796 1496 897 1535 potest
921 1493 960 1527 ad
985 1505 1077 1529 suum
1103 1497 1255 1541 populum
1280 1499 1467 1542 praedicare
1492 1499 1528 1533 ea
1553 1499 1624 1544 ipsa
1648 1500 1724 1535 hora
1749 1512 1811 1548 qua
1829 1506 1898 1548 epi-

447 1549 562 1584 scopus
587 1543 752 1585 praedicat
776 1546 807 1578 in
833 1545 1017 1589 cathedrali,
1045 1549 1106 1582 235
1131 1550 1158 1583 b.

357 1590 519 1627 Parochus
545 1604 606 1628 non
631 1595 727 1630 debet
751 1598 908 1641 impedire
933 1601 1120 1636 electionem
1145 1605 1338 1648 sepulturae,
1363 1607 1427 1640 642
1452 1618 1480 1640 α.
1505 1607 1570 1641 Nec
1596 1608 1665 1651 plus
1690 1608 1729 1642 ab
1755 1611 1793 1643 iis
1818 1613 1898 1646 acei-

446 1656 533 1689 pere,
559 1650 613 1692 qui
639 1650 670 1682 in
696 1651 890 1694 regularium
918 1653 1072 1698 ecclesiis,
1091 1665 1184 1701 quam
1202 1657 1242 1692 ab
1269 1660 1315 1701 iis,
1331 1661 1384 1704 qui
1409 1661 1440 1694 in
1459 1662 1587 1705 propria
1612 1662 1761 1706 parochia
1785 1664 1896 1708 sepeli-

446 1703 550 1741 untur,
573 1701 652 1735 ibid.

355 1750 471 1786 Paulus
507 1753 620 1788 Bessus
650 1755 813 1791 Ferrcrius
838 1758 968 1801 Fliscus‚
989 1762 1050 1794 465
1075 1762 1102 1795 b.
1127 1763 1375 1799 Mai-chionatum
1401 1766 1584 1809 Masserani,
1603 1769 1817 1815 nonnullaque
1834 1771 1894 1806 alia

443 1806 510 1840 loca
536 1809 566 1840 in
593 1809 721 1843 seudum
742 1810 861 1846 obtinet
879 1824 949 1847 cum
969 1824 1064 1848 onere
1081 1825 1221 1850 annuum
1238 1827 1370 1853 consum
1395 1829 1540 1854 camerae
1561 1822 1751 1865 apostolieae
1771 1826 1892 1867 persol-

443 1860 550 1902 vendi⁷
578 1863 641 1896 467
666 1874 694 1896 α.

353 1911 468 1946 Paulus
493 1913 613 1949 Fliscus
638 1916 737 1951 abbas
761 1918 791 1951 S.
818 1919 934 1954 Mariae
960 1922 991 1954 in
1018 1922 1163 1958 Via-Lata
1188 1924 1329 1967 Gennae,
1356 1927 1418 1960 605
1444 1926 1470 1959 b.

352 1964 468 2000 Paulus
494 1967 636 2003 Lascaris
658 1970 809 2005 Castellar
833 1982 969 2016 magnus
993 1977 1145 2018 magister
1168 1977 1331 2022 hospitalis
1364 1979 1393 2012 S.
1427 1979 1553 2014 loannis
1588 1980 1886 2027 Hierosoly-mitani,

441 2020 505 2053 750
531 2021 557 2054 b.

351 2072 465 2107 Paulus
492 2075 548 2108 ΡΡ.
574 2075 625 2117 Ill,
651 2077 710 2111 sub
737 2082 1075 2115 excommunicationis
1101 2092 1202 2125 poena
1228 2086 1330 2127 cavit,
1357 2088 1526 2130 quominus
1551 2087 1620 2122 Indi
1645 2090 1676 2122 in
1701 2091 1888 2124 servitutem

439 2127 633 2171 redigantur,
659 2134 712 2164 aut
737 2130 828 2165 bonis
852 2133 1037 2176 spolientur,
1059 2136 1122 2169 712
1149 2137 1177 2169 h.

351 2177 465 2213 Paulus
490 2180 574 2224 Papa
602 2181 625 2214 V
649 2184 786 2217 ollicium
812 2185 852 2218 do
877 2186 909 2219 B.
934 2187 1083 2221 Tlieresia
1111 2190 1269 2224 nonnullis
1294 2193 1323 2224 in
1350 2192 1427 2227 locis
1453 2195 1579 2228 recitari
1605 2205 1697 2239 posse
1723 2206 1887 2232 concesse-

438 2238 494 2275 rat,
521 2235 584 2268 545
609 2247 649 2274 α;
670 2241 700 2270 et
725 2237 842 2271 deinde
867 2239 906 2272 ad
934 2243 1031 2274 totum
1054 2242 1212 2282 ,castellae
1238 2248 1354 2279 veteris
1381 2258 1512 2290 regnum
1540 2250 1694 2291 extendit,
1712 2251 1774 2284 545
1799 2251 1836 2290 b,·
1855 2256 1886 2286 et

438 2288 477 2321 ad
503 2290 607 2323 omnia
633 2300 743 2333 regum
769 2291 1005 2335 Hispaniarum,
1034 2294 1131 2334 ibid.;
1159 2298 1252 2332 t'euda
1281 2300 1385 2334 Status
1417 2301 1632 2337 Ecclesiastici
1663 2305 1731 2338 sine
1756 2304 1884 2339 lieentia

437 2342 557 2375 Summi
584 2342 745 2377 l’ontiticis
771 2346 865 2378 vendi
893 2347 1056 2390 prohibet,
1084 2350 1146 2383 556
1172 2350 1199 2383 b.

346 2392 525 2437 Pauperum
551 2395 696 2430 advocati
722 2398 858 2432 officium
884 2401 914 2433 in
941 2401 1068 2434 romana
1093 2405 1181 2436 curia
1207 2405 1392 2446 institutum,
1415 2407 1477 2441 302
1504 2409 1520 2441 b
1546 2412 1576 2442 et
1599 2419 1660 2453 seq.

346 2445 410 2481 Pax
436 2447 544 2482 ltaliae
571 2450 619 2483 vet
645 2450 813 2485 Clieraschi
841 2459 1037 2498 nuncupata,
1065 2455 1121 2489 231
1148 2457 1179 2496 b;
1207 2457 1334 2492 obsides
1359 2470 1415 2503 pro
1441 2461 1493 2494 illa
1518 2463 1735 2498 confirmanda
1751 2463 1816 2499 dati
1841 2464 1881 2499 ad

434 2501 579 2535 Sanctam
605 2503 719 2537 Sedem
745 2509 775 2538 et
799 2509 965 2549 acceptati,
992 2508 1069 2540 ibid.

344 2552 518 2588 Pensiones
545 2557 754 2591 transferendi
780 2559 825 2591 vel
849 2561 1031 2594 reservandi
1059 2562 1221 2597 facultates
1246 2564 1458 2607 moderantur,
1486 2567 1547 2601 523
1573 2579 1602 2601 a.

344 2605 456 2640 Petrus
481 2607 619 2652 Baptista
645 2615 828 2652 procurator
853 2611 984 2647 Ordinis
1016 2614 1170 2649 Illinnrum
1206 2618 1236 2650 S.
1263 2617 1420 2652 Francisci
1446 2620 1485 2653 de
1511 2620 1719 2656 Observantia
1751 2621 1879 2658 Discal·

432 2665 594 2697 ceatorum
619 2665 801 2707 provinciae
827 2665 1079 2711 Philippiuarum
1104 2674 1135 2702 et
1159 2669 1317 2713 taponiae,
1346 2672 1363 2704 9
1380 2683 1409 2704 α.
