<?xml version="1.0" encoding="UTF-8"?>
<!DOCTYPE html PUBLIC "-//W3C//DTD XHTML 1.0 Transitional//EN"
    "http://www.w3.org/TR/xhtml1/DTD/xhtml1-transitional.dtd">
<html xmlns="http://www.w3.org/1999/xhtml" xml:lang="en" lang="en">
 <head>
  <title>
</title>
<meta http-equiv="Content-Type" content="text/html;charset=utf-8" />
  <meta name='ocr-system' content='tesseract 3.04.00' />
  <meta name='ocr-capabilities' content='ocr_page ocr_carea ocr_par ocr_line ocrx_word'/>
</head>
<body>
  <div class='ocr_page' id='page_1' title='image "./bullarumdiplomat14cath/bullarumdiplomat14cath_0371.png"; bbox 0 0 2248 3229; ppageno 0'>
   <div class='ocr_carea' id='block_1_1' title="bbox 115 242 300 273">
    <p class='ocr_par' dir='ltr' id='par_1_1' title="bbox 115 242 300 273">
     <span class='ocr_line' id='line_1_1' title="bbox 115 242 300 273; baseline -0.005 0"><span class='ocrx_word' id='word_1_1' title='bbox 115 245 165 273; x_wconf 79' lang='lat' dir='ltr'>An.</span> <span class='ocrx_word' id='word_1_2' title='bbox 185 242 300 272; x_wconf 58' lang='lat'><strong>&amp;1632</strong></span> 
     </span>
    </p>
   </div>
   <div class='ocr_carea' id='block_1_2' title="bbox 145 680 263 702">
    <p class='ocr_par' dir='ltr' id='par_1_2' title="bbox 145 680 263 702">
     <span class='ocr_line' id='line_1_2' title="bbox 145 680 263 702; baseline -0.008 0"><span class='ocrx_word' id='word_1_3' title='bbox 145 680 263 702; x_wconf 76' lang='lat' dir='ltr'>clausulae.</span> 
     </span>
    </p>
   </div>
   <div class='ocr_carea' id='block_1_3' title="bbox 289 2489 955 2533">
    <p class='ocr_par' dir='ltr' id='par_1_3' title="bbox 289 2489 955 2533">
     <span class='ocr_line' id='line_1_3' title="bbox 289 2489 955 2533; baseline -0.003 -9"><span class='ocrx_word' id='word_1_4' title='bbox 289 2523 291 2525; x_wconf 89' lang='grc'><strong>,</strong></span> <span class='ocrx_word' id='word_1_5' title='bbox 330 2490 407 2531; x_wconf 85' lang='lat' dir='ltr'>fore,</span> <span class='ocrx_word' id='word_1_6' title='bbox 420 2500 456 2523; x_wconf 89' lang='lat' dir='ltr'>ac</span> <span class='ocrx_word' id='word_1_7' title='bbox 470 2500 543 2523; x_wconf 91' lang='lat' dir='ltr'>suos</span> <span class='ocrx_word' id='word_1_8' title='bbox 556 2489 712 2533; x_wconf 88' lang='lat' dir='ltr'>plenarios</span> <span class='ocrx_word' id='word_1_9' title='bbox 730 2495 760 2522; x_wconf 91' lang='lat' dir='ltr'>et</span> <span class='ocrx_word' id='word_1_10' title='bbox 776 2490 916 2532; x_wconf 80' lang='lat' dir='ltr'>integros</span> <span class='ocrx_word' id='word_1_11' title='bbox 940 2500 955 2522; x_wconf 92' lang='lat' dir='ltr'>e</span> 
     </span>
    </p>
   </div>
   <div class='ocr_carea' id='block_1_4' title="bbox 315 241 1081 1891">
    <p class='ocr_par' dir='ltr' id='par_1_4' title="bbox 923 241 1066 267">
     <span class='ocr_line' id='line_1_4' title="bbox 923 241 1066 267; baseline 0 0"><span class='ocrx_word' id='word_1_12' title='bbox 923 241 1066 267; x_wconf 63' lang='lat' dir='ltr'>rnnaxt&#39;s</span> 
     </span>
    </p>

    <p class='ocr_par' dir='ltr' id='par_1_5' title="bbox 315 290 1081 1891">
     <span class='ocr_line' id='line_1_5' title="bbox 317 290 1058 337; baseline -0.001 -12"><span class='ocrx_word' id='word_1_13' title='bbox 317 291 396 337; x_wconf 88' lang='lat' dir='ltr'>palis</span> <span class='ocrx_word' id='word_1_14' title='bbox 409 290 581 336; x_wconf 87' lang='lat' dir='ltr'>praedicta,</span> <span class='ocrx_word' id='word_1_15' title='bbox 603 301 658 325; x_wconf 89' lang='lat' dir='ltr'>seu</span> <span class='ocrx_word' id='word_1_16' title='bbox 678 291 775 331; x_wconf 83' lang='lat' dir='ltr'>futuri</span> <span class='ocrx_word' id='word_1_17' title='bbox 795 291 945 325; x_wconf 88' lang='lat' dir='ltr'>ecelesiae</span> <span class='ocrx_word' id='word_1_18' title='bbox 962 291 1058 325; x_wconf 79' lang='lat' dir='ltr'>Sarsi-</span> 
     </span>
     <span class='ocr_line' id='line_1_6' title="bbox 315 345 1055 390; baseline -0.003 -11"><span class='ocrx_word' id='word_1_19' title='bbox 315 345 452 379; x_wconf 87' lang='lat' dir='ltr'>natensis</span> <span class='ocrx_word' id='word_1_20' title='bbox 484 346 645 390; x_wconf 74' lang='lat' dir='ltr'>praesules</span> <span class='ocrx_word' id='word_1_21' title='bbox 681 346 729 379; x_wconf 77' lang='lat' dir='ltr'>vel</span> <span class='ocrx_word' id='word_1_22' title='bbox 762 345 1055 384; x_wconf 73' lang='lat' dir='ltr'>administratores,</span> 
     </span>
     <span class='ocr_line' id='line_1_7' title="bbox 315 395 1057 442; baseline -0.003 -12"><span class='ocrx_word' id='word_1_23' title='bbox 315 397 484 442; x_wconf 89' lang='lat' dir='ltr'>quicquam</span> <span class='ocrx_word' id='word_1_24' title='bbox 516 408 533 430; x_wconf 90' lang='lat' dir='ltr'>a</span> <span class='ocrx_word' id='word_1_25' title='bbox 564 397 643 430; x_wconf 74' lang='lat' dir='ltr'>Sede</span> <span class='ocrx_word' id='word_1_26' title='bbox 675 400 704 430; x_wconf 90' lang='lat' dir='ltr'>ct</span> <span class='ocrx_word' id='word_1_27' title='bbox 735 399 860 430; x_wconf 78' lang='lat' dir='ltr'>camera</span> <span class='ocrx_word' id='word_1_28' title='bbox 887 395 1057 440; x_wconf 88' lang='lat' dir='ltr'>praedictis</span> 
     </span>
     <span class='ocr_line' id='line_1_8' title="bbox 316 449 1057 495; baseline -0.004 -11"><span class='ocrx_word' id='word_1_29' title='bbox 316 461 374 495; x_wconf 90' lang='lat' dir='ltr'>pro</span> <span class='ocrx_word' id='word_1_30' title='bbox 399 452 604 495; x_wconf 78' lang='lat' dir='ltr'>recompensa</span> <span class='ocrx_word' id='word_1_31' title='bbox 630 460 685 483; x_wconf 88' lang='lat' dir='ltr'>seu</span> <span class='ocrx_word' id='word_1_32' title='bbox 702 450 762 483; x_wconf 80' lang='lat' dir='ltr'>alia</span> <span class='ocrx_word' id='word_1_33' title='bbox 776 450 885 494; x_wconf 72' lang='lat' dir='ltr'>quavis</span> <span class='ocrx_word' id='word_1_34' title='bbox 902 449 1057 483; x_wconf 88' lang='lat' dir='ltr'>solutione</span> 
     </span>
     <span class='ocr_line' id='line_1_9' title="bbox 318 504 1058 548; baseline -0.004 -11"><span class='ocrx_word' id='word_1_35' title='bbox 318 504 525 548; x_wconf 83' lang='lat' dir='ltr'>praetendeie</span> <span class='ocrx_word' id='word_1_36' title='bbox 550 504 670 548; x_wconf 79' lang='lat' dir='ltr'>possint</span> <span class='ocrx_word' id='word_1_37' title='bbox 686 508 739 536; x_wconf 88' lang='lat' dir='ltr'>aut</span> <span class='ocrx_word' id='word_1_38' title='bbox 759 504 916 547; x_wconf 80' lang='lat' dir='ltr'>debeam),</span> <span class='ocrx_word' id='word_1_39' title='bbox 937 513 990 536; x_wconf 76' lang='lat' dir='ltr'>e‘u</span> <span class='ocrx_word' id='word_1_40' title='bbox 993 513 1058 536; x_wconf 89' lang='lat' dir='ltr'>um</span> 
     </span>
     <span class='ocr_line' id='line_1_10' title="bbox 317 556 1058 602; baseline -0.004 -11"><span class='ocrx_word' id='word_1_41' title='bbox 317 558 388 591; x_wconf 88' lang='lat' dir='ltr'>dem</span> <span class='ocrx_word' id='word_1_42' title='bbox 413 563 521 592; x_wconf 89' lang='lat' dir='ltr'>ten01e</span> <span class='ocrx_word' id='word_1_43' title='bbox 545 558 767 601; x_wconf 15' lang='lat' dir='ltr'>pimaesentium</span> <span class='ocrx_word' id='word_1_44' title='bbox 786 563 937 602; x_wconf 83' lang='lat' dir='ltr'>perpetuo</span> <span class='ocrx_word' id='word_1_45' title='bbox 963 556 1058 600; x_wconf 89' lang='lat' dir='ltr'>appli-</span> 
     </span>
     <span class='ocr_line' id='line_1_11' title="bbox 318 611 758 655; baseline -0.007 -9"><span class='ocrx_word' id='word_1_46' title='bbox 318 622 426 646; x_wconf 89' lang='lat' dir='ltr'>camus</span> <span class='ocrx_word' id='word_1_47' title='bbox 451 617 481 645; x_wconf 86' lang='lat' dir='ltr'>et</span> <span class='ocrx_word' id='word_1_48' title='bbox 505 611 758 655; x_wconf 28' lang='lat' dir='ltr'>appiQopiiamus</span> 
     </span>
     <span class='ocr_line' id='line_1_12' title="bbox 363 663 1058 709; baseline -0.004 -11"><span class='ocrx_word' id='word_1_49' title='bbox 363 667 380 708; x_wconf 67' lang='lat' dir='ltr'>g</span> <span class='ocrx_word' id='word_1_50' title='bbox 405 665 434 698; x_wconf 80' lang='lat'><strong>3</strong></span> <span class='ocrx_word' id='word_1_51' title='bbox 460 666 668 699; x_wconf 83' lang='lat' dir='ltr'>Deceinentes</span> <span class='ocrx_word' id='word_1_52' title='bbox 693 665 923 709; x_wconf 71' lang='lat' dir='ltr'>sepniationom</span> <span class='ocrx_word' id='word_1_53' title='bbox 945 667 975 698; x_wconf 88' lang='lat' dir='ltr'>et</span> <span class='ocrx_word' id='word_1_54' title='bbox 998 663 1058 696; x_wconf 91' lang='lat' dir='ltr'>dis-</span> 
     </span>
     <span class='ocr_line' id='line_1_13' title="bbox 318 715 1075 763; baseline -0.004 -11"><span class='ocrx_word' id='word_1_55' title='bbox 318 718 600 759; x_wconf 88' lang='lat' dir='ltr'>membrationem,</span> <span class='ocrx_word' id='word_1_56' title='bbox 625 719 867 763; x_wconf 73' lang='lat' dir='ltr'>applicationem</span> <span class='ocrx_word' id='word_1_57' title='bbox 893 723 923 751; x_wconf 82' lang='lat' dir='ltr'>et</span> <span class='ocrx_word' id='word_1_58' title='bbox 947 715 1075 761; x_wconf 64' lang='lat' dir='ltr'>appio-¹</span> 
     </span>
     <span class='ocr_line' id='line_1_14' title="bbox 318 767 1075 817; baseline -0.005 -11"><span class='ocrx_word' id='word_1_59' title='bbox 318 772 506 817; x_wconf 86' lang='lat' dir='ltr'>priationcm</span> <span class='ocrx_word' id='word_1_60' title='bbox 531 772 706 816; x_wconf 85' lang='lat' dir='ltr'>praedictas</span> <span class='ocrx_word' id='word_1_61' title='bbox 731 773 837 816; x_wconf 87' lang='lat' dir='ltr'>(ctiam</span> <span class='ocrx_word' id='word_1_62' title='bbox 863 783 898 805; x_wconf 77' lang='lat' dir='ltr'>cx</span> <span class='ocrx_word' id='word_1_63' title='bbox 920 782 957 805; x_wconf 86' lang='lat' dir='ltr'>eo</span> <span class='ocrx_word' id='word_1_64' title='bbox 974 767 1075 814; x_wconf 64' lang='lat' dir='ltr'>quod}</span> 
     </span>
     <span class='ocr_line' id='line_1_15' title="bbox 319 824 1076 871; baseline -0.005 -11"><span class='ocrx_word' id='word_1_65' title='bbox 319 837 440 868; x_wconf 87' lang='lat' dir='ltr'>causae,</span> <span class='ocrx_word' id='word_1_66' title='bbox 458 832 589 871; x_wconf 87' lang='lat' dir='ltr'>propter</span> <span class='ocrx_word' id='word_1_67' title='bbox 605 837 682 870; x_wconf 92' lang='lat' dir='ltr'>quas</span> <span class='ocrx_word' id='word_1_68' title='bbox 696 826 795 859; x_wconf 86' lang='lat' dir='ltr'>saetae</span> <span class='ocrx_word' id='word_1_69' title='bbox 812 831 892 866; x_wconf 85' lang='lat' dir='ltr'>sunt,</span> <span class='ocrx_word' id='word_1_70' title='bbox 907 824 1058 858; x_wconf 72' lang='lat' dir='ltr'>adductae</span> <span class='ocrx_word' id='word_1_71' title='bbox 1074 837 1076 853; x_wconf 67' lang='grc' dir='ltr'>ι</span> 
     </span>
     <span class='ocr_line' id='line_1_16' title="bbox 319 879 1076 925; baseline -0.004 -12"><span class='ocrx_word' id='word_1_72' title='bbox 319 891 374 913; x_wconf 89' lang='lat' dir='ltr'>seu</span> <span class='ocrx_word' id='word_1_73' title='bbox 399 880 576 913; x_wconf 77' lang='lat' dir='ltr'>verificatae</span> <span class='ocrx_word' id='word_1_74' title='bbox 605 880 651 913; x_wconf 68' lang='lat' dir='ltr'>vel</span> <span class='ocrx_word' id='word_1_75' title='bbox 680 880 755 912; x_wconf 81' lang='lat' dir='ltr'>alias</span> <span class='ocrx_word' id='word_1_76' title='bbox 780 879 963 912; x_wconf 81' lang='lat' dir='ltr'>iustificatae</span> <span class='ocrx_word' id='word_1_77' title='bbox 995 888 1076 925; x_wconf 48' lang='lat' dir='ltr'>non}</span> 
     </span>
     <span class='ocr_line' id='line_1_17' title="bbox 318 931 1059 978; baseline -0.005 -11"><span class='ocrx_word' id='word_1_78' title='bbox 318 933 444 975; x_wconf 86' lang='lat' dir='ltr'>suerint,</span> <span class='ocrx_word' id='word_1_79' title='bbox 469 939 521 967; x_wconf 85' lang='lat' dir='ltr'>aut</span> <span class='ocrx_word' id='word_1_80' title='bbox 545 933 629 978; x_wconf 85' lang='lat' dir='ltr'>quod</span> <span class='ocrx_word' id='word_1_81' title='bbox 654 933 736 967; x_wconf 88' lang='lat' dir='ltr'>dicta</span> <span class='ocrx_word' id='word_1_82' title='bbox 763 932 897 966; x_wconf 87' lang='lat' dir='ltr'>ecclesia</span> <span class='ocrx_word' id='word_1_83' title='bbox 921 931 1059 965; x_wconf 85' lang='lat' dir='ltr'>Sarsina-</span> 
     </span>
     <span class='ocr_line' id='line_1_18' title="bbox 319 985 1076 1032; baseline -0.004 -12"><span class='ocrx_word' id='word_1_84' title='bbox 319 988 425 1029; x_wconf 86' lang='lat' dir='ltr'>tensis,</span> <span class='ocrx_word' id='word_1_85' title='bbox 450 987 487 1020; x_wconf 90' lang='lat' dir='ltr'>ad</span> <span class='ocrx_word' id='word_1_86' title='bbox 512 997 660 1032; x_wconf 88' lang='lat' dir='ltr'>praesens</span> <span class='ocrx_word' id='word_1_87' title='bbox 683 986 818 1031; x_wconf 87' lang='lat' dir='ltr'>pastoris</span> <span class='ocrx_word' id='word_1_88' title='bbox 842 985 951 1020; x_wconf 88' lang='lat' dir='ltr'>solatio</span> <span class='ocrx_word' id='word_1_89' title='bbox 968 985 1076 1018; x_wconf 84' lang='lat' dir='ltr'>desti-</span> 
     </span>
     <span class='ocr_line' id='line_1_19' title="bbox 320 1039 1059 1099; baseline -0.004 -25"><span class='ocrx_word' id='word_1_90' title='bbox 320 1046 385 1074; x_wconf 85' lang='lat' dir='ltr'>tuta</span> <span class='ocrx_word' id='word_1_91' title='bbox 405 1041 454 1082; x_wconf 87' lang='lat' dir='ltr'>sit,</span> <span class='ocrx_word' id='word_1_92' title='bbox 480 1046 512 1074; x_wconf 92' lang='lat' dir='ltr'>ut</span> <span class='ocrx_word' id='word_1_93' title='bbox 535 1041 722 1085; x_wconf 50' lang='lat' dir='ltr'>piaesergtui</span> <span class='ocrx_word' id='word_1_94' title='bbox 747 1045 777 1073; x_wconf 90' lang='lat' dir='ltr'>et</span> <span class='ocrx_word' id='word_1_95' title='bbox 801 1040 970 1099; x_wconf 80' lang='lat' dir='ltr'>episcopus</span> <span class='ocrx_word' id='word_1_96' title='bbox 992 1039 1059 1072; x_wconf 79' lang='lat' dir='ltr'>Sai-</span> 
     </span>
     <span class='ocr_line' id='line_1_20' title="bbox 320 1094 1076 1139; baseline -0.003 -10.997"><span class='ocrx_word' id='word_1_97' title='bbox 320 1095 485 1129; x_wconf 89' lang='lat' dir='ltr'>sinatensis</span> <span class='ocrx_word' id='word_1_98' title='bbox 501 1122 508 1136; x_wconf 91' lang='lat'>,</span> <span class='ocrx_word' id='word_1_99' title='bbox 541 1105 595 1128; x_wconf 89' lang='lat' dir='ltr'>scu</span> <span class='ocrx_word' id='word_1_100' title='bbox 631 1095 823 1139; x_wconf 76' lang='lat' dir='ltr'>quicumque</span> <span class='ocrx_word' id='word_1_101' title='bbox 858 1094 910 1127; x_wconf 87' lang='lat' dir='ltr'>alii</span> <span class='ocrx_word' id='word_1_102' title='bbox 946 1094 994 1127; x_wconf 81' lang='lat' dir='ltr'>ius</span> <span class='ocrx_word' id='word_1_103' title='bbox 1030 1096 1076 1126; x_wconf 89' lang='lat' dir='ltr'>et</span> 
     </span>
     <span class='ocr_line' id='line_1_21' title="bbox 321 1140 1077 1193; baseline -0.003 -11"><span class='ocrx_word' id='word_1_104' title='bbox 321 1149 471 1182; x_wconf 83' lang='lat' dir='ltr'>interesse</span> <span class='ocrx_word' id='word_1_105' title='bbox 495 1149 527 1182; x_wconf 90' lang='lat' dir='ltr'>in</span> <span class='ocrx_word' id='word_1_106' title='bbox 551 1148 688 1193; x_wconf 79' lang='lat' dir='ltr'>piaemis</span> <span class='ocrx_word' id='word_1_107' title='bbox 692 1149 733 1181; x_wconf 84' lang='lat' dir='ltr'>sis</span> <span class='ocrx_word' id='word_1_108' title='bbox 758 1149 804 1181; x_wconf 76' lang='grc' dir='ltr'>ιο]</span> <span class='ocrx_word' id='word_1_109' title='bbox 824 1159 934 1181; x_wconf 78' lang='lat' dir='ltr'>eoium</span> <span class='ocrx_word' id='word_1_110' title='bbox 953 1140 1077 1191; x_wconf 57' lang='lat' dir='ltr'>aliquot</span> 
     </span>
     <span class='ocr_line' id='line_1_22' title="bbox 320 1201 1061 1246; baseline -0.001 -12"><span class='ocrx_word' id='word_1_111' title='bbox 320 1202 470 1236; x_wconf 81' lang='lat' dir='ltr'>habentes</span> <span class='ocrx_word' id='word_1_112' title='bbox 487 1213 542 1235; x_wconf 89' lang='lat' dir='ltr'>seu</span> <span class='ocrx_word' id='word_1_113' title='bbox 558 1201 810 1246; x_wconf 64' lang='lat' dir='ltr'>praetendentes,</span> <span class='ocrx_word' id='word_1_114' title='bbox 831 1201 891 1234; x_wconf 89' lang='lat' dir='ltr'>illis</span> <span class='ocrx_word' id='word_1_115' title='bbox 908 1212 972 1234; x_wconf 90' lang='lat' dir='ltr'>non</span> <span class='ocrx_word' id='word_1_116' title='bbox 989 1211 1061 1234; x_wconf 88' lang='lat' dir='ltr'>con-</span> 
     </span>
     <span class='ocr_line' id='line_1_23' title="bbox 320 1254 1062 1300; baseline -0.003 -11"><span class='ocrx_word' id='word_1_117' title='bbox 320 1257 485 1298; x_wconf 70' lang='lat' dir='ltr'>senserint,</span> <span class='ocrx_word' id='word_1_118' title='bbox 509 1261 540 1290; x_wconf 85' lang='lat' dir='ltr'>et</span> <span class='ocrx_word' id='word_1_119' title='bbox 563 1256 601 1289; x_wconf 92' lang='lat' dir='ltr'>ad</span> <span class='ocrx_word' id='word_1_120' title='bbox 619 1267 654 1289; x_wconf 90' lang='lat' dir='ltr'>ea</span> <span class='ocrx_word' id='word_1_121' title='bbox 668 1256 780 1297; x_wconf 74' lang='lat' dir='ltr'>vocati,</span> <span class='ocrx_word' id='word_1_122' title='bbox 797 1266 900 1300; x_wconf 87' lang='lat' dir='ltr'>neque</span> <span class='ocrx_word' id='word_1_123' title='bbox 917 1254 1062 1289; x_wconf 90' lang='lat' dir='ltr'>solemni-</span> 
     </span>
     <span class='ocr_line' id='line_1_24' title="bbox 320 1309 1079 1354; baseline -0.004 -10"><span class='ocrx_word' id='word_1_124' title='bbox 320 1314 398 1344; x_wconf 81' lang='lat' dir='ltr'>tates</span> <span class='ocrx_word' id='word_1_125' title='bbox 419 1316 449 1344; x_wconf 87' lang='lat' dir='ltr'>et</span> <span class='ocrx_word' id='word_1_126' title='bbox 472 1311 532 1343; x_wconf 89' lang='lat' dir='ltr'>alia</span> <span class='ocrx_word' id='word_1_127' title='bbox 557 1310 709 1344; x_wconf 75' lang='lat' dir='ltr'>servanda</span> <span class='ocrx_word' id='word_1_128' title='bbox 726 1315 756 1342; x_wconf 87' lang='lat' dir='ltr'>et</span> <span class='ocrx_word' id='word_1_129' title='bbox 775 1309 976 1354; x_wconf 85' lang='lat' dir='ltr'>adimplenda</span> <span class='ocrx_word' id='word_1_130' title='bbox 1000 1317 1079 1341; x_wconf 60' lang='lat' dir='ltr'>ser-¹</span> 
     </span>
     <span class='ocr_line' id='line_1_25' title="bbox 320 1363 1062 1408; baseline -0.004 -10"><span class='ocrx_word' id='word_1_131' title='bbox 320 1370 389 1398; x_wconf 78' lang='lat' dir='ltr'>rata</span> <span class='ocrx_word' id='word_1_132' title='bbox 399 1365 604 1408; x_wconf 87' lang='lat' dir='ltr'>etadimpleta</span> <span class='ocrx_word' id='word_1_133' title='bbox 614 1364 738 1406; x_wconf 84' lang='lat' dir='ltr'>suerint,</span> <span class='ocrx_word' id='word_1_134' title='bbox 751 1375 805 1398; x_wconf 88' lang='lat' dir='ltr'>seu</span> <span class='ocrx_word' id='word_1_135' title='bbox 819 1364 911 1397; x_wconf 90' lang='lat' dir='ltr'>etiam</span> <span class='ocrx_word' id='word_1_136' title='bbox 923 1363 1062 1397; x_wconf 87' lang='lat' dir='ltr'>enormis</span> 
     </span>
     <span class='ocr_line' id='line_1_26' title="bbox 322 1417 1080 1461; baseline -0.004 -9"><span class='ocrx_word' id='word_1_137' title='bbox 322 1424 352 1452; x_wconf 91' lang='lat' dir='ltr'>et</span> <span class='ocrx_word' id='word_1_138' title='bbox 376 1419 613 1452; x_wconf 88' lang='lat' dir='ltr'>enormissimae</span> <span class='ocrx_word' id='word_1_139' title='bbox 637 1419 803 1459; x_wconf 87' lang='lat' dir='ltr'>laesionis,</span> <span class='ocrx_word' id='word_1_140' title='bbox 830 1429 865 1451; x_wconf 89' lang='lat' dir='ltr'>ae</span> <span class='ocrx_word' id='word_1_141' title='bbox 891 1429 926 1451; x_wconf 84' lang='lat' dir='ltr'>ex</span> <span class='ocrx_word' id='word_1_142' title='bbox 952 1417 1080 1461; x_wconf 36' lang='lat' dir='ltr'>quovis*</span> 
     </span>
     <span class='ocr_line' id='line_1_27' title="bbox 322 1473 1062 1517; baseline -0.003 -11"><span class='ocrx_word' id='word_1_143' title='bbox 322 1473 382 1507; x_wconf 90' lang='lat' dir='ltr'>alio</span> <span class='ocrx_word' id='word_1_144' title='bbox 401 1473 512 1517; x_wconf 83' lang='lat' dir='ltr'>capite,</span> <span class='ocrx_word' id='word_1_145' title='bbox 530 1483 546 1505; x_wconf 94' lang='lat' dir='ltr'>a</span> <span class='ocrx_word' id='word_1_146' title='bbox 572 1473 649 1515; x_wconf 84' lang='lat' dir='ltr'>iure,</span> <span class='ocrx_word' id='word_1_147' title='bbox 667 1473 715 1505; x_wconf 78' lang='lat' dir='ltr'>vel</span> <span class='ocrx_word' id='word_1_148' title='bbox 741 1473 832 1514; x_wconf 86' lang='lat' dir='ltr'>sacto,</span> <span class='ocrx_word' id='word_1_149' title='bbox 857 1483 912 1505; x_wconf 86' lang='lat' dir='ltr'>scu</span> <span class='ocrx_word' id='word_1_150' title='bbox 937 1475 1062 1511; x_wconf 84' lang='lat' dir='ltr'>statuto,</span> 
     </span>
     <span class='ocr_line' id='line_1_28' title="bbox 321 1524 1080 1569; baseline -0.003 -9"><span class='ocrx_word' id='word_1_151' title='bbox 321 1531 374 1560; x_wconf 82' lang='lat' dir='ltr'>aut</span> <span class='ocrx_word' id='word_1_152' title='bbox 398 1526 633 1568; x_wconf 87' lang='lat' dir='ltr'>consuetudine,</span> <span class='ocrx_word' id='word_1_153' title='bbox 658 1526 706 1559; x_wconf 75' lang='lat' dir='ltr'>vel</span> <span class='ocrx_word' id='word_1_154' title='bbox 726 1526 801 1558; x_wconf 75' lang='lat' dir='ltr'>alias</span> <span class='ocrx_word' id='word_1_155' title='bbox 826 1524 1080 1569; x_wconf 66' lang='lat' dir='ltr'>quomodolibet*</span> 
     </span>
     <span class='ocr_line' id='line_1_29' title="bbox 321 1579 1062 1623; baseline -0.003 -11"><span class='ocrx_word' id='word_1_156' title='bbox 321 1580 504 1620; x_wconf 83' lang='lat' dir='ltr'>resultante,</span> <span class='ocrx_word' id='word_1_157' title='bbox 529 1590 584 1612; x_wconf 90' lang='lat' dir='ltr'>seu</span> <span class='ocrx_word' id='word_1_158' title='bbox 608 1583 781 1623; x_wconf 75' lang='lat' dir='ltr'>praetextu,</span> <span class='ocrx_word' id='word_1_159' title='bbox 806 1579 901 1611; x_wconf 78' lang='lat' dir='ltr'>causa</span> <span class='ocrx_word' id='word_1_160' title='bbox 923 1581 952 1611; x_wconf 91' lang='lat' dir='ltr'>et</span> <span class='ocrx_word' id='word_1_161' title='bbox 972 1588 1062 1611; x_wconf 85' lang='lat' dir='ltr'>occa-</span> 
     </span>
     <span class='ocr_line' id='line_1_30' title="bbox 322 1631 1062 1677; baseline -0.004 -11"><span class='ocrx_word' id='word_1_162' title='bbox 322 1633 420 1674; x_wconf 86' lang='lat' dir='ltr'>sione,</span> <span class='ocrx_word' id='word_1_163' title='bbox 444 1633 537 1666; x_wconf 77' lang='lat' dir='ltr'>etiam</span> <span class='ocrx_word' id='word_1_164' title='bbox 555 1632 755 1677; x_wconf 76' lang='lat' dir='ltr'>quantumvis</span> <span class='ocrx_word' id='word_1_165' title='bbox 776 1632 867 1672; x_wconf 72' lang='lat' dir='ltr'>iusta,</span> <span class='ocrx_word' id='word_1_166' title='bbox 885 1631 1062 1664; x_wconf 83' lang='lat' dir='ltr'>rationabili</span> 
     </span>
     <span class='ocr_line' id='line_1_31' title="bbox 322 1685 1059 1731; baseline -0.004 -11"><span class='ocrx_word' id='word_1_167' title='bbox 322 1693 352 1720; x_wconf 91' lang='lat' dir='ltr'>et</span> <span class='ocrx_word' id='word_1_168' title='bbox 374 1687 587 1731; x_wconf 67' lang='lat' dir='ltr'>privilegiata,</span> <span class='ocrx_word' id='word_1_169' title='bbox 613 1686 707 1719; x_wconf 87' lang='lat' dir='ltr'>etiam</span> <span class='ocrx_word' id='word_1_170' title='bbox 738 1685 790 1718; x_wconf 87' lang='lat' dir='ltr'>tali</span> <span class='ocrx_word' id='word_1_171' title='bbox 816 1696 896 1729; x_wconf 89' lang='lat' dir='ltr'>quac</span> <span class='ocrx_word' id='word_1_172' title='bbox 920 1685 958 1717; x_wconf 92' lang='lat' dir='ltr'>ad</span> <span class='ocrx_word' id='word_1_173' title='bbox 983 1685 1059 1718; x_wconf 82' lang='lat' dir='ltr'>effe-</span> 
     </span>
     <span class='ocr_line' id='line_1_32' title="bbox 324 1738 1063 1784; baseline -0.004 -10"><span class='ocrx_word' id='word_1_174' title='bbox 324 1746 408 1775; x_wconf 86' lang='lat' dir='ltr'>ctum</span> <span class='ocrx_word' id='word_1_175' title='bbox 423 1740 589 1773; x_wconf 75' lang='lat' dir='ltr'>validitatis</span> <span class='ocrx_word' id='word_1_176' title='bbox 601 1740 848 1784; x_wconf 88' lang='lat' dir='ltr'>praemissorum</span> <span class='ocrx_word' id='word_1_177' title='bbox 860 1738 1063 1783; x_wconf 82' lang='lat' dir='ltr'>exprimenda</span> 
     </span>
     <span class='ocr_line' id='line_1_33' title="bbox 323 1792 1062 1837; baseline -0.004 -10"><span class='ocrx_word' id='word_1_178' title='bbox 323 1795 416 1837; x_wconf 86' lang='lat' dir='ltr'>soret)</span> <span class='ocrx_word' id='word_1_179' title='bbox 431 1793 468 1826; x_wconf 87' lang='lat' dir='ltr'>de</span> <span class='ocrx_word' id='word_1_180' title='bbox 482 1793 706 1837; x_wconf 79' lang='lat' dir='ltr'>subreptionis,</span> <span class='ocrx_word' id='word_1_181' title='bbox 720 1804 775 1826; x_wconf 90' lang='lat' dir='ltr'>seu</span> <span class='ocrx_word' id='word_1_182' title='bbox 796 1792 1000 1836; x_wconf 89' lang='lat' dir='ltr'>obreptionis,</span> <span class='ocrx_word' id='word_1_183' title='bbox 1016 1792 1062 1825; x_wconf 75' lang='lat' dir='ltr'>vel</span> 
     </span>
     <span class='ocr_line' id='line_1_34' title="bbox 324 1839 1081 1891; baseline -0.004 -10"><span class='ocrx_word' id='word_1_184' title='bbox 324 1847 476 1881; x_wconf 88' lang='lat' dir='ltr'>nullitatis</span> <span class='ocrx_word' id='word_1_185' title='bbox 493 1847 578 1888; x_wconf 61' lang='lat' dir='ltr'>vitio,</span> <span class='ocrx_word' id='word_1_186' title='bbox 595 1851 647 1881; x_wconf 89' lang='lat' dir='ltr'>aut</span> <span class='ocrx_word' id='word_1_187' title='bbox 666 1847 847 1891; x_wconf 83' lang='lat' dir='ltr'>intentionis</span> <span class='ocrx_word' id='word_1_188' title='bbox 865 1852 1002 1887; x_wconf 88' lang='lat' dir='ltr'>nostrae,</span> <span class='ocrx_word' id='word_1_189' title='bbox 1015 1846 1062 1879; x_wconf 70' lang='lat' dir='ltr'>vel</span> <span class='ocrx_word' id='word_1_190' title='bbox 1080 1839 1081 1847; x_wconf 47' lang='lat'>¹</span> 
     </span>
    </p>
   </div>
   <div class='ocr_carea' id='block_1_5' title="bbox 1072 321 1084 1746">
    <p class='ocr_par' dir='ltr' id='par_1_6' title="bbox 1072 321 1084 1746">
     <span class='ocr_line' id='line_1_35' title="bbox 1072 321 1084 1746; baseline 0 0"><span class='ocrx_word' id='word_1_191' title='bbox 1072 321 1084 1746; x_wconf 95' lang='lat' dir='ltr'> </span> 
     </span>
    </p>
   </div>
   <div class='ocr_carea' id='block_1_6' title="bbox 325 1896 1084 2587">
    <p class='ocr_par' dir='ltr' id='par_1_7' title="bbox 325 1896 1084 2587">
     <span class='ocr_line' id='line_1_36' title="bbox 325 1896 1081 1948; baseline -0.003 -14"><span class='ocrx_word' id='word_1_192' title='bbox 325 1901 477 1948; x_wconf 72' lang='lat' dir='ltr'>interesse</span> <span class='ocrx_word' id='word_1_193' title='bbox 500 1900 683 1933; x_wconf 84' lang='lat' dir='ltr'>habentium</span> <span class='ocrx_word' id='word_1_194' title='bbox 709 1910 898 1941; x_wconf 88' lang='lat' dir='ltr'>consensus,</span> <span class='ocrx_word' id='word_1_195' title='bbox 924 1910 979 1932; x_wconf 87' lang='lat' dir='ltr'>seu</span> <span class='ocrx_word' id='word_1_196' title='bbox 1003 1896 1081 1932; x_wconf 63' lang='lat' dir='ltr'>alio&#39;</span> 
     </span>
     <span class='ocr_line' id='line_1_37' title="bbox 325 1953 1043 1999; baseline -0.003 -11"><span class='ocrx_word' id='word_1_197' title='bbox 325 1965 527 1999; x_wconf 87' lang='lat' dir='ltr'>quocumque</span> <span class='ocrx_word' id='word_1_198' title='bbox 552 1954 675 1987; x_wconf 85' lang='lat' dir='ltr'>defectu</span> <span class='ocrx_word' id='word_1_199' title='bbox 704 1954 828 1994; x_wconf 88' lang='lat' dir='ltr'>notari,</span> <span class='ocrx_word' id='word_1_200' title='bbox 861 1953 1043 1997; x_wconf 78' lang='lat' dir='ltr'>impugnari</span> 
     </span>
     <span class='ocr_line' id='line_1_38' title="bbox 325 2006 1065 2050; baseline -0.004 -9"><span class='ocrx_word' id='word_1_201' title='bbox 325 2008 500 2050; x_wconf 88' lang='lat' dir='ltr'>invalidari,</span> <span class='ocrx_word' id='word_1_202' title='bbox 524 2007 699 2048; x_wconf 84' lang='lat' dir='ltr'>retractari,</span> <span class='ocrx_word' id='word_1_203' title='bbox 715 2006 860 2049; x_wconf 87' lang='lat' dir='ltr'>rescindi,</span> <span class='ocrx_word' id='word_1_204' title='bbox 879 2007 1016 2050; x_wconf 75' lang='lat' dir='ltr'>infringi,</span> <span class='ocrx_word' id='word_1_205' title='bbox 1034 2007 1065 2039; x_wconf 89' lang='lat' dir='ltr'>in</span> 
     </span>
     <span class='ocr_line' id='line_1_39' title="bbox 326 2058 1082 2101; baseline -0.004 -6"><span class='ocrx_word' id='word_1_206' title='bbox 326 2062 374 2095; x_wconf 91' lang='lat' dir='ltr'>ius</span> <span class='ocrx_word' id='word_1_207' title='bbox 388 2062 434 2094; x_wconf 78' lang='lat' dir='ltr'>rel</span> <span class='ocrx_word' id='word_1_208' title='bbox 449 2061 695 2095; x_wconf 75' lang='lat' dir='ltr'>controversiam</span> <span class='ocrx_word' id='word_1_209' title='bbox 721 2060 837 2101; x_wconf 76' lang='lat' dir='ltr'>vocari,</span> <span class='ocrx_word' id='word_1_210' title='bbox 851 2065 900 2092; x_wconf 91' lang='lat' dir='ltr'>aut</span> <span class='ocrx_word' id='word_1_211' title='bbox 916 2059 1065 2093; x_wconf 73' lang='lat' dir='ltr'>adversus</span> <span class='ocrx_word' id='word_1_212' title='bbox 1080 2058 1082 2075; x_wconf 65' lang='lat'><em>³</em></span> 
     </span>
     <span class='ocr_line' id='line_1_40' title="bbox 327 2114 1065 2157; baseline -0.003 -9"><span class='ocrx_word' id='word_1_213' title='bbox 327 2115 412 2148; x_wconf 91' lang='lat' dir='ltr'>illas¹</span> <span class='ocrx_word' id='word_1_214' title='bbox 432 2115 523 2148; x_wconf 89' lang='lat' dir='ltr'>etiam</span> <span class='ocrx_word' id='word_1_215' title='bbox 542 2114 749 2148; x_wconf 81' lang='lat' dir='ltr'>restitutionis</span> <span class='ocrx_word' id='word_1_216' title='bbox 774 2115 804 2146; x_wconf 92' lang='lat' dir='ltr'>in</span> <span class='ocrx_word' id='word_1_217' title='bbox 825 2114 993 2157; x_wconf 81' lang='lat' dir='ltr'>integrum,</span> <span class='ocrx_word' id='word_1_218' title='bbox 1011 2124 1065 2146; x_wconf 87' lang='lat' dir='ltr'>seu</span> 
     </span>
     <span class='ocr_line' id='line_1_41' title="bbox 327 2167 1061 2213; baseline -0.003 -12"><span class='ocrx_word' id='word_1_219' title='bbox 327 2168 459 2212; x_wconf 76' lang='lat' dir='ltr'>quodvis</span> <span class='ocrx_word' id='word_1_220' title='bbox 483 2168 566 2201; x_wconf 89' lang='lat' dir='ltr'>aliud</span> <span class='ocrx_word' id='word_1_221' title='bbox 590 2168 677 2213; x_wconf 67' lang='lat' dir='ltr'>iuris,</span> <span class='ocrx_word' id='word_1_222' title='bbox 703 2167 823 2211; x_wconf 77' lang='lat' dir='ltr'>gratiae</span> <span class='ocrx_word' id='word_1_223' title='bbox 847 2167 895 2200; x_wconf 70' lang='lat' dir='ltr'>vel</span> <span class='ocrx_word' id='word_1_224' title='bbox 921 2167 992 2200; x_wconf 88' lang='lat' dir='ltr'>sacti</span> <span class='ocrx_word' id='word_1_225' title='bbox 1010 2177 1061 2200; x_wconf 91' lang='lat' dir='ltr'>re-</span> 
     </span>
     <span class='ocr_line' id='line_1_42' title="bbox 328 2222 1067 2266; baseline -0.001 -11"><span class='ocrx_word' id='word_1_226' title='bbox 328 2222 465 2255; x_wconf 82' lang='lat' dir='ltr'>medium</span> <span class='ocrx_word' id='word_1_227' title='bbox 491 2222 669 2266; x_wconf 88' lang='lat' dir='ltr'>impetrari,</span> <span class='ocrx_word' id='word_1_228' title='bbox 692 2226 744 2256; x_wconf 85' lang='lat' dir='ltr'>aut</span> <span class='ocrx_word' id='word_1_229' title='bbox 767 2222 861 2254; x_wconf 88' lang='lat' dir='ltr'>etiam</span> <span class='ocrx_word' id='word_1_230' title='bbox 887 2225 973 2255; x_wconf 91' lang='lat' dir='ltr'>motu</span> <span class='ocrx_word' id='word_1_231' title='bbox 998 2232 1067 2264; x_wconf 91' lang='lat' dir='ltr'>pro-</span> 
     </span>
     <span class='ocr_line' id='line_1_43' title="bbox 328 2276 1065 2322; baseline -0.004 -12"><span class='ocrx_word' id='word_1_232' title='bbox 328 2277 399 2322; x_wconf 91' lang='lat' dir='ltr'>prio</span> <span class='ocrx_word' id='word_1_233' title='bbox 424 2276 563 2317; x_wconf 90' lang='lat' dir='ltr'>concedi,</span> <span class='ocrx_word' id='word_1_234' title='bbox 588 2281 639 2309; x_wconf 87' lang='lat' dir='ltr'>aut</span> <span class='ocrx_word' id='word_1_235' title='bbox 660 2276 704 2309; x_wconf 91' lang='lat' dir='ltr'>sic</span> <span class='ocrx_word' id='word_1_236' title='bbox 729 2276 898 2319; x_wconf 85' lang='lat' dir='ltr'>impetrato</span> <span class='ocrx_word' id='word_1_237' title='bbox 922 2276 970 2308; x_wconf 78' lang='lat' dir='ltr'>vel</span> <span class='ocrx_word' id='word_1_238' title='bbox 992 2285 1065 2308; x_wconf 91' lang='lat' dir='ltr'>con-</span> 
     </span>
     <span class='ocr_line' id='line_1_44' title="bbox 329 2323 1083 2373; baseline -0.003 -10"><span class='ocrx_word' id='word_1_239' title='bbox 329 2341 417 2363; x_wconf 89' lang='lat' dir='ltr'>cesso</span> <span class='ocrx_word' id='word_1_240' title='bbox 453 2340 643 2373; x_wconf 88' lang='lat' dir='ltr'>quemquam</span> <span class='ocrx_word' id='word_1_241' title='bbox 679 2330 724 2362; x_wconf 89' lang='lat' dir='ltr'>uti</span> <span class='ocrx_word' id='word_1_242' title='bbox 756 2340 818 2363; x_wconf 91' lang='lat' dir='ltr'>non</span> <span class='ocrx_word' id='word_1_243' title='bbox 849 2339 942 2373; x_wconf 91' lang='lat' dir='ltr'>posse</span> <span class='ocrx_word' id='word_1_244' title='bbox 959 2328 980 2370; x_wconf 68' lang='lat'>²²,</span> <span class='ocrx_word' id='word_1_245' title='bbox 1013 2323 1083 2362; x_wconf 51' lang='lat' dir='ltr'>sed*</span> 
     </span>
     <span class='ocr_line' id='line_1_45' title="bbox 329 2383 1084 2426; baseline -0.001 -10"><span class='ocrx_word' id='word_1_246' title='bbox 329 2383 478 2416; x_wconf 77' lang='lat' dir='ltr'>adversus</span> <span class='ocrx_word' id='word_1_247' title='bbox 510 2393 725 2426; x_wconf 88' lang='lat' dir='ltr'>quascumque</span> <span class='ocrx_word' id='word_1_248' title='bbox 757 2383 1007 2426; x_wconf 78' lang='lat' dir='ltr'>impugnationes</span> <span class='ocrx_word' id='word_1_249' title='bbox 1039 2386 1084 2415; x_wconf 61' lang='lat' dir='ltr'>et,</span> 
     </span>
     <span class='ocr_line' id='line_1_46' title="bbox 329 2436 1067 2480; baseline 0 -11"><span class='ocrx_word' id='word_1_250' title='bbox 329 2436 553 2480; x_wconf 89' lang='lat' dir='ltr'>impedimenta</span> <span class='ocrx_word' id='word_1_251' title='bbox 577 2436 694 2469; x_wconf 71' lang='lat' dir='ltr'>validas</span> <span class='ocrx_word' id='word_1_252' title='bbox 719 2441 749 2469; x_wconf 86' lang='lat' dir='ltr'>et</span> <span class='ocrx_word' id='word_1_253' title='bbox 781 2436 921 2469; x_wconf 82' lang='lat' dir='ltr'>efficaces</span> <span class='ocrx_word' id='word_1_254' title='bbox 946 2446 961 2469; x_wconf 91' lang='lat' dir='ltr'>c</span> <span class='ocrx_word' id='word_1_255' title='bbox 1039 2441 1067 2468; x_wconf 88' lang='lat' dir='ltr'>et</span> 
     </span>
     <span class='ocr_line' id='line_1_47' title="bbox 1020 2495 1068 2523; baseline 0.021 -1"><span class='ocrx_word' id='word_1_256' title='bbox 1020 2495 1068 2523; x_wconf 90' lang='lat' dir='ltr'>tus</span> 
     </span>
     <span class='ocr_line' id='line_1_48' title="bbox 330 2543 1068 2587; baseline 0 -10"><span class='ocrx_word' id='word_1_257' title='bbox 330 2544 436 2578; x_wconf 86' lang='lat' dir='ltr'>sortiri</span> <span class='ocrx_word' id='word_1_258' title='bbox 461 2543 492 2576; x_wconf 92' lang='lat' dir='ltr'>in</span> <span class='ocrx_word' id='word_1_259' title='bbox 517 2543 664 2576; x_wconf 90' lang='lat' dir='ltr'>omnibus</span> <span class='ocrx_word' id='word_1_260' title='bbox 688 2547 718 2577; x_wconf 84' lang='lat' dir='ltr'>et</span> <span class='ocrx_word' id='word_1_261' title='bbox 740 2553 796 2586; x_wconf 87' lang='lat' dir='ltr'>per</span> <span class='ocrx_word' id='word_1_262' title='bbox 816 2543 921 2576; x_wconf 92' lang='lat' dir='ltr'>omnia</span> <span class='ocrx_word' id='word_1_263' title='bbox 939 2543 1068 2587; x_wconf 86' lang='lat' dir='ltr'>perinde</span> 
     </span>
    </p>
   </div>
   <div class='ocr_carea' id='block_1_7' title="bbox 367 2614 1090 2696">
    <p class='ocr_par' dir='ltr' id='par_1_8' title="bbox 367 2614 1090 2696">
     <span class='ocr_line' id='line_1_49' title="bbox 368 2614 838 2650; baseline -0.002 -8"><span class='ocrx_word' id='word_1_264' title='bbox 368 2617 378 2643; x_wconf 72' lang='lat' dir='ltr'>t</span> <span class='ocrx_word' id='word_1_265' title='bbox 397 2615 467 2642; x_wconf 86' lang='lat' dir='ltr'>Edit.</span> <span class='ocrx_word' id='word_1_266' title='bbox 484 2615 568 2642; x_wconf 84' lang='lat' dir='ltr'>Main.</span> <span class='ocrx_word' id='word_1_267' title='bbox 585 2614 650 2650; x_wconf 86' lang='lat' dir='ltr'>legit</span> <span class='ocrx_word' id='word_1_268' title='bbox 671 2614 723 2642; x_wconf 77' lang='lat' dir='ltr'>illa</span> <span class='ocrx_word' id='word_1_269' title='bbox 737 2616 774 2649; x_wconf 77' lang='lat' dir='ltr'>(R.</span> <span class='ocrx_word' id='word_1_270' title='bbox 790 2615 838 2648; x_wconf 57' lang='grc' dir='ltr'>Τ),</span> 
     </span>
     <span class='ocr_line' id='line_1_50' title="bbox 367 2659 1090 2696; baseline -0.001 -8"><span class='ocrx_word' id='word_1_271' title='bbox 367 2661 384 2688; x_wconf 73' lang='lat'><strong>⁶..)</strong></span> <span class='ocrx_word' id='word_1_272' title='bbox 400 2660 453 2688; x_wconf 83' lang='lat' dir='ltr'>Has</span> <span class='ocrx_word' id='word_1_273' title='bbox 471 2669 549 2689; x_wconf 66' lang='lat' dir='ltr'>voces</span> <span class='ocrx_word' id='word_1_274' title='bbox 564 2669 618 2688; x_wconf 76' lang='grc' dir='ltr'>ἰιοη</span> <span class='ocrx_word' id='word_1_275' title='bbox 633 2669 715 2696; x_wconf 80' lang='lat' dir='ltr'>posse</span> <span class='ocrx_word' id='word_1_276' title='bbox 730 2668 779 2688; x_wconf 87' lang='lat' dir='ltr'>nos</span> <span class='ocrx_word' id='word_1_277' title='bbox 794 2659 918 2688; x_wconf 81' lang='lat' dir='ltr'>addimus</span> <span class='ocrx_word' id='word_1_278' title='bbox 934 2660 968 2696; x_wconf 46' lang='grc' dir='ltr'>ζῐι.</span> <span class='ocrx_word' id='word_1_279' title='bbox 985 2662 1033 2694; x_wconf 80' lang='grc' dir='ltr'>Τ.).</span> <span class='ocrx_word' id='word_1_280' title='bbox 1086 2672 1090 2696; x_wconf 64' lang='grc' dir='ltr'>ι</span> 
     </span>
    </p>
   </div>
   <div class='ocr_carea' id='block_1_8' title="bbox 1080 1931 1088 2670">
    <p class='ocr_par' dir='ltr' id='par_1_9' title="bbox 1080 1931 1088 2670">
     <span class='ocr_line' id='line_1_51' title="bbox 1080 1931 1088 2670; baseline 0 0"><span class='ocrx_word' id='word_1_281' title='bbox 1080 1931 1088 2670; x_wconf 95' lang='lat' dir='ltr'> </span> 
     </span>
    </p>
   </div>
   <div class='ocr_carea' id='block_1_9' title="bbox 1085 2572 1153 2602">
    <p class='ocr_par' dir='ltr' id='par_1_10' title="bbox 1085 2572 1153 2602">
     <span class='ocr_line' id='line_1_52' title="bbox 1085 2572 1153 2602; baseline 0 0"><span class='ocrx_word' id='word_1_282' title='bbox 1085 2591 1086 2602; x_wconf 80' lang='lat' dir='ltr'>l</span> <span class='ocrx_word' id='word_1_283' title='bbox 1138 2572 1153 2590; x_wconf 64' lang='lat'>⁶&gt;</span> 
     </span>
    </p>
   </div>
   <div class='ocr_carea' id='block_1_10' title="bbox 1090 241 1833 602">
    <p class='ocr_par' dir='ltr' id='par_1_11' title="bbox 1090 241 1833 602">
     <span class='ocr_line' id='line_1_53' title="bbox 1091 241 1221 267; baseline -0.008 0"><span class='ocrx_word' id='word_1_284' title='bbox 1091 241 1148 267; x_wconf 76' lang='lat' dir='ltr'>vm</span> <span class='ocrx_word' id='word_1_285' title='bbox 1172 241 1221 267; x_wconf 69' lang='lat' dir='ltr'>rr.</span> 
     </span>
     <span class='ocr_line' id='line_1_54' title="bbox 1092 287 1826 325; baseline -0.005 -1"><span class='ocrx_word' id='word_1_286' title='bbox 1092 302 1127 325; x_wconf 88' lang='lat' dir='ltr'>ac</span> <span class='ocrx_word' id='word_1_287' title='bbox 1152 291 1177 324; x_wconf 87' lang='lat' dir='ltr'>si</span> <span class='ocrx_word' id='word_1_288' title='bbox 1203 290 1319 324; x_wconf 73' lang='lat' dir='ltr'>vocatis</span> <span class='ocrx_word' id='word_1_289' title='bbox 1343 288 1512 324; x_wconf 76' lang='lat' dir='ltr'>vocandis¹</span> <span class='ocrx_word' id='word_1_290' title='bbox 1542 291 1572 323; x_wconf 89' lang='lat' dir='ltr'>ct</span> <span class='ocrx_word' id='word_1_291' title='bbox 1601 287 1732 322; x_wconf 81' lang='lat' dir='ltr'>servatis</span> <span class='ocrx_word' id='word_1_292' title='bbox 1757 297 1826 321; x_wconf 87' lang='lat' dir='ltr'>ser-</span> 
     </span>
     <span class='ocr_line' id='line_1_55' title="bbox 1093 343 1828 388; baseline -0.003 -11"><span class='ocrx_word' id='word_1_293' title='bbox 1093 345 1199 378; x_wconf 70' lang='lat' dir='ltr'>vandis</span> <span class='ocrx_word' id='word_1_294' title='bbox 1224 350 1418 378; x_wconf 88' lang='lat' dir='ltr'>emanassent</span> <span class='ocrx_word' id='word_1_295' title='bbox 1431 343 1452 385; x_wconf 74' lang='lat'>²³,</span> <span class='ocrx_word' id='word_1_296' title='bbox 1476 354 1512 378; x_wconf 86' lang='lat' dir='ltr'>ae</span> <span class='ocrx_word' id='word_1_297' title='bbox 1540 353 1596 388; x_wconf 91' lang='lat' dir='ltr'>per</span> <span class='ocrx_word' id='word_1_298' title='bbox 1628 343 1749 376; x_wconf 84' lang='lat' dir='ltr'>futuros</span> <span class='ocrx_word' id='word_1_299' title='bbox 1774 353 1828 376; x_wconf 87' lang='lat' dir='ltr'>ee-</span> 
     </span>
     <span class='ocr_line' id='line_1_56' title="bbox 1091 395 1831 442; baseline -0.003 -12"><span class='ocrx_word' id='word_1_300' title='bbox 1091 399 1203 431; x_wconf 87' lang='lat' dir='ltr'>clesiae</span> <span class='ocrx_word' id='word_1_301' title='bbox 1227 397 1452 431; x_wconf 80' lang='lat' dir='ltr'>Sarsinatensis</span> <span class='ocrx_word' id='word_1_302' title='bbox 1469 397 1631 442; x_wconf 80' lang='lat' dir='ltr'>praesules</span> <span class='ocrx_word' id='word_1_303' title='bbox 1651 406 1705 430; x_wconf 90' lang='lat' dir='ltr'>seu</span> <span class='ocrx_word' id='word_1_304' title='bbox 1729 395 1831 429; x_wconf 88' lang='lat' dir='ltr'>admi-</span> 
     </span>
     <span class='ocr_line' id='line_1_57' title="bbox 1090 451 1832 495; baseline -0.001 -11"><span class='ocrx_word' id='word_1_305' title='bbox 1090 452 1276 485; x_wconf 88' lang='lat' dir='ltr'>nistratores</span> <span class='ocrx_word' id='word_1_306' title='bbox 1301 462 1358 495; x_wconf 87' lang='lat' dir='ltr'>pro</span> <span class='ocrx_word' id='word_1_307' title='bbox 1384 457 1524 495; x_wconf 89' lang='lat' dir='ltr'>tempore</span> <span class='ocrx_word' id='word_1_308' title='bbox 1549 451 1727 491; x_wconf 79' lang='lat' dir='ltr'>existentes,</span> <span class='ocrx_word' id='word_1_309' title='bbox 1752 454 1832 483; x_wconf 87' lang='lat' dir='ltr'>cete-</span> 
     </span>
     <span class='ocr_line' id='line_1_58' title="bbox 1091 504 1832 549; baseline -0.004 -11"><span class='ocrx_word' id='word_1_310' title='bbox 1091 515 1207 549; x_wconf 81' lang='lat' dir='ltr'>losque</span> <span class='ocrx_word' id='word_1_311' title='bbox 1232 515 1340 538; x_wconf 87' lang='lat' dir='ltr'>omnes</span> <span class='ocrx_word' id='word_1_312' title='bbox 1365 510 1395 537; x_wconf 87' lang='lat' dir='ltr'>et</span> <span class='ocrx_word' id='word_1_313' title='bbox 1412 505 1552 547; x_wconf 76' lang='lat' dir='ltr'>singulos</span> <span class='ocrx_word' id='word_1_314' title='bbox 1566 505 1613 537; x_wconf 90' lang='lat' dir='ltr'>ius</span> <span class='ocrx_word' id='word_1_315' title='bbox 1631 509 1661 537; x_wconf 90' lang='lat' dir='ltr'>et</span> <span class='ocrx_word' id='word_1_316' title='bbox 1681 504 1832 536; x_wconf 86' lang='lat' dir='ltr'>interesse</span> 
     </span>
     <span class='ocr_line' id='line_1_59' title="bbox 1090 556 1833 602; baseline -0.004 -11"><span class='ocrx_word' id='word_1_317' title='bbox 1090 558 1242 591; x_wconf 87' lang='lat' dir='ltr'>habentes</span> <span class='ocrx_word' id='word_1_318' title='bbox 1259 569 1313 591; x_wconf 90' lang='lat' dir='ltr'>seu</span> <span class='ocrx_word' id='word_1_319' title='bbox 1333 557 1450 591; x_wconf 88' lang='lat' dir='ltr'>habere</span> <span class='ocrx_word' id='word_1_320' title='bbox 1471 557 1719 602; x_wconf 84' lang='lat' dir='ltr'>praetendentes,</span> <span class='ocrx_word' id='word_1_321' title='bbox 1737 556 1833 589; x_wconf 81' lang='lat' dir='ltr'>invio-</span> 
     </span>
    </p>
   </div>
   <div class='ocr_carea' id='block_1_11' title="bbox 1046 609 1833 645">
    <p class='ocr_par' dir='ltr' id='par_1_12' title="bbox 1046 609 1833 645">
     <span class='ocr_line' id='line_1_60' title="bbox 1046 609 1833 645; baseline -0.003 -1"><span class='ocrx_word' id='word_1_322' title='bbox 1046 625 1050 627; x_wconf 28' lang='grc' dir='ltr'><strong><em>Δ</em></strong></span> <span class='ocrx_word' id='word_1_323' title='bbox 1091 612 1227 644; x_wconf 85' lang='lat' dir='ltr'>labiliter</span> <span class='ocrx_word' id='word_1_324' title='bbox 1248 617 1278 645; x_wconf 91' lang='lat' dir='ltr'>et</span> <span class='ocrx_word' id='word_1_325' title='bbox 1302 611 1487 644; x_wconf 90' lang='lat' dir='ltr'>inconcusse</span> <span class='ocrx_word' id='word_1_326' title='bbox 1512 610 1673 644; x_wconf 76' lang='lat' dir='ltr'>observari</span> <span class='ocrx_word' id='word_1_327' title='bbox 1690 615 1721 643; x_wconf 88' lang='lat' dir='ltr'>et</span> <span class='ocrx_word' id='word_1_328' title='bbox 1737 609 1833 642; x_wconf 85' lang='lat' dir='ltr'>adim-</span> 
     </span>
    </p>
   </div>
   <div class='ocr_carea' id='block_1_12' title="bbox 1090 663 1835 925">
    <p class='ocr_par' dir='ltr' id='par_1_13' title="bbox 1090 663 1835 925">
     <span class='ocr_line' id='line_1_61' title="bbox 1090 663 1833 709; baseline -0.003 -11"><span class='ocrx_word' id='word_1_329' title='bbox 1090 665 1170 709; x_wconf 87' lang='lat' dir='ltr'>pleri</span> <span class='ocrx_word' id='word_1_330' title='bbox 1188 665 1314 706; x_wconf 88' lang='lat' dir='ltr'>debere,</span> <span class='ocrx_word' id='word_1_331' title='bbox 1330 675 1432 709; x_wconf 86' lang='lat' dir='ltr'>neque</span> <span class='ocrx_word' id='word_1_332' title='bbox 1446 664 1530 708; x_wconf 90' lang='lat' dir='ltr'>ipsos</span> <span class='ocrx_word' id='word_1_333' title='bbox 1548 664 1594 697; x_wconf 90' lang='lat' dir='ltr'>ius</span> <span class='ocrx_word' id='word_1_334' title='bbox 1611 664 1659 697; x_wconf 64' lang='lat' dir='ltr'>vel</span> <span class='ocrx_word' id='word_1_335' title='bbox 1677 663 1833 697; x_wconf 84' lang='lat' dir='ltr'>actionem</span> 
     </span>
     <span class='ocr_line' id='line_1_62' title="bbox 1091 717 1834 760; baseline -0.003 -9"><span class='ocrx_word' id='word_1_336' title='bbox 1091 723 1145 751; x_wconf 89' lang='lat' dir='ltr'>aut</span> <span class='ocrx_word' id='word_1_337' title='bbox 1168 718 1356 751; x_wconf 77' lang='lat' dir='ltr'>beneficium</span> <span class='ocrx_word' id='word_1_338' title='bbox 1381 717 1588 751; x_wconf 85' lang='lat' dir='ltr'>restitutionis</span> <span class='ocrx_word' id='word_1_339' title='bbox 1612 717 1643 750; x_wconf 89' lang='lat' dir='ltr'>in</span> <span class='ocrx_word' id='word_1_340' title='bbox 1664 717 1834 760; x_wconf 77' lang='lat' dir='ltr'>integrum,</span> 
     </span>
     <span class='ocr_line' id='line_1_63' title="bbox 1092 770 1834 816; baseline -0.003 -11"><span class='ocrx_word' id='word_1_341' title='bbox 1092 772 1203 806; x_wconf 82' lang='lat' dir='ltr'>iudicis</span> <span class='ocrx_word' id='word_1_342' title='bbox 1212 772 1361 815; x_wconf 88' lang='lat' dir='ltr'>ossicium,</span> <span class='ocrx_word' id='word_1_343' title='bbox 1377 783 1431 806; x_wconf 90' lang='lat' dir='ltr'>scu</span> <span class='ocrx_word' id='word_1_344' title='bbox 1445 781 1663 816; x_wconf 88' lang='lat' dir='ltr'>quaecumque</span> <span class='ocrx_word' id='word_1_345' title='bbox 1676 771 1736 804; x_wconf 89' lang='lat' dir='ltr'>alia</span> <span class='ocrx_word' id='word_1_346' title='bbox 1756 770 1834 803; x_wconf 84' lang='lat' dir='ltr'>iuris</span> 
     </span>
     <span class='ocr_line' id='line_1_64' title="bbox 1092 824 1835 867; baseline -0.004 -8"><span class='ocrx_word' id='word_1_347' title='bbox 1092 827 1240 867; x_wconf 89' lang='lat' dir='ltr'>remedia,</span> <span class='ocrx_word' id='word_1_348' title='bbox 1265 827 1425 860; x_wconf 88' lang='lat' dir='ltr'>ordinaria</span> <span class='ocrx_word' id='word_1_349' title='bbox 1449 831 1478 859; x_wconf 84' lang='lat' dir='ltr'>et</span> <span class='ocrx_word' id='word_1_350' title='bbox 1495 824 1756 865; x_wconf 84' lang='lat' dir='ltr'>extraordinaria,</span> <span class='ocrx_word' id='word_1_351' title='bbox 1770 829 1835 857; x_wconf 87' lang='lat' dir='ltr'>tam</span> 
     </span>
     <span class='ocr_line' id='line_1_65' title="bbox 1094 871 1835 925; baseline -0.003 -12"><span class='ocrx_word' id='word_1_352' title='bbox 1094 881 1124 913; x_wconf 91' lang='lat' dir='ltr'>in</span> <span class='ocrx_word' id='word_1_353' title='bbox 1149 871 1296 925; x_wconf 78' lang='lat' dir='ltr'>petitorio</span> <span class='ocrx_word' id='word_1_354' title='bbox 1321 892 1415 925; x_wconf 89' lang='lat' dir='ltr'>quam</span> <span class='ocrx_word' id='word_1_355' title='bbox 1441 880 1471 913; x_wconf 91' lang='lat' dir='ltr'>in</span> <span class='ocrx_word' id='word_1_356' title='bbox 1495 880 1714 924; x_wconf 81' lang='lat' dir='ltr'>possessorio,</span> <span class='ocrx_word' id='word_1_357' title='bbox 1740 879 1835 912; x_wconf 86' lang='lat' dir='ltr'>etiam</span> 
     </span>
    </p>
   </div>
   <div class='ocr_carea' id='block_1_13' title="bbox 1074 933 1836 983">
    <p class='ocr_par' dir='ltr' id='par_1_14' title="bbox 1074 933 1836 983">
     <span class='ocr_line' id='line_1_66' title="bbox 1074 933 1836 983; baseline -0.003 -16"><span class='ocrx_word' id='word_1_358' title='bbox 1074 974 1076 983; x_wconf 35' lang='lat'><strong>⁴</strong></span> <span class='ocrx_word' id='word_1_359' title='bbox 1093 934 1367 975; x_wconf 87' lang='lat' dir='ltr'>summariissimo,</span> <span class='ocrx_word' id='word_1_360' title='bbox 1380 933 1586 978; x_wconf 86' lang='lat' dir='ltr'>praetendere</span> <span class='ocrx_word' id='word_1_361' title='bbox 1607 943 1711 978; x_wconf 89' lang='lat' dir='ltr'>posse,</span> <span class='ocrx_word' id='word_1_362' title='bbox 1728 933 1836 976; x_wconf 83' lang='lat' dir='ltr'>sicque</span> 
     </span>
    </p>
   </div>
   <div class='ocr_carea' id='block_1_14' title="bbox 1075 986 1838 1248">
    <p class='ocr_par' dir='ltr' id='par_1_15' title="bbox 1092 986 1838 1248">
     <span class='ocr_line' id='line_1_67' title="bbox 1093 986 1837 1032; baseline -0.005 -10"><span class='ocrx_word' id='word_1_363' title='bbox 1093 999 1150 1032; x_wconf 85' lang='lat' dir='ltr'>per</span> <span class='ocrx_word' id='word_1_364' title='bbox 1174 998 1390 1032; x_wconf 87' lang='lat' dir='ltr'>quoscumque</span> <span class='ocrx_word' id='word_1_365' title='bbox 1409 988 1526 1021; x_wconf 90' lang='lat' dir='ltr'>iudices</span> <span class='ocrx_word' id='word_1_366' title='bbox 1545 987 1723 1020; x_wconf 88' lang='lat' dir='ltr'>ordinarios</span> <span class='ocrx_word' id='word_1_367' title='bbox 1740 992 1770 1020; x_wconf 85' lang='lat' dir='ltr'>et</span> <span class='ocrx_word' id='word_1_368' title='bbox 1787 986 1837 1018; x_wconf 86' lang='lat' dir='ltr'>de-</span> 
     </span>
     <span class='ocr_line' id='line_1_68' title="bbox 1075 1032 1836 1093; baseline -0.003 -18.954"><span class='ocrx_word' id='word_1_369' title='bbox 1075 1042 1222 1093; x_wconf 76' lang='lat' dir='ltr'>legatos,</span> <span class='ocrx_word' id='word_1_370' title='bbox 1248 1032 1529 1077; x_wconf 44' lang='lat' dir='ltr'>etiamffiausarum</span> <span class='ocrx_word' id='word_1_371' title='bbox 1546 1040 1653 1085; x_wconf 86' lang='lat' dir='ltr'>palatii</span> <span class='ocrx_word' id='word_1_372' title='bbox 1670 1039 1836 1084; x_wconf 87' lang='lat' dir='ltr'>apostolici</span> 
     </span>
     <span class='ocr_line' id='line_1_69' title="bbox 1094 1093 1835 1140; baseline -0.005 -11"><span class='ocrx_word' id='word_1_373' title='bbox 1094 1096 1272 1137; x_wconf 87' lang='lat' dir='ltr'>auditores,</span> <span class='ocrx_word' id='word_1_374' title='bbox 1298 1107 1442 1130; x_wconf 89' lang='lat' dir='ltr'>camerae</span> <span class='ocrx_word' id='word_1_375' title='bbox 1467 1094 1656 1140; x_wconf 84' lang='lat' dir='ltr'>apostolicae</span> <span class='ocrx_word' id='word_1_376' title='bbox 1682 1093 1835 1135; x_wconf 84' lang='lat' dir='ltr'>clericos,</span> 
     </span>
     <span class='ocr_line' id='line_1_70' title="bbox 1094 1147 1835 1188; baseline -0.004 -5.996"><span class='ocrx_word' id='word_1_377' title='bbox 1094 1161 1129 1183; x_wconf 89' lang='lat' dir='ltr'>ac</span> <span class='ocrx_word' id='word_1_378' title='bbox 1154 1150 1182 1184; x_wconf 79' lang='lat' dir='ltr'>S.</span> <span class='ocrx_word' id='word_1_379' title='bbox 1209 1151 1243 1183; x_wconf 80' lang='lat' dir='ltr'>R.</span> <span class='ocrx_word' id='word_1_380' title='bbox 1271 1151 1303 1183; x_wconf 82' lang='lat' dir='ltr'>E.</span> <span class='ocrx_word' id='word_1_381' title='bbox 1330 1150 1504 1184; x_wconf 89' lang='lat' dir='ltr'>cardinales</span> <span class='ocrx_word' id='word_1_382' title='bbox 1521 1148 1724 1188; x_wconf 84' lang='lat' dir='ltr'>camerarios,</span> <span class='ocrx_word' id='word_1_383' title='bbox 1742 1147 1835 1181; x_wconf 88' lang='lat' dir='ltr'>etiam</span> 
     </span>
     <span class='ocr_line' id='line_1_71' title="bbox 1095 1201 1838 1248; baseline -0.004 -11"><span class='ocrx_word' id='word_1_384' title='bbox 1095 1204 1132 1237; x_wconf 90' lang='lat' dir='ltr'>de</span> <span class='ocrx_word' id='word_1_385' title='bbox 1149 1205 1254 1240; x_wconf 82' lang='lat' dir='ltr'>‚latere</span> <span class='ocrx_word' id='word_1_386' title='bbox 1278 1205 1417 1248; x_wconf 77' lang='lat' dir='ltr'>legatos³</span> <span class='ocrx_word' id='word_1_387' title='bbox 1434 1209 1464 1237; x_wconf 85' lang='lat' dir='ltr'>et</span> <span class='ocrx_word' id='word_1_388' title='bbox 1479 1203 1611 1237; x_wconf 89' lang='lat' dir='ltr'>nuncios</span> <span class='ocrx_word' id='word_1_389' title='bbox 1632 1202 1769 1246; x_wconf 79' lang='lat' dir='ltr'>&lt;sublata</span> <span class='ocrx_word' id='word_1_390' title='bbox 1784 1201 1838 1242; x_wconf 84' lang='lat' dir='ltr'>eis,</span> 
     </span>
    </p>
   </div>
   <div class='ocr_carea' id='block_1_15' title="bbox 1078 1255 1839 1407">
    <p class='ocr_par' dir='ltr' id='par_1_16' title="bbox 1078 1255 1839 1407">
     <span class='ocr_line' id='line_1_72' title="bbox 1078 1255 1839 1302; baseline -0.007 -10"><span class='ocrx_word' id='word_1_391' title='bbox 1078 1288 1079 1291; x_wconf 72' lang='grc'>,</span> <span class='ocrx_word' id='word_1_392' title='bbox 1095 1263 1125 1292; x_wconf 85' lang='lat' dir='ltr'>et</span> <span class='ocrx_word' id='word_1_393' title='bbox 1150 1269 1260 1292; x_wconf 90' lang='lat' dir='ltr'>eorum</span> <span class='ocrx_word' id='word_1_394' title='bbox 1286 1258 1425 1299; x_wconf 82' lang='lat' dir='ltr'>cuilibet,</span> <span class='ocrx_word' id='word_1_395' title='bbox 1442 1258 1551 1302; x_wconf 74' lang='lat' dir='ltr'>quavis</span> <span class='ocrx_word' id='word_1_396' title='bbox 1572 1257 1662 1290; x_wconf 91' lang='lat' dir='ltr'>aliter</span> <span class='ocrx_word' id='word_1_397' title='bbox 1679 1255 1839 1288; x_wconf 86' lang='lat' dir='ltr'>iudicandi</span> 
     </span>
     <span class='ocr_line' id='line_1_73' title="bbox 1078 1309 1838 1365; baseline -0.003 -21"><span class='ocrx_word' id='word_1_398' title='bbox 1078 1318 1126 1365; x_wconf 74' lang='lat' dir='ltr'>,et</span> <span class='ocrx_word' id='word_1_399' title='bbox 1150 1312 1378 1357; x_wconf 83' lang='lat' dir='ltr'>interpretandi</span> <span class='ocrx_word' id='word_1_400' title='bbox 1402 1312 1547 1345; x_wconf 81' lang='lat' dir='ltr'>facultate</span> <span class='ocrx_word' id='word_1_401' title='bbox 1578 1315 1609 1343; x_wconf 84' lang='lat' dir='ltr'>et</span> <span class='ocrx_word' id='word_1_402' title='bbox 1639 1309 1838 1353; x_wconf 87' lang='lat' dir='ltr'>auctoritate)</span> 
     </span>
     <span class='ocr_line' id='line_1_74' title="bbox 1079 1364 1839 1407; baseline -0.004 -9"><span class='ocrx_word' id='word_1_403' title='bbox 1079 1365 1229 1404; x_wconf 51' lang='lat' dir='ltr'>¹iudicari</span> <span class='ocrx_word' id='word_1_404' title='bbox 1264 1377 1299 1398; x_wconf 89' lang='lat' dir='ltr'>ac</span> <span class='ocrx_word' id='word_1_405' title='bbox 1331 1366 1455 1398; x_wconf 80' lang='lat' dir='ltr'>definiri</span> <span class='ocrx_word' id='word_1_406' title='bbox 1481 1365 1618 1407; x_wconf 88' lang='lat' dir='ltr'>debere,</span> <span class='ocrx_word' id='word_1_407' title='bbox 1648 1375 1684 1397; x_wconf 87' lang='lat' dir='ltr'>ac</span> <span class='ocrx_word' id='word_1_408' title='bbox 1714 1364 1839 1396; x_wconf 89' lang='lat' dir='ltr'>irritum</span> 
     </span>
    </p>
   </div>
   <div class='ocr_carea' id='block_1_16' title="bbox 1097 1417 1840 1464">
    <p class='ocr_par' dir='ltr' id='par_1_17' title="bbox 1097 1417 1840 1464">
     <span class='ocr_line' id='line_1_75' title="bbox 1097 1417 1840 1464; baseline -0.003 -13"><span class='ocrx_word' id='word_1_409' title='bbox 1097 1430 1223 1464; x_wconf 86' lang='lat' dir='ltr'>quoque</span> <span class='ocrx_word' id='word_1_410' title='bbox 1248 1425 1277 1452; x_wconf 89' lang='lat' dir='ltr'>et</span> <span class='ocrx_word' id='word_1_411' title='bbox 1302 1419 1415 1460; x_wconf 85' lang='lat' dir='ltr'>inane,</span> <span class='ocrx_word' id='word_1_412' title='bbox 1440 1419 1465 1452; x_wconf 90' lang='lat' dir='ltr'>si</span> <span class='ocrx_word' id='word_1_413' title='bbox 1496 1429 1587 1452; x_wconf 88' lang='lat' dir='ltr'>secus</span> <span class='ocrx_word' id='word_1_414' title='bbox 1618 1428 1714 1461; x_wconf 89' lang='lat' dir='ltr'>super</span> <span class='ocrx_word' id='word_1_415' title='bbox 1744 1417 1794 1449; x_wconf 86' lang='lat' dir='ltr'>his</span> <span class='ocrx_word' id='word_1_416' title='bbox 1822 1427 1840 1449; x_wconf 88' lang='lat' dir='ltr'>a</span> 
     </span>
    </p>
   </div>
   <div class='ocr_carea' id='block_1_17' title="bbox 1079 1459 1840 1521">
    <p class='ocr_par' dir='ltr' id='par_1_18' title="bbox 1079 1459 1840 1521">
     <span class='ocr_line' id='line_1_76' title="bbox 1079 1459 1840 1521; baseline -0.003 -17"><span class='ocrx_word' id='word_1_417' title='bbox 1079 1459 1267 1521; x_wconf 45' lang='lat' dir='ltr'>{quoquann</span> <span class='ocrx_word' id='word_1_418' title='bbox 1285 1473 1394 1517; x_wconf 82' lang='lat' dir='ltr'>quavis</span> <span class='ocrx_word' id='word_1_419' title='bbox 1414 1472 1612 1512; x_wconf 88' lang='lat' dir='ltr'>auctoritate,</span> <span class='ocrx_word' id='word_1_420' title='bbox 1638 1471 1772 1504; x_wconf 89' lang='lat' dir='ltr'>scienter</span> <span class='ocrx_word' id='word_1_421' title='bbox 1794 1470 1840 1503; x_wconf 76' lang='lat' dir='ltr'>vel</span> 
     </span>
    </p>
   </div>
   <div class='ocr_carea' id='block_1_18' title="bbox 1097 1526 1665 1570">
    <p class='ocr_par' dir='ltr' id='par_1_19' title="bbox 1097 1526 1665 1570">
     <span class='ocr_line' id='line_1_77' title="bbox 1097 1526 1665 1570; baseline -0.002 -11"><span class='ocrx_word' id='word_1_422' title='bbox 1097 1527 1290 1570; x_wconf 79' lang='lat' dir='ltr'>ignoranter,</span> <span class='ocrx_word' id='word_1_423' title='bbox 1317 1527 1486 1570; x_wconf 78' lang='lat' dir='ltr'>contigerit</span> <span class='ocrx_word' id='word_1_424' title='bbox 1510 1526 1665 1560; x_wconf 83' lang='lat' dir='ltr'>attentari.</span> 
     </span>
    </p>
   </div>
   <div class='ocr_carea' id='block_1_19' title="bbox 1141 1582 1155 1625">
    <p class='ocr_par' dir='ltr' id='par_1_20' title="bbox 1141 1582 1155 1625">
     <span class='ocr_line' id='line_1_78' title="bbox 1141 1582 1155 1625; baseline 0 0"><span class='ocrx_word' id='word_1_425' title='bbox 1141 1582 1155 1625; x_wconf 73' lang='grc' dir='ltr'><strong>ἓ</strong></span> 
     </span>
    </p>
   </div>
   <div class='ocr_carea' id='block_1_20' title="bbox 1186 1582 1196 1599">
    <p class='ocr_par' dir='ltr' id='par_1_21' title="bbox 1186 1582 1196 1599">
     <span class='ocr_line' id='line_1_79' title="bbox 1186 1582 1196 1599; baseline 0 0"><span class='ocrx_word' id='word_1_426' title='bbox 1186 1582 1196 1599; x_wconf 74' lang='grc' dir='ltr'><em>Ι</em></span> 
     </span>
    </p>
   </div>
   <div class='ocr_carea' id='block_1_21' title="bbox 1179 1579 1840 1624">
    <p class='ocr_par' dir='ltr' id='par_1_22' title="bbox 1179 1579 1840 1624">
     <span class='ocr_line' id='line_1_80' title="bbox 1179 1579 1840 1624; baseline -0.005 -9"><span class='ocrx_word' id='word_1_427' title='bbox 1179 1594 1209 1614; x_wconf 62' lang='grc' dir='ltr'>-ι,</span> <span class='ocrx_word' id='word_1_428' title='bbox 1242 1582 1310 1615; x_wconf 71' lang='lat' dir='ltr'>Non</span> <span class='ocrx_word' id='word_1_429' title='bbox 1341 1581 1537 1615; x_wconf 87' lang='lat' dir='ltr'>obstantibus</span> <span class='ocrx_word' id='word_1_430' title='bbox 1567 1579 1773 1624; x_wconf 86' lang='lat' dir='ltr'>praemissis,</span> <span class='ocrx_word' id='word_1_431' title='bbox 1803 1590 1840 1612; x_wconf 83' lang='lat' dir='ltr'>ac</span> 
     </span>
    </p>
   </div>
   <div class='ocr_carea' id='block_1_22' title="bbox 1079 1632 1839 1678">
    <p class='ocr_par' dir='ltr' id='par_1_23' title="bbox 1079 1632 1839 1678">
     <span class='ocr_line' id='line_1_81' title="bbox 1079 1632 1839 1678; baseline -0.004 -10"><span class='ocrx_word' id='word_1_432' title='bbox 1079 1665 1080 1672; x_wconf 69' lang='grc'>,</span> <span class='ocrx_word' id='word_1_433' title='bbox 1097 1635 1207 1677; x_wconf 71' lang='lat' dir='ltr'>regula</span> <span class='ocrx_word' id='word_1_434' title='bbox 1221 1636 1325 1668; x_wconf 76' lang='lat' dir='ltr'>nostra</span> <span class='ocrx_word' id='word_1_435' title='bbox 1338 1634 1375 1667; x_wconf 89' lang='lat' dir='ltr'>de</span> <span class='ocrx_word' id='word_1_436' title='bbox 1386 1634 1454 1667; x_wconf 87' lang='lat' dir='ltr'>iure</span> <span class='ocrx_word' id='word_1_437' title='bbox 1463 1633 1605 1678; x_wconf 88' lang='lat' dir='ltr'>quaesito</span> <span class='ocrx_word' id='word_1_438' title='bbox 1615 1643 1677 1666; x_wconf 93' lang='lat' dir='ltr'>non</span> <span class='ocrx_word' id='word_1_439' title='bbox 1691 1632 1839 1674; x_wconf 92' lang='lat' dir='ltr'>tollendo,</span> 
     </span>
    </p>
   </div>
   <div class='ocr_carea' id='block_1_23' title="bbox 1097 1686 1842 1836">
    <p class='ocr_par' dir='ltr' id='par_1_24' title="bbox 1097 1686 1842 1836">
     <span class='ocr_line' id='line_1_82' title="bbox 1097 1686 1840 1731; baseline -0.003 -11"><span class='ocrx_word' id='word_1_440' title='bbox 1097 1698 1218 1721; x_wconf 86' lang='lat' dir='ltr'>necnon</span> <span class='ocrx_word' id='word_1_441' title='bbox 1236 1687 1399 1731; x_wconf 74' lang='lat' dir='ltr'>quibusvis</span> <span class='ocrx_word' id='word_1_442' title='bbox 1420 1687 1489 1720; x_wconf 90' lang='lat' dir='ltr'>aliis</span> <span class='ocrx_word' id='word_1_443' title='bbox 1511 1686 1786 1721; x_wconf 86' lang='lat' dir='ltr'>constitutionibus</span> <span class='ocrx_word' id='word_1_444' title='bbox 1810 1691 1840 1719; x_wconf 91' lang='lat' dir='ltr'>et</span> 
     </span>
     <span class='ocr_line' id='line_1_83' title="bbox 1097 1739 1842 1785; baseline -0.003 -11"><span class='ocrx_word' id='word_1_445' title='bbox 1097 1741 1348 1774; x_wconf 88' lang='lat' dir='ltr'>ordinationibus</span> <span class='ocrx_word' id='word_1_446' title='bbox 1363 1741 1555 1785; x_wconf 85' lang='lat' dir='ltr'>apostolicis,</span> <span class='ocrx_word' id='word_1_447' title='bbox 1566 1739 1727 1773; x_wconf 81' lang='lat' dir='ltr'>ac⁴dictae</span> <span class='ocrx_word' id='word_1_448' title='bbox 1744 1740 1842 1772; x_wconf 85' lang='lat' dir='ltr'>ecclc-</span> 
     </span>
     <span class='ocr_line' id='line_1_84' title="bbox 1098 1794 1841 1836; baseline -0.001 -9"><span class='ocrx_word' id='word_1_449' title='bbox 1098 1795 1160 1827; x_wconf 90' lang='lat' dir='ltr'>siae</span> <span class='ocrx_word' id='word_1_450' title='bbox 1182 1794 1416 1836; x_wconf 78' lang='lat' dir='ltr'>Sarsinatensis,</span> <span class='ocrx_word' id='word_1_451' title='bbox 1443 1794 1536 1827; x_wconf 88' lang='lat' dir='ltr'>etiam</span> <span class='ocrx_word' id='word_1_452' title='bbox 1557 1794 1746 1834; x_wconf 89' lang='lat' dir='ltr'>iuramento,</span> <span class='ocrx_word' id='word_1_453' title='bbox 1771 1804 1841 1826; x_wconf 81' lang='lat' dir='ltr'>con-</span> 
     </span>
    </p>
   </div>
   <div class='ocr_carea' id='block_1_24' title="bbox 1080 1847 1842 1891">
    <p class='ocr_par' dir='ltr' id='par_1_25' title="bbox 1080 1847 1842 1891">
     <span class='ocr_line' id='line_1_85' title="bbox 1080 1847 1842 1891; baseline -0.001 -11"><span class='ocrx_word' id='word_1_454' title='bbox 1080 1883 1081 1888; x_wconf 27' lang='lat'>,</span> <span class='ocrx_word' id='word_1_455' title='bbox 1098 1848 1277 1881; x_wconf 79' lang='lat' dir='ltr'>firmatione</span> <span class='ocrx_word' id='word_1_456' title='bbox 1295 1847 1478 1891; x_wconf 77' lang='lat' dir='ltr'>apostolica,</span> <span class='ocrx_word' id='word_1_457' title='bbox 1498 1847 1544 1880; x_wconf 72' lang='lat' dir='ltr'>rel</span> <span class='ocrx_word' id='word_1_458' title='bbox 1563 1847 1672 1891; x_wconf 83' lang='lat' dir='ltr'>quavis</span> <span class='ocrx_word' id='word_1_459' title='bbox 1693 1847 1842 1879; x_wconf 84' lang='lat' dir='ltr'>firmitate</span> 
     </span>
    </p>
   </div>
   <div class='ocr_carea' id='block_1_25' title="bbox 1098 1900 1842 1944">
    <p class='ocr_par' dir='ltr' id='par_1_26' title="bbox 1098 1900 1842 1944">
     <span class='ocr_line' id='line_1_86' title="bbox 1098 1900 1842 1944; baseline -0.001 -10"><span class='ocrx_word' id='word_1_460' title='bbox 1098 1902 1157 1934; x_wconf 82' lang='lat' dir='ltr'>alia</span> <span class='ocrx_word' id='word_1_461' title='bbox 1179 1901 1346 1944; x_wconf 88' lang='lat' dir='ltr'>roboratis,</span> <span class='ocrx_word' id='word_1_462' title='bbox 1371 1901 1494 1934; x_wconf 86' lang='lat' dir='ltr'>statutis</span> <span class='ocrx_word' id='word_1_463' title='bbox 1509 1906 1538 1934; x_wconf 88' lang='lat' dir='ltr'>et</span> <span class='ocrx_word' id='word_1_464' title='bbox 1552 1900 1842 1940; x_wconf 88' lang='lat' dir='ltr'>consuetudinibus,</span> 
     </span>
    </p>
   </div>
   <div class='ocr_carea' id='block_1_26' title="bbox 1057 1954 1844 2055">
    <p class='ocr_par' dir='ltr' id='par_1_27' title="bbox 1057 1954 1844 2055">
     <span class='ocr_line' id='line_1_87' title="bbox 1057 1954 1844 1998; baseline -0.001 -10"><span class='ocrx_word' id='word_1_465' title='bbox 1057 1981 1064 1994; x_wconf 87' lang='lat'>‚</span> <span class='ocrx_word' id='word_1_466' title='bbox 1080 1987 1082 1993; x_wconf 69' lang='lat'>‚</span> <span class='ocrx_word' id='word_1_467' title='bbox 1098 1965 1220 1988; x_wconf 89' lang='lat' dir='ltr'>necnon</span> <span class='ocrx_word' id='word_1_468' title='bbox 1237 1955 1360 1998; x_wconf 81' lang='lat' dir='ltr'>legibus</span> <span class='ocrx_word' id='word_1_469' title='bbox 1373 1955 1468 1988; x_wconf 89' lang='lat' dir='ltr'>etiam</span> <span class='ocrx_word' id='word_1_470' title='bbox 1487 1955 1730 1998; x_wconf 87' lang='lat' dir='ltr'>municipalibus</span> <span class='ocrx_word' id='word_1_471' title='bbox 1750 1954 1844 1998; x_wconf 67' lang='lat' dir='ltr'>priVi-</span> 
     </span>
     <span class='ocr_line' id='line_1_88' title="bbox 1080 2006 1843 2055; baseline 0 -14"><span class='ocrx_word' id='word_1_472' title='bbox 1080 2006 1082 2055; x_wconf 53' lang='grc' dir='ltr'>ζ</span> <span class='ocrx_word' id='word_1_473' title='bbox 1099 2008 1188 2051; x_wconf 77' lang='lat' dir='ltr'>legiis</span> <span class='ocrx_word' id='word_1_474' title='bbox 1213 2019 1348 2052; x_wconf 88' lang='lat' dir='ltr'>quoque,</span> <span class='ocrx_word' id='word_1_475' title='bbox 1374 2008 1503 2041; x_wconf 91' lang='lat' dir='ltr'>indultis</span> <span class='ocrx_word' id='word_1_476' title='bbox 1521 2014 1550 2041; x_wconf 87' lang='lat' dir='ltr'>et</span> <span class='ocrx_word' id='word_1_477' title='bbox 1567 2008 1680 2041; x_wconf 89' lang='lat' dir='ltr'>litteris</span> <span class='ocrx_word' id='word_1_478' title='bbox 1696 2008 1843 2052; x_wconf 87' lang='lat' dir='ltr'>apostoli-</span> 
     </span>
    </p>
   </div>
   <div class='ocr_carea' id='block_1_27' title="bbox 1099 2062 1843 2213">
    <p class='ocr_par' dir='ltr' id='par_1_28' title="bbox 1099 2062 1843 2213">
     <span class='ocr_line' id='line_1_89' title="bbox 1100 2062 1842 2108; baseline -0.001 -13"><span class='ocrx_word' id='word_1_479' title='bbox 1100 2062 1154 2103; x_wconf 87' lang='lat' dir='ltr'>cis,</span> <span class='ocrx_word' id='word_1_480' title='bbox 1166 2063 1223 2095; x_wconf 88' lang='lat' dir='ltr'>sub</span> <span class='ocrx_word' id='word_1_481' title='bbox 1237 2063 1489 2108; x_wconf 88' lang='lat' dir='ltr'>quibuscumque</span> <span class='ocrx_word' id='word_1_482' title='bbox 1501 2062 1664 2095; x_wconf 87' lang='lat' dir='ltr'>tenoribus</span> <span class='ocrx_word' id='word_1_483' title='bbox 1678 2067 1707 2095; x_wconf 90' lang='lat' dir='ltr'>et</span> <span class='ocrx_word' id='word_1_484' title='bbox 1720 2062 1842 2103; x_wconf 84' lang='lat' dir='ltr'>formis,</span> 
     </span>
     <span class='ocr_line' id='line_1_90' title="bbox 1099 2115 1843 2159; baseline 0 -11"><span class='ocrx_word' id='word_1_485' title='bbox 1099 2126 1134 2148; x_wconf 90' lang='lat' dir='ltr'>ac</span> <span class='ocrx_word' id='word_1_486' title='bbox 1159 2126 1230 2149; x_wconf 91' lang='lat' dir='ltr'>cum</span> <span class='ocrx_word' id='word_1_487' title='bbox 1256 2115 1419 2159; x_wconf 80' lang='lat' dir='ltr'>quibusvis</span> <span class='ocrx_word' id='word_1_488' title='bbox 1443 2116 1535 2148; x_wconf 86' lang='lat' dir='ltr'>etiam</span> <span class='ocrx_word' id='word_1_489' title='bbox 1567 2115 1843 2158; x_wconf 77' lang='lat' dir='ltr'>derogatoriarum</span> 
     </span>
     <span class='ocr_line' id='line_1_91' title="bbox 1100 2169 1841 2213; baseline 0.001 -12"><span class='ocrx_word' id='word_1_490' title='bbox 1100 2169 1320 2212; x_wconf 80' lang='lat' dir='ltr'>derogatoriis,</span> <span class='ocrx_word' id='word_1_491' title='bbox 1345 2169 1477 2213; x_wconf 87' lang='lat' dir='ltr'>aliisque</span> <span class='ocrx_word' id='word_1_492' title='bbox 1502 2169 1732 2202; x_wconf 78' lang='lat' dir='ltr'>efficacioribus</span> <span class='ocrx_word' id='word_1_493' title='bbox 1748 2174 1778 2202; x_wconf 90' lang='lat' dir='ltr'>et</span> <span class='ocrx_word' id='word_1_494' title='bbox 1796 2169 1841 2201; x_wconf 91' lang='lat' dir='ltr'>in-</span> 
     </span>
    </p>
   </div>
   <div class='ocr_carea' id='block_1_28' title="bbox 1082 2223 1842 2267">
    <p class='ocr_par' dir='ltr' id='par_1_29' title="bbox 1082 2223 1842 2267">
     <span class='ocr_line' id='line_1_92' title="bbox 1082 2223 1842 2267; baseline -0.001 -11"><span class='ocrx_word' id='word_1_495' title='bbox 1082 2223 1198 2256; x_wconf 45' lang='lat' dir='ltr'>¹solitis</span> <span class='ocrx_word' id='word_1_496' title='bbox 1223 2223 1380 2265; x_wconf 84' lang='lat' dir='ltr'>clausulis,</span> <span class='ocrx_word' id='word_1_497' title='bbox 1396 2223 1528 2267; x_wconf 87' lang='lat' dir='ltr'>aliisque</span> <span class='ocrx_word' id='word_1_498' title='bbox 1552 2223 1704 2265; x_wconf 89' lang='lat' dir='ltr'>decretis,</span> <span class='ocrx_word' id='word_1_499' title='bbox 1729 2223 1842 2256; x_wconf 89' lang='lat' dir='ltr'>tamin</span> 
     </span>
    </p>
   </div>
   <div class='ocr_carea' id='block_1_29' title="bbox 1101 2276 1843 2482">
    <p class='ocr_par' dir='ltr' id='par_1_30' title="bbox 1101 2276 1843 2482">
     <span class='ocr_line' id='line_1_93' title="bbox 1101 2276 1843 2320; baseline 0.001 -12"><span class='ocrx_word' id='word_1_500' title='bbox 1101 2286 1217 2319; x_wconf 78' lang='lat' dir='ltr'>genere</span> <span class='ocrx_word' id='word_1_501' title='bbox 1241 2287 1335 2320; x_wconf 90' lang='lat' dir='ltr'>quam</span> <span class='ocrx_word' id='word_1_502' title='bbox 1360 2277 1391 2308; x_wconf 92' lang='lat' dir='ltr'>in</span> <span class='ocrx_word' id='word_1_503' title='bbox 1417 2277 1531 2320; x_wconf 88' lang='lat' dir='ltr'>specie,</span> <span class='ocrx_word' id='word_1_504' title='bbox 1556 2287 1591 2309; x_wconf 91' lang='lat' dir='ltr'>ac</span> <span class='ocrx_word' id='word_1_505' title='bbox 1615 2277 1691 2309; x_wconf 79' lang='lat' dir='ltr'>alias</span> <span class='ocrx_word' id='word_1_506' title='bbox 1715 2276 1746 2308; x_wconf 92' lang='lat' dir='ltr'>in</span> <span class='ocrx_word' id='word_1_507' title='bbox 1771 2286 1843 2309; x_wconf 89' lang='lat' dir='ltr'>con-</span> 
     </span>
     <span class='ocr_line' id='line_1_94' title="bbox 1101 2329 1842 2373; baseline -0.001 -11"><span class='ocrx_word' id='word_1_508' title='bbox 1101 2329 1232 2362; x_wconf 88' lang='lat' dir='ltr'>trarium</span> <span class='ocrx_word' id='word_1_509' title='bbox 1250 2330 1498 2373; x_wconf 88' lang='lat' dir='ltr'>praemissorum</span> <span class='ocrx_word' id='word_1_510' title='bbox 1519 2329 1758 2373; x_wconf 87' lang='lat' dir='ltr'>quomodolibet</span> <span class='ocrx_word' id='word_1_511' title='bbox 1771 2339 1842 2362; x_wconf 90' lang='lat' dir='ltr'>con-</span> 
     </span>
     <span class='ocr_line' id='line_1_95' title="bbox 1102 2383 1842 2429; baseline -0.001 -12"><span class='ocrx_word' id='word_1_512' title='bbox 1102 2384 1207 2424; x_wconf 86' lang='lat' dir='ltr'>cessis,</span> <span class='ocrx_word' id='word_1_513' title='bbox 1222 2384 1424 2425; x_wconf 82' lang='lat' dir='ltr'>confirmatis,</span> <span class='ocrx_word' id='word_1_514' title='bbox 1435 2385 1620 2429; x_wconf 87' lang='lat' dir='ltr'>approbatis</span> <span class='ocrx_word' id='word_1_515' title='bbox 1634 2389 1662 2417; x_wconf 88' lang='lat' dir='ltr'>et</span> <span class='ocrx_word' id='word_1_516' title='bbox 1678 2383 1842 2423; x_wconf 76' lang='lat' dir='ltr'>innovatis;</span> 
     </span>
     <span class='ocr_line' id='line_1_96' title="bbox 1102 2438 1842 2482; baseline 0.003 -12"><span class='ocrx_word' id='word_1_517' title='bbox 1102 2438 1214 2482; x_wconf 87' lang='lat' dir='ltr'>quibus</span> <span class='ocrx_word' id='word_1_518' title='bbox 1238 2438 1383 2472; x_wconf 90' lang='lat' dir='ltr'>omnibus</span> <span class='ocrx_word' id='word_1_519' title='bbox 1408 2444 1438 2472; x_wconf 88' lang='lat' dir='ltr'>et</span> <span class='ocrx_word' id='word_1_520' title='bbox 1461 2438 1603 2481; x_wconf 79' lang='lat' dir='ltr'>singulis,</span> <span class='ocrx_word' id='word_1_521' title='bbox 1629 2438 1749 2472; x_wconf 83' lang='lat' dir='ltr'>etiamsi</span> <span class='ocrx_word' id='word_1_522' title='bbox 1784 2448 1842 2482; x_wconf 88' lang='lat' dir='ltr'>pro</span> 
     </span>
    </p>
   </div>
   <div class='ocr_carea' id='block_1_30' title="bbox 1139 2526 1783 2697">
    <p class='ocr_par' dir='ltr' id='par_1_31' title="bbox 1140 2526 1747 2561">
     <span class='ocr_line' id='line_1_97' title="bbox 1140 2526 1747 2561; baseline 0 -7"><span class='ocrx_word' id='word_1_523' title='bbox 1140 2529 1149 2553; x_wconf 86' lang='lat' dir='ltr'>t</span> <span class='ocrx_word' id='word_1_524' title='bbox 1169 2526 1235 2554; x_wconf 83' lang='lat' dir='ltr'>Male</span> <span class='ocrx_word' id='word_1_525' title='bbox 1252 2527 1319 2554; x_wconf 82' lang='lat' dir='ltr'>edit.</span> <span class='ocrx_word' id='word_1_526' title='bbox 1334 2527 1413 2554; x_wconf 83' lang='lat' dir='ltr'>Maiu.</span> <span class='ocrx_word' id='word_1_527' title='bbox 1431 2526 1495 2561; x_wconf 79' lang='lat' dir='ltr'>legit</span> <span class='ocrx_word' id='word_1_528' title='bbox 1510 2527 1632 2555; x_wconf 66' lang='lat' dir='ltr'>vocandi</span> <span class='ocrx_word' id='word_1_529' title='bbox 1646 2528 1685 2561; x_wconf 77' lang='lat' dir='ltr'>(n.</span> <span class='ocrx_word' id='word_1_530' title='bbox 1697 2528 1747 2561; x_wconf 81' lang='grc' dir='ltr'>Τ.).</span> 
     </span>
    </p>

    <p class='ocr_par' dir='ltr' id='par_1_32' title="bbox 1139 2571 1783 2651">
     <span class='ocr_line' id='line_1_98' title="bbox 1140 2571 1783 2608; baseline 0.006 -11"><span class='ocrx_word' id='word_1_531' title='bbox 1140 2591 1153 2597; x_wconf 79' lang='grc'>..</span> <span class='ocrx_word' id='word_1_532' title='bbox 1169 2571 1237 2599; x_wconf 82' lang='lat' dir='ltr'>Male</span> <span class='ocrx_word' id='word_1_533' title='bbox 1252 2571 1317 2598; x_wconf 88' lang='lat' dir='ltr'>edit.</span> <span class='ocrx_word' id='word_1_534' title='bbox 1335 2571 1414 2598; x_wconf 83' lang='lat' dir='ltr'>Maia.</span> <span class='ocrx_word' id='word_1_535' title='bbox 1430 2571 1496 2607; x_wconf 85' lang='lat' dir='ltr'>legit</span> <span class='ocrx_word' id='word_1_536' title='bbox 1511 2575 1668 2600; x_wconf 78' lang='lat' dir='ltr'>emanasset</span> <span class='ocrx_word' id='word_1_537' title='bbox 1684 2578 1721 2607; x_wconf 48' lang='lat' dir='ltr'>[R.</span> <span class='ocrx_word' id='word_1_538' title='bbox 1733 2572 1783 2608; x_wconf 73' lang='lat' dir='ltr'>T.)-</span> 
     </span>
     <span class='ocr_line' id='line_1_99' title="bbox 1139 2615 1637 2651; baseline -0.002 -8"><span class='ocrx_word' id='word_1_539' title='bbox 1139 2616 1154 2643; x_wconf 90' lang='lat'><strong>3</strong></span> <span class='ocrx_word' id='word_1_540' title='bbox 1170 2615 1238 2643; x_wconf 88' lang='lat' dir='ltr'>Edit.</span> <span class='ocrx_word' id='word_1_541' title='bbox 1256 2616 1334 2643; x_wconf 77' lang='lat' dir='ltr'>lllain.</span> <span class='ocrx_word' id='word_1_542' title='bbox 1351 2615 1415 2651; x_wconf 84' lang='lat' dir='ltr'>legit</span> <span class='ocrx_word' id='word_1_543' title='bbox 1431 2616 1520 2651; x_wconf 75' lang='lat' dir='ltr'>leyato</span> <span class='ocrx_word' id='word_1_544' title='bbox 1534 2617 1575 2651; x_wconf 76' lang='lat' dir='ltr'>(n.</span> <span class='ocrx_word' id='word_1_545' title='bbox 1588 2618 1637 2649; x_wconf 85' lang='lat' dir='ltr'>T.).</span> 
     </span>
    </p>

    <p class='ocr_par' dir='ltr' id='par_1_33' title="bbox 1139 2660 1699 2697">
     <span class='ocr_line' id='line_1_100' title="bbox 1139 2660 1699 2697; baseline 0.004 -9"><span class='ocrx_word' id='word_1_546' title='bbox 1139 2662 1155 2688; x_wconf 79' lang='grc'>4</span> <span class='ocrx_word' id='word_1_547' title='bbox 1173 2660 1334 2689; x_wconf 64' lang='lat' dir='ltr'>particulam</span> <span class='ocrx_word' id='word_1_548' title='bbox 1348 2670 1380 2688; x_wconf 79' lang='lat' dir='ltr'>ac</span> <span class='ocrx_word' id='word_1_549' title='bbox 1394 2669 1444 2690; x_wconf 89' lang='lat' dir='ltr'>nos</span> <span class='ocrx_word' id='word_1_550' title='bbox 1460 2661 1582 2689; x_wconf 88' lang='lat' dir='ltr'>addimus</span> <span class='ocrx_word' id='word_1_551' title='bbox 1596 2661 1634 2697; x_wconf 72' lang='lat' dir='ltr'>(n.</span> <span class='ocrx_word' id='word_1_552' title='bbox 1650 2662 1699 2697; x_wconf 83' lang='lat' dir='ltr'>T.).</span> 
     </span>
    </p>
   </div>
   <div class='ocr_carea' id='block_1_31' title="bbox 1732 228 2028 268">
    <p class='ocr_par' dir='ltr' id='par_1_34' title="bbox 1732 228 2028 268">
     <span class='ocr_line' id='line_1_101' title="bbox 1732 228 2028 268; baseline 0.014 -5"><span class='ocrx_word' id='word_1_553' title='bbox 1732 228 1797 263; x_wconf 80' lang='lat'>307</span> <span class='ocrx_word' id='word_1_554' title='bbox 1843 238 1895 268; x_wconf 72' lang='lat' dir='ltr'>An.</span> <span class='ocrx_word' id='word_1_555' title='bbox 1914 237 1942 266; x_wconf 84' lang='lat' dir='ltr'>c.</span> <span class='ocrx_word' id='word_1_556' title='bbox 1960 238 2028 267; x_wconf 75' lang='lat'>1032</span> 
     </span>
    </p>
   </div>
   <div class='ocr_carea' id='block_1_32' title="bbox 1855 1588 2039 1637">
    <p class='ocr_par' dir='ltr' id='par_1_35' title="bbox 1855 1588 2039 1637">
     <span class='ocr_line' id='line_1_102' title="bbox 1867 1588 2039 1615; baseline 0.006 -6"><span class='ocrx_word' id='word_1_557' title='bbox 1867 1588 1982 1615; x_wconf 77' lang='lat' dir='ltr'>Derogatio</span> <span class='ocrx_word' id='word_1_558' title='bbox 1992 1595 2039 1610; x_wconf 85' lang='lat' dir='ltr'>eon-</span> 
     </span>
     <span class='ocr_line' id='line_1_103' title="bbox 1855 1618 1975 1637; baseline 0.008 -1"><span class='ocrx_word' id='word_1_559' title='bbox 1855 1618 1975 1637; x_wconf 67' lang='lat' dir='ltr'>[rariorum.</span> 
     </span>
    </p>
   </div>
  </div>
 </body>
</html>
