2248 3229
250 239 297 264 An.
315 239 343 264 C.
371 237 435 265 1629

277 724 371 743 Praeti-ut

284 782 334 797 t‘tlttt.

392 729 431 742 itu-

249 755 327 770 merum
363 750 430 769 chort-

249 780 279 796 sta

482 229 543 263 742

449 287 612 320 nonnullas
638 287 877 319 constitutiones
901 297 959 330 pro
980 287 1061 319 dicta
1088 288 1202 319 resor-'

449 340 583 372 matione
608 351 625 372 a
650 350 682 372 se
707 345 778 371 tunc
803 340 900 373 editas
921 340 1009 372 iussit,
1034 340 1064 372 in
1089 341 1185 373 omni-

447 393 504 425 bus
529 398 555 424 et
575 403 630 435 per
646 392 748 424 omnia
762 393 921 436 praticari,
939 396 968 426 et
984 393 1068 434 alias⁷
1090 398 1185 436 prout

448 446 476 477 in
502 445 639 477 eiusdem
665 445 831 478 Clementis
855 445 1108 489 praedecessoris
1128 447 1181 478 lit-

446 497 519 529 teris
544 497 574 529 in
599 498 692 530 simili
715 499 815 531 forma
838 499 944 531 Brevis
964 499 1021 531 hae
1039 509 1134 542 super
1151 510 1184 531 re

446 551 616 591 emanatis,
642 562 776 594 quarum
809 557 934 585 tenores
966 553 1185 596 praesentilnts

446 614 502 647 pro
532 605 689 648 expressis
720 606 827 638 haberi
861 607 1030 647 volumus,
1062 607 1185 650 plenius

446 658 621 691 continetur
633 657 651 691 ¹.

490 711 504 753 ἓ
529 710 557 743 Q.
583 711 656 744 Cum
671 717 786 752 autem,
803 713 883 744 sicut
907 712 1096 755 accepimus,
1114 712 1185 746 licet

447 763 527 795 idem
553 764 694 797 Clemens
724 765 947 808 praedecessor
977 766 1129 798 maiorem
1156 772 1202 798 et¹

446 817 700 861 principaliorem
725 825 847 862 partem
874 820 1103 852 monachorum
1128 819 1184 851 hn-

447 871 578 904 iusmodi
605 883 640 904 cx
672 873 758 905 laicis
789 883 856 905 esse
876 873 1020 913 voluerit,
1046 878 1075 906 et
1099 874 1201 905 sulti-¹

446 923 562 957 cientes
594 925 748 959 choristas
774 932 803 959 et
828 926 1006 959 sacerdotes
1031 926 1068 958 ad
1094 927 1182 959 chori

445 983 474 1010 ct
494 978 672 1012 divinorum
690 980 867 1013 officiorum
882 980 1054 1013 ministeria
1074 981 1181 1013 haberi

445 1031 640 1074 permiserit3
666 1033 739 1076 quia
771 1039 875 1066 tamen
908 1039 1028 1066 certum
1056 1044 1182 1067 eorum-

444 1083 514 1117 dem
541 1085 751 1119 clioristaruin
785 1091 814 1120 et
844 1087 1043 1120 sacerdotum
1072 1097 1180 1119 nume-

444 1148 515 1170 rum
531 1149 593 1172 non
610 1140 796 1183 praefinivit,
811 1141 980 1173 nonnullae
995 1141 1075 1173 inter
1088 1139 1183 1172 laicos
1200 1135 1201 1140 ¹

445 1202 479 1224 ex
505 1194 567 1224 nna
592 1198 622 1224 et
646 1193 799 1226 choristas
822 1205 857 1227 ac
882 1193 1060 1226 sacerdotes
1080 1192 1184 1225 huius-

445 1245 529 1278 modi
555 1256 590 1277 cx
616 1246 712 1279 altera
738 1247 880 1290 partibus
911 1251 1078 1290 eapropter
1103 1256 1179 1278 con-

446 1299 615 1332 troversiae
640 1307 764 1332 exortae
786 1301 917 1333 suerint:

487 1353 502 1395 ξ
525 1352 555 1385 3.
581 1353 652 1393 Nos,
678 1359 720 1395 ut,
735 1354 863 1386 semotis
884 1353 1046 1397 quibusvis
1064 1358 1184 1397 pertur-

443 1406 621 1439 bationibus
631 1413 658 1439 et
668 1407 926 1448 dissensionibus,
940 1408 1084 1440 monachi
1096 1418 1184 1451 prae-

444 1460 516 1494 dicti
543 1462 625 1494 iuxta
649 1461 806 1494 laudabile
831 1473 942 1495 eorum
961 1462 1135 1495 institutum
1154 1465 1184 1495 ct

444 1513 481 1546 nd
506 1514 735 1557 praescriptum
756 1515 931 1547 liturarum
957 1515 1096 1547 eiusdem
1117 1515 1183 1548 Cle-

445 1567 556 1600 mentis
573 1568 826 1610 praedecessoris
844 1568 874 1599 in
891 1568 977 1612 pacis
995 1568 1182 1600 amoenitate

444 1625 474 1652 et
497 1621 721 1663 tranquillitate
748 1621 851 1653 vivant
875 1626 905 1653 et
930 1622 1121 1654 felicioribus
1153 1622 1183 1654 in

444 1672 510 1706 dies
530 1673 560 1705 in
579 1673 626 1706 visi
644 1674 767 1706 Domini
786 1674 951 1717 proficiant
972 1674 1182 1714 incrementis,
1200 1713 1201 1719 ἵ

444 1730 592 1769 quantum
618 1737 689 1759 cum
720 1727 852 1760 Domino
884 1738 1052 1772 possumus
1078 1727 1182 1771 provi-

445 1780 517 1812 dere
542 1781 691 1822 volentes,
717 1786 803 1813 motu
827 1781 968 1824 proprio,
984 1787 1013 1813 ct,
1037 1792 1072 1814 ex
1098 1783 1182 1814 certa

445 1833 572 1865 scientia
597 1835 782 1877 maturaque
807 1834 1032 1867 deliberatione
1057 1835 1182 1874 nostris,

445 1885 546 1929 deque
570 1887 760 1930 apostolicae
785 1887 946 1930 potestatis
979 1887 1182 1930 plenitudiue,

445 1939 529 1982 qnod
554 1939 591 1972 de
615 1944 720 1974 cetero
744 1941 906 1984 perpetuis
932 1940 1042 1974 suturis
1068 1946 1184 1983 tempo-

447 1992 532 2025 ribus
557 1993 587 2025 in
611 1993 779 2037 praedictis
804 1994 832 2026 S.
859 1994 961 2026 Basilii
986 1994 1034 2025 dcl
1060 1993 1182 2025 'l‘ardon

447 2050 476 2077 ct
500 2045 528 2078 S.
549 2047 673 2079 Antonii
692 2047 729 2079 dc
750 2047 967 2089 Gualliguillos
986 2046 1183 2080 monasteriis
1200 2059 1202 2092 t

448 2099 527 2132 inter
552 2100 705 2132 choristas
731 2104 760 2133 et
784 2100 962 2132 sacerdotes
982 2110 1044 2132 non
1065 2099 1184 2143 possint.

448 2163 515 2185 esse
538 2153 598 2185 nisi
622 2164 701 2186 unus
733 2165 769 2186 cx
802 2153 994 2196 quibuslibet.
1029 2158 1184 2196 (piatum,

449 2205 489 2238 ita
501 2211 534 2238 ut
547 2211 656 2249 quarta
678 2217 749 2250 pars
766 2207 993 2240 monachorum
1018 2207 1185 2239 cuiuslibet

448 2270 482 2291 cx
508 2258 598 2291 dietis
622 2259 744 2292 duobus
768 2260 966 2292 monasteriis
991 2259 1029 2291 sit.
1053 2270 1089 2291 ex
1114 2259 1185 2292 cho-

449 2312 531 2344 ristis
549 2317 579 2345 et
599 2312 824 2353 sacerdotibus,
838 2318 867 2345 ct
881 2313 1018 2356 reliquae
1037 2318 1099 2345 tres
1116 2323 1185 2356 par-

450 2370 493 2399 les
518 2367 578 2399 siut
602 2367 692 2408 laici;
717 2378 762 2410 ac,
778 2368 877 2401 donec
902 2369 1057 2401 choristae
1082 2372 1111 2401 et
1136 2378 1183 2399 sa-

450 2420 591 2453 cerdotes
615 2421 667 2464 qui
694 2422 731 2454 ad
756 2433 903 2465 praesens
921 2428 990 2455 sunt
1012 2423 1041 2454 in
1066 2422 1183 2454 eisdem

449 2475 647 2507 monasteriis
672 2476 709 2508 ad
734 2487 900 2509 numerum
927 2476 1121 2520 praedictum
1140 2487 1202 2522 ¹'0'l

450 2527 529 2560 dacti
556 2529 683 2572 suerint7
709 2530 760 2562 alii
786 2531 815 2562 in
841 2531 993 2563 choristas
1019 2536 1045 2562 et
1079 2540 1202 2563 sacer-⁴

485 2643 497 2669 ·l
515 2644 585 2674 Quas
600 2644 659 2672 vide
675 2645 700 2671 iu
717 2648 781 2673 tom.
799 2652 835 2680 xi,
853 2653 913 2681 pag.
930 2645 963 2673 39
983 2647 1020 2680 (n.
1037 2648 1084 2679 Ty).

1033 240 1211 263 concinium
1236 235 1389 264 Romami

1218 287 1306 320 dotes
1329 288 1510 321 huiusmodi
1535 289 1632 332 recipi
1656 299 1718 323 non
1741 291 1871 333 possint,
1896 290 1953 323 sub

1218 343 1318 383 poena
1343 341 1494 374 nullitatis
1519 341 1707 385 receptionis
1728 343 1908 376 huiusmodi
1925 349 1952 376 et

1219 393 1289 426 inde
1307 394 1539 437 sequendorum
1555 405 1837 439 quorumcumque,
1846 401 1954 430 tenore

1218 447 1430 489 praesentium
1453 448 1617 480 statuimus
1641 453 1671 480 et
1695 448 1893 489 ordinamus3
1913 449 1955 482 ni-

1219 500 1399 540 hilominus,
1424 501 1601 544 praedictas
1624 501 1791 534 Clementis
1820 502 1952 545 praede-

1219 554 1351 587 cessoris
1384 554 1504 587 litteras
1535 555 1739 595 innovantes,
1765 555 1832 588 illas
1862 560 1952 599 prout

1218 607 1500 650 dispomint‚etiam
1516 609 1618 653 quoad
1635 609 1804 653 capitulum
1819 619 1862 642 vn
1879 620 1953 653 pro-

1219 661 1328 693 hibens
1360 662 1497 694 studium
1528 662 1749 706 philosophiae
1773 667 1803 695 ct
1826 663 1950 696 theolo—

1218 714 1286 755 giae
1311 719 1340 747 et
1360 715 1418 747 alia
1444 715 1474 747 in
1507 726 1543 748 eo
1568 726 1724 759 expressa,
1748 715 1804 748 sub
1828 726 1952 749 excom-

1219 767 1439 800 municationis
1464 779 1498 801 ac
1522 768 1706 812 privationis
1731 769 1816 802 vocis
1836 769 1953 801 activae

1218 825 1247 851 et
1268 820 1408 863 passivae
1421 821 1530 864 poenis
1543 821 1671 854 omnino
1687 821 1844 854 observari
1869 831 1955 865 prae-

1218 873 1351 916 cipimus
1376 877 1406 907 et
1430 874 1623 907 mandamus.

1262 927 1330 970 gli.
1355 928 1467 971 Sicque
1501 939 1558 971 per
1591 938 1805 972 quoscumque
1837 928 1955 960 iudices

1218 980 1395 1014 ordinarios
1420 985 1449 1015 et
1473 981 1642 1024 delegatos,
1670 982 1762 1015 etiam
1788 991 1953 1014 causarum

1200 1075 1201 1082 ἵ
1218 1034 1323 1076 palatii
1337 1035 1500 1078 apostolici
1518 1035 1687 1075 auditores,
1704 1045 1738 1068 ac
1756 1035 1784 1067 S.
1796 1035 1873 1068 RE.
1892 1045 1956 1067 car-

1217 1087 1345 1127 dinales,
1370 1088 1462 1121 etiam
1488 1088 1526 1120 de
1550 1089 1647 1121 latere
1671 1088 1800 1131 legatOS,
1821 1093 1851 1120 et
1868 1087 1956 1121 Sedis

1217 1141 1415 1184 Apostolicac
1447 1140 1589 1181 nuncios,
1614 1140 1745 1173 iudicari
1772 1145 1801 1172 et.
1832 1140 1954 1173 deliniri

1218 1193 1343 1235 debere,
1369 1193 1556 1236 irritumque
1581 1198 1611 1226 et
1634 1193 1735 1233 inane,
1753 1193 1778 1225 si
1803 1203 1892 1226 secus
1909 1203 1956 1225 su-

1218 1256 1274 1289 per
1299 1246 1347 1278 his
1374 1257 1391 1278 a
1415 1257 1593 1289 quoquam⁷
1626 1246 1734 1290 quavis
1759 1246 1953 1287 auctoritato,

1200 1290 1353 1332 *scienoer
1374 1300 1420 1332 vel
1446 1300 1638 1342 ignoranter,
1664 1300 1832 1343 contigerit
1856 1305 1954 1332 atten—

1218 1353 1293 1393 tari,
1319 1353 1528 1386 decernimus.

1262 1406 1319 1449 gd.
1337 1407 1404 1440 Non
1423 1407 1628 1447 obstantibus,
1643 1407 1673 1439 iu
1694 1407 1742 1439 liis
1767 1417 1846 1450 quae
1869 1416 1956 1450 prae-

1218 1461 1357 1494 sentibus
1374 1461 1588 1501 adversantur,
1605 1459 1772 1504 praedictis
1789 1460 1956 1494 Clementis

1216 1513 1469 1556 praedecessoris
1505 1513 1636 1554 litteris,
1668 1513 1799 1557 aliisquo
1840 1513 1954 1547 consti-

1218 1567 1388 1600 tutionibus
1414 1573 1443 1600 et
1475 1567 1723 1600 ordinationibus
1755 1567 1953 1610 apostolicis,

1217 1630 1251 1652 ac
1269 1621 1393 1653 Ordinis
1418 1626 1447 1653 ct
1471 1620 1735 1654 monasteriorum
1761 1619 1953 1658 huiusmodi,

1218 1680 1242 1707 ct
1251 1675 1309 1707 iam
1322 1675 1508 1715 iuramento,
1520 1673 1758 1707 confirmatione
1772 1673 1954 1716 apostolica,

1200 1722 1201 1725 ¹
1218 1728 1263 1760 vel
1282 1727 1389 1770 quavis
1403 1727 1463 1759 alia
1484 1727 1630 1760 firmitate
1646 1726 1813 1766 roboratis,
1833 1726 1955 1758 statutis

1217 1787 1247 1813 ct
1271 1781 1570 1821 consuetudinilms,
1602 1780 1775 1824 privilegiis
1808 1789 1954 1822 quoque.

1219 1834 1344 1866 indultis
1370 1839 1398 1865 et
1422 1833 1533 1865 litteris
1547 1832 1736 1876 apostolicis,
1756 1831 1873 1864 eisdem
1898 1831 1955 1864 Or-

1218 1886 1301 1919 dini¹
1328 1897 1362 1919 ac
1388 1885 1604 1925 monasteriis,
1637 1885 1827 1928 illorumque
1863 1894 1955 1929 supe-

1219 1941 1376 1981 rioribus,
1402 1939 1565 1973 monachis
1590 1944 1620 1972 et
1643 1938 1802 1983 personis,
1827 1948 1863 1971 ac
1887 1939 1956 1982 qui-

1220 1994 1324 2027 busvis
1349 1993 1427 2033 aliis,
1446 1993 1503 2026 sub
1519 1993 1769 2036 quibuscumque
1794 1991 1955 2025 tenoribus

1219 2054 1247 2080 et
1273 2047 1391 2086 formis,
1417 2057 1451 2079 ae
1476 2056 1546 2078 cuin
1572 2045 1735 2088 quibusvis
1752 2044 1844 2077 etiarn
1870 2044 1957 2077 dero-

1200 2098 1202 2105 '
1219 2100 1410 2142 gatoriarum
1429 2099 1646 2142 derogatoriis‚
1664 2103 1693 2131 et
1713 2098 1782 2130 aliis
1803 2098 1955 2131 efficacio-

1220 2154 1306 2187 ribus
1320 2159 1349 2186 et
1362 2153 1495 2186 insolitis
1513 2152 1671 2192 clausulis,
1697 2151 1955 2194 irritantibusque

1219 2212 1249 2239 et
1268 2207 1336 2239 aliis
1353 2206 1496 2246 decretis,
1521 2205 1613 2239 etiam
1628 2210 1725 2245 motu,
1745 2204 1885 2245 scientia,
1906 2203 1958 2236 dc-

1219 2260 1403 2292 liberatione
1427 2264 1456 2292 et
1480 2258 1641 2302 potestatis
1658 2257 1851 2301 plenitudine
1875 2257 1958 2290 simi-

1200 2313 1316 2353 dibus,
1343 2313 1372 2345 in
1397 2322 1512 2355 genere
1542 2312 1589 2344 vel
1615 2311 1645 2344 in
1670 2311 1790 2355 specie,
1822 2321 1858 2344 ac
1882 2311 1956 2343 alias

1219 2367 1249 2399 iu
1275 2367 1467 2400 contrarium
1492 2365 1738 2410 praemissorum
1764 2364 1957 2408 quomodoli-

1218 2421 1269 2453 betv
1300 2420 1477 2460 concessis,
1509 2419 1704 2453 confirmatis
1729 2424 1758 2452 et
1782 2417 1955 2456 innovati53

1217 2473 1333 2517 quibus
1357 2473 1503 2507 omnibus
1527 2478 1557 2505 ct
1581 2472 1728 2515 siugulis,
1753 2471 1874 2506 etiamsi
1897 2481 1956 2514 pro

1200 2525 1202 2532 ⁴
1218 2527 1382 2561 sufficienti
1398 2527 1523 2569 illorum
1538 2525 1742 2568 derogatione
1754 2524 1792 2557 de
1810 2524 1870 2557 illis
1887 2533 1955 2568 spe-

1256 2645 1265 2670 1
1287 2643 1354 2671 Male
1373 2643 1437 2671 edit.
1458 2641 1538 2670 Maiu.
1560 2641 1624 2678 legit
1645 2641 1763 2671 Ordinis
1781 2643 1819 2676 (a.
1836 2644 1890 2677 T.).

1969 242 2018 270 An.
2038 243 2066 270 C.
2084 243 2152 271 1639

1983 966 1985 969 .
1998 939 2109 960 Decretum
2130 940 2155 960 ir·

1971 969 2043 986 suanm

2037 1415 2155 1436 Contrariis

1972 1443 2066 1468 derogat.
