2248 3229
83 226 134 256 An.
154 226 182 256 C.
200 227 269 256 ¹636

113 1620 149 1641 ni·
169 1621 264 1647 publicas

80 1654 154 1674 preces
190 1650 263 1668 anthun-

80 1674 158 1699 umlas
169 1680 216 1695 esst*
227 1680 263 1701 pu-

79 1703 119 1723 ul.

892 228 1041 255 ramses·

281 279 380 310 strum
405 275 637 310 Ferdinandum
662 277 878 311 Romanorum
911 289 1018 322 regem

281 329 311 362 in
338 329 560 373 imperatorem
578 331 712 364 electum
736 336 828 374 atque
852 335 1020 375 utrumque

281 393 388 426 regem
412 383 451 416 ad
475 389 685 428 opportunam
710 384 847 428 aliquam
865 384 1018 431 rationem

280 436 448 470 ineundam
473 437 622 471 inducere
646 438 846 477 curavimus,
876 448 937 481 qua
961 448 1037 482 pax,

280 490 360 523 inter
385 491 469 534 ipsos
493 495 523 525 et
546 491 672 535 publica
696 491 786 535 quies
811 492 1037 532 coalesceret„

280 543 401 576 nullum
418 543 513 577 oflicii
526 554 626 587 genus
639 544 935 587 praetermittentes,
956 554 1021 577 om-
1036 553 1037 586 ]

279 606 414 640 nemque
434 606 564 640 operam
581 601 611 630 et
628 602 786 637 conatum,
805 597 858 640 qui
873 602 1020 641 paternae

278 655 405 682 nostrae
419 649 563 683 charitati
576 660 652 693 erga
665 650 838 684 catholicos
859 650 1020 694 principes
1036 644 1038 660 ³

279 702 461 736 retinendae
484 713 684 746 congruens,
709 709 738 736 et
763 709 933 747 propterca
957 708 1018 735 tam

279 756 422 800 proficuo
445 757 536 801 operi
562 757 683 791 facilius
706 757 902 802 perficiendo
920 757 1019 800 magis

279 810 455 844 conducere
481 811 565 844 risus
594 811 654 851 sit,
688 811 900 844 indesinenter
931 809 1020 843 adhi-

278 863 399 904 bentes,
414 870 447 897 ut
460 864 523 898 voti
540 871 702 908 compotes
719 865 927 898 essiceremur.
945 864 1020 897 Tan-

278 916 360 956 dem,
373 917 511 961 propitio
524 917 578 950 Dei
592 918 732 960 numine,
746 927 797 951 res
814 927 851 950 eo
866 917 1018 961 pervenit,

278 975 311 1003 ut
325 970 474 1004 dilectum
488 971 588 1004 filium
602 974 745 1005 nostrum
760 971 904 1004 Martium
918 970 947 1004 S.
962 971 1020 1004 An-

278 1025 340 1067 geli
355 1025 385 1057 in
399 1025 481 1058 Foro
495 1025 631 1059 Piscium
642 1025 809 1059 diaconum
826 1025 1017 1058 cardinalem

278 1078 435 1111 Ginettum
461 1084 687 1123 nuncupatum,
711 1084 855 1112 nostrum
881 1079 911 1111 in
936 1079 1018 1111 alma

281 1131 362 1164 l'rbe
388 1132 538 1165 vicarium
553 1133 585 1165 in
598 1132 814 1176 spiritualibus
828 1132 1018 1176 generalem,

279 1185 316 1217 ad
326 1186 484 1229 praefatos
493 1185 516 1218 F
519 1185 727 1219 ordinandum
746 1186 777 1218 in
795 1186 1018 1230 imperatorem

279 1239 423 1281 electum,
447 1250 483 1273 ac
508 1250 598 1283 reges
611 1245 641 1273 et
656 1240 860 1284 respublicas,
878 1240 1019 1283 aliosque
1036 1251 1037 1256 ¹

279 1293 436 1337 principes
460 1293 589 1326 maioris
612 1295 785 1338 potentiae,
818 1299 960 1327 nostrum
990 1298 1020 1326 ct

278 1347 476 1390 Apostolicae
499 1347 588 1380 Sedis
611 1347 650 1380 de
674 1348 771 1380 latere
788 1347 926 1390 legatum
952 1357 1019 1380 esse

280 1399 466 1433 mittendum
491 1400 700 1442 decrevimus,
714 1401 767 1444 qui
785 1400 824 1433 ad
848 1410 938 1433 suum
958 1400 1018 1432 iam
1035 1430 1037 1434 ,

280 1463 395 1486 munus
420 1453 621 1495 obeundum,
646 1454 867 1487 mandatorum
893 1459 1018 1487 nostro-

279 1516 350 1539 rum
375 1506 490 1540 idoneo
515 1512 694 1540 commeatu
717 1507 866 1547 munitus,
887 1517 919 1540 se
937 1516 1020 1540 com-

280 1560 364 1593 misit
388 1560 502 1593 itineri.

322 1613 338 1656 ξ
362 1613 391 1645 2.
415 1613 568 1652 Quoniam
594 1624 668 1647 rero
699 1624 828 1658 sperare
852 1623 1020 1657 possumus

279 1667 346 1699 t'ore
356 1671 389 1699 ut
399 1666 529 1700 consilia
542 1667 743 1710 actionesque
757 1667 912 1700 humanae
926 1676 1020 1710 quan-

280 1721 393 1753 tumvis
417 1721 487 1764 piae
511 1720 725 1765 provideque*
761 1725 923 1764 susceptae
947 1730 1018 1753 cum

278 1774 317 1806 ad
336 1784 430 1818 quem
454 1774 634 1817 diriguntur
656 1784 786 1818 scopum
807 1774 948 1807 securius
973 1779 1018 1806 at-

279 1827 416 1870 tingant,
447 1828 471 1860 si
504 1827 573 1860 illas
596 1828 723 1862 dextera
748 1827 871 1860 Domini
904 1809 1037 1866 faciens&

279 1880 425 1913 virtutem
447 1880 553 1913 auxilii
578 1880 625 1913 sui
651 1881 678 1912 vi
703 1881 855 1924 provehat
875 1891 910 1913 ac
937 1886 1019 1913 tuea-

278 1939 342 1975 tur,
368 1933 497 1974 idcirco,
518 1939 551 1966 ut
576 1934 728 1966 immensa
744 1933 798 1966 Dei
822 1933 1019 1976 omnipoten-

277 1987 315 2019 tis
338 1986 461 2020 bonitas
487 1987 673 2020 humilitatis
697 1992 822 2020 nostrae
843 1987 894 2030 pia
915 1986 1018 2019 studia

277 2045 308 2072 et
331 2040 452 2083 vigilias
477 2050 601 2073 necnon
631 2041 819 2083 legationem
852 2039 953 2083 ipsam
979 2040 1035 2077 se-,

277 2093 328 2126 lici
345 2093 493 2128 secundet
513 2093 607 2134 exitu,
625 2098 655 2128 ct
671 2104 764 2137 quam
791 2094 926 2126 mundus
943 2093 1017 2126 dare
1033 2126 1035 2139 1

277 2157 339 2180 non
370 2151 472 2189 potest
503 2152 643 2190 optatam
674 2147 792 2190 populo
816 2157 873 2180 suo
902 2146 1034 2190 suppli—¹*

277 2199 358 2232 canti
383 2209 492 2243 pacem
518 2199 653 2243 benigne
678 2200 846 2243 largiatur,
870 2199 908 2232 ad
933 2185 1035 2233 com-l

278 2264 388 2286 munes
418 2263 542 2297 quoque
579 2253 673 2286 totius
709 2253 819 2297 populi
855 2253 1016 2286 christiani

278 2316 387 2350 preces
411 2305 640 2339 recurrendum
665 2306 856 2347 censuimus,
881 2311 915 2339 ut
939 2307 1035 2357 salu-3

277 2360 425 2393 berrimis
455 2360 665 2403 poenitentiae
694 2360 919 2404 charitatisque
943 2371 1016 2404 ope-

277 2412 366 2447 ribus
389 2413 549 2446 orationes
573 2413 723 2453 sociatae,
751 2414 789 2446 ad
814 2416 1035 2468 conspectum}

276 2467 398 2500 divinae
419 2467 588 2500 maiestatis
604 2467 817 2509 ascendentes,
835 2467 1016 2501 caelestium
1033 2507 1035 2512 Ι

278 2521 515 2554 miserationum
536 2526 566 2553 ct
586 2521 708 2565 cupitae
726 2521 812 2564 pacis
830 2520 911 2554 dona
928 2520 1017 2554 nobis

277 2574 444 2608 efficaciter
463 2575 640 2618 impetrent.
1033 2572 1035 2596 t

315 2639 324 2664 1
343 2637 411 2666 male
426 2637 490 2666 edit.
507 2637 585 2666 Maia.
603 2637 665 2673 legit
678 2637 873 2673 providaeque
890 2643 925 2665 «n.
942 2636 998 2673 r.).]

1059 227 1116 253 vm
1139 228 1187 253 1³1².

1099 277 1113 320 ἓ
1137 277 1166 310 3.
1191 276 1258 310 Iloc
1282 281 1397 317 autem,
1418 280 1452 309 ut
1472 274 1664 309 fructuosius
1684 281 1715 308 et
1735 285 1796 308 ma-

1055 330 1113 362 iori
1128 340 1199 362 cum
1217 330 1346 373 spiritus
1362 329 1475 363 ardore
1493 334 1671 373 peragatur,
1689 339 1725 362 ex
1744 339 1796 362 vc-

1055 384 1111 417 teri
1131 384 1286 416 Ecclesiae
1305 385 1460 417 ltomauae
1479 383 1620 417 omnium
1641 383 1749 418 matris
1766 388 1796 416 et

1055 436 1223 479 magistrae
1238 447 1337 474 more,
1352 437 1382 469 in
1399 437 1616 480 praesentibus
1632 437 1796 471 necessita-

1055 490 1138 523 tibus
1151 490 1291 523 eiusdem
1305 490 1460 523 Ecclesiae
1473 491 1647 532 thesauros,
1659 500 1795 534 quorum

1055 543 1288 587 dispensatores
1305 555 1322 576 a
1347 544 1480 577 Domino
1501 544 1659 578 constituti
1677 554 1795 583 sumus,

1056 597 1199 640 proferre
1231 603 1261 630 et
1291 597 1467 640 largissime
1492 607 1624 639 crogare
1649 597 1793 630 decreri—

1056 660 1134 683 mus.
1161 650 1277 694 ltaque,
1307 661 1343 683 cx
1376 656 1465 694 parte
1489 650 1714 694 omnipotentis
1743 650 1795 682 Dei

1055 702 1154 736 Patris
1179 708 1209 736 ct
1233 703 1302 736 Filii
1328 707 1358 737 et
1381 704 1516 747 Spiritus
1540 703 1662 743 Sancti,
1687 713 1796 736 omnes

1055 761 1083 788 et
1109 756 1249 799 singulos
1265 757 1432 800 utriusque
1448 766 1542 789 sexus
1567 755 1796 795 christifideles,

1055 814 1116 842 tam
1151 809 1182 842 in
1218 810 1300 842 alma
1333 810 1415 843 Urbe
1448 811 1556 843 nostra
1588 820 1682 853 quam
1722 808 1795 842 alibi

1054 862 1245 906 ubicumque
1258 863 1402 896 locorum
1417 863 1613 904 constitutos,
1624 863 1795 907 apostolica

1053 916 1238 949 auctoritate
1263 921 1391 960 paterne
1416 916 1571 960 enixeque
1594 917 1796 960 requirimus,

1054 978 1218 1002 monemus
1243 974 1272 1002 et
1297 968 1328 1001 in
1348 969 1481 1002 Domino
1501 969 1667 1001 hortamur
1691 969 1729 1001 ad
1755 969 1798 1001 in-

1053 1023 1220 1067 frascripta
1236 1023 1347 1057 derotc
1360 1022 1574 1067 peragendum
1586 1028 1616 1056 ct
1628 1022 1797 1067 adimplen-

1053 1076 1145 1119 dum,
1179 1082 1209 1110 et
1236 1077 1274 1109 ad
1305 1077 1402 1110 Deum
1432 1077 1625 1109 Salvatorem
1653 1080 1795 1110 nostrum

1053 1130 1230 1171 orandum,
1255 1137 1289 1163 ut
1321 1141 1379 1175 per
1409 1131 1528 1164 viscera
1561 1130 1797 1164 misericordiae

1054 1195 1128 1217 suae
1160 1184 1253 1217 sidem
1286 1185 1472 1218 catholicam
1504 1190 1672 1228 protegere
1705 1190 1735 1217 et
1758 1184 1796 1217 ab

1055 1237 1193 1271 hostium
1218 1238 1381 1271 conatibus
1414 1243 1444 1271 et
1474 1238 1594 1271 insidiis
1619 1238 1795 1280 defendere,

1055 1292 1210 1325 haeresim
1235 1292 1406 1336 extirpare,
1432 1292 1629 1336 principibus
1653 1292 1796 1325 christia-

1054 1345 1101 1377 nis
1125 1355 1234 1388 pacem
1259 1350 1289 1378 ct
1314 1355 1420 1378 reram
1441 1345 1642 1378 concordiam
1668 1345 1795 1385 donare,

1053 1409 1088 1431 ac
1102 1398 1270 1442 praecipue
1287 1398 1505 1442 praesentibus
1517 1398 1671 1432 Ecclesiae
1688 1409 1796 1432 neces—

1054 1451 1196 1485 sitatibus
1212 1451 1378 1485 subvenire
1395 1451 1550 1494 dignetur.

1099 1505 1113 1548 ἓ
1142 1505 1170 1537 fr.
1201 1505 1263 1538 Nos
1287 1505 1390 1546 enim,
1415 1505 1453 1538 de
1484 1505 1711 1549 omnipotentis
1739 1505 1794 1538 Dei

1055 1559 1272 1592 misericordia
1297 1570 1333 1591 ac
1358 1559 1522 1592 beatorum
1548 1559 1631 1592 Petri
1655 1564 1685 1591 et
1709 1559 1794 1591 Pauli

1054 1613 1269 1655 apostolorum
1302 1612 1369 1645 eius
1392 1612 1577 1645 auctoritate
1602 1612 1711 1645 confisi
1726 1639 1733 1653 ,
1758 1622 1794 1645 ex

1056 1665 1107 1697 itta
1126 1665 1242 1708 ligandi
1260 1670 1354 1709 atque
1370 1664 1509 1698 solvendi
1530 1670 1684 1708 potestate
1701 1675 1795 1708 quam

1055 1718 1145 1751 nobis
1178 1718 1327 1751 Dominus
1360 1717 1479 1751 meritis
1512 1717 1641 1751 minime
1677 1717 1792 1750 suss‘ra-

1054 1771 1199 1814 gantibus
1233 1771 1386 1812 contulit,
1414 1771 1568 1804 universis
1600 1776 1630 1804 et
1664 1771 1796 1814 singulis

1054 1825 1309 1858 christifidelibus
1327 1825 1356 1857 in
1372 1825 1454 1857 alma
1474 1824 1556 1857 Urbe
1572 1824 1730 1868 praedicta
1747 1825 1796 1857 de-

1034 1876 1211 1921 'gentibus,
1235 1878 1289 1922 qui
1314 1877 1447 1911 solemni
1471 1878 1675 1921 processioni,
1699 1888 1793 1921 quam

1034 1930 1091 1963 'ab
1115 1931 1247 1964 ccclesia
1273 1931 1304 1963 B.
1322 1931 1436 1964 Mariae
1461 1931 1652 1973 Angelorum
1677 1940 1794 1963 nuncu-

1053 1986 1136 2028 pata,
1156 1985 1385 2017 Chartusiensis
1410 1984 1544 2025 Ordinis,
1569 1983 1608 2016 ad
1631 1983 1794 2017 basilicam

1053 2037 1192 2070 eiusdem
1226 2038 1257 2070 B.
1283 2038 1397 2071 Mariae
1431 2037 1556 2071 Maioris
1583 2037 1676 2070 ctiam
1706 2047 1794 2070 nun-

1052 2097 1196 2135 cupatam
1222 2092 1260 2124 de
1285 2091 1369 2124 Urbe
1393 2091 1472 2124 scria
1497 2093 1610 2134 quarta
1635 2091 1794 2135 sequentis

1052 2144 1277 2186 hebdomadae,
1293 2155 1373 2189 quae
1397 2145 1456 2177 erit
1480 2145 1688 2178 decimasexta
1704 2155 1794 2188 prae-

1052 2198 1145 2232 sentis
1163 2198 1278 2231 mensis
1296 2198 1372 2239 iulii,
1390 2199 1451 2231 una
1469 2208 1539 2231 cum
1560 2198 1792 2231 venerabilibus

1052 2252 1200 2285 fratribus
1224 2253 1340 2286 nostris
1365 2256 1488 2286 sanctae
1504 2253 1664 2286 Romanae
1684 2253 1792 2286 Eccle-

1052 2306 1115 2338 siae
1125 2306 1344 2347 cardinalibus,
1359 2306 1668 2350 christianorumque
1680 2317 1790 2349 regum

1051 2365 1081 2392 et
1110 2359 1288 2403 principum
1322 2359 1404 2403 apud
1436 2369 1492 2392 nos
1517 2365 1547 2392 ct
1579 2359 1790 2403 Apostolieam

1051 2413 1162 2447 Sedent
1187 2413 1377 2455 oratoribus,
1403 2413 1611 2456 omnibusque
1643 2412 1791 2456 praelatis

1052 2473 1079 2501 et
1094 2467 1288 2511 proceribus,
1305 2477 1340 2499 ac
1361 2466 1507 2499 universo
1522 2467 1607 2499 clero
1627 2470 1657 2498 ct
1673 2467 1791 2509 populo

1051 2532 1197 2564 agemus,
1224 2520 1439 2560 interfuerint,
1465 2520 1511 2552 vel
1536 2520 1590 2563 qui
1614 2519 1645 2552 in
1670 2519 1789 2560 eadem,

1051 2584 1105 2607 seu
1123 2573 1301 2606 immediate
1319 2573 1458 2617 sequenti
1477 2572 1686 2613 hebdomada,
1708 2572 1789 2605 basi-

1052 2628 1141 2661 licam
1159 2633 1187 2661 et
1205 2628 1351 2662 ecelesias
1368 2626 1545 2671 praedictas
1566 2626 1677 2661 saltem
1692 2625 1789 2661 semel

1700 217 1758 250 541
1809 225 1860 254 An.
1880 226 1910 254 C.
1927 226 1996 255 1636

1838 287 1954 309 lubilacuin
1965 290 1995 310 iu-

1811 314 1870 336 dicit.

1842 1514 1994 1539 indulgentiam

1811 1547 1865 1567 quae
1881 1541 1915 1561 hic
1935 1548 1995 1568 prae—

1810 1569 1931 1589 sentiuntur
1959 1575 1995 1595 pe·

1810 1595 1934 1619 ranenutms
1949 1602 1997 1616 con·

1811 1624 1874 1643 Ct'tltl.
