2248 3229
156 209 203 234 An.
222 207 251 234 C.
274 207 341 234 1639

967 209 1110 234 nantinus
1134 209 1191 234 vm
1215 209 1262 234 1⁵1¹.
1779 199 1842 233 699

360 254 478 298 pellere
502 266 704 301 summopere
728 257 902 302 cupientes,
919 263 1005 290 motu
1032 269 1100 301 pro·
1115 261 1117 265 ’
1135 268 1173 290 nc
1209 257 1391 302 quempiam
1429 257 1495 291 ullo
1530 261 1671 301 tempore
1704 257 1851 300 precibus
1866 284 1873 297 ,

355 308 427 352 ptio
442 315 471 341 et
488 319 523 342 ex
541 313 625 342 cerztl
646 311 773 344 scicntia
791 313 894 343 nostr
882 323 898 344 ιι
916 321 950 343 ac
968 311 1030 343 de
1022 321 1117 360 apo-
1135 311 1255 350 litteris,
1273 311 1320 344 vel
1345 310 1505 344 saxonibus
1521 310 1657 350 adducti,
1674 310 1721 342 vel
1744 309 1819 342 alias
1835 309 1874 342 ad

356 361 483 394 stolieae
508 363 669 406 potestatis
695 363 897 406 plenitudine,
915 373 968 396 eos
987 374 1097 396 omnes
1114 364 1322 405 instantiam,
1343 375 1397 397 seu
1413 364 1518 408 tequis
1506 363 1660 406 ationem,
1678 363 1725 396 vel
1740 369 1875 397 contem

356 419 385 447 et
410 414 550 458 singulos
582 416 694 449 fratres
723 416 796 449 dicti
821 416 946 450 Otdinis
970 422 1000 449 et
1025 417 1100 450 Co-n
1114 416 1161 476 pl
1166 422 1302 449 itionem
1335 417 1535 460 p1incipum,
1563 416 1610 449 vel
1638 416 1874 460 praelat0r,um

357 469 557 511 gregzationis
583 470 809 513 cuiuscumque
834 476 946 510 status,
971 471 1098 513 gradus,
1114 452 1183 501 aut
1208 469 1343 502 alionum
1361 480 1647 512 quorumcumque,
1665 475 1726 502 tam
1752 468 1874 502 secula-

356 521 555 563 conditionis,
581 524 868 567 praeeminentiae,
889 525 1047 569 qualitatis
1069 530 1097 557 et
1133 522 1214 554 rimn
1229 532 1323 565 quam
1339 523 1634 564 ecclesiasticoiQum
1652 527 1738 555 extia
1755 521 1873 554 dictum

356 573 516 616 dignitatis
530 577 594 608 exis
598 582 696 609 tentes
700 577 818 620 ,quide
831 584 946 617 eeteio‚
957 577 995 610 ad
1011 588 1096 621 prae-
1114 566 1289 618 gremium
1315 576 1524 617 existentium,
1542 576 1634 608 etiam
1656 575 1874 612 caidinalium.

357 627 484 666 laturas
509 628 635 670 gradus,
661 629 807 670 honores,
832 630 1020 673 dignitates,
1044 630 1115 662 ad
1114 628 1343 678 impetatoris‚
1368 639 1492 671 tegum,
1517 604 1653 669 ⁷ducum,
1673 628 1711 660 ad
1736 628 1874 661 cuiusvis

357 680 449 712 minis
453 681 623 721 nationes,
648 683 823 715 functiones
847 689 877 716 et
901 683 961 716 alia
996 683 1098 716 officia
1132 681 1257 723 gweneiis
1282 681 1486 725 praelaturas,
1507 681 1633 725 gradus,
1660 681 1806 723 honores,
1831 680 1875 714 di-

356 731 568 767 dictiOrdinis
585 735 889 779 eteongiegationis
903 736 1115 797 assequenda
1132 734 1282 775 gnitates,
1307 734 1613 774 administrationes,
1644 734 1820 766 functiones
1844 738 1873 765 et

357 785 477 826 intenti,
497 787 535 819 ad
561 788 740 832 principum
767 794 796 821 et
822 790 1035 833 praelatorum
1069 793 1097 822 et
1113 775 1233 819 officia
1259 786 1436 830 praedictae
1461 786 1720 830 Congregationis
1744 797 1873 830 piomo-

355 839 433 871 alim
437 850 488 872 um
505 851 777 885 quatumcumque
795 852 1014 886 patmum-,um
1035 847 1096 874 tam
1132 849 1214 880 veie,
1229 839 1276 872 vel
1293 849 1410 883 poenas
1426 840 1545 883 aliquas
1563 839 1722 873 remitteie
1740 839 1871 872 audeant

342 1702 488 1736 ‚cumque
513 1693 719 1736 praelaturas,
748 1693 915 1735 dignitates
940 1699 970 1726 et
993 1694 1112 1727 officia1

356 893 544 925 secularium
562 904 654 937 quam
669 895 964 934 ecclesiasticarum,
978 894 1015 927 de
1030 905 1098 936 3·ιο-

356 945 419 978 mio
429 945 528 979 dictae
541 947 799 989 Congregationis
812 958 874 980 non
885 948 1096 987 existentium,
1112 969 1114 993 3

355 999 448 1032 etiam
482 1000 691 1032 cardinalatus
722 1000 861 1040 bonore,
886 1010 922 1033 ac
946 1002 1114 1050 quacum—¹.

355 1062 416 1096 que
434 1053 567 1085 seculari
581 1053 731 1096 dignitate
747 1059 776 1086 et
789 1054 984 1093 excellentia,
1002 1054 1095 1086 etiam

357 1105 521 1148 imperiali,
538 1106 635 1148 regali
661 1112 691 1139 et
715 1106 816 1139 ducali
839 1107 1038 1151 fulgentium,
1057 1108 1113 1150 sa-¹

355 1168 446 1191 vores
472 1159 674 1200 recurrerint,
699 1159 746 1192 vel
773 1159 865 1192 etiarn
891 1161 1006 1204 pactis,
1033 1161 1097 1204 pol-

355 1211 736 1256 licitationibus,aliisque
757 1213 824 1253 viis,
842 1213 961 1247 directe
986 1214 1033 1247 vel
1055 1214 1097 1246 in-

354 1265 482 1307 directe,
500 1267 601 1310 palam
617 1268 662 1300 vel
685 1268 817 1308 occulte,
835 1268 872 1300 ad
891 1268 1095 1312 praelaturas,

354 1319 482 1362 gradus,
507 1320 663 1360 honores,
688 1321 874 1363 dignitates,
900 1321 1113 1358 administra,

356 1373 465 1412 tiones,
483 1373 658 1407 functiones
679 1379 706 1406 et
726 1374 787 1406 alia
811 1374 913 1407 officia
937 1374 1095 1417 praedicta

354 1426 522 1459 obtinenda
555 1427 784 1470 aspiraverint,
809 1428 856 1460 vel
893 1427 961 1460 aliis
993 1428 1096 1460 minus

355 1479 502 1522 legitimis
526 1485 555 1512 et
581 1480 720 1513 honestis
752 1480 927 1513 rationibus
959 1491 995 1513 ea
1019 1481 1095 1514 obti-

353 1542 428 1565 nere
452 1533 674 1576 quaesiverint,
691 1534 854 1566 autetiam
880 1539 989 1577 sponte
1013 1534 1096 1567 obla-

355 1585 393 1617 tis
417 1591 447 1618 et
472 1585 600 1618 minime
626 1586 810 1629 conquisitis
834 1586 881 1619 usi
906 1587 1038 1627 suerint,
1064 1587 1096 1618 il-

354 1639 520 1682 lorumque
540 1640 711 1683 complices
728 1645 759 1672 et
777 1640 923 1681 fautores,
942 1640 980 1672 ad
1002 1651 1095 1684 quas·
1111 1659 1113 1662 .

353 1745 542 1789 gradusque,
568 1746 726 1786 honores,
752 1746 1041 1780 administrationes
1066 1732 1113 1783 ets

355 1808 486 1831 munera
512 1799 541 1831 in
568 1799 632 1843 ipsa
649 1800 900 1843 Congregatione
925 1789 1112 1834 obtinendai

354 1857 506 1895 perpetuo
520 1852 673 1884 inhabiles
685 1852 892 1895 declaramus,
907 1864 943 1886 ac
959 1854 1094 1887 obtentis
1110 1865 1112 1871 ’

355 1914 412 1948 per
437 1915 490 1938 eos
515 1906 711 1948 praelaturis,
728 1906 888 1948 gradibus,
909 1907 1093 1948 honoribus,

353 1957 573 2000 dignitatibus,
597 1958 939 1998 administrationibus,
965 1959 1095 1992 functio-

353 2010 447 2043 nibus
472 2016 502 2043 et
526 2011 637 2044 officiis
668 2011 847 2044 huiusmodi
878 2022 915 2045 eo
941 2012 1010 2055 ipso
1035 2012 1111 2055 pri-¹

355 2073 473 2103 ramus,
490 2074 525 2096 ac
542 2064 691 2107 privatos,
711 2074 784 2097 voce
803 2070 864 2096 tam
882 2065 982 2097 activa
999 2075 1092 2107 quam

354 2117 476 2160 passiva
495 2128 602 2151 carere
622 2117 820 2150 decernimus
841 2123 870 2150 et
887 2117 1093 2157 declaramus,

353 2175 446 2213 atque
470 2171 501 2203 in
527 2171 639 2204 virtute
664 2177 788 2203 sanctae
813 2171 1030 2211 obedientiae,
1058 2182 1093 2203 ac

354 2224 412 2257 sub
444 2224 777 2257 excommunicationis
813 2225 892 2257 latae
922 2220 1111 2257 sententiae?

354 2280 466 2321 poena,
490 2278 635 2311 omnibus
659 2278 732 2311 dicti
758 2278 881 2311 Ordinis
906 2283 936 2310 et
960 2279 1094 2320 Congre-

353 2330 486 2372 gationis
500 2331 659 2370 fratribus,
671 2331 952 2375 superioribusque
965 2337 995 2364 et
1008 2342 1094 2375 [irae-

354 2384 444 2423 latis‚
469 2395 668 2428 quocumque
697 2384 787 2417 titulo
819 2385 970 2425 munitis,
1000 2385 1091 2418 etiam

353 2437 451 2480 priori
477 2438 631 2479 generali,
650 2436 949 2481 praesentibusque*
968 2443 997 2469 et
1014 2438 1093 2470 sutu-

353 2489 406 2531 ris,
427 2491 650 2535 praecipimus,
668 2490 871 2534 districteque
896 2483 1109 2533 mandamus,
1085 2512 1109 2548 ‚¹

1107 2551 1109 2574 t

390 2610 400 2636 l
417 2607 579 2644 Simpliciter
594 2607 652 2643 lege
666 2606 864 2642 praesentibus
879 2608 916 2641 (ιι.
929 2607 976 2642 τ,).
1107 2583 1110 2636 i

1113 888 1178 925 {vel
1204 899 1416 935 praesumant.

1175 946 1190 988 ἓ
1213 944 1243 978 3.
1269 946 1478 979 Decernentes
1503 947 1670 980 electiones
1695 953 1725 980 et
1749 957 1873 990 promo-

1132 997 1232 1031 tiones
1256 999 1293 1031 ad
1320 999 1526 1038 monasteria,
1547 1010 1600 1032 seu
1627 1000 1803 1043 prioratus,
1823 1000 1871 1033 vel

1112 1051 1114 1082 ζ
1131 1051 1232 1084 officia
1247 1051 1320 1086 dicti
1339 1052 1464 1085 Ordinis
1481 1058 1511 1085 ct
1526 1052 1785 1095 Congu-egationis
1801 1063 1873 1086 con—

1131 1109 1178 1136 tra
1206 1105 1416 1148 praesentium
1436 1105 1674 1149 dispositionem
1703 1105 1800 1149 (quod
1821 1107 1873 1138 ali-

1131 1157 1191 1199 sit)
1212 1157 1477 1201 quandocumque
1494 1158 1660 1198 faciendas,
1674 1162 1703 1192 et
1721 1168 1779 1202 pro
1798 1163 1872 1191 tem-

1132 1220 1209 1253 pore
1227 1210 1379 1251 obtentas,
1393 1212 1494 1244 nullas
1509 1222 1640 1255 prorsus
1659 1211 1871 1255 invalidasque

1132 1264 1196 1296 l'ore
1214 1270 1243 1296 et
1263 1274 1340 1306 esse,
1358 1265 1515 1308 nullisque
1536 1264 1657 1297 viribus
1681 1264 1870 1296 subsistere:

1130 1328 1165 1350 ac
1196 1328 1306 1351 omnes
1335 1324 1364 1351 et
1388 1318 1530 1361 singulos
1558 1318 1588 1351 in
1614 1317 1795 1362 praemissis
1823 1317 1873 1350 do-

1131 1371 1327 1414 linquentes,
1355 1372 1441 1404 nulla
1473 1371 1532 1405 alia
1558 1371 1729 1404 monitione
1765 1380 1873 1414 pracc-

1130 1423 1242 1465 dente,
1275 1430 1305 1457 et
1336 1424 1454 1468 absque
1480 1434 1631 1468 processu
1655 1424 1792 1467 desuper
1815 1423 1870 1456 ha-

1130 1477 1254 1518 bendo,
1286 1478 1454 1511 sententias
1477 1482 1507 1511 et
1531 1487 1649 1522 poenas
1683 1476 1872 1521 praemissas

1132 1530 1390 1564 irremissibiliter
1415 1541 1452 1564 eo
1477 1531 1544 1575 ipso
1570 1531 1743 1569 incurrere,
1768 1536 1808 1570 et,
1833 1528 1871 1561 ad

1131 1584 1200 1617 illos
1225 1585 1394 1618 sententias
1412 1590 1441 1618 et
1462 1595 1579 1629 poenas
1604 1583 1792 1628 praemissas
1817 1583 1871 1615 da-

1131 1639 1311 1671 mnabiliter
1328 1638 1498 1672 incurrisse
1516 1638 1655 1681 legitime
1672 1636 1870 1681 probandum

1130 1697 1159 1725 et
1183 1693 1312 1725 omnino
1337 1691 1596 1733 convincendum,
1618 1691 1700 1724 solas
1723 1690 1871 1734 praemis-

1129 1755 1234 1777 sarum
1260 1755 1467 1789 personarum
1501 1744 1683 1784 instantias,
1707 1753 1818 1788 preces
1843 1747 1873 1776 et

1129 1799 1262 1839 favores,
1276 1799 1368 1832 ctiam
1387 1805 1534 1832 oretenus
1550 1803 1722 1842 porrectas,
1735 1797 1871 1841 plenam,

1130 1851 1289 1884 indubiam
1314 1857 1344 1884 et
1369 1851 1607 1884 insufficientem
1637 1850 1668 1883 in
1696 1850 1812 1883 iudicio
1841 1855 1872 1882 et

1110 1921 1111 1926 =
1129 1911 1216 1937 extra
1240 1905 1334 1938 sidem
1353 1905 1466 1944 facere,
1483 1915 1540 1937 nec
1565 1904 1602 1936 ad
1627 1903 1657 1936 id
1676 1903 1870 1947 probationis

1128 1958 1258 1991 alterius
1282 1958 1508 1991 adminiculum
1534 1957 1670 2000 requiri;
1696 1961 1727 1989 et
1751 1956 1793 1989 ita
1813 1965 1870 2000 per

1128 2021 1345 2054 quoscumque
1366 2011 1484 2044 iudices
1502 2016 1531 2043 ct
1550 2009 1784 2043 commissarios
1798 2019 1870 2053 qua-

1129 2064 1173 2096 vis
1190 2064 1376 2097 auctoritate
1394 2064 1568 2106 sung-entes,
1587 2063 1680 2096 etiam
1703 2071 1870 2096 causarum

1129 2118 1234 2161 palatii
1254 2117 1416 2161 apostolici
1437 2117 1605 2158 auditores,
1624 2121 1653 2149 et
1670 2122 1794 2149 sanctae
1808 2115 1868 2149 Ro-

1129 2181 1238 2203 manae
1265 2170 1420 2203 Ecclesiae
1438 2170 1621 2209 cardinales,
1639 2169 1760 2202 sublata
1779 2169 1823 2202 eis
1841 2174 1870 2201 et

1127 2234 1238 2257 corum
1265 2224 1393 2256 cuilibet
1417 2224 1526 2267 quavis
1549 2224 1640 2256 aliter
1661 2222 1817 2256 iudicandi
1839 2228 1867 2255 et

1129 2277 1352 2320 interpretandi
1379 2277 1523 2309 facultate
1541 2282 1571 2309 et
1590 2276 1786 2316 auctoritate,
1805 2275 1868 2308 ubi—

1127 2341 1187 2374 que
1210 2330 1340 2362 iudicari
1358 2336 1388 2362 et
1405 2329 1527 2362 deliniri
1548 2329 1674 2369 debere,
1691 2339 1726 2361 ac
1744 2328 1867 2361 irritum

1127 2390 1154 2416 ct
1178 2384 1278 2423 inane,
1299 2383 1322 2415 si
1347 2393 1436 2416 secus
1461 2393 1555 2427 super
1579 2383 1627 2415 liis
1647 2392 1663 2414 a
1687 2391 1845 2425 quoquam
1860 2408 1867 2421 ,

1127 2437 1236 2480 quavis
1261 2436 1464 2475 anctoritate,
1484 2435 1619 2468 scienter
1650 2435 1697 2467 vel
1723 2434 1868 2478 ignoran-

1127 2494 1191 2529 ter,
1216 2489 1319 2531 conti‘„
1313 2489 1383 2521 erit
1408 2488 1564 2521 attentari.

1171 2560 1185 2582 .³
1171 2541 1238 2581 §4
1264 2542 1331 2574 Non
1349 2541 1546 2574 obstantibus
1565 2540 1727 2584 quibusvis
1739 2545 1866 2584 aposto·

1126 2595 1209 2637 licis,
1230 2601 1257 2627 et
1284 2595 1314 2628 in
1339 2595 1584 2639 piovincialibus
1608 2600 1638 2628 et
1662 2595 1863 2639 synodalibus

1889 210 1937 236 An.
1955 209 1982 236 Γ..
2004 209 2072 237 ¹639

1899 984 1902 987 Ι
1915 956 2027 978 Decretum
2045 957 2072 977 ir-

1887 987 1960 1005 rutam.

1952 2547 2067 2573 Dei-nuno

1882 2575 2044 2596 contrat-tomm-
