2248 3229
86 221 138 248 An.
156 221 186 248 C.
206 219 272 248 ¹639

113 1292 233 1314 Clausulas.

102 1878 216 1902 neronuo
224 1884 272 1899 eon-

87 1907 208 1927 lariorum.

895 217 1038 242 unBANus

285 267 463 301 huiusmodi
483 267 584 301 modis
600 266 768 311 praedictis
781 266 942 310 hucusque
957 276 1027 298 con-
1044 272 1045 290 ³

285 332 372 354 cessa
407 323 531 354 fuerunt
567 327 599 354 ut
636 321 833 365 praefertur,
867 320 914 352 vel
953 312 1045 367 alitis]

285 375 522 418 quomodolibet
554 375 645 408 etiam
680 385 737 418 pro
770 377 836 407 rata
869 374 1046 418 fructuum¹

285 434 314 461 et
334 429 520 472 pensionum
540 439 636 472 super
653 429 696 461 eis
714 427 950 471 quomodolibet
970 427 1027 459 sibi

287 488 540 519 resen-vatorum,
567 482 603 514 ad
629 481 811 514 solvendum
839 487 942 524 partes
967 480 1030 512 fru-

287 541 405 572 ctuum,
421 536 598 568 reddituum
614 541 642 567 et
662 540 870 578 proventuum
891 534 1027 577 ipsarum

285 589 591 631 praeceptoriarum,
616 598 669 620 seu
695 587 970 625 commendat-um,
994 597 1029 618 ac

285 640 482 683 prioratuum
508 647 537 673 et
563 640 802 680 beneficiorum,
820 650 897 683 quas
918 640 1029 672 fratres

286 693 400 726 milites
424 704 554 737 capaces
578 694 616 726 de
650 694 766 726 eisdem
805 691 1030 736 praeceptoriis

285 756 341 779 seu
373 748 568 780 commendis
602 758 637 780 ac
674 747 865 790 prioratibus
897 750 927 779 et
961 745 1030 778 aliis

285 799 447 833 beneficiis
472 801 589 845 provisi
616 802 737 834 solvere
761 800 922 839 deberent,
945 799 1029 832 iuxta

285 854 467 887 earumdem
502 855 677 887 litterarum
714 853 956 898 apostolicarum
993 863 1030 885 ac

286 907 533 951 uniuscuiusque
572 908 805 951 praedictarum
844 907 1028 939 militiarum

285 964 398 994 statuta
427 971 481 993 seu
513 961 725 993 stabilimenta
749 960 934 993 auctoritate
959 969 1030 1002 apo-

285 1014 394 1047 stolica
424 1019 457 1048 ut
491 1015 669 1058 praefertur
693 1014 900 1054 confirmata,
925 1023 1029 1056 respe-

285 1067 366 1100 ctive
385 1068 493 1108 teneri,
514 1074 544 1101 et
568 1067 606 1100 ad
631 1067 661 1100 id
686 1068 874 1112 opportunis
898 1067 976 1100 iuris
1000 1072 1029 1100 et.

285 1121 357 1154 facti
390 1122 538 1155 remediis
569 1122 638 1165 cogi
672 1126 701 1155 et
733 1122 880 1165 compelli
914 1131 1027 1165 posse,

285 1175 470 1208 auctoritate
491 1175 662 1219 praedicta,
681 1181 789 1208 tenore
803 1175 1027 1219 praesentium,

285 1227 492 1261 declaramus.

330 1281 398 1325 §a
423 1282 537 1325 Sicque.
569 1292 626 1325 per
659 1292 875 1326 quoscumque
909 1281 1028 1314 iudices

285 1334 464 1368 ordinarios
489 1339 518 1368 ct
542 1335 717 1377 delegatos,
742 1335 834 1368 etiam
861 1345 1026 1368 causarum

285 1388 389 1432 palatii
408 1388 571 1432 apostolici
591 1388 762 1429 auditores,
783 1395 812 1422 et
830 1395 953 1422 sanctae
971 1389 1028 1421 Ro-

287 1452 396 1474 manae
422 1442 576 1475 Ecclesiae
601 1442 786 1482 cardinales,
808 1442 901 1475 etiam
926 1442 963 1475 de
988 1443 1029 1474 la-

286 1501 351 1528 tere
376 1495 506 1538 legatos,
526 1495 690 1539 dictaeque
715 1495 804 1529 Sedis
828 1495 972 1535 nuncios,
997 1501 1028 1528 et

285 1559 501 1592 quoscumque
521 1549 599 1581 alios
616 1549 726 1592 quavis
750 1549 937 1582 auctoritate
961 1549 1029 1581 fun-

285 1608 404 1644 gentes,
419 1602 547 1635 iudicari
573 1608 604 1635 et
627 1602 751 1635 definiri
777 1602 903 1644 debere,
929 1613 965 1636 ac
990 1602 1029 1635 ir-

285 1656 380 1689 ritum
406 1662 436 1689 et
461 1656 561 1696 inane,
585 1656 610 1688 si
635 1666 725 1688 secus
742 1666 836 1699 super
854 1656 902 1688 bis
921 1666 938 1688 a
955 1666 1030 1700 quo-

286 1719 402 1753 quam,
435 1709 543 1753 quavis
575 1709 781 1750 auctoritate,
814 1709 949 1742 scienter
982 1709 1029 1741 vel

287 1761 490 1804 ignoranter,
520 1762 687 1804 contigerit
718 1762 881 1803 attentari,
914 1762 1026 1795 decer-

287 1815 402 1848 nimus.

333 1869 347 1912 ξ
371 1868 400 1901 6.
419 1870 486 1902 Non
503 1868 699 1902 obstantibus
719 1869 883 1913 quibusvis
907 1879 1032 1902 conces-

288 1921 428 1954 sionibus
449 1922 486 1954 de
508 1922 733 1966 praeceptoriis
762 1933 817 1955 seu
837 1922 1031 1956 commendis

288 1976 471 2009 militiarum
498 1975 676 2008 huiusmodi
700 1975 844 2019 personis
865 1975 1032 2019 praedictis

288 2028 386 2067 sactis,
411 2039 446 2062 ac
471 2028 750 2061 constitutionibus
775 2033 804 2060 et
829 2028 1032 2060 ordinationi-

289 2080 348 2113 bus
376 2082 575 2125 apostolicis,
605 2091 745 2120 necnon,
773 2087 926 2124 quatenus
955 2091 1033 2124 opus

290 2134 338 2174 sit,
358 2134 496 2178 ipsarum
517 2135 712 2174 militiarum,
730 2135 822 2167 etiam
846 2134 1032 2173 iuramento,

290 2190 529 2221 confirmatione
560 2189 749 2232 apostolica,
775 2189 821 2220 vel
847 2188 956 2231 quavis
980 2188 1034 2219 sir-

290 2242 396 2274 mitate
421 2243 481 2274 alia
510 2242 677 2281 roboratis,
702 2242 824 2274 statutis
850 2245 878 2275 et
903 2251 1033 2273 consue-

290 2295 468 2335 tudinibus,
493 2295 728 2336 stabilimentis,
755 2295 862 2327 usibus
887 2304 923 2327 ac
947 2294 1033 2327 ordi-

289 2349 467 2382 nationibus
492 2349 734 2392 capitularibus,
759 2348 931 2392 privilegiis
955 2358 1033 2391 quo-

289 2413 360 2446 que,
383 2403 510 2435 indultis
527 2408 556 2435 ct
574 2403 685 2436 litteris
705 2402 895 2445 apostolicis,
914 2402 1031 2434 eisdem

289 2457 433 2500 personis
453 2461 482 2488 et
502 2466 612 2488 eorum
638 2456 766 2488 cuilibet
787 2456 816 2487 in
837 2455 1031 2487 contrarium

288 2510 534 2554 praemissorum
575 2509 813 2552 quomodolibet
852 2508 1031 2550 concessis,

289 2564 492 2603 confirmatis,
511 2563 691 2606 approbatis
716 2568 745 2595 et
771 2563 942 2602 innox·atis;
967 2562 1032 2606 qui-

290 2616 348 2650 bus
372 2618 517 2651 omnibus
541 2622 571 2650 et
595 2616 737 2660 singulis,
755 2617 883 2650 illorum
905 2622 1031 2650 tenores

1062 216 1120 240 viu
1139 217 1187 240 rr.
1708 201 1772 235 693
1819 209 1867 236 An.
1884 209 1911 236 C.
1934 209 2002 236 1639

1061 263 1278 309 praesentibus
1297 273 1356 307 pro
1374 261 1565 309 sufficienter
1585 260 1742 304 expressis
1769 269 1804 291 ac

1061 319 1098 351 (le
1124 319 1222 351 verbo
1247 317 1285 350 ad
1312 317 1441 350 verbum
1476 315 1600 348 insertis
1633 314 1804 351 babentes,

1063 373 1123 405 illis
1143 372 1218 404 alias
1244 372 1273 403 in
1299 381 1355 403 suo
1382 369 1496 403 robore
1521 366 1746 412 permansuris,
1767 365 1804 397 ad

1045 425 1310 468 'praemissorum
1343 424 1508 463 effectum,
1534 422 1591 453 liac
1616 421 1682 453 vice
1714 419 1805 452 dum-

1045 474 1146 511 'taxat
1170 478 1346 521 specialiter
1371 483 1401 509 et
1426 485 1571 519 expresse
1596 474 1804 515 derogamus;

1046 531 1239 574 lceterisque
1265 530 1431 563 contrariis
1457 529 1718 573 quibuscumque.

1108 584 1217 617 Datum
1238 585 1364 623 Romae,
1379 583 1460 627 apud
1478 583 1507 616 S.
1528 582 1664 620 Petrum,
1681 580 1738 613 sub
1756 589 1806 612 an-

1064 638 1138 670 nulo
1161 637 1337 675 Piscatoris,
1355 637 1403 669 (lie
1421 646 1460 670 xv
1481 635 1611 668 ianuarii
1629 643 1804 673 mcxxxix,

1065 691 1265 735 pontificatus
1282 691 1380 723 nostri
1399 700 1480 722 anno
1499 698 1560 723 xvi.

1100 752 1158 780 Dat.
1176 753 1219 780 die
1236 753 1268 779 115
1283 752 1396 779 ianuarii
1416 752 1492 783 1639,
1509 751 1602 788 pontif.
1620 759 1690 778 anno
1706 756 1760 778 xvt.

1359 894 1510 928 Dcxxlx.

1063 973 1215 1007 Exlensio
1251 974 1392 1007 subsidii
1425 985 1485 1018 pro
1521 975 1650 1008 civitate
1680 975 1805 1009 Pisano

1107 1029 1240 1071 eiusque
1265 1028 1413 1060 districtu
1440 1029 1480 1061 ab
1505 1028 1723 1061 ecclesiasticis
1749 1028 1807 1061 sol-

1107 1081 1204 1114 vendi
1228 1081 1270 1114 ad
1295 1081 1389 1114 aliud
1414 1081 1632 1114 decennium&

1271 1163 1407 1189 urbanus
1424 1162 1503 1196 Papa
1524 1162 1601 1194 vm.

1206 1209 1242 1235 ad
1262 1208 1396 1235 futuram
1415 1207 1460 1234 rei
1481 1207 1662 1235 memoriam.

1896 1287 1973 1308 Pania«
1989 1286 2005 1306 V

1821 1320 1832 1334 a
1853 1315 1910 1335 cler-i
1930 1316 2006 1334 Pisano

1107 1280 1121 1323 ἓ
1151 1280 1180 1312 1.
1206 1280 1289 1313 Alias
1314 1280 1433 1324 [felicis
1457 1279 1685 1312 recordationis
1710 1278 1805 1311 Paulo

1062 1333 1162 1377 Papae
1188 1334 1210 1366 V
1232 1334 1469 1377 praedecessori
1499 1339 1608 1366 nostro
1633 1343 1690 1376 pro
1716 1338 1805 1376 parte
1821 1342 1938 1380 ‘¹¹l‘⁴'‘''¹,¹''¹
1969 1346 2006 1366 [πο

1061 1386 1162 1419 bonae
1176 1387 1348 1420 memoriae
1364 1387 1466 1420 Cosmi
1482 1387 1625 1426 Medices,
1640 1386 1805 1418 lletruriae
1821 1369 2007 1420 fi?'¹¹⁰'ss1-fiffli'ssiii

1061 1441 1120 1473 sibi
1153 1441 1312 1474 subiectae
1343 1440 1418 1473 dum
1450 1441 1526 1473 vixit
1558 1439 1663 1481 magni
1695 1423 2007 1485 ducis,{llfff‘itlflfi-*clfli

1062 1494 1213 1538 exposito,
1235 1493 1319 1536 quod
1339 1494 1424 1536 (cum
1448 1494 1572 1538 pridem
1591 1493 1690 1525 bonae
1712 1492 1805 1525 etiam
1822 1482 1878 1522 'iiii'n
1907 1479 2007 1500 ‘mm'

1063 1548 1236 1580 memoriae
1245 1547 1398 1580 Ascanius
1411 1547 1579 1590 episcopus
1589 1545 1807 1589 Anglonensis,

1064 1606 1137 1633 tunc
1161 1600 1243 1644 apud
1269 1600 1369 1632 bonae
1384 1600 1530 1632 similiter
1548 1599 1719 1632 memoriae
1738 1598 1808 1631 Fer-

1063 1653 1234 1686 dinandum
1260 1653 1333 1686 dicti
1359 1653 1462 1686 Cosmi
1489 1653 1592 1696 magni
1615 1652 1703 1685 ducis
1720 1652 1808 1694 geni-

1064 1712 1166 1740 torem
1192 1713 1223 1740 et
1247 1707 1414 1740 Hetruriae
1439 1707 1497 1739 sibi
1528 1706 1688 1739 subiectae
1719 1705 1806 1737 simi-

1064 1760 1135 1793 liter
1166 1770 1314 1803 magnum
1345 1760 1457 1793 ducem
1488 1759 1576 1793 Sedis
1608 1758 1807 1802 Apostolicae

1064 1814 1215 1856 nuncius,
1242 1814 1441 1857 cognovisset
1466 1814 1628 1845 facultates
1653 1812 1807 1844 laicorum

1065 1868 1208 1912 expensis
1244 1867 1429 1900 necessariis
1461 1877 1516 1899 seu
1546 1866 1675 1899 utilibus
1711 1874 1807 1908 agge-

1065 1933 1146 1960 rum,
1172 1922 1368 1962 fossatorum,
1391 1921 1523 1959 viarum,
1553 1919 1807 1963 aquaeductuum

1065 1979 1095 2008 et
1109 1985 1260 2018 aquarum
1280 1974 1477 2007 diversorum
1502 1984 1558 2017 per
1582 1973 1731 2005 officiales
1752 1982 1808 2005 seu

1066 2028 1231 2071 deputatos
1248 2028 1285 2060 ad
1304 2028 1441 2061 officium
1467 2028 1655 2059 fossatorum
1675 2025 1808 2058 civitatis

1069 2081 1207 2114 pisarum
1235 2081 1263 2113 in
1289 2081 1449 2119 districtu,
1475 2080 1636 2112 territorio
1661 2083 1689 2112 et
1715 2078 1809 2111 comi-

1068 2140 1131 2167 tatu
1147 2135 1246 2167 dictae
1261 2134 1393 2166 civitatis
1408 2134 1556 2166 faciendis
1571 2143 1630 2165 non
1649 2132 1808 2175 sufficere)

1067 2188 1198 2225 clerum,
1224 2193 1284 2219 tam
1310 2187 1482 2219 secularem
1501 2197 1593 2229 quam
1617 2186 1807 2228 regularem,

1069 2251 1284 2284 personasque
1315 2240 1541 2273 ecclesiasticas
1574 2245 1752 2282 exemptas,
1779 2245 1809 2271 et
1838 2246 1846 2254 '

1069 2295 1182 2326 milites
1197 2294 1325 2326 militiae
1340 2294 1435 2327 sancti
1450 2293 1610 2337 Stephani,
1623 2293 1742 2325 ratione
1756 2293 1810 2325 bo-

1068 2358 1181 2381 norum
1208 2359 1264 2391 per
1289 2358 1342 2380 eos
1368 2348 1397 2379 in
1423 2347 1593 2386 territorio,
1619 2346 1761 2379 districtu
1779 2352 1809 2378 et

1068 2401 1218 2434 comitatu
1241 2401 1358 2433 Pisanis
1379 2410 1609 2444 possessorum,
1631 2399 1806 2431 subsidium

1067 2455 1157 2487 dictis
1182 2455 1327 2498 expensis
1351 2454 1389 2486 ad
1414 2454 1599 2486 decennium
1632 2459 1704 2485 tunc
1736 2464 1808 2496 pro-

1067 2510 1187 2542 ximum
1213 2510 1357 2543 conferre
1382 2519 1473 2553 posse
1497 2514 1526 2542 ct
1550 2508 1676 2549 debere,
1702 2512 1806 2541 aucto·

1102 2627 1112 2654 ¹
1135 2626 1173 2654 Ex
1192 2630 1293 2663 regest.
1314 2626 1342 2654 in
1360 2626 1462 2654 Secret.
1483 2625 1560 2655 BreV.
