2248 3229
228 234 279 261 An.
298 233 325 260 C.
346 233 410 261 1639

256 509 296 530 Cau
312 515 321 529 ἒ

230 544 247 555 ui
265 537 299 555 sul*

252 2105 363 2124 Dei-‹ieatio
374 2109 397 2123 m
408 2112 411 2123 ι

237 2134 355 2151 tiaiieiuni.

457 223 519 257 712

430 282 481 314 illa
498 280 683 317 nullatenus,
702 282 754 310 aut
772 277 875 309 minus
893 281 1037 309 accurate
1054 281 1084 308 et
1101 276 1167 308 fru-

430 340 536 367 ctuose
554 333 769 369 confiteantur,
791 330 979 373 cupiantque
998 333 1168 372 propterea

430 388 503 420 dicti
530 391 720 428 exponentes
744 383 801 415 sibi
827 393 883 426 per
908 392 986 417 nos,
1011 387 1044 414 ut
1069 381 1166 423 infra,

430 445 603 483 opportune
630 436 807 480 provideri:

473 494 487 535 ξ
511 492 539 524 Q.
566 492 644 530 Nos,
670 489 723 532 qui
748 488 889 521 omnium
915 487 1166 520 christifidelium

428 544 517 577 saluti
538 554 595 587 pro
612 542 761 586 pastorali
778 543 884 574 nostra
901 540 1109 574 sollicitudine
1126 540 1169 572 iu-

428 599 508 641 giter
534 596 743 638 invigilamus
769 599 962 638 exponentes
989 593 1168 637 praedictos

429 651 617 694 specialibus
642 648 800 681 furoribus
832 653 862 680 et
886 647 994 690 gratiis
1020 647 1168 690 prosequi

429 705 576 743 volentes,
594 706 623 736 et
641 712 750 734 eorum
777 700 952 743 singulares
977 709 1129 743 personas
1153 709 1169 730 a

428 757 590 802 quibusvis
611 753 956 795 excommunicationis,
983 753 1168 796 suspensio-

428 811 474 842 nis
507 816 536 842 et
567 808 747 848 interdicti,
780 807 911 850 aliisque
951 805 1170 839 ecclesiasticis

429 863 599 902 sententiis,
624 860 764 894 censuris
790 865 819 892 et
844 860 963 903 poenis,
989 870 1006 892 a
1030 859 1098 891 iure
1124 860 1169 892 vel

429 918 466 949 ab
492 917 637 960 homine,
670 915 780 959 quavis
811 914 976 947 occasione
1001 913 1058 945 vet*
1079 915 1170 946 causa

430 970 519 1010 latis,
544 969 568 1002 si
594 969 710 1013 quibus
743 967 981 1011 quomodolibet
1005 966 1171 999 innodatae

429 1023 572 1064 existunt,
590 1023 627 1055 ad
646 1022 791 1055 ellectum
810 1021 1024 1064 praesentium
1049 1020 1171 1052 dumta-

428 1080 478 1110 xat
498 1075 766 1120 consequendum,
785 1075 896 1107 haruin
915 1074 995 1106 serie
1012 1073 1173 1106 absolven-

430 1136 474 1163 tes
486 1135 515 1163 et
532 1130 690 1162 absolutas
706 1129 772 1161 sore
786 1133 959 1167 censentes,
973 1126 1173 1170 supplicatio-

430 1184 521 1216 nibus
554 1184 680 1215 illorum
712 1182 839 1215 nomine
871 1181 961 1213 nohis
993 1190 1089 1223 super
1113 1180 1173 1212 hoc

431 1236 591 1270 humiliter
611 1235 767 1280 porrectis
788 1234 945 1274 inclinati,
963 1244 1002 1267 ex
1022 1233 1172 1266 sententia

430 1290 654 1323 nonnullorum
670 1290 828 1322 Romanae
842 1287 948 1320 curiae
960 1287 1172 1331 praelatorum

431 1345 488 1376 hac
506 1354 599 1387 super
616 1353 651 1375 re
668 1341 848 1385 specialiter
865 1352 881 1373 a
902 1341 992 1374 nobis
1010 1340 1174 1384 deputato-

432 1409 520 1437 rum,
539 1396 623 1440 quod
652 1396 682 1428 in
707 1395 813 1437 regnis
833 1393 1001 1438 praedictis
1025 1398 1086 1426 tam
1107 1393 1174 1426 Indi

432 1461 526 1494 quam
551 1448 665 1482 Blestizi
692 1449 786 1490 vulgo
818 1447 1006 1491 nuncupati,
1031 1447 1175 1480 videlieet

432 1504 485 1547 qui
503 1504 541 1536 ab
562 1502 645 1536 Indis
663 1507 692 1534 et
709 1502 893 1545 Europaeis,
913 1510 1036 1533 necnon
1057 1499 1175 1533 AEthio-

433 1568 485 1601 pes
517 1568 572 1589 scu
612 1555 708 1589 Mauri
741 1561 771 1588 et
802 1555 921 1588 Mulatti
954 1555 1048 1587 etiam
1080 1554 1174 1597 vulgo

433 1610 614 1654 nuncupati,
640 1609 784 1642 videlicet
808 1609 861 1652 qui
886 1608 925 1640 ab
950 1607 1121 1651 Europaeis
1146 1612 1176 1640 et

435 1665 547 1698 Mauris
571 1663 634 1696 nati
659 1667 740 1704 sunt,
759 1666 929 1706 praecepto
954 1661 1111 1694 Ecclesiae
1137 1660 1175 1693 de

434 1718 612 1752 confitendo
637 1722 765 1761 peccata
791 1726 846 1749 sua
871 1720 900 1747 et
925 1714 1078 1747 sumendo
1103 1725 1174 1746 san-

435 1772 608 1805 ctissimum
620 1769 833 1803 Eucharistiae
847 1773 1079 1801 sacramentum
1089 1772 1176 1811 quot-

435 1826 527 1859 annis
554 1825 676 1869 possint
699 1834 714 1855 a
739 1823 896 1856 dominica
925 1821 1175 1865 septuagesimae

437 1890 534 1923 usque
553 1882 580 1912 cl
601 1889 657 1922 per
681 1881 775 1910 totam
797 1882 940 1909 octavam
961 1875 1029 1907 sesti
1047 1874 1176 1907 sanctis-

436 1933 507 1966 simi
531 1931 680 1975 Corporis
705 1929 816 1962 Christi
842 1929 1029 1969 satisfacere,
1055 1933 1177 1972 aposto-

437 1987 494 2018 tica
521 1984 716 2021 auctoritate,
735 1988 842 2015 tenore
867 1981 1090 2026 praesentium,
1108 1991 1178 2014 con-

437 2040 575 2072 cedimus
601 2043 630 2070 ct
655 2038 862 2079 indulgemus.

482 2094 495 2136 ξ
515 2093 543 2125 3.
563 2094 629 2126 Non
648 2092 843 2125 obstantibus
861 2091 1052 2134 apostolicis,
1074 2100 1108 2122 ac
1126 2090 1179 2122 La-

438 2147 609 2181 teranensis
634 2146 691 2178 sub
718 2145 899 2178 Innocentio
926 2145 1007 2188 Papa
1029 2144 1067 2176 lll
1086 2153 1178 2187 prae-

437 2200 602 2233 decessore
638 2204 746 2231 nostro
781 2197 945 2239 celebrati,
980 2197 1179 2239 {illorumque

438 2253 644 2287 conciliorum
680 2252 901 2285 universalium
934 2257 962 2283 et
996 2249 1177 2294 provinciw

439 2309 528 2348 lium,
550 2307 811 2350 synodaliumque
836 2305 1036 2348 generalibus
1061 2310 1091 2337 et
1115 2314 1181 2348 spe-

439 2362 568 2394 cialilius
582 2359 856 2393 constitutionilius
874 2364 903 2391 ct
920 2357 1180 2398 ordinationibus,

440 2415 613 2458 ceterisque
639 2414 804 2446 contrariis
829 2414 1091 2457 quilnlscumque.
1109 2435 1124 2447 .

484 2469 595 2501 Datum
614 2468 742 2507 Romae,
760 2467 842 2511 apud
864 2466 1110 2506 S.Petrum,sub
1132 2475 1182 2498 an—

441 2522 514 2554 nulo
542 2521 779 2558 Discat-irisstlie
802 2530 852 2553 xvi
878 2520 985 2563 aprilis
1003 2529 1180 2559 iincxxxlx,

441 2574 642 2616 pontificatus
662 2573 760 2605 nostri
787 2584 867 2605 anno
896 2583 959 2606 xri.

476 2635 533 2662 Dat.
556 2636 599 2663 die
624 2636 653 2662 16
674 2636 765 2672 aprilis
789 2635 865 2670 1639,
886 2635 982 2671 pontis.
1005 2643 1077 2664 anno
1097 2641 1151 2663 xvt.

1005 227 1183 252 BULLARIUM
1208 225 1362 251 ROMANUM

1470 273 1674 307 DCXXXVIII.

1204 354 1393 390 Commi'ssio
1407 353 1568 386 collectori
1577 353 1816 396 Portuqaltiae,
1829 354 1942 397 utqui-

1247 407 1353 440 busm's
1363 407 1508 450 personis
1523 407 1681 445 inhibeat,
1700 416 1738 438 ne
1755 406 1828 449 quis
1842 406 1941 438 Indos

1247 460 1456 493 occidentales
1485 464 1512 492 et
1542 459 1772 491 mericlimmles
1802 458 1940 496 vendat,

1248 513 1282 545 in
1311 513 1496 545 servitutem
1522 512 1670 555 recliqat,
1700 511 1747 543 vel
1771 511 1939 547 uxoribus,

1246 567 1326 608 filiis
1351 570 1379 598 et
1404 566 1493 599 bonis
1517 566 1584 598 suis
1605 564 1739 608 privet&

1203 648 1317 675 Dilecto
1338 647 1417 681 filio,
1438 646 1547 673 iurium
1573 649 1604 673 et.
1625 645 1787 680 spoliorum
1808 651 1943 672 camerae

1238 695 1361 719 nostrae
1383 692 1564 724 apostolicae
1584 690 1614 717 in
1634 689 1837 724 Portuqalliae
1854 692 1884 716 et
1897 689 1944 715 Al-

1239 737 1408 771 garhiorum
1427 736 1528 771 regnis
1545 736 1710 763 debitorum
1727 733 1880 762 collectori
1897 741 1944 768 ge-

1239 781 1348 813 nei-ali,

1409 834 1545 861 Urbanus
1566 833 1644 866 Papa
1664 833 1740 860 VIII,

1480 895 1595 922 Dilecta
1616 893 1670 926 fili,

1241 942 1372 968 salutem
1392 942 1424 967 et
1444 940 1640 974 apostolicam
1660 937 1908 966 benedictionem.

1251 1020 1459 1055 Commissum
1484 1018 1576 1052 nobis
1608 1028 1624 1050 a
1648 1016 1781 1050 Domino
1806 1016 1946 1060 supremi

1206 1074 1399 1118 apostolatus
1409 1073 1503 1105 officii
1519 1071 1728 1104 ministerium
1742 1070 1888 1114 postulat,
1903 1075 1946 1111 ut,

1207 1128 1323 1160 nullius
1355 1127 1493 1159 hominis
1525 1126 1657 1158 salutem
1689 1135 1706 1156 a
1738 1126 1815 1157 curet
1839 1126 1948 1157 nostra

1208 1181 1342 1213 alienam
1367 1180 1530 1219 ducentes,
1555 1189 1617 1212 non
1643 1179 1745 1211 solum
1768 1178 1799 1210 in
1823 1177 1948 1210 christi-

1208 1234 1333 1273 fideles,
1357 1233 1410 1265 sed
1436 1232 1529 1265 ctiam
1555 1232 1587 1264 in
1615 1242 1686 1271 eos,
1711 1231 1765 1274 qui
1792 1230 1893 1263 adhuc
1918 1230 1949 1262 in

1208 1287 1350 1320 ethnicae
1368 1286 1600 1330 superstitionis
1619 1285 1753 1319 tenebris
1773 1290 1861 1317 extra
1881 1294 1949 1326 gre-

1209 1341 1306 1373 mium
1332 1341 1488 1373 Ecclesiae
1514 1344 1688 1378 versantur,
1713 1344 1861 1381 paternae
1885 1349 1944 1370 no-

1209 1399 1291 1427 strae
1316 1393 1477 1427 eharitatis
1508 1392 1654 1425 affectum
1685 1391 1906 1431 diffundamus,
1920 1396 1950 1424 et

1209 1457 1288 1490 quae
1314 1446 1358 1479 eis
1384 1445 1553 1489 quominus
1574 1445 1612 1477 ad
1633 1444 1821 1478 christianae
1841 1444 1949 1477 verita-

1210 1500 1247 1533 tis
1275 1505 1305 1533 et
1324 1499 1397 1532 fidei
1422 1499 1615 1541 agnitionem
1639 1497 1852 1541 perducantur
1877 1508 1951 1540 quo-

1209 1564 1272 1598 quo
1297 1553 1392 1587 inodo
1417 1553 1579 1586 obstaculo
1605 1562 1671 1585 esse
1696 1556 1837 1595 possunt,
1857 1561 1951 1594 quan-

1210 1612 1276 1639 tum
1294 1617 1364 1639 cum
1382 1606 1516 1639 Domino
1528 1615 1706 1649 possumus,
1723 1614 1870 1637 amovere
1889 1609 1951 1636 stu-

1210 1660 1349 1694 deamus.

1252 1714 1267 1757 5
1291 1713 1321 1746 «l.
1336 1713 1418 1746 Alias
1441 1711 1594 1756 siquidem
1609 1711 1707 1744 felicis
1724 1711 1951 1744 recordationis

1211 1767 1324 1800 Paulus
1341 1767 1422 1810 Papa
1436 1767 1474 1799 ΙΙΙ
1489 1766 1715 1809 praedeeessor
1731 1770 1849 1805 noster,
1859 1764 1952 1797 statui

1211 1821 1359 1854 Indorum
1375 1819 1616 1853 occidentalium
1637 1824 1667 1851 et
1687 1818 1951 1860 meridionalium,

1211 1885 1289 1918 quos
1312 1874 1343 1906 in
1368 1873 1549 1906 servitutem
1575 1873 1686 1915 redigi,
1712 1873 1839 1916 suisque
1863 1871 1954 1905 bonis

1213 1928 1340 1971 privari,
1366 1929 1465 1970 eaque
1490 1927 1528 1959 de
1553 1928 1646 1959 causa
1671 1926 1709 1958 ab
1734 1925 1952 1970 amplectenda

1211 1981 1325 2016 Christi
1339 1981 1400 2014 side
1421 1981 1519 2013 averti
1536 1986 1709 2024 acceperat,
1725 1980 1888 2013 consulere
1902 1990 1956 2012 cu-

1212 2035 1316 2079 piens,
1340 2035 1495 2067 universis
1520 2038 1550 2068 et
1574 2034 1705 2076 singulis
1731 2033 1956 2076 cuiuscumque

1214 2095 1332 2129 status,
1365 2087 1563 2127 conditionis,
1593 2087 1709 2130 gradus
1736 2092 1766 2120 et
1797 2086 1957 2129 dignitatis

1214 2142 1428 2182 existentibus,
1450 2141 1507 2173 sub
1529 2140 1863 2174 excommunicationis
1877 2140 1956 2173 latae

1215 2195 1386 2228 sententiae
1413 2195 1514 2238 poena
1539 2205 1575 2227 eo
1601 2194 1670 2237 ipso
1696 2192 1884 2226 incurrenda
1900 2219 1908 2233 ,
1939 2203 1956 2225 a

1215 2260 1276 2293 qua
1299 2248 1425 2281 nonnisi
1444 2248 1493 2290 ,ab
1514 2258 1551 2280 eo
1578 2247 1625 2280 vel
1647 2248 1787 2280 Romano
1808 2246 1958 2279 Pontilice

1215 2313 1272 2346 pro
1304 2308 1448 2346 tempore
1484 2301 1635 2334 existente
1674 2305 1896 2344 praeterquam
1927 2299 1958 2332 in

1216 2356 1326 2389 mortis
1357 2355 1490 2388 articulo
1523 2360 1553 2387 et
1589 2354 1799 2387 satisfactione
1830 2353 1957 2397 praevia

1215 2410 1335 2443 absolvi
1359 2413 1497 2453 possent,
1518 2408 1691 2452 prohibuit,
1717 2417 1771 2440 seu
1794 2406 1957 2451 prohiberi

1216 2463 1382 2505 mandavit,
1403 2473 1441 2495 ne
1467 2462 1645 2506 praedictos
1669 2461 1761 2494 Indos
1786 2459 1958 2504 quomodo-

1216 2517 1290 2550 libet
1304 2517 1335 2550 in
1360 2516 1542 2549 servitutem
1558 2515 1714 2558 redigere,
1726 2519 1777 2548 aut
1798 2524 1851 2548 eos
1867 2512 1957 2547 honis

1253 2635 1263 2661 1
1282 2633 1319 2661 Ex
1335 2633 1442 2668 aegest.
1460 2633 1485 2660 in
1500 2632 1603 2661 Secret.
1620 2632 1700 2660 Brev.

1956 220 2004 247 An.
2022 219 2050 247 C.
2070 218 2137 247 1539

1988 1028 2107 1050 Exordium.

2033 1722 2110 1743 Paulus
2124 1721 2151 1743 111

1967 1748 2059 1770 inhibuit
2089 1748 2151 1769 Indos

1968 1782 1988 1796 iu
2029 1775 2152 1796 servitutem

1968 1802 2048 1827 redigi,
2063 1804 2099 1822 aut
2115 1801 2151 1822 bo·

1968 1835 1999 1850 uis
2013 1828 2111 1855 spoliari:
