2248 3229
131 237 179 265 An.
197 236 225 265 C.
247 236 316 266 1633

935 236 1077 261 caumes
1102 235 1159 260 vm
1182 235 1229 260 PF.

327 284 432 318 missis
448 283 617 328 supplicari
641 284 800 326 fecerint¹,
822 289 985 328 quatenus,
1011 296 1068 328 pro

327 338 460 372 firmiori
476 339 601 385 illorum
614 339 825 379 subsistentia,
836 339 934 371 robur
944 343 1068 372 nostrae

328 392 577 425 confirmationis
601 392 745 425 similiter
764 391 910 430 adiicere,
931 391 1068 433 aliasque

328 445 359 477 in
376 446 557 489 praemissis
582 451 759 490 opportune
780 443 947 488 providere
965 443 1002 475 dc
1020 443 1070 475 be-

327 499 479 542 nignitate
497 500 669 544 apostolica
693 498 916 541 dignaremur:
934 508 992 530 nos
1016 496 1070 539 igi-

328 557 396 593 tur,
425 553 544 586 clerum
578 558 608 585 et
639 552 815 594 singulares
840 551 907 584 eius
932 551 1069 594 aliasque

328 615 478 649 personas
508 604 684 649 praedictas
709 616 725 637 a
752 605 914 648 quibusvis
945 614 1069 637 excom-

330 658 570 701 municationis,
600 658 813 702 suspensionis
838 663 868 691 et
893 657 1070 698 interdicti,

329 712 459 756 aliisque
484 712 703 746 ecclesiasticis
732 712 902 752 sententiis,
930 711 1071 745 censuris

329 770 358 799 ct
379 766 507 810 poenis,
533 776 550 798 a
575 766 643 799 iure
667 766 715 799 vel
741 766 779 798 ab
804 765 940 808 bomine,
962 766 1072 809 quavis

330 820 496 853 occasione
520 820 568 853 vel
594 822 687 853 causa
712 820 791 861 latis,
816 820 840 853 si
862 819 974 864 quibus
999 830 1073 864 quo-

330 872 505 907 modolibet
522 873 660 907 innodati
680 874 812 908 existant
825 873 846 914 ⁰³,
866 873 904 906 ad
925 873 1071 907 effectum

329 927 542 972 praesentium
559 927 719 961 dumtaxat
736 928 1003 973 consequendum,
1021 928 1074 961 ba-

330 991 401 1014 rum
427 981 508 1014 serie
532 982 730 1015 absolventes
748 986 775 1014 et
802 981 986 1016 absolutos³
1006 982 1073 1016 sore

331 1041 502 1078 censentes,
520 1046 556 1068 ac
580 1035 874 1076 instrumentorum,
897 1035 1073 1069 litterarum

331 1093 360 1121 et
386 1089 519 1122 aliorum
546 1089 790 1133 praedictorum,
808 1094 839 1123 et
863 1089 933 1123 inde
959 1101 1073 1134 sequu-

333 1148 436 1176 torum
468 1154 744 1188 quorumcumque
777 1148 921 1186 tenores,
952 1155 1074 1178 necnon

331 1195 413 1228 litis⁴
430 1207 485 1229 seu
500 1195 603 1229 litium
621 1202 651 1230 et
668 1207 834 1230 causarum
852 1208 1074 1241 quarumcum—

332 1260 393 1294 que
425 1261 519 1295 super
549 1251 733 1295 praemissis
763 1257 816 1284 aut
846 1262 956 1286 eorum
984 1263 1073 1286 ocea-

332 1303 418 1337 sione
442 1304 574 1337 ubilibet
598 1305 802 1349 pendentium
821 1311 934 1339 statum
961 1311 991 1339 et
1015 1316 1076 1339 me-

332 1358 403 1400 rita,
421 1358 619 1403 aliorumque
639 1359 690 1393 hic
710 1361 803 1393 ctiam
829 1360 867 1393 de
890 1361 1075 1394 necessitate

334 1412 624 1455 exprimendorum,
638 1417 763 1448 tenores
781 1415 999 1458 praesentibus
1017 1426 1075 1458 pro

334 1465 525 1500 sufficienter
542 1467 697 1511 expressis
714 1468 874 1508 babentes,
895 1468 1075 1501 huiusmodi

335 1519 616 1563 supplicationibus
636 1520 785 1563 inclinati,
806 1520 1020 1561 concordiam,
1034 1521 1078 1553 in-

334 1577 555 1613 strumentum,
569 1573 793 1617 decretumque
810 1573 879 1606 Iulii
893 1574 1077 1617 praedeces-

335 1624 425 1665 soris,
443 1625 546 1669 quoad
571 1625 671 1670 spolia
696 1626 772 1660 cleri
797 1637 859 1660 non
876 1627 1029 1670 exigenda
1045 1627 1076 1660 in

335 1678 460 1712 civitate
482 1679 692 1713 Arenionensi
717 1684 746 1714 et
770 1680 918 1714 comitatu
946 1681 1077 1725 Venaffs-

335 1732 404 1766 sino
428 1733 566 1766 nostris5
581 1733 742 1768 dumtaxat
759 1734 961 1768 consistentia
985 1745 1021 1767 ac
1046 1734 1076 1767 in

335 1785 404 1819 aliis
428 1786 505 1820 locis
539 1786 688 1830 legationi
720 1787 897 1831 praedictae
930 1787 1077 1821 subiectis

337 1844 466 1879 tantum,
481 1850 517 1873 ac
530 1840 668 1883 singulas
684 1841 802 1875 litteras
819 1841 1004 1885 praedictas,
1020 1852 1076 1875 nec

335 1903 398 1927 non
423 1893 528 1926 onmia
552 1899 583 1926 et
607 1893 729 1937 singula
749 1894 780 1926 in
801 1894 861 1927 illis
886 1898 1031 1928 contenta
1048 1901 1075 1928 et

335 1946 407 1979 inde
432 1952 564 1990 sequuta
587 1948 1003 1991 quaecumque,apostolica
1027 1958 1078 1981 au-

336 2000 502 2042 ctoritate,
531 2006 639 2034 tenore
662 2001 898 2045 praesentium,
923 2007 1077 2046 perpetuo

336 2053 562 2089 confirmamus
587 2059 617 2087 et
632 2054 856 2098 approbamus,
873 2064 909 2087 ao
930 2054 989 2088 illis
1006 2066 1077 2098 per-

336 2112 447 2151 petuae
460 2118 496 2140 ac
513 2107 701 2141 inviolabilis
717 2107 907 2152 apostolicae
922 2107 1079 2141 firmitatis

336 2160 435 2194 robur
454 2160 629 2204 adiicimus,
643 2172 816 2205 omnesque
833 2166 864 2195 ct
880 2161 1021 2205 singulos
1037 2161 1078 2194 iu-

336 2214 380 2247 ris
398 2219 428 2247 et
444 2214 515 2248 sacti
531 2219 561 2248 et
578 2215 810 2249 solemnitatum
828 2215 921 2248 etiam
940 2216 1079 2248 substan-

339 2267 457 2301 tialium
483 2268 631 2310 desectus,
649 2269 674 2302 si
700 2269 753 2313 qui
778 2269 883 2303 forsan
903 2269 1078 2303 intervene-

337 2320 401 2354 rint
425 2321 456 2354 in
480 2322 608 2363 eisdem,
634 2323 815 2367 supplemus
824 2333 832 2363 3
857 2333 892 2356 ae
916 2322 1079 2356 confirma-

377 2430 384 2454 1
402 2428 469 2456 Male
485 2428 528 2456 ed.
545 2428 624 2456 Μαίη.
642 2428 685 2456 hie
700 2429 766 2463 legit
780 2430 910 2464 fecerant
925 2431 962 2464 (a.
975 2430 1022 2465 T.).

372 2474 388 2500 2
407 2474 433 2500 ln
450 2474 508 2501 loco
524 2473 653 2509 parallelo
670 2473 769 2509 legitur
779 2474 911 2502 eaeistaemt
923 2475 961 2510 (n.
979 2475 1033 2508 T.).'

372 2519 390 2546 3
402 2518 434 2545 In
449 2518 507 2546 loco
523 2518 651 2553 parallelo
666 2518 763 2553 legitur
777 2519 923 2546 absolutas
937 2520 976 2554 (R.
994 2519 1042 2552 12).

372 2563 390 2590 4
404 2563 474 2590 Mate
489 2563 553 2590 edit.
571 2562 650 2590 Maia.
667 2562 731 2598 legit
747 2563 811 2590 tices
825 2564 866 2597 (n.
879 2551 935 2598 τ.).“

372 2609 389 2635 5
404 2608 526 2637 Pessime
541 2608 605 2636 edit.
617 2607 698 2636 Main.
711 2607 776 2643 legit
785 2609 903 2636 nominc
915 2616 962 2644 pro
975 2609 1080 2637 nostris

340 2653 378 2688 (a.
395 2655 442 2686 T.).

1104 285 1228 326 tionem,
1247 282 1517 327 approbationem,
1539 280 1757 321 adiectionem,
1776 291 1846 324 sup-

1104 338 1284 380 pletionem,
1301 337 1423 381 aliaque
1448 335 1631 380 praemissa,
1650 345 1685 368 ac
1701 343 1845 378 praesen·

1105 396 1148 422 tes
1165 391 1293 431 litteras,
1312 391 1397 423 nullo
1415 400 1566 434 umquam
1588 394 1741 433 tempore,
1759 393 1789 421 et
1806 387 1845 420 ad

1103 442 1330 486 cuiuscumque
1354 443 1448 485 legati
1480 442 1678 483 instantiam,
1706 452 1743 475 ex
1768 451 1846 485 qua-

1104 506 1239 539 cumque
1257 497 1361 535 eausa,
1382 495 1534 535 revocari,
1560 495 1696 537 alterari,
1717 494 1845 528 limitari

1104 554 1157 582 aut
1173 548 1330 591 derogari,
1344 560 1397 581 seu
1412 549 1450 581 de
1468 548 1679 592 subreptionis
1693 549 1740 581 vel
1758 548 1848 582 obre-

1105 603 1220 646 ptionis
1245 607 1297 637 aut
1321 602 1470 636 nullitatis
1491 602 1564 636 vitio
1588 612 1642 635 scu
1666 601 1847 635 intentionis

1105 662 1231 690 nostrae
1255 662 1308 690 aut
1333 656 1394 689 alio
1424 656 1573 700 quopiam
1599 655 1721 688 defectu
1744 655 1848 689 notari

1106 721 1218 754 poss03
1244 710 1297 744 sed
1331 710 1383 743 illa
1414 710 1515 743 valida
1546 713 1576 744 et
1599 709 1738 742 efficacia
1762 710 1846 751 sore,

1106 774 1242 808 suosque
1257 763 1416 807 plenarios
1432 763 1561 797 effectus
1582 762 1687 796 sortiri
1706 767 1736 795 et
1754 761 1849 796 inrio-

1107 817 1243 849 labilitcr
1267 817 1448 859 obserrari,
1474 816 1580 860 sicque
1604 826 1661 860 per
1685 826 1849 860 quoscum-

1107 866 1168 915 que
1183 871 1301 905 iudices
1315 877 1344 904 et
1357 871 1602 913 commissarios,
1618 870 1728 916 quavis
1744 874 1850 903 aueto-

1108 925 1198 958 ritate
1214 925 1390 968 fungentes,
1408 924 1520 958 etiam¹
1542 929 1665 958 sanctae
1690 924 1849 957 Romanae

1108 979 1266 1013 Ecclesiae
1291 979 1475 1019 cardinales,
1493 978 1614 1011 sublata
1632 977 1675 1011 eis
1692 982 1723 1011 et
1739 988 1849 1011 eorum

1108 1034 1239 1067 cuilibet
1263 1033 1372 1078 quavis
1398 1033 1487 1066 aliter
1512 1031 1669 1065 iudicandi
1699 1035 1728 1066 et
1757 1031 1851 1065 inter-

1108 1087 1251 1132 pretandi
1281 1088 1424 1120 facultate
1446 1092 1476 1120 et
1499 1086 1695 1127 auctoritate,
1719 1084 1851 1118 iudicari

1108 1148 1138 1175 et
1163 1141 1287 1175 definiri
1311 1141 1437 1182 debere,
1461 1147 1492 1174 et
1516 1139 1669 1184 quidquid
1693 1149 1783 1172 secus
1804 1149 1853 1172 su-

1108 1206 1164 1239 per
1196 1195 1246 1228 his
1269 1206 1286 1228 a
1310 1205 1490 1239 quoquam,
1515 1193 1624 1238 quavis
1648 1192 1851 1233 auctoritate,

1109 1248 1244 1282 scienter
1269 1249 1317 1281 vel
1343 1248 1536 1291 ignoranter,
1561 1246 1728 1289 contigerit
1745 1250 1848 1278 atten-

1111 1303 1188 1344 tari,
1209 1302 1332 1335 irritum
1359 1307 1389 1335 et
1413 1302 1504 1334 inane
1528 1300 1737 1334 decernimus.
1762 1299 1850 1339 Quo-

1110 1356 1193 1390 circa
1206 1356 1327 1390 dilectis
1352 1356 1425 1389 siliis
1441 1356 1547 1388 euriae
1564 1365 1731 1388 causarum
1748 1364 1851 1387 came-

1110 1421 1163 1443 rae
1188 1410 1376 1454 apostolieae
1401 1409 1540 1452 generali
1565 1409 1723 1449 auditori,
1748 1408 1852 1440 abbati

1110 1464 1138 1497 S.
1165 1464 1307 1497 Andreae
1332 1462 1459 1497 Status²
1482 1462 1706 1496 Avenioncnsis
1731 1467 1761 1495 et
1785 1461 1853 1495 osti-

1111 1517 1181 1551 ciali
1205 1517 1388 1550 Auraicensi
1412 1528 1469 1561 per
1505 1520 1685 1561 praesentes
1710 1515 1853 1549 commit-

1112 1571 1205 1605 timus
1237 1577 1267 1604 et
1292 1571 1489 1612 mandamus,
1521 1575 1673 1614 quatenus
1704 1568 1773 1613 ipsi,
1806 1568 1853 1602 rel

1111 1625 1182 1665 duo,
1208 1630 1258 1658 aut
1286 1635 1366 1657 unus
1390 1635 1511 1664 eorum,
1531 1634 1588 1668 per
1613 1634 1654 1666 se,
1673 1623 1721 1656 vel
1745 1622 1853 1664 alium,

1111 1690 1166 1712 seu
1179 1678 1267 1719 alios,
1286 1682 1467 1722 praesentes
1484 1677 1604 1710 litteras
1620 1682 1650 1710 et
1668 1676 1698 1709 in
1716 1676 1760 1709 eis
1778 1686 1852 1709 con-

1111 1738 1196 1766 tenta
1227 1742 1466 1776 quaecumque,
1492 1731 1544 1764 ubi
1570 1736 1599 1764 et
1623 1730 1748 1775 quando
1773 1741 1854 1774 opus

1112 1786 1214 1829 suerit,
1233 1797 1268 1820 ac
1293 1786 1416 1830 quoties
1440 1795 1498 1829 pro
1518 1790 1607 1829 parte
1632 1784 1708 1818 cleri
1734 1789 1764 1817 et
1787 1795 1854 1828 per-

1112 1849 1270 1880 sonarum,
1296 1849 1466 1872 suorumve
1490 1838 1662 1871 haeredum
1683 1843 1714 1870 et
1734 1848 1855 1870 succes-

1112 1904 1231 1934 sorum,
1260 1898 1313 1926 aut
1340 1892 1378 1925 ab
1402 1892 1447 1926 eis
1471 1891 1652 1925 habentium
1677 1890 1855 1936 praedicto-

1112 1958 1182 1980 rum
1208 1957 1346 1987 causam,
1364 1947 1410 1980 vel
1436 1946 1567 1980 alicuius
1592 1956 1712 1986 eorum,
1737 1945 1855 1978 suerint

1113 2001 1266 2045 requisiti,
1288 2000 1470 2034 solemniter
1491 1999 1719 2044 pubblieantes,
1738 2009 1772 2032 ac
1793 1999 1854 2032 illis

1114 2055 1144 2088 in
1168 2055 1348 2099 praemissis
1379 2054 1514 2088 efficacis
1546 2053 1735 2087 defensionis
1763 2063 1855 2097 prae-

1114 2108 1194 2141 sidio
1208 2108 1399 2149 assistentes,
1419 2108 1532 2142 saciant
1548 2107 1732 2141 auctoritate
1746 2108 1855 2141 nostra

1114 2161 1183 2194 illos
1215 2171 1390 2204 eorumque
1421 2161 1560 2204 singulos
1592 2160 1854 2200 confirmatione,

1114 2214 1354 2258 approbatione,
1379 2214 1564 2256 adiectione,
1582 2214 1791 2259 suppletione,
1812 2213 1854 2246 in<

1114 2268 1266 2301 bibitione
1279 2268 1299 2309 ²,
1324 2267 1468 2310 decreto,
1497 2268 1627 2312 aliisque
1651 2267 1853 2312 praemissis,

1114 2321 1199 2354 iuxta
1218 2321 1431 2366 praesentium
1464 2321 1617 2363 tenorem,
1642 2321 1771 2366 pacifice
1792 2320 1853 2354 frui

1113 2380 1142 2409 et
1163 2375 1311 2419 gaudere,
1328 2386 1390 2410 non
1414 2376 1630 2422 permittentes
1655 2387 1709 2410 eos
1734 2375 1781 2409 vcl
1806 2385 1854 2409 eo-

1150 2474 1158 2500 t
1178 2473 1277 2501 Vocem
1293 2474 1380 2501 etiam
1396 2474 1521 2502 addimus
1536 2482 1566 2502 ex
1582 2474 1634 2502 loc.
1649 2474 1744 2510 parall.
1756 2476 1793 2509 (a.
1804 2475 1852 2509 Τ.).

1147 2518 1163 2545 2
1183 2518 1309 2554 Improbe
1330 2519 1393 2546 edit.
1410 2518 1489 2546 lllain.
1510 2519 1577 2554 legit
1595 2526 1673 2546 secus
1692 2526 1741 2554 pro
1756 2519 1854 2547 Status

1124 2570 1152 2589 n.
1169 2570 1194 2590 T.
1212 2583 1218 2590 .

1113 2563 1120 2598 ί
1147 2608 1164 2635 3
1179 2563 1279 2635 vicem
1301 2608 1474 2638 inhibitione
1494 2608 1618 2638 additnus
1637 2616 1667 2637 ex
1686 2608 1744 2637 loco
1765 2607 1854 2644 paral-

1113 2653 1164 2681 lelo
1181 2654 1217 2688 (a.
1233 2653 1281 2688 '1‘.].

1741 221 1807 257 315
1852 231 1902 260 An.
1924 229 1953 259 c.
1975 229 2043 259 1633
