2248 3229
88 228 137 257 An.
159 228 188 257 C.
205 227 274 256 1633

895 226 1038 253 URBANUS
1061 225 1120 252 VIII
1141 228 1190 252 PP.

289 276 342 321 qui
367 277 405 310 ad
430 276 574 310 ordinem
601 277 838 322 presbyteratus
861 287 924 311 non
948 287 1028 321 pro-

290 331 367 364 moti
392 330 502 364 missas
527 330 696 373 celebrant,
715 337 745 364 et
761 330 1029 364 sacramentaliter

290 384 500 418 consessiones
518 383 677 424 audiunt¹3
695 383 862 418 Clementis
876 384 941 416 VIII
960 393 1031 416 con-

290 437 469 479 stitutionis,
486 448 566 482 quae
586 437 694 481 incipit
717 438 789 471 Etsi
811 437 908 477 alias,
931 437 1031 470 decla-

290 491 426 525 ratoriae
443 501 564 535 poenae
576 496 685 524 contra
699 501 752 524 eos
768 490 956 533 infligendae
974 500 1032 534 per

290 545 408 579 iudices
432 544 548 584 laicos,
573 544 701 587 praevia
729 554 843 577 eorum
872 543 1033 586 degrada—

291 597 410 638 tione²;
436 603 466 631 et
488 597 666 631 Sanctitatis
689 598 768 630 Suae
790 596 1030 637 constitutionis,

290 662 372 696 quae
394 651 506 695 incipit
526 651 552 684 A
556 650 736 694 postolalus
754 650 909 694 officinm,
930 654 1033 683 exten-

290 704 394 740 sivae³
417 704 455 738 ad
480 704 619 738 minores
652 704 909 748 vigintaquinque
933 703 1032 743 anuis,

290 758 464 793 dummodo
482 758 671 802 vigesimum
689 758 798 791 aetatis
817 767 933 791 annum
950 767 1033 790 com-

289 813 443 859 pleverint
452 812 478 845 ⁴:

334 867 411 901 Sixti
444 868 467 899 V
501 867 733 900 constitutionis
747 867 777 907 ⁵,
809 876 888 910 quae
923 865 1034 909 incipit

293 922 383 957 Caeli
403 924 430 954 el
457 925 559 954 terrae
576 924 711 960 creator,
728 925 836 953 contra
853 923 1033 952 exercentes

291 981 391 1010 artem
405 969 594 1018 astrologiae
611 973 805 1014 iudiciariae,
821 978 852 1006 ct
868 973 927 1005 alia
942 983 1035 1016 quae-

291 1040 426 1073 cumque
443 1028 669 1061 divinationum
688 1037 815 1070 genera,
829 1027 966 1060 librosve
983 1027 1034 1059 ha-

290 1095 360 1118 rum
375 1083 490 1116 artium
507 1083 647 1125 legentes
660 1082 708 1114 vel
724 1081 897 1121 tenentcs⁰;
918 1086 948 1114 et
961 1081 1034 1114 San-

291 1137 405 1171 ctitatis
435 1138 514 1171 Suae
547 1135 794 1175 constitutionis,
819 1145 900 1179 quae
924 1135 1035 1178 incipit

290 1189 524 1224 Inscrutabilis
542 1189 742 1222 iudiciorum
758 1187 828 1228 Dei,
846 1187 1034 1220 extensix'ae7

291 1244 329 1277 ad
354 1243 424 1284 alia,
449 1248 480 1276 et
504 1253 575 1276 cum
597 1241 796 1284 gravioribus
813 1241 966 1285 poenis⁸:

335 1296 502 1331 Clementis
526 1295 591 1328 Vlll
616 1294 863 1336 constitutionis,
885 1304 965 1338 quac
991 1294 1035 1326 in-

292 1351 401 1395 incipit
425 1351 506 1385 Cum
523 1351 617 1390 sicut,
636 1354 745 1382 contra
762 1349 865 1389 Italos,
893 1359 931 1381 ne
949 1353 1035 1381 extra
1051 1366 1053 1371 ·

293 1404 412 1437 ltaliam
437 1403 679 1447 proficiscantur
703 1402 741 1435 ad
766 1403 845 1443 loca,
866 1402 897 1434 in
920 1402 1035 1446 quibus

293 1458 372 1490 liber
396 1462 426 1490 et
451 1456 597 1500 publicus
622 1456 724 1488 cultus
749 1455 813 1488 sive
836 1466 911 1488 usus
933 1456 1036 1488 catho-

293 1513 371 1545 licae
395 1511 558 1554 religionis
581 1520 645 1543 non
665 1510 786 1550 existat,
807 1510 973 1553 minusque
991 1509 1036 1542 eis

292 1567 324 1599 in
349 1566 426 1599 locis
450 1565 634 1604 liabitent⁹;
659 1570 689 1597 et
714 1564 859 1607 Gregorii
887 1564 936 1596 XV
967 1574 1036 1596 con-

292 1619 482 1660 stitutionis,
507 1629 587 1663 quae
611 1618 722 1661 incipit
751 1617 894 1652 Romani
924 1617 1036 1650 Ponti-

292 1674 372 1717 Ῐῐεῖε,
395 1678 505 1707 contra
523 1672 710 1714 haereticos,
728 1682 767 1704 ne
784 1671 815 1704 in
832 1671 910 1704 locis
932 1671 1035 1704 ltaliae

295 1733 324 1761 et
336 1728 510 1760 insularum
525 1725 735 1760 adiacentium
749 1725 860 1769 quovis
872 1730 1036 1768 praetextu

295 1786 543 1821 commorentur,
568 1785 598 1813 et
622 1784 732 1813 contra
762 1789 872 1812 eorum
898 1779 1036 1811 fautores

295 1840 325 1868 et
349 1839 562 1878 receptatores
574 1833 613 1865 ¹⁰:

340 1888 427 1921 Pauli
441 1889 463 1920 V
486 1886 727 1929 constitutionis,
747 1897 826 1930 quae
850 1886 961 1930 incipit
980 1887 1038 1920 Ro-

298 1952 414 1975 manus
438 1941 602 1984 Pontifex,
623 1940 836 1973 revocatoriae
854 1939 1036 1973 facultatum
1053 1947 1055 1952 ’

297 1995 515 2040 superioribus
540 2003 816 2038 quorumcumque
841 1993 993 2026 Ordinum
1010 1999 1056 2025 et<

297 2049 521 2094 religiosorum
535 2048 553 2065 ¹¹
580 2059 709 2092 quoquo
741 2046 835 2081 modo
869 2056 1035 2080 concessa-

332 2158 346 2184 1
364 2157 438 2184 Tom.
457 2162 512 2190 vui,
528 2164 591 2191 pag.
608 2155 642 2182 86
657 2155 694 2191 (a.
713 2154 762 2187 τ.).

333 2202 349 2228 2
365 2201 440 2228 Tom.
458 2207 485 2232 x,
501 2208 563 2235 pag.
579 2199 631 2227 750
647 2203 693 2233 (11.Α
704 2199 751 2232 τ.).

334 2247 350 2274 3
365 2246 435 2273 Male
450 2246 515 2272 edit.
532 2244 611 2272 Main.
628 2244 693 2279 legit
708 2243 856 2270 eoetensira
874 2246 909 2277 (fl.
921 2244 969 2275 1.).

334 2292 350 2318 Δ,
364 2291 440 2318 Tom.
457 2296 514 2323 xm,
529 2298 590 2326 pag.
606 2290 658 2316 646
674 2290 709 2324 (a.
724 2290 774 2322 T.).

335 2338 352 2363 5
367 2336 436 2363 Male
453 2335 496 2362 hic
516 2338 543 2362 et
561 2334 663 2370 pluries
683 2337 776 2369 postea
795 2333 860 2360 edit.
882 2332 960 2360 Main.
978 2332 1043 2368 legit

300 2381 465 2409 constitutio
481 2381 518 2415 (a.
532 2381 580 2414 τ.).

336 2427 353 2454 6
367 2427 445 2453 Tom.
463 2432 519 2459 vni,
536 2432 599 2460 pag.
615 2423 667 2451 646
682 2424 717 2457 (a.
732 2424 780 2458 T.).

336 2473 350 2499 7
367 2471 437 2498 Edit.
454 2469 535 2497 Maio.
551 2469 616 2505 legit
631 2469 778 2496 extensiva
794 2468 829 2504 (n.
843 2468 891 2500 τ.).

337 2517 353 2544 8
368 2516 453 2547 Quam
469 2514 529 2542 vide
545 2523 605 2550 sup.
623 2522 684 2550 pag.
703 2513 752 2540 211
772 2512 850 2540 huius
866 2512 930 2540 tomi
945 2514 981 2547 (11,
994 2514 1041 2549 12).

336 2561 353 2588 9
367 2561 445 2588 Tom.
458 2566 486 2594 x,
502 2566 563 2595 pag.
580 2558 632 2586 279
646 2558 744 2593 (11.1).

339 2606 372 2633 10
387 2605 463 2631 Tom.
480 2611 525 2637 xn,
542 2612 602 2640 pag.
621 2604 672 2631 708
688 2604 725 2638 (a.
742 2603 789 2638 τ.).

340 2651 368 2676 11
386 2649 481 2677 Potius
495 2648 673 2684 reliyionum
685 2647 726 2676 vel
738 2648 940 2678 institutorum
951 2647 1041 2684 (ar).

1063 287 1144 318 rum,
1161 275 1373 320 cognoscendi
1391 284 1501 310 causas
1518 284 1650 310 suorum
1664 274 1806 308 subdito-

1064 341 1134 364 rum
1148 331 1186 363 ad
1206 330 1344 364 osticium
1360 333 1484 364 sanctae
1501 328 1712 374 inquisitionis
1726 340 1804 374 quo-

1065 385 1236 418 modolibet
1261 383 1473 428 pertinentes¹
1490 395 1495 416 :

1109 438 1256 471 Eiusdem
1270 435 1510 479 constitutionis
1527 447 1608 481 quac
1624 436 1734 481 incipit
1751 437 1807 470 Rc-

1064 491 1114 534 9is
1127 491 1268 534 pacifici,
1286 491 1499 524 innovatoriae
1516 490 1775 524 constitutionum
1789 500 1807 522 a

1065 544 1151 577 Sixto
1168 544 1205 577 IV
1223 549 1252 577 et
1272 544 1326 577 Pio
1343 545 1365 576 V
1383 545 1421 577 do
1441 544 1649 588 Conceptione
1665 543 1696 576 B.
1714 544 1751 576 M.
1772 543 1806 576 V.

1066 597 1231 638 editarum,
1242 597 1452 642 impositionis
1464 598 1620 631 maiorum
1632 607 1808 641 poenarum

1066 652 1097 684 in
1122 656 1389 694 transgressores,
1414 663 1431 684 a
1463 652 1607 685 locorum
1635 651 1809 685 Ordinariis

1066 710 1096 737 et
1117 705 1294 738 haereticae
1313 705 1476 750 pravitatis
1498 704 1736 749 inquisitoribus
1756 716 1810 748 pu-

1066 758 1238 800 niendos⁰⁴;
1264 764 1294 793 et
1321 759 1465 802 Gregorii
1486 760 1536 793 XV
1567 758 1808 800 constitutionis,

1066 823 1146 856 quae
1163 813 1272 857 incipit
1284 813 1516 846 Sanctissimns
1529 813 1690 846 Dominus
1703 816 1810 845 noster

1066 866 1201 905 auditis,
1218 866 1415 910 ampliativae
1440 871 1470 899 et
1489 866 1715 899 declaratoriae
1740 876 1810 909 pro-

1067 920 1230 953 hibitionis
1254 919 1414 952 asserendi
1438 919 1561 952 beatam
1591 919 1720 953 Mariam
1746 920 1811 951 Vir-

1067 974 1174 1017 ginem
1195 977 1378 1017 conceptam
1399 973 1430 1005 in
1450 976 1578 1016 peccato
1603 973 1786 1016 originali³z

1112 1027 1257 1070 Gregorii
1274 1027 1326 1060 XV
1339 1026 1582 1066 constitutionis,
1601 1037 1681 1070 quae
1702 1026 1811 1070 incipit

1068 1081 1235 1114 Romanus
1260 1080 1414 1122 Pontifex
1434 1079 1470 1112 in
1493 1080 1633 1122 specula,
1653 1084 1812 1112 revocato-

1068 1135 1133 1168 riae
1158 1144 1431 1178 quarumcumque
1456 1133 1695 1166 concessionum
1723 1133 1812 1166 vivae

1071 1189 1153 1222 vocis
1168 1189 1295 1222 oraculo
1309 1189 1476 1227 t'actarum3
1491 1192 1521 1220 et
1537 1187 1715 1220 Sanctitatis
1732 1187 1813 1220 Suae

1069 1242 1301 1275 constitutionis
1322 1241 1514 1275 extensivae⁴
1528 1240 1565 1273 ad
1582 1251 1811 1284 quoscumque,

1069 1295 1269 1339 quantumvis
1282 1295 1496 1339 privilegiatos
1509 1299 1539 1327 et
1553 1298 1724 1337 exemptos,
1733 1304 1812 1337 quae

1070 1348 1181 1393 incipit
1214 1348 1310 1382 Alitis
1345 1348 1449 1391 felicis
1473 1347 1709 1380 recordacionis
1735 1347 1812 1381 Gre-

1069 1403 1182 1446 gorius
1205 1403 1277 1443 XV,
1295 1402 1353 1435 sub
1373 1402 1480 1434 datum
1499 1402 1615 1435 Romae
1633 1412 1671 1433 xx
1692 1400 1814 1434 decem-

1069 1456 1134 1489 bris
1160 1456 1324 1489 i1ocxxx1⁵z

1114 1510 1262 1543 Eiusdem
1295 1509 1546 1550 constitutionis,
1571 1519 1652 1553 quae
1685 1508 1813 1552 incipit:

1070 1564 1280 1608 Aposlolatus
1297 1563 1466 1605 officium&
1486 1568 1516 1595 et
1540 1562 1718 1596 Sanctitatis
1735 1562 1815 1595 Suae

1052 1617 1313 1657 tconstttutionis,
1338 1627 1418 1659 quae
1444 1616 1553 1660 incipit
1577 1627 1614 1649 co
1640 1615 1745 1656 modo,
1770 1627 1816 1649 re-

1072 1670 1273 1704 vocatoriae⁷
1308 1669 1505 1702 licentiarum
1542 1680 1815 1714 quarumcumque

1071 1724 1194 1768 legendi
1219 1729 1250 1757 et
1274 1723 1409 1756 habendi
1437 1724 1534 1756 libros
1559 1723 1769 1766 prohibitos⁵³1

1115 1778 1293 1811 Sanctitatis
1313 1778 1394 1810 Suae
1414 1777 1655 1817 constitutionis,
1673 1788 1752 1820 quae
1773 1778 1816 1810 in-

1072 1831 1148 1875 cipit
1173 1831 1406 1865 Sanctz'ssz'mus
1431 1830 1591 1863 Dominus
1620 1835 1727 1863 noster
1754 1832 1816 1864 sol-

1073 1885 1161 1917 licite
1181 1884 1453 1925 animadvertens,
1476 1883 1514 1916 de
1532 1883 1724 1926 imaginihus
1741 1894 1817 1917 non-

1072 1939 1147 1971 dum
1173 1949 1190 1970 a
1215 1938 1293 1971 Sede
1323 1937 1505 1981 Apostolica
1538 1937 1816 1977 canonizatorum,

1073 1992 1121 2024 vel
1140 1991 1403 2033 beatificatorum,
1429 2002 1501 2023 cum
1527 1991 1641 2031 radiis,
1667 1991 1816 2034 splendo-

1073 2045 1171 2085 ribus,
1196 2050 1249 2078 aut
1265 2045 1414 2078 laureolis
1442 2055 1505 2078 non
1534 2044 1759 2088 proponendis,
1777 2049 1818 2077 ta-

1074 2099 1163 2131 bellis
1176 2104 1228 2131 aut
1242 2097 1452 2131 luminaribus
1466 2098 1504 2130 ad
1520 2108 1632 2131 eorum
1650 2098 1817 2141 sepulchra

1075 2163 1138 2186 non
1161 2153 1367 2196 apponendis,
1388 2163 1540 2186 eorumve
1557 2152 1663 2195 gestis,
1681 2153 1815 2185 miracu-

1075 2207 1123 2247 lis,
1150 2206 1393 2240 revelationibus
1417 2210 1447 2240 et
1470 2206 1697 2240 beneficiorum
1723 2206 1818 2249 impe-

1114 2289 1123 2314 1
1142 2287 1218 2314 Tom.
1236 2293 1274 2318 xi,
1290 2294 1351 2322 pag.
1368 2285 1472 2320 34601.
1484 2286 1533 2320 T.).

1110 2333 1127 2360 2
1143 2334 1222 2359 Tom.
1238 2340 1287 2366 xit,
1303 2340 1364 2368 pag.
1381 2331 1433 2359 356
1448 2333 1487 2365 (n.
1500 2332 1549 2365 T.).

1111 2378 1127 2404 3
1142 2377 1217 2404 Tom.
1234 2384 1283 2409 x11,
1300 2384 1362 2412 pag.
1379 2375 1430 2402 688
1448 2376 1546 2411 (11.1).

1113 2422 1128 2449 4
1144 2422 1214 2449 Edit.
1232 2421 1311 2449 Μαίη.
1327 2421 1410 2448 habet
1425 2421 1573 2448 extensiva
1587 2422 1628 2456 (n.
1643 2421 1692 2454 r).

1112 2470 1128 2497 5
1143 2468 1208 2494 Vide
1223 2475 1283 2502 sup.
1299 2475 1361 2502 pag.
1379 2466 1441 2495 258.

1112 2513 1128 2539 6
1143 2511 1220 2540 Tom.
1237 2518 1285 2545 xu,
1301 2519 1362 2546 pag.
1381 2511 1431 2538 779
1449 2511 1483 2546 (n.
1497 2511 1545 2544 1,).

1114 2558 1127 2584 7
1144 2557 1214 2584 Edit.
1231 2556 1311 2584 Maio.
1328 2556 1410 2583 habet
1425 2555 1624 2584 constitutio...
1637 2556 1819 2584 revocatorzssa

1077 2604 1114 2637 (n.
1132 2603 1179 2634 T.).

1112 2647 1128 2675 8
1143 2647 1227 2679 Quam
1242 2647 1302 2675 ride
1317 2655 1398 2683 supra
1411 2654 1471 2683 pag.
1488 2645 1538 2674 217
1552 2646 1633 2676 huius
1648 2647 1714 2675 tomi
1728 2646 1817 2683 (nm).

1709 216 1774 251 359
1821 225 1870 254 An.
1890 225 1918 254 c.
1935 226 2003 254 1633
