2221 3224
162 227 212 254 An.
231 227 260 254 o.
279 226 346 254 1629
392 219 455 252 116

189 1515 338 1542 'transumpto-

154 1546 199 1562 rum
216 1542 275 1563 tides.

361 276 523 319 derogatio
548 276 620 317 ssat,
646 277 758 320 cuique
776 276 942 319 suffragari
967 281 1097 320 queant,

360 339 482 363 necnon
506 330 616 373 regula
635 332 741 363 nostra
759 329 796 362 de
813 340 876 363 non
893 330 1099 364 concedendis

360 383 563 426 indulgentiis
587 384 625 416 ad
645 384 752 423 instar,
773 394 808 417 ac
826 395 1098 429 quorumcumque

360 436 510 470 Ordinum
530 443 559 470 et
579 437 873 480 Congregationum,
899 439 963 473 sive
980 439 1100 472 institu-

359 494 463 523 torum
488 491 691 533 regularium,
710 491 803 523 etiam
824 492 1011 533 iuramento,
1029 503 1099 526 con-

359 542 536 576 firmatione
553 544 734 587 apostolica,
759 545 807 578 vel
831 545 890 578 alia
915 546 1024 589 quavis
1044 546 1097 579 fir-

358 596 466 628 mitate
486 597 651 637 roboratis,
671 598 792 631 statutis
816 602 845 632 et
869 599 1099 633 consuetudini-

358 648 426 689 bus,
442 649 615 692 privilegiis
633 660 768 694 quoque,
786 650 914 686 indultis
931 657 961 685 et
984 652 1098 685 litteris

359 702 549 745 apostolicis,
570 702 687 736 eisdem
712 703 880 738 Ordinibus
905 710 934 738 et
958 705 1097 749 Congre-

358 755 536 797 gationibus
566 761 659 800 atque
688 756 837 790 institutis
861 759 1098 802 quomodolibet

358 809 524 850 concessis,
545 809 726 852 approbatis
750 815 780 843 et
799 810 952 844 innovatis
959 823 967 852 ;
984 812 1097 855 quibus

357 862 504 895 omnibus
521 866 550 896 et
569 863 710 906 singulis,
736 864 858 897 etiamsi
883 865 920 898 de
945 865 1023 906 illis,
1048 875 1099 898 eo-

356 926 491 959 rumque
515 916 587 949 totis
603 916 765 951 tenoribus
781 918 933 962 specialis,
951 919 1097 963 specifica

356 973 386 1002 et
403 969 571 1010 individua,
594 980 658 1004 non
678 977 783 1004 autem
801 982 859 1016 per
875 972 1029 1006 clausulas
1046 983 1098 1016 ge·

355 1023 478 1055 nerales
509 1023 592 1056 idem
625 1024 851 1068 importantes,
888 1026 1006 1060 mentio
1041 1037 1096 1060 seu

356 1076 483 1119 quaevis
499 1077 559 1109 alia
575 1078 735 1121 expressio
752 1078 894 1112 habenda
919 1084 972 1112 aut
991 1080 1096 1124 aliqua

355 1129 414 1162 alia
439 1130 591 1173 exquisita
615 1131 716 1164 fornia
740 1132 779 1164 ad
803 1132 864 1165 hoc
881 1132 1033 1165 servanda
1049 1133 1096 1166 fo-

355 1189 412 1224 ret,
438 1184 564 1217 illorum
581 1190 706 1219 tenores
725 1187 942 1230 praesentibus
959 1198 1018 1231 pro
1034 1188 1097 1221 suf—

355 1236 497 1270 ficienter
521 1239 676 1282 expressis
698 1248 733 1272 ac
757 1240 890 1273 sormam
908 1251 1020 1274 eorum
1036 1245 1097 1273 tra-

355 1290 449 1323 ditam
484 1302 543 1335 pro
575 1295 698 1325 servata
732 1293 904 1335 habentes,
938 1294 996 1327 hac
1028 1295 1094 1327 vice

354 1344 541 1387 specialiter,
562 1346 748 1379 nominatim
773 1352 803 1379 et
828 1358 974 1390 expresse
995 1347 1033 1380 ad
1054 1348 1095 1380 ef-

354 1398 468 1431 fectum
482 1400 694 1442 praesentium
706 1400 904 1444 derogamus,
917 1401 1094 1445 ceterisque

354 1452 520 1484 contrariis
544 1452 804 1497 quibuscumque.

399 1504 413 1546 g
433 1503 462 1536 9.
489 1504 527 1537 Ut
543 1511 646 1538 autem
665 1512 847 1550 praesentes
863 1512 998 1550 nostrae,
1014 1519 1092 1552 quae

355 1556 393 1589 ad
418 1557 539 1600 singula
563 1559 631 1591 loca
655 1559 770 1592 deferri
794 1571 856 1594 non
881 1566 1030 1604 possunt,
1055 1562 1093 1594 ad

354 1611 494 1644 omnium
520 1612 662 1646 notitiam
688 1613 808 1646 facilius
832 1614 1008 1655 deveniant,
1031 1626 1090 1648 vo-

353 1665 476 1705 lumus,
500 1670 534 1698 ut
558 1665 741 1698 earumdem
765 1667 977 1710 praesentium
1002 1673 1090 1700 tran--

354 1718 487 1762 sumptis
520 1719 568 1751 vel
602 1719 753 1763 exemplis
782 1720 874 1753 etiam
907 1720 1092 1764 impressis,

353 1782 449 1804 manu
473 1772 604 1805 alicuius
628 1773 741 1805 notarii
767 1774 884 1816 publici
910 1774 1094 1818 subscriptis

354 1830 384 1858 et
397 1825 500 1868 sigillo
513 1836 665 1869 personae
676 1826 707 1858 in
720 1826 870 1868 dignitate
881 1828 1093 1861 ecclesiastica

355 1879 540 1912 constitutae
573 1880 717 1919 munitiS,
749 1880 865 1923 ubique
896 1881 1038 1913 locorum
1064 1887 1092 1914 et

354 1932 494 1975 gentium
520 1932 628 1965 eadem
650 1943 781 1976 prorsus
801 1933 879 1966 fides
896 1934 1092 1975 adhibeatur,

354 1996 433 2029 quae
458 1986 627 2020 haberetur
651 1986 728 2030 ipsis
752 1988 981 2030 praesentibus,
1008 1988 1033 2021 si
1052 1989 1095 2021 so—

354 2044 424 2072 rent
447 2040 603 2073 exhibitae
627 2040 675 2072 vel
700 2045 850 2074 ostensae.

397 2093 509 2125 Datum
535 2094 661 2133 Romae,
689 2094 772 2137 apud
797 2094 826 2127 S.
850 2094 979 2127 Mariam
1004 2094 1094 2128 Maio-

354 2157 433 2188 rem,
458 2148 516 2180 sub
538 2148 652 2180 annulo
670 2148 847 2188 Piscatoris,
865 2148 914 2181 die
928 2159 992 2181 xxn
1006 2154 1106 2182 octo--

354 2200 420 2234 bris
434 2210 587 2242 MDcxxix,
601 2201 800 2245 pontificatus
820 2203 919 2235 nostri
934 2213 1014 2236 anno
1029 2212 1082 2236 vn.

390 2263 448 2291 Dat.
466 2264 509 2292 die
525 2264 559 2291 Ἡ
574 2264 692 2292 octobris
710 2264 786 2297 1629,
804 2265 897 2300 pontif.
915 2273 983 2293 anno
1001 2271 1044 2293 vn.

654 2390 792 2424 CCCLIV.

355 2470 422 2504 Pro
455 2470 576 2504 Ordine
605 2470 636 2503 S.
668 2470 791 2503 Basilia·
829 2470 1095 2513 Conqreyatiom‘s

400 2524 604 2566 Reformatae
628 2522 679 2555 del
708 2523 836 2556 Tardon
853 2527 882 2556 et
898 2522 929 2556 S.
956 2523 1096 2556 Antonii

400 2576 438 2609 de
467 2576 556 2609 Valle
581 2576 631 2609 del
658 2576 879 2620 Galleyillos¹.

396 2639 404 2664 t
421 2637 486 2666 Vide
501 2637 533 2665 tle
548 2637 621 2666 hisce
637 2642 700 2666 tom.
716 2645 754 2672 xi,
771 2646 832 2675 pag.
848 2638 882 2667 39
896 2646 973 2675 seqq.
988 2640 1029 2673 (n.
1045 2638 1094 2673 τ.).

938 229 1117 253 BULLARIUM
1140 230 1294 254 ROMANUM

1335 278 1471 306 Urbanus
1491 279 1570 313 Papa
1589 280 1668 314 VIII,

1261 323 1297 350 ad
1312 328 1487 357 perpetuam
1501 324 1546 351 rei
1561 325 1741 353 memoriam.

1176 385 1344 418 Pastoralis
1361 385 1454 419 officii
1470 386 1562 420 nobis
1576 397 1612 420 ex
1629 387 1690 421 alto
1708 387 1868 421 commissi

1132 438 1269 470 debitum
1291 439 1437 482 postulat,
1455 444 1498 480 ut,
1516 440 1598 473 circa
1615 446 1728 473 statum
1747 440 1870 484 religio-

1132 501 1238 524 sorum
1260 491 1411 525 Ordinum
1426 503 1701 537 quorumcumque
1718 493 1749 526 in
1766 494 1869 526 Eccle-

1132 544 1177 577 sia
1194 545 1247 577 Dei
1266 545 1466 578 militantium
1487 546 1654 579 salubriter
1667 546 1868 589 dirigendum

1131 599 1244 631 mentis
1263 605 1389 632 nostrae
1406 599 1504 632 aciem
1521 600 1645 633 assidue
1662 600 1868 640 intendentes,

1885 231 1933 258 An.
1949 231 1978 258 C.
2000 230 2067 259 1629

1910 399 2050 421 Prooemium.

1131 653 1168 685 ad
1201 663 1236 686 ea
1268 653 1437 697 praecipue
1468 653 1608 687 eiusdem
1640 654 1734 688 officii
1764 659 1889 698 partes.

1131 705 1239 739 sedulo
1264 707 1493 750 impendamus,
1513 712 1556 748 ut,
1578 717 1657 751 quae
1680 718 1698 740 a
1721 707 1870 741 Romanis

1131 759 1333 793 Pontificibus
1357 760 1654 804 praedecessoribus
1676 762 1793 795 nostris
1812 773 1870 806 pro

1130 813 1212 846 felici
1237 813 1421 847 eorumdem
1447 813 1598 847 Ordinum
1631 817 1712 848 statu
1736 820 1766 847 et
1789 814 1870 848 dire-

1130 866 1232 900 ctione
1255 867 1389 910 proinde
1413 872 1484 900 sunt
1509 872 1623 900 statuta
1648 873 1678 900 et
1706 867 1868 909 ordinata,

1130 920 1168 952 ab
1192 920 1239 961 iis,
1264 920 1303 954 ad
1327 931 1406 965 quos
1431 925 1560 965 spectat,
1578 921 1800 955 inviolabiliter
1817 921 1870 955 ob-

1130 979 1304 1007 serventur.

1174 1028 1189 1071 §
1208 1028 1238 1061 1.
1264 1028 1385 1072 Exponi
1410 1029 1566 1073 siquidem
1589 1029 1682 1063 nobis
1705 1039 1806 1074 nuper
1830 1030 1869 1062 se-

1129 1081 1171 1114 cit
1205 1081 1336 1115 dilectus
1368 1082 1451 1116 filius
1485 1087 1673 1126 procurator
1712 1083 1868 1126 generalis

1130 1135 1357 1168 monachorum
1382 1136 1507 1169 Ordinis
1527 1136 1556 1169 S.
1574 1136 1677 1169 Basilii
1694 1136 1869 1179 Congrega-

1129 1187 1222 1221 tionis
1246 1189 1444 1222 Reformatae
1463 1194 1671 1232 nuncupatae,
1691 1189 1775 1233 quod
1792 1189 1867 1222 alias

1128 1241 1226 1274 felicis
1258 1242 1486 1275 recordationis
1509 1242 1651 1275 Clemens
1676 1242 1759 1286 Papa
1783 1243 1866 1283 VIII,

1129 1295 1353 1338 praedecessor
1368 1301 1484 1338 noster,
1500 1296 1628 1340 cupiens
1645 1295 1673 1329 S.
1691 1296 1794 1329 Basilii
1811 1296 1868 1329 hu-

1129 1348 1263 1382 iusmodi
1294 1350 1437 1392 regulam
1463 1360 1535 1382 cum
1567 1360 1623 1383 suo
1655 1349 1804 1382 laudabili
1829 1348 1867 1382 de

1128 1402 1235 1436 labore
1261 1413 1410 1436 manuum
1436 1403 1577 1436 instituto
1602 1403 1634 1435 in
1658 1405 1715 1436 sua
1738 1403 1867 1446 propria

1128 1461 1157 1487 et
1169 1455 1328 1499 primitiva
1343 1460 1520 1489 sanctorum
1533 1461 1658 1500 patrum
1670 1455 1867 1489 observantia

1127 1508 1260 1541 stabiliri
1284 1519 1319 1541 ac
1343 1514 1497 1552 perpetuo
1517 1508 1707 1549 conservari,
1725 1508 1788 1541 duo
1804 1519 1868 1542 mo-

1127 1561 1262 1594 nasteria
1282 1561 1420 1594 eiusdem
1439 1562 1562 1595 Ordinis
1580 1567 1654 1594 tunc
1671 1572 1817 1605 expressa
1835 1561 1867 1594 in

1128 1615 1317 1647 monasteria
1334 1615 1566 1648 reformationis
1585 1620 1614 1648 et
1631 1626 1721 1648 verae
1738 1615 1866 1658 regulae

1127 1668 1343 1701 observantiae
1361 1669 1553 1701 constituens
1567 1673 1595 1701 et
1613 1678 1771 1712 separans,
1786 1668 1866 1701 inter

1127 1721 1187 1753 alia
1204 1721 1309 1761 voluit,
1327 1722 1412 1764 quod
1429 1722 1575 1754 monachi
1600 1721 1864 1754 monasteriorum

1127 1774 1357 1808 reformationis
1374 1775 1554 1807 huiusmodi
1572 1774 1675 1807 abbati
1693 1774 1766 1807 dicti
1779 1774 1869 1808 Ordi-

1126 1827 1174 1860 nis
1188 1828 1327 1869 generali
1340 1828 1444 1860 taliter
1458 1828 1665 1868 subiacerent,
1680 1833 1713 1860 ut
1726 1828 1792 1871 ipse
1809 1837 1868 1872 per

1128 1891 1169 1922 se,
1194 1891 1257 1913 non
1283 1891 1356 1914 vero
1377 1892 1434 1924 per
1454 1881 1560 1921 alium,
1578 1881 1636 1913 nisi
1652 1881 1737 1914 sorte
1753 1891 1789 1914 ex
1814 1882 1867 1914 ea-

1127 1934 1197 1967 dem
1219 1935 1462 1977 congregatione
1479 1935 1647 1968 reformata
1665 1935 1866 1975 monachum,

1127 1994 1231 2031 posset
1255 1988 1308 2020 illa
1332 1993 1394 2020 tam
1419 1988 1451 2020 in
1476 1988 1578 2032 capite
1595 1999 1688 2032 quam
1714 1988 1745 2020 in
1771 1998 1867 2021 mem-

1128 2041 1194 2073 bris
1215 2041 1349 2083 visitare,
1368 2041 1529 2084 corrigere
1554 2046 1584 2074 et
1609 2041 1786 2082 emendare,
1803 2051 1866 2074 non

1128 2105 1203 2127 vero
1228 2094 1259 2126 in
1282 2094 1387 2137 aliquo
1412 2100 1521 2127 contra
1537 2094 1750 2138 supradictam
1768 2095 1866 2127 refor-

1129 2147 1309 2187 mationem,
1334 2157 1389 2179 seu
1413 2147 1651 2180 constitutiones
1675 2147 1713 2179 ab
1736 2147 1811 2190 ipsis
1828 2148 1868 2179 sa-

1128 2200 1252 2233 ciendas
1269 2204 1298 2234 et
1315 2211 1332 2232 a
1346 2200 1424 2233 Sede
1440 2200 1620 2243 Apostolica
1637 2200 1867 2244 approbandas,

1128 2253 1160 2285 in
1188 2253 1347 2286 communi
1371 2253 1419 2286 vel
1448 2263 1518 2285 cum
1548 2253 1653 2296 aliquo
1684 2253 1868 2296 particulari

1128 2307 1330 2351 dispensare,
1354 2307 1402 2339 vel
1427 2306 1598 2350 quidquam
1629 2307 1713 2339 aliud
1746 2311 1868 2340 mutare

1128 2360 1192 2393 sive
1209 2361 1368 2400 innovare,
1381 2370 1483 2403 neque
1497 2360 1668 2393 monachos
1682 2360 1868 2393 reformatos

1128 2425 1146 2447 a
1170 2414 1234 2447 suis
1258 2413 1456 2446 monasteriis
1476 2413 1515 2446 ad
1531 2414 1591 2446 alia
1615 2424 1813 2457 quacumque
1830 2413 1868 2447 de

1129 2471 1222 2501 causa
1247 2468 1428 2508 transferre,
1454 2478 1509 2500 seu
1532 2467 1609 2500 alios
1627 2467 1665 2500 ab
1682 2467 1756 2511 ipsis
1774 2467 1867 2500 etiam

1128 2521 1167 2554 ad
1191 2522 1288 2554 breve
1312 2527 1435 2565 tempus
1456 2521 1557 2565 recipi
1580 2522 1694 2561 facere,
1712 2521 1760 2554 vel
1783 2520 1867 2553 aliud

1129 2574 1299 2618 quidquam
1324 2574 1471 2607 ordinare
1495 2585 1551 2608 seu
1574 2579 1721 2616 statuere,
1747 2573 1778 2606 in
1803 2584 1866 2616 quo

1128 2628 1213 2672 ipsos
1236 2633 1342 2671 posset
1357 2627 1542 2672 perturbare
1556 2638 1611 2661 seu
1627 2626 1866 2672 quomodolibet

1910 1037 2004 1058 Clemens
2021 1036 2067 1058 vm

1890 1065 2060 1084 constitutionem

1884 1091 1957 1111 deltae
1967 1091 2067 1112 reforma-

1884 1120 1947 1138 tione.

2197 375 2221 821 :bJQz-ss-zassz'tess--g-ssm
2203 281 2221 348 ζιᾼιΔ
2202 238 2216 254 ῥᾼ
2199 197 2211 223 2.-
2203 115 2210 166 .--‹·
2202 82 2206 84 ι

2205 823 2221 978 -;-,ι;.ιι·Α,-«..;,
