2248 3229
220 231 271 260 An.
287 230 316 260 C.
331 231 402 260 1633
447 222 512 258 360

420 280 609 315 trationibus
641 290 704 313 non
736 279 934 324 publicandis
965 283 1018 314 aut
1049 279 1161 324 impri-

420 333 574 368 mendis':

465 387 584 421 Pariter
608 386 785 419 Sanctitatis
809 386 889 419 Suae
913 386 1159 430 constitutionis,

421 451 501 484 quae
532 439 643 483 incipit
666 440 894 473 Sanctissimis
918 441 1079 474 Dominus
1105 451 1160 474 izo-

419 498 482 526 sler
503 504 563 537 pro
587 492 690 526 debito
714 493 767 526 sui
789 493 966 536 pastoralis
991 494 1099 537 officii,
1123 494 1161 527 de

419 546 507 580 libris
530 546 722 591 ubicumque
739 547 938 590 compositis,
956 547 994 580 de
1014 559 1161 591 quacum-

419 610 480 644 que
503 599 637 632 materia
658 599 874 641 tractantibus,
900 601 939 632 ab
959 600 1017 643 his,
1039 601 1091 644 qui
1112 602 1161 634 de-

419 657 498 696 gunt
521 653 554 685 in
578 652 665 686 Statu
681 652 912 695 Ecclesiastico,
927 664 991 687 non
1008 655 1161 687 transmit-

420 706 522 740 tendis
546 706 617 748 alio,
637 711 672 739 ut
695 706 937 750 imprimantur,
963 707 1030 740 sine
1053 708 1160 741 vicarii

422 765 452 794 et
475 760 617 804 magistri
635 760 715 793 sacri
732 760 840 804 palatii
857 761 889 793 in
901 761 996 802 Urbe,
1010 762 1057 794 vel
1075 767 1161 795 extra

419 824 490 847 eam
515 813 582 847 sine
605 813 762 847 Ordinarii
783 819 813 847 et
833 815 1036 858 inquisitoris,
1054 821 1107 848 aut
1122 816 1161 848 ab

418 868 463 901 cis
487 867 708 911 deputatorum
718 895 726 908 ‚
750 867 877 901 licentia
887 869 912 901 ²:

462 921 500 954 Et
531 920 672 954 eiusdem
697 921 875 954 Sanctitatis
906 922 986 955 Suae
1013 922 1161 955 constitu-

419 975 512 1008 tionis
531 974 590 1007 sub
611 974 718 1007 datum
736 975 853 1008 Romae
877 975 927 1008 die
944 986 961 1008 v
980 976 1161 1008 novembris

418 1038 573 1071 Mncxxx1,
599 1038 680 1072 quae
713 1028 823 1072 incipit
848 1029 929 1063 Cum
960 1029 1043 1062 sicul
1074 1040 1160 1063 accc-

415 1083 537 1126 pimus,
558 1081 642 1125 quod
660 1082 898 1115 constitutiones
923 1082 1113 1126 apostolicae
1129 1083 1160 1115 in

419 1135 681 1169 concernentibus
704 1134 799 1167 fidem
825 1135 1010 1169 catholicam
1035 1140 1065 1168 et
1085 1146 1156 1168 san-

419 1193 486 1224 ctae
504 1188 717 1233 inquisitionis
734 1188 874 1221 officium
891 1189 1043 1222 haetenus
1060 1189 1161 1223 editae

419 1248 449 1276 et
471 1243 696 1287 imposterum,
720 1242 813 1276 etiam
839 1253 935 1286 super
962 1253 1161 1287 quacumque

418 1296 479 1330 alia
496 1307 531 1330 re
555 1295 702 1338 edendae,
723 1306 833 1330 omnes
850 1296 1012 1339 regulares
1033 1307 1162 1339 quomo-

418 1349 537 1383 delibet
560 1349 775 1394 privilegiatos
799 1349 1079 1393 comprehendant,
1101 1350 1160 1383 nisi

418 1403 451 1436 in
475 1403 602 1436 edendis
626 1403 687 1436 illis
712 1403 891 1447 specialiter
915 1403 1112 1447 excipiantur
1123 1404 1142 1436 ³.

463 1457 500 1490 Et
519 1456 649 1500 insuper
674 1455 768 1489 iidem
795 1456 977 1500 superiores
996 1461 1162 1490 teneantur

419 1520 531 1543 curare
555 1515 586 1542 et
609 1509 744 1550 efficere,
770 1515 803 1542 ut
818 1509 911 1542 huius
929 1509 1047 1542 decreti
1061 1520 1162 1543 exem-

418 1565 470 1608 pla
494 1563 600 1608 aliquo
625 1563 656 1595 in
679 1564 750 1597 loco
773 1563 857 1607 apud
883 1574 936 1596 eos
961 1563 1089 1607 publico
1117 1565 1160 1596 as-

418 1618 567 1661 figantur,
588 1622 618 1650 et
642 1617 734 1650 affixa
757 1622 995 1656 conserventur,
1013 1616 1055 1649 ita
1073 1622 1106 1649 ut
1122 1618 1161 1650 ah

420 1671 537 1704 eisdem
562 1670 695 1703 subditis
719 1670 877 1713 religiosis
897 1671 1044 1704 omnibus
1063 1671 1159 1704 videri

419 1735 456 1757 ac
478 1723 541 1767 legi
566 1723 732 1757 commode
763 1728 896 1766 quca11t3
922 1724 1024 1768 deque
1052 1724 1161 1757 huius-

420 1778 505 1811 modi
536 1777 782 1812 commonitione
812 1777 939 1821 publico
971 1778 1161 1812 documento

420 1831 523 1863 statim
552 1831 721 1864 certiorem
750 1831 853 1863 facere
884 1831 1161 1874 congregationem

421 1884 635 1917 sanctissimae
660 1883 871 1927 inquisitionis
896 1884 928 1916 in
953 1884 1044 1917 Urbe.
1064 1885 1101 1917 Et
1118 1885 1162 1917 ni-

421 1937 594 1970 hilominus
617 1937 724 1977 voluit,
740 1942 774 1969 ut
790 1937 951 1971 decretum
969 1937 1161 1979 huiusmodi,

420 2002 475 2024 seu
499 1992 582 2024 illius
608 1992 797 2035 exemplum,
818 1991 996 2024 intimatum
1014 2003 1162 2035 procura-

421 2045 481 2078 tori
506 2044 644 2087 generali
673 2045 899 2088 cuiuscumque
924 2045 1064 2085 Ordinis,
1093 2056 1163 2079 con-

421 2098 624 2142 gregationis,
649 2097 805 2130 societatis
830 2103 860 2130 et
885 2098 1033 2139 instituti,
1059 2104 1093 2131 ut
1116 2109 1163 2132 su-

421 2164 489 2197 pra,
514 2153 546 2185 in
570 2152 653 2185 Urbe
670 2152 806 2195 degenti,
819 2153 864 2185 vel
883 2152 920 2184 ad
937 2153 1040 2185 valvas
1058 2153 1163 2186 Basili-

422 2218 529 2240 carum
542 2207 571 2241 S.
582 2206 705 2239 Ioannis
719 2206 946 2246 Latet-anemis,
961 2211 991 2239 et
1010 2207 1162 2251 Principis

420 2260 645 2304 Apostolorum
672 2259 773 2301 Urbis,
792 2264 822 2292 et
838 2260 869 2292 in
886 2260 951 2293 acie
971 2260 1077 2304 Campi
1094 2261 1162 2294 Flo-

421 2324 475 2347 rae
508 2313 656 2354 affixum,
689 2313 782 2345 etiam
815 2313 934 2356 absque
968 2313 1161 2346 intimatione

421 2367 592 2412 praedicta,
616 2366 698 2399 insi-a
722 2366 800 2399 duos
825 2367 903 2399 citra
927 2372 1060 2408 montes,
1080 2367 1161 2400 ultra

423 2431 497 2454 vero
509 2424 631 2454 montes
644 2420 725 2452 infra
742 2426 878 2463 quatuor
895 2431 1018 2453 menses
1035 2431 1071 2453 ex
1089 2426 1162 2454 tunc

422 2475 596 2520 proximos,
620 2484 730 2508 omnes
754 2480 784 2508 et
807 2474 948 2518 singulos
978 2475 1161 2509 eorumdem

457 2557 471 2583 1
489 2556 565 2583 Tom.
581 2563 628 2591 xn,
644 2564 705 2591 pag.
722 2555 774 2583 309
791 2556 826 2592 (a.
843 2556 892 2591 r.).

457 2601 474 2627 2
490 2600 610 2628 Habetur
622 2601 649 2627 in
665 2604 730 2628 tom.
747 2607 803 2636 xm,
819 2609 880 2636 pag.
897 2601 944 2627 371
964 2603 1002 2634 (n.
1019 2602 1068 2635 T.).

459 2643 475 2671 3
490 2644 554 2672 Vide
569 2653 630 2681 sup.
644 2653 706 2681 pag.
721 2645 773 2672 248
788 2645 871 2672 huius
887 2645 951 2673 tomi
966 2647 1002 2680 (n.
1016 2646 1066 2679 T.).

990 231 1170 256 BULLARIUM
1194 231 1349 258 ROMANUM

1941 232 1996 259 An.
2011 231 2043 260 G.
2059 231 2131 261 1634

1194 280 1329 321 Ordinis,
1354 282 1621 324 congregationis,
1645 281 1800 316 societatis
1830 286 1861 315 et
1889 281 1933 314 in-

1194 333 1293 366 stituti
1318 334 1485 377 religiosos
1500 333 1631 378 perinde
1646 340 1745 368 arctet
1760 340 1792 368 et
1806 334 1930 375 afficiat,

1194 398 1230 420 ac
1254 387 1279 420 si
1303 387 1509 421 commonitio
1533 392 1564 420 et
1587 386 1690 421 affixio
1706 387 1884 431 praedictae
1903 397 1932 421 e-

1195 445 1349 484 xequutae
1368 446 1481 483 essent,
1507 444 1537 474 et
1559 439 1730 484 unicuique
1745 440 1814 486 ¹¹05
1825 440 1930 485 ipsum

1194 494 1356 528 decretum
1382 494 1568 534 exhibitum,
1593 504 1629 526 ac
1652 493 1860 537 personaliter
1883 493 1931 526 in-

1196 549 1338 582 timatum
1362 549 1452 582 soret.
1473 548 1510 581 Et
1526 548 1569 581 ita
1593 547 1720 581 mandat
1737 551 1767 581 et
1781 547 1934 592 praecipit

1195 601 1348 636 Sanctitas
1364 602 1435 635 Sua.

1333 670 1469 702 ΙΟΑΝΝΕΞ
1486 669 1648 704 ANTONIUS
1665 669 1845 702 Tuomsms

1245 723 1273 756 S.
1291 723 1419 756 Roman.
1437 727 1467 756 et
1479 722 1614 756 univers.
1631 722 1769 767 inquisit.
1783 722 1933 756 notarius.

1238 805 1335 837 Anno
1360 814 1534 845 Mncxxxw,
1566 804 1742 838 indiccione
1769 804 1932 845 secunda,

1192 854 1402 897 pontificatus
1423 854 1630 887 Sanctissimi
1643 854 1682 886 D.
1699 854 1738 886 Ν.
1753 853 1791 886 D.
1811 854 1936 887 Urbani

1194 903 1308 936 (lirina
1323 903 1533 947 providentia
1552 903 1665 946 Papae
1684 902 1769 936 VIII
1787 913 1873 935 anno
1888 913 1932 943 xi,

1195 952 1248 986 die
1265 962 1335 985 vcro
1356 953 1471 996 quintii
1490 952 1641 985 ianuarii
1659 951 1865 996 salpradiclae
1885 952 1936 984 lil-

1197 1006 1281 1034 [erac
1305 1002 1369 1034 sire
1393 1001 1555 1034 decretum
1576 1001 1716 1045 affixum
1737 1004 1767 1033 cl
1788 1000 1936 1043 publica-

1196 1054 1265 1082 !um
1277 1050 1342 1093 fail
1355 1050 1397 1082 acl
1411 1050 1521 1083 valvas
1535 1050 1745 1083 basilicarum
1757 1049 1788 1083 S.
1800 1049 1936 1083 Ioannis

1195 1098 1436 1141 Lalerancnsis,
1461 1104 1489 1132 el
1513 1100 1683 1143 Principis
1706 1099 1936 1142 Apostolorum

1197 1148 1302 1189 Urbis,
1322 1159 1359 1181 ac
1384 1149 1421 1181 in
1438 1148 1506 1181 acie
1524 1149 1640 1192 Campi
1658 1145 1787 1188 Florae,
1808 1151 1846 1180 ul
1869 1159 1936 1181 mo-

1194 1198 1240 1229 ris
1261 1202 1315 1237 est,
1333 1208 1391 1240 per
1411 1208 1459 1230 me
1474 1197 1659 1231 Antonium
1678 1196 1827 1230 Bardum
1845 1207 1935 1242 prae-

1196 1247 1292 1280 libati
1307 1247 1363 1281 SS.
1383 1248 1421 1280 D.
1437 1247 1477 1280 N.
1494 1247 1606 1290 Papae
1630 1256 1802 1280 cursorem.

1484 1370 1648 1405 CDLXXII.

1195 1442 1362 1476 Stabulum
1392 1442 1478 1475 circa
1510 1452 1684 1474 causarum
1710 1441 1936 1475 criminalium

1240 1496 1276 1528 in
1296 1505 1393 1539 reyno
1417 1494 1576 1529 Polom'ac
1600 1495 1813 1539 coyiiilioncm
1827 1493 1845 1527 ¹.

1401 1567 1536 1594 Urbanus
1557 1567 1636 1601 Papa
1655 1567 1734 1600 vm,

1355 1611 1391 1638 ad
1411 1611 1543 1638 futuram
1562 1611 1606 1639 rei
1627 1612 1808 1640 memoriam.

1240 1673 1417 1715 Singularia
1441 1676 1534 1716 atque
1558 1673 1671 1706 eximia
1701 1674 1877 1707 charissimi
1904 1675 1936 1708 in
1976 1685 2116 1707 Prooemium,

1195 1727 1318 1761 Christo
1342 1726 1398 1759 filii
1434 1727 1533 1760 nostri
1559 1727 1704 1759 Vladislai
1736 1728 1883 1761 Poloniae
1907 1734 1938 1761 et
2246 1720 2248 1767 i

1196 1780 1322 1813 Svcciae
1342 1780 1426 1822 regis
1451 1779 1580 1814 illustris
1596 1780 1629 1812 in
1648 1791 1705 1813 nos
1722 1786 1751 1813 et
1767 1781 1848 1814 hanc
1867 1782 1938 1815 San·
2247 1773 2248 1796 ¹

1196 1839 1278 1866 ctam
1303 1833 1415 1866 Setlcm
1446 1832 1518 1865 fidei
1544 1838 1574 1865 ct
1598 1833 1772 1867 devotionis
1803 1835 1936 1878 merita,

1196 1898 1231 1920 ac
1256 1887 1463 1931 praecipuus,
1489 1897 1552 1930 quo
1576 1887 1722 1920 eumdem
1749 1887 1938 1921 vladislaum

1197 1951 1304 1983 regem
1329 1940 1578 1983 complectimur,
1598 1946 1746 1984 paternae
1778 1942 1939 1975 charitatis

1196 1994 1336 2034 affectus,
1354 1999 1588 2038 promerentur,
1606 2000 1639 2027 ut
1655 2005 1735 2038 quae
1752 1995 1790 2027 ad
1807 2006 1939 2039 prospe-

1196 2059 1268 2080 rum
1297 2048 1482 2091 felicemque
1507 2047 1758 2080 christifidelium
1783 2048 1813 2080 in
1839 2059 1939 2092 regno

1198 2102 1343 2134 Poloniac
1376 2101 1575 2134 existentium
1608 2106 1722 2133 statum
1747 2106 1777 2136 et
1800 2102 1938 2145 quietem

1196 2155 1354 2198 pertinere
1371 2154 1608 2197 dignoscuntur,
1624 2160 1775 2197 quantum
1794 2166 1866 2188 cum
1883 2156 1938 2189 Do-

1196 2207 1282 2240 mino
1299 2218 1477 2251 possumus,
1492 2207 1703 2241 favorabiliter
1717 2208 1935 2242 concedamus.

1240 2262 1255 2304 g
1279 2261 1308 2293 sl.
1329 2261 1619 2304 Supplicationibus
1636 2261 1741 2305 itaque
1757 2261 1863 2295 dilecti
1880 2262 1936 2295 filii
1951 2297 1956 2317 Ι
1974 2270 2135 2307 (ι’ωᾷμεερρει-

1196 2314 1309 2347 nobilis
1333 2313 1391 2346 viri
1415 2314 1542 2357 Georgii
1564 2314 1735 2348 Ossolinski
1760 2315 1882 2348 comitis
1899 2315 1937 2349 dc
1951 2300 2135 2353 stss'ssssffssn'llfffflg

1195 2367 1333 2400 Tcnchin
1368 2367 1506 2400 eiusdem
1532 2368 1677 2401 Yladislai
1709 2367 1817 2412 regis⁹
1846 2368 1937 2402 nobis
1951 2350 2056 2376 dmm

1196 2432 1292 2465 super
1316 2421 1377 2454 lioc
1401 2421 1562 2455 humiliter
1591 2422 1745 2465 porrectis
1774 2422 1935 2464 inclinati,

1196 2474 1278 2519 quod
1304 2474 1342 2507 de
1366 2479 1471 2507 cetero
1496 2474 1528 2507 in
1550 2474 1692 2518 praefato
1715 2475 1821 2518 [regno
1846 2475 1936 2508 Polo-

1196 2528 1265 2561 niae
1291 2538 1403 2561 causae
1427 2527 1606 2561 criminales
1622 2528 1653 2561 in
1669 2528 1772 2572 prima
1788 2527 1936 2563 instantia

1233 2601 1243 2626 1
1267 2599 1304 2626 Ex
1324 2599 1431 2634 Regest.
1451 2599 1479 2626 in
1498 2599 1600 2627 Secret.
1621 2599 1698 2627 Brev.

1178 2676 1181 2678 ,
1231 2644 1247 2670 2
1263 2643 1374 2672 Videtur
1387 2643 1482 2672 deesse
1497 2644 1616 2673 nomine
1629 2645 1667 2680 (n.
1678 2645 1726 2679 Τ.).
