2248 3229
218 244 266 271 An.
288 244 316 271 c.
335 244 402 271 issi
447 235 510 269 382

415 293 514 326 nostri
532 293 569 324 dc
586 293 658 332 una,
677 296 707 323 ct
724 291 755 322 in
772 290 904 323 concilio
920 290 1059 332 generali
1073 289 1155 322 edita

415 346 452 378 de
477 346 597 378 duabus
621 343 721 385 dietis,
741 354 776 376 ac
800 343 868 376 aliis
886 343 1064 386 apostolicis
1081 352 1155 375 con-

415 397 645 439 stitutionibus,
678 407 800 430 necnon
834 396 1059 437 ecclesiarum,
1088 406 1155 428 rno-

415 450 635 491 uastericrum,
661 449 811 483 Ordinum
823 476 830 490 ,
856 449 1154 492 congregationum,

415 503 624 547 hospitalium,
643 503 825 537 militiarum
851 508 881 536 et
904 503 1047 536 locorum
1064 512 1155 546 prae-

414 557 581 597 dictorum,
602 557 789 597 iuramento,
811 557 1049 590 confirmatione
1074 566 1152 599 apo-

415 611 533 652 stolica,
551 611 597 643 vel
619 611 728 656 quavis
745 610 893 644 firmitate
908 611 968 643 alia
988 610 1155 650 roboratis,

414 665 535 698 statutis
556 671 586 698 et
611 665 900 706 consuctudinibus,
926 664 1154 705 stabilimentis,

414 718 523 751 usibus
548 723 577 751 et
600 718 731 759 naturis,
753 717 927 762 privilegiis
953 727 1089 761 quoque,
1109 716 1156 749 in-

414 770 508 804 dultis
540 775 569 805 et
600 771 712 804 litteris
736 771 939 814 apostolicis,
965 770 1057 803 etiam
1083 779 1154 802 cum

415 824 576 868 quibusvis
601 824 874 867 derogatoriarum
900 823 1108 866 derogatoriis
1126 827 1156 855 et

414 878 482 911 aliis
511 878 672 922 quibusvis
705 878 852 911 clausulis
884 882 914 910 et
944 877 1099 918 decretis,
1124 876 1155 909 in

415 932 607 965 rontrarium
633 932 871 975 quomodolibet
900 931 1074 971 concessis,
1100 940 1155 974 ap-

415 985 554 1028 probatis
572 991 601 1018 et
615 985 784 1025 innovatis,
801 985 947 1029 quodque
963 984 1109 1028 praelatis
1127 989 1157 1016 et

415 1039 556 1081 personis
574 1039 752 1083 praedictis,
769 1048 944 1081 eorumque
965 1037 1107 1070 ecclesiis
1128 1043 1156 1070 et

415 1093 501 1133 locis,
519 1093 567 1125 vel
585 1093 746 1136 quibusvis
771 1092 849 1133 aliis,
875 1091 1085 1125 communiter
1102 1097 1155 1124 aut

398 1146 556 1189 divisim,
581 1157 598 1179 a
622 1146 783 1190 praedicta
805 1146 843 1178 sit
867 1145 946 1178 Sede
978 1145 1155 1187 indultum,

416 1200 500 1242 quod
524 1200 678 1239 interdici,
703 1199 851 1243 suspendi
877 1199 924 1231 vel
945 1198 1158 1231 excommuni-

415 1253 478 1285 ‹ari
503 1263 565 1286 non
597 1253 717 1297 possint
745 1263 801 1296 per
825 1252 943 1285 litteras
968 1251 1157 1295 apostolicas

415 1316 477 1339 non
494 1306 642 1339 facientes
662 1307 787 1350 plenam
807 1311 837 1338 et
861 1315 1041 1349 expressam
1063 1315 1099 1337 ac
1119 1304 1157 1337 de

416 1360 513 1393 verbo
538 1359 576 1392 ad
601 1360 733 1392 verbum
756 1359 793 1391 de
819 1359 940 1391 indulto
965 1358 1156 1398 huiusmodi,

416 1424 537 1447 necnon
568 1414 729 1457 personis,
754 1423 927 1456 eorumque
959 1412 1156 1452 nominibus,

417 1467 667 1510 cognominibus,
693 1466 844 1507 ecclesiis,
869 1465 1080 1505 monasteriis,
1106 1476 1157 1498 or-

417 1521 542 1553 dinibus
567 1526 597 1553 et
620 1521 696 1554 locis
721 1520 920 1560 huiusmodi,
947 1519 1155 1552 mentionem:

417 1579 446 1606 et
459 1574 653 1618 quibuslibet
670 1574 737 1605 aliis
756 1573 939 1617 privilegiis,
955 1572 1158 1616 exemptioni-

418 1628 485 1669 bus,
500 1627 760 1667 immunitatibus,
774 1627 804 1659 in
819 1636 934 1669 genere
951 1632 981 1658 et
997 1626 1028 1658 in
1045 1625 1156 1669 specie,

417 1681 715 1724 quomodocumque
733 1680 899 1720 concessis,
917 1679 1110 1713 confirmatis
1127 1684 1157 1712 et

418 1736 581 1777 innovatis,
603 1736 695 1769 etiam
720 1735 907 1768 solutionem
934 1744 1068 1767 annuam
1098 1734 1156 1766 hu-

418 1789 553 1822 iusmodi
577 1790 665 1823 aliter
682 1800 777 1833 quam
801 1788 972 1822 secundum
998 1788 1155 1831 antiquam

418 1850 518 1875 laxam
544 1843 591 1875 vel
616 1843 855 1875 conventionem
881 1843 991 1875 factam
1007 1869 1014 1882 ,
1043 1846 1073 1873 ct
1097 1841 1156 1873 nisi

418 1896 448 1928 in
466 1895 636 1928 universali
661 1896 850 1928 solutionum
865 1895 1041 1939 perorbem
1057 1894 1157 1938 impo—

418 1949 539 1989 sitione,
557 1949 625 1981 sieri
652 1949 912 1992 prohibentibus,
933 1958 1055 1981 necnon
1080 1958 1156 1991 pro-

419 2002 628 2041 missionibus,
649 2002 881 2042 donationibus,
902 2001 1156 2044 obligationibus,

419 2055 601 2088 iuramentis
633 2061 660 2088 et
691 2055 1000 2095 renunciationibus,
1026 2055 1157 2087 vinculis

419 2114 447 2141 ct
471 2109 600 2142 cautelis
629 2110 659 2141 in
690 2109 898 2152 assignatione
926 2109 1156 2152 praedictarum

419 2164 602 2207 pensionum
628 2164 732 2203 factis,
757 2164 870 2207 quibus
900 2174 957 2207 per
982 2162 1157 2206 impositio-

419 2228 490 2250 nem
514 2227 634 2250 annuac
660 2217 824 2249 solutionis
849 2215 1029 2249 huiusmodi
1061 2215 1159 2248 nemi-

419 2281 490 2303 uem
515 2270 625 2311 teneri,
649 2280 750 2313 neque
776 2280 826 2302 eas
858 2269 961 2312 quoad
985 2268 1159 2312 praemissa

420 2327 529 2358 contra
552 2334 784 2367 quemcumque
804 2323 908 2356 locum
935 2322 1053 2355 habere
1078 2321 1159 2354 simi-

420 2378 490 2410 liter
507 2378 721 2412 declaramus:
740 2377 870 2419 aliisquo
889 2376 1016 2409 indultis
1033 2381 1063 2408 et
1079 2375 1159 2407 litte-

421 2431 464 2463 ris
484 2431 675 2475 apostolicis,
690 2430 889 2473 generalibus
911 2435 940 2462 et
960 2427 1158 2473 specialibus,

421 2484 645 2529 cuiuscumque
673 2484 790 2517 tenoris
821 2484 968 2521 existant,
999 2492 1056 2526 per
1080 2490 1158 2525 quae

421 2537 636 2580 praesentibus
666 2547 729 2570 non
764 2547 910 2581 expressa
946 2541 997 2568 aut
1030 2534 1158 2568 omnino

421 2600 483 2623 non
503 2591 619 2623 inserta
643 2590 771 2623 effectus
796 2600 905 2623 earum
938 2588 1083 2633 impediri
1108 2598 1158 2620 va-

990 241 1170 266 BULLARIUM
1193 240 1348 265 ROMANUM

1188 288 1257 329 bus,
1282 295 1482 331 quorumque
1505 286 1577 320 totis
1600 286 1764 320 tenoribus
1783 285 1925 319 habenda

1189 341 1228 374 sit
1258 341 1290 373 in
1320 340 1431 373 litteris
1461 339 1577 373 nostris
1612 340 1730 374 mentio
1762 339 1925 385 specialis;

1189 404 1268 438 quae
1299 393 1404 428 omnia
1439 398 1549 427 contra
1582 393 1755 437 praemissa
1780 393 1926 427 nolumus

1189 447 1335 491 cuiquam
1353 447 1384 480 in
1401 447 1505 491 aliquo
1523 446 1704 489 suffragari;
1721 455 1843 480 necnon
1858 446 1927 479 aliis

1190 500 1443 545 impositionibus
1463 505 1493 534 et
1517 498 1771 534 concessionibus
1791 499 1829 532 ad
1852 504 1928 532 tem-

1189 565 1247 599 pus
1271 554 1411 588 nondum
1432 555 1586 598 elapsum,
1603 554 1628 587 si
1645 563 1725 598 quae
1742 553 1813 594 sint,
1830 553 1927 593 sactis;

1189 608 1364 651 ceterisque
1382 608 1547 641 contrariis
1563 607 1824 651 quibuscumque.

1233 662 1248 705 g
1272 661 1323 694 4⁶2.
1349 661 1494 694 Ceterum
1511 660 1542 693 in
1559 660 1712 704 exigenda
1728 660 1832 693 annua
1849 659 1929 693 solu-

1190 714 1273 747 tione
1283 713 1465 747 huiusmodi
1477 714 1730 748 constitutionem
1743 712 1929 747 recolendae

1190 768 1362 801 memoriae
1396 767 1562 801 Clementis
1594 767 1695 811 Papae
1726 766 1750 798 V
1786 765 1929 799 similiter

1189 821 1442 865 praedecessoris
1466 820 1566 854 nostri
1583 820 1615 852 in
1632 819 1765 854 concilio
1778 820 1930 852 Viennen-

1190 874 1215 907 si
1247 874 1359 908 editam
1391 873 1489 918 (quod
1521 873 1662 907 decimae
1695 872 1733 905 ad
1769 877 1928 905 monetam

1190 934 1369 962 currentem
1388 927 1597 962 communiter
1611 926 1719 967 levari,
1736 936 1794 959 nec
1807 925 1929 965 calices,

1190 982 1273 1023 libri,
1298 987 1464 1026 ceteraque
1489 985 1673 1015 ornamenta
1703 979 1808 1013 divino
1833 978 1929 1012 cultui

1190 1036 1290 1069 dicata
1307 1046 1343 1069 ex
1358 1037 1451 1069 causa
1464 1034 1606 1079 pignoris
1624 1033 1704 1078 capi,
1717 1033 1766 1066 vel
1786 1031 1928 1072 distrahi,

1190 1094 1242 1122 aut
1258 1089 1333 1122 alias
1352 1088 1591 1133 quomodolibet
1615 1086 1763 1131 occupari
1788 1085 1929 1124 debeant,

1190 1143 1305 1186 ubique
1339 1143 1485 1176 volumus
1516 1140 1696 1175 observari:
1729 1139 1805 1184 quin
1836 1139 1929 1172 etiam

1189 1196 1417 1240 praecipimus,
1442 1206 1481 1228 ne
1513 1195 1697 1239 quisquam,
1722 1193 1815 1228 etiam
1840 1192 1930 1236 plura

1190 1250 1436 1293 quanticumque
1461 1249 1575 1283 valoris
1598 1248 1751 1282 beneficia
1774 1246 1932 1281 ecclesias-

1192 1303 1260 1344 tica,
1275 1303 1346 1336 seu¹
1360 1304 1467 1347 plures
1479 1302 1654 1347 pensiones,
1669 1306 1722 1334 aut
1734 1301 1863 1341 fructus,
1877 1310 1931 1333 scu

1191 1357 1262 1389 talia
1279 1356 1401 1389 mixtim
1419 1356 1572 1397 obtinens,
1589 1365 1647 1400 pro
1664 1355 1767 1387 littera
1783 1359 1813 1387 et
1829 1353 1931 1397 sigillo

1191 1411 1380 1454 quietantiae
1396 1409 1592 1450 universalis,
1606 1409 1631 1442 si
1648 1409 1732 1442 illam
1749 1408 1867 1441 habere
1883 1417 1933 1440 vo-

1191 1464 1294 1504 luerit,
1303 1464 1387 1497 ultra
1399 1474 1497 1496 unum
1511 1463 1704 1503 carolenum,
1713 1461 1930 1496 conficientem

1191 1522 1360 1560 quatrenos
1388 1517 1636 1561 trigintaseptem
1664 1520 1806 1549 monetae
1833 1524 1933 1548 roma-

1190 1581 1258 1611 nae,
1273 1571 1394 1604 solvere
1411 1576 1565 1611 teneatur,
1579 1580 1637 1603 nec
1654 1569 1692 1602 ad
1708 1569 1794 1603 aliud
1809 1579 1889 1602 onus
1905 1579 1932 1601 e-

1192 1625 1265 1658 tiam
1280 1629 1445 1668 praetextu
1456 1624 1568 1657 cambii
1578 1623 1700 1667 uspiam
1711 1622 1927 1666 compellatur.

1235 1679 1249 1721 ξ
1274 1677 1325 1710 43.
1358 1678 1434 1717 Quia
1466 1688 1540 1711 vero
1571 1677 1697 1710 difficile
1727 1677 1820 1710 nimis
1851 1681 1931 1710 esset

1192 1736 1370 1774 praesentes
1402 1731 1521 1764 litteras
1544 1740 1743 1774 quocumque
1767 1729 1829 1762 illis
1852 1739 1931 1773 opus

1192 1785 1252 1817 erit
1268 1785 1420 1828 perferre,
1436 1784 1580 1817 volumus
1597 1794 1732 1827 quoque,
1749 1788 1784 1816 ut
1807 1782 1931 1815 illarum

1191 1838 1352 1881 exemplis,
1378 1838 1471 1871 etiam
1496 1837 1668 1881 impressis,
1687 1842 1716 1870 et
1735 1836 1849 1871 notarii
1872 1846 1932 1880 pu-

1190 1891 1273 1932 blici,
1291 1901 1326 1924 ac
1344 1890 1505 1934 Hippolyti
1531 1890 1698 1923 cardinalis
1715 1895 1745 1923 et
1764 1889 1930 1923 camerarii

1191 1944 1354 1988 praedicti,
1368 1949 1421 1977 aut
1434 1944 1563 1977 alterius
1576 1943 1764 1984 collectoris,
1777 1953 1832 1976 seu
1842 1952 1932 1986 prae-

1191 1998 1243 2032 lati
1270 1998 1482 2038 ecclesiastici,
1504 1998 1609 2031 eiusve
1629 1998 1734 2030 curiae
1758 1996 1861 2039 sigillo
1878 1997 1932 2029 ob-

1192 2052 1333 2094 signatis,
1348 2051 1457 2084 eadem
1474 2061 1605 2095 prorsus
1624 2050 1702 2083 fides
1718 2050 1750 2082 in
1767 2049 1883 2083 iudicio
1901 2055 1931 2082 et

1192 2111 1278 2138 extra
1310 2105 1386 2138 illud
1418 2105 1535 2148 ubique
1559 2105 1703 2137 locorum
1727 2103 1930 2143 adhibeatur,

1192 2170 1272 2203 quae
1294 2160 1356 2192 illis
1381 2159 1455 2203 ipsis
1480 2158 1693 2199 adhiberetur,
1714 2158 1739 2190 si
1764 2162 1867 2191 essent
1883 2168 1932 2191 ex-

1192 2214 1307 2246 hibitae
1327 2213 1374 2245 vel
1392 2216 1543 2246 ostensae,

1236 2268 1251 2310 g
1274 2266 1426 2310 ‘142Nulli
1451 2276 1527 2309 ergo
1552 2265 1680 2299 omnino
1704 2265 1870 2299 hominum
1895 2265 1932 2297 li-

1193 2323 1259 2353 ccat
1283 2320 1362 2352 hanc
1387 2320 1534 2363 paginam
1560 2324 1684 2352 nostrae
1713 2317 1930 2359 revocationis,

1192 2373 1422 2413 annullationis,
1439 2372 1656 2413 indictionum,
1682 2371 1930 2416 impositionum,

1192 2426 1414 2469 suspensionis,
1440 2425 1675 2470 suppositionis,
1710 2423 1931 2459 innodationis.

1192 2479 1320 2522 decreti,
1344 2479 1588 2523 prorogationis,
1613 2478 1853 2519 constitutionis,
1878 2477 1932 2510 de-

1193 2533 1364 2577 putationis
1378 2561 1385 2575 ,
1422 2532 1602 2566 tributionis
1619 2559 1626 2573 ,
1662 2531 1907 2565 declarationum
1925 2558 1931 2570 ‚

1233 2607 1240 2632 1
1256 2605 1342 2632 Verba
1353 2606 1452 2640 plures
1463 2605 1598 2640 beneficia
1610 2603 1808 2638 ecclesiastica,
1823 2610 1871 2631 seu
1887 2602 1935 2630 de-

422 2645 481 2676 leat
506 2645 737 2687 quomodolibet
765 2644 810 2675 rel
837 2643 966 2676 differri.
985 2649 1011 2675 et
1030 2643 1068 2675 de
1093 2640 1158 2686 qui·
1195 2650 1278 2677 leuius
1294 2652 1394 2679 (aaa.

1936 237 1985 265 An.
2005 237 2036 264 C.
2053 236 2122 265 ¹634

1973 671 2013 692 Pro
2023 671 2127 692 solutione
2139 668 2144 673 ’

1943 697 2046 723 pecunia<
2081 700 2128 718 tan-

1944 727 1986 745 tum
2002 727 2023 744 et
2037 729 2079 744 nnn
2094 729 2128 744 res

1944 756 2016 772 sacra!
2037 756 2075 776 pro
2096 750 2127 775 pi-

1944 783 2007 804 gnore
2029 777 2128 802 accipere

1944 804 2009 825 iubet.

2010 1683 2129 1710 Exemplar:

1947 1710 2049 1731 standum.

1984 2269 2060 2290 Contra
2076 2270 2131 2290 lace-

1947 2300 2016 2317 rantes
2032 2302 2120 2323 poenae.
