2248 3229
119 233 170 262 An,
190 232 220 261 G.
241 232 310 262 1634

141 832 170 853 De
181 833 301 852 exactorum

118 859 221 888 electione
232 861 252 880 et
264 864 302 880 au-

118 888 223 907 ctoritate.

145 2068 176 2089 De
184 2068 299 2090 vocalibus⁴

931 234 1072 260 URBANL'S
1097 235 1153 260 vm
1176 236 1222 260 PP.

315 284 414 314 stant:
440 279 547 324 sicque
564 280 735 325 dispensati
748 286 778 315 et
792 282 844 315 alii
864 283 1056 328 quicumque

316 332 532 377 exequutionis
549 333 723 369 litterarum
741 335 974 379 praedictarum
992 347 1060 370 nec-

314 397 378 421 non
402 387 577 431 gratiarum
602 389 646 422 eis
670 389 736 429 sie,
760 394 794 422 ut
819 389 1017 432 praefertur,
1043 402 1059 423 a

316 441 548 476 locumtenente
571 441 752 476 huiusmodi
778 442 929 475 saetarum
951 453 1010 476 usu
1030 449 1060 476 et

317 493 430 529 effectu
453 500 600 536 careant,
625 495 679 528 sed
709 495 741 527 in
774 494 885 528 eodem
914 498 994 529 statu
1029 496 1058 528 in

316 558 379 593 quo
403 554 493 582 antea
513 553 611 590 erant,
629 558 693 582 non
713 557 802 582 secus
820 558 856 581 ae
874 548 899 582 si
917 559 990 582 cum
1015 549 1058 582 eis

317 612 414 647 super
445 602 509 635 suis
541 601 773 646 impedimentis
804 602 853 635 vel
887 601 1059 636 defectibus

317 656 530 700 dispensatum
555 655 737 700 gratiaeque
763 655 807 689 eis
832 665 999 689 concessae
1024 666 1059 689 ae

317 709 439 743 litterae
451 709 641 754 apostolicae
661 709 841 743 huiusmodi
859 709 1058 753 cxcquutioni

317 762 521 797 demandatae
544 772 607 797 non
631 763 777 805 fuissent,
798 769 990 796 remaneant.

361 817 397 850 ΙΙ.
415 817 645 851 Locumtenens
666 823 695 851 et
716 817 881 851 consilium
906 816 1058 861 praedicti

318 875 380 904 tres
405 870 545 904 eiusdem
569 871 732 915 hospitalis
758 881 793 905 ae
813 871 906 904 unius
926 881 982 904 seu
1006 871 1058 904 di—

317 935 481 959 versarum
508 925 689 968 linguarum
722 925 834 958 fratres
858 925 973 959 milites
998 925 1059 958 lide

317 984 347 1012 et
372 978 571 1013 facultatibus
592 979 731 1020 idoneos,
749 983 844 1023 prout
856 979 916 1013 sibi
934 979 1056 1012 videbi-⁸

317 1037 378 1072 tur,
403 1031 561 1076 deputent,
588 1035 620 1066 ut
644 1031 675 1064 in
699 1031 841 1076 ipsorum
867 1031 911 1065 sic
934 1032 1059 1076 deputa-

319 1091 422 1120 torum
447 1085 592 1119 manibus
616 1086 768 1130 pecuniae
800 1097 858 1130 per
883 1086 1058 1120 comminus

316 1140 429 1174 aerarii
447 1139 615 1181 debitores,
627 1139 759 1174 durante
774 1140 856 1174 sedis
870 1140 1059 1184 magistralis

316 1193 488 1235 vacatione,
502 1193 628 1228 realiter
642 1198 672 1227 et
686 1204 757 1228 cum
769 1194 881 1228 ell'ectu
898 1195 1059 1228 solvantur

317 1253 347 1282 et
357 1252 581 1282 numerentur:
596 1248 751 1282 solventes
772 1258 848 1282 vero
866 1248 1057 1282 solutionum

317 1302 499 1336 huiusmodi
523 1302 711 1346 quietantias
736 1302 774 1340 ab
800 1301 875 1346 ipsis
901 1301 1059 1346 deputatis

317 1361 488 1400 reportent.
522 1355 579 1396 Qui
612 1355 740 1400 quidem
766 1355 925 1400 deputati,
955 1355 1058 1388 statim

317 1410 448 1453 sequuta
472 1409 579 1453 magni
603 1408 748 1452 magistri
774 1409 941 1449 electione,
962 1419 1056 1453 pecu-

315 1463 440 1496 niarum
462 1473 519 1508 per
536 1473 590 1497 eos
606 1467 807 1508 receptarum
827 1467 856 1497 et
877 1468 1057 1497 exactarum

316 1517 472 1551 rationem
496 1516 639 1559 reddere,
664 1517 876 1562 pecuniasque
894 1517 975 1562 ipsas
992 1527 1057 1550 ma-

316 1581 379 1614 gno
403 1571 555 1614 magistro
571 1571 721 1605 canonice
737 1571 846 1614 electo,
865 1581 920 1604 seu
937 1571 1058 1604 thesau-

315 1624 401 1658 rario
426 1625 473 1658 vel
497 1625 565 1658 aliis
589 1624 750 1665 ministris,
774 1625 812 1658 ad
837 1636 916 1669 quos
933 1625 972 1658 de
988 1625 1057 1658 iure

316 1684 346 1712 et
370 1689 406 1712 ex
431 1679 534 1713 soi-ma
559 1683 747 1713 statutorum
780 1690 835 1712 seu
864 1679 1057 1713 stabilimen-

317 1736 421 1767 torum
444 1733 626 1767 huiusmodi
640 1732 803 1778 spectabit,
825 1733 1010 1776 consignare
1028 1738 1057 1766 et

315 1787 480 1821 restituere
504 1791 685 1827 teneantur3
715 1787 804 1820 aliter
836 1787 934 1820 sactae
966 1787 1053 1820 solu-

316 1841 416 1874 tiones
435 1839 612 1874 nullatenus
628 1840 820 1874 solventibus
832 1840 1056 1884 suffragentur,

316 1893 392 1938 quin
411 1893 513 1927 adhuc
530 1894 706 1927 communis
723 1894 845 1935 aerarii,
859 1895 896 1927 ad
911 1894 1056 1928 effectum

316 1957 380 1982 non
403 1947 523 1981 serendi
554 1947 740 1991 suffragium
755 1974 762 1988 ,
795 1945 953 1982 debitores
977 1959 1052 1982 cen-

318 2007 454 2035 scantur.

361 2056 410 2089 III.
425 2055 585 2089 Curabunt
601 2055 695 2089 iidem
712 2056 929 2090 locumtenens
943 2061 973 2090 et
986 2067 1057 2091 con-

317 2109 422 2143 silium
449 2113 563 2151 status,
588 2115 621 2143 ut
645 2121 662 2143 a
686 2110 825 2155 qualibet
854 2111 963 2154 lingua
987 2112 1055 2154 (seu

318 2164 407 2205 alias,
431 2169 526 2208 prout
551 2164 594 2198 eis
620 2164 714 2198 celeri
739 2164 929 2209 expeditioni
955 2166 1055 2209 magis

317 2217 463 2262 expedire
486 2218 655 2263 videbitur)
680 2228 793 2252 eorum
823 2219 955 2252 fratrum
970 2247 977 2261 ‚
1002 2220 1055 2264 qui

316 2272 401 2306 iuxta
425 2272 607 2305 earumdem
626 2272 804 2306 litterarum
822 2273 1054 2318 praedictarum

316 2327 451 2360 formam
475 2326 662 2370 suffragium
681 2327 775 2361 laturi
796 2332 877 2369 sunt,
902 2331 976 2362 nota
992 2329 1055 2362 sive

316 2380 476 2424 catalogus
500 2380 694 2424 conficiatur,
721 2392 792 2415 eum
818 2391 928 2416 eorum
953 2383 1054 2416 nomi-

315 2435 420 2475 nibus,
445 2434 698 2478 cognominibus,
726 2435 836 2480 patriis
861 2439 890 2469 et
914 2435 1054 2470 denomi-

315 2487 513 2529 nationibus,
538 2498 661 2522 necnon
686 2493 828 2533 tempore
849 2490 1055 2534 susceptionis

315 2541 440 2576 habitus
465 2551 500 2575 ac
530 2541 716 2576 residentiae
747 2547 777 2575 et
808 2553 1054 2577 caravannarum

315 2606 372 2640 per
392 2606 502 2630 eorum
526 2596 699 2640 quemlibet
715 2596 877 2638 factarum;
895 2608 974 2642 quae
990 2599 1056 2643 qui-

316 2650 388 2684 dem
411 2655 484 2685 nota
509 2650 573 2685 sive
598 2651 757 2696 catalogus
782 2651 883 2687 edicto
906 2661 965 2697 per
989 2663 1055 2688 eos-

1094 284 1165 317 dem
1191 285 1455 319 locumtenentem
1487 289 1517 319 et
1548 285 1712 319 eonsilium
1737 291 1835 320 status

1094 337 1324 381 promulgando
1340 338 1504 378 inscrtum-5,
1518 337 1718 382 edictumque
1731 339 1834 372 huius-

1094 391 1179 423 modi
1193 391 1223 423 in
1237 391 1313 424 locis
1327 392 1459 435 publicis
1484 397 1513 425 et.
1531 392 1698 433 consuetis,
1712 392 1750 425 ad
1763 392 1832 430 hoc,

1094 447 1125 475 ut
1143 443 1167 475 si
1181 444 1250 487 quis
1264 454 1296 476 sc
1310 449 1474 486 gravatum
1492 445 1634 486 senserit,
1653 450 1706 479 aut
1724 450 1830 480 contra

1093 496 1228 539 aliquem
1255 497 1347 529 etiam
1381 498 1509 531 alterius
1538 498 1663 542 linguae
1690 499 1833 544 excipere

1094 550 1329 591 voluerit,in['1·a
1343 551 1512 588 terminum
1524 552 1561 584 ab
1575 553 1694 585 eisdem
1705 553 1737 585 in
1750 553 1833 587 dicto

1094 601 1247 636 termino¹
1262 603 1511 647 praeligendum,
1526 605 1555 638 in
1567 606 1643 639 actis
1656 607 1833 640 cancellarii

1094 666 1149 689 seu
1175 657 1442 699 vicecancellarii,
1467 664 1517 691 aut
1545 659 1681 692 cuiusvis
1706 660 1833 693 alterius

1093 710 1130 742 ad
1156 710 1216 744 hoc
1240 711 1424 755 deputandi,
1456 712 1523 745 iura
1548 724 1605 746 sua
1632 713 1779 748 exhibere
1804 720 1829 748 et

1093 764 1249 798 deducere
1275 766 1388 810 possit;
1417 777 1480 810 quo
1506 767 1639 801 termino
1664 768 1779 812 elapso,
1804 776 1831 802 et

1093 817 1170 851 nihil
1194 819 1352 862 opposito,
1377 830 1539 864 opponere
1564 821 1702 855 volentes
1726 828 1831 866 postea

1093 872 1229 916 amplius
1260 883 1322 906 non
1354 874 1529 907 aitdiantur.
1562 874 1739 917 Praeterea,
1766 876 1831 909 iux—

1094 929 1124 957 ta
1148 925 1325 959 litterarum
1347 927 1580 970 praedictarum
1594 928 1831 973 dispositionem

1094 978 1200 1021 (etiam
1218 980 1326 1022 vigore
1348 980 1571 1025 cuiuscumque
1600 982 1756 1026 privilegii
1779 993 1832 1016 seu

1093 1033 1306 1066 concessionis
1331 1033 1424 1066 etiam
1450 1034 1592 1078 specialis
1611 1045 1629 1067 a
1652 1035 1730 1069 Sede
1755 1037 1833 1080 Apo-

1093 1086 1202 1119 stolica
1224 1086 1379 1128 obtentae,
1394 1087 1458 1121 sive
1482 1089 1716 1122 consuetudinis
1740 1090 1832 1123 etiam

1093 1140 1364 1182 immemorabilis,
1376 1147 1428 1175 aut
1441 1142 1552 1186 quovis
1569 1143 1630 1176 alio
1647 1146 1833 1189 praetextu),

1093 1194 1124 1227 in
1145 1195 1296 1228 electione
1314 1196 1419 1238 magni
1438 1196 1591 1240 magistri,
1609 1203 1661 1231 aut
1677 1198 1708 1231 in
1725 1199 1834 1243 quovis

1092 1249 1153 1282 alio
1178 1255 1247 1283 actu
1273 1250 1357 1283 illam
1384 1256 1612 1294 concernente,
1646 1257 1752 1286 votum
1787 1254 1832 1286 vel

1093 1303 1278 1346 suffragium
1304 1315 1361 1338 nec
1381 1305 1462 1338 serre
1482 1315 1540 1340 nee
1565 1306 1688 1350 passive
1706 1307 1833 1344 habere,

1093 1367 1148 1389 nec
1174 1357 1204 1390 in
1237 1359 1272 1390 ea
1298 1359 1536 1402 quomodolibet
1560 1370 1591 1393 sc
1624 1360 1833 1394 intromittere

1093 1411 1141 1443 vel
1167 1411 1344 1445 immiscere
1370 1412 1486 1456 poterit
1509 1413 1592 1446 ullus
1617 1413 1757 1447 eiusdem
1782 1415 1833 1448 ho<

1092 1465 1210 1508 spitalis
1231 1466 1327 1499 frater
1345 1471 1395 1499 aut
1414 1467 1617 1511 cappellanus
1635 1468 1682 1501 vel
1695 1469 1833 1502 serviens

1092 1529 1265 1559 armorum,
1291 1525 1378 1553 extra
1403 1520 1544 1553 omnium
1570 1520 1749 1565 linguarum
1769 1523 1831 1556 sive

1093 1573 1187 1606 totius
1212 1573 1377 1617 hospitalis
1404 1574 1519 1608 limites
1543 1580 1644 1616 natus,
1672 1587 1743 1609 cum
1771 1588 1833 1622 quo

1092 1637 1187 1671 super
1206 1627 1328 1662 defectu
1345 1628 1481 1661 limitum
1498 1629 1713 1674 dispensatum
1730 1631 1831 1672 sueritg

1091 1681 1258 1726 nullusque
1273 1682 1368 1715 frater
1383 1683 1583 1727 cappellanus
1597 1688 1667 1717 actu
1685 1685 1832 1718 sacerdos

1091 1745 1154 1769 non
1179 1735 1324 1777 existens3
1353 1736 1520 1781 minusque
1545 1738 1625 1770 ullus
1652 1738 1747 1771 frater
1772 1749 1833 1772 ser-

1091 1789 1186 1832 viens,
1205 1800 1241 1823 ex
1260 1792 1348 1823 mera
1373 1791 1474 1834 gratia
1493 1795 1522 1824 et
1538 1802 1601 1824 non
1618 1792 1704 1825 saetis
1722 1793 1833 1837 proba-

1091 1843 1229 1877 tionibus
1257 1849 1410 1888 receptus.
1436 1845 1492 1884 Qui
1518 1855 1628 1878 omnes
1654 1851 1831 1890 propterea,
1880 1888 1886 1891 μ

1091 1907 1146 1931 seu
1170 1908 1279 1932 eorum
1307 1899 1420 1943 aliqui,
1447 1899 1478 1932 in
1503 1901 1645 1944 catalogo
1671 1901 1734 1934 sive
1758 1904 1830 1935 nota

1091 1951 1272 1986 huiusmodi
1298 1953 1371 1997 poni
1400 1963 1463 1986 non
1492 1953 1670 1997 debebunt,
1696 1955 1831 1999 exceptis·

1090 2009 1195 2038 tamen
1215 2006 1366 2051 episcopo
1383 2007 1587 2041 Melevitan0²
1605 2013 1635 2040 et
1653 2008 1761 2052 priore
1781 2019 1831 2043 ec-

1091 2059 1203 2093 clesiae
1228 2061 1440 2094 conventualis
1466 2061 1539 2094 dicti
1563 2062 1728 2106 hospitalis
1749 2073 1830 2096 nunc

1091 2117 1121 2146 et
1145 2124 1204 2157 pro
1230 2118 1373 2158 tempore
1390 2115 1605 2158 existentibus,
1622 2126 1744 2151 necnon
1758 2128 1832 2161 quo—

1091 2167 1135 2200 vis
1160 2167 1220 2201 alio
1246 2179 1377 2212 magnae
1403 2169 1505 2203 crucis
1530 2170 1642 2211 fratre,
1668 2171 1738 2215 qui,
1759 2172 1829 2205 licet

1090 2225 1177 2254 extra
1200 2222 1316 2255 limites
1340 2224 1468 2267 recepti,
1496 2228 1566 2257 voto
1591 2224 1654 2257 sive
1680 2225 1830 2269 suffragio

1090 2275 1190 2309 activo
1215 2281 1244 2309 et
1266 2277 1390 2320 passivo
1405 2277 1585 2321 gaudebunt
1605 2284 1750 2323 respectu
1767 2280 1830 2313 ele-

1089 2329 1200 2363 ctionis
1211 2330 1320 2374 viginti
1332 2336 1468 2376 quatuor
1478 2331 1646 2375 dumtaxat,
1657 2343 1713 2366 nec
1727 2333 1758 2366 in
1772 2333 1830 2367 hac

1089 2383 1310 2427 prohibitionis
1320 2390 1407 2428 parte
1420 2385 1575 2418 ullatenus
1589 2386 1829 2430 comprehendi,

1089 2438 1142 2471 sed
1160 2438 1300 2471 eiusdem
1318 2439 1467 2483 episcopi,
1483 2450 1605 2474 necnon
1622 2441 1748 2487 linguae
1763 2452 1830 2485 ger-

1089 2493 1227 2527 manicae
1254 2493 1333 2534 iura,
1354 2494 1518 2538 privilegia
1535 2499 1563 2528 et
1581 2495 1827 2539 praerogativae,

1126 2576 1135 2600 l
1155 2573 1264 2600 Videtur
1279 2574 1366 2609 potius
1386 2574 1530 2610 legendum
1546 2576 1576 2603 in
1593 2576 1665 2605 dicto
1681 2577 1772 2607 edicto
1789 2579 1830 2607 vel

1089 2618 1245 2654 simpliciter
1259 2619 1290 2646 in
1308 2619 1397 2646 edicto
1412 2619 1450 2653 (R.
1467 2620 1514 2654 T.)-

1124 2663 1141 2690 2
1155 2661 1248 2692 Potius
1263 2662 1324 2699 lege
1339 2663 1486 2693 Melicertsi
1501 2665 1538 2699 (a.
1550 2665 1599 2699 r.).

1735 229 1799 263 447
1846 238 1896 267 An.
1912 238 1940 267 C.
1963 239 2030 268 1634
