2248 3229
121 211 171 239 An.
186 211 215 240 C.
237 212 305 240 1634

189 433 305 454 Contrariis

122 460 216 485 derogat.

170 2088 274 2114 Exemplis
289 2089 311 2108 ti·

127 2115 174 2161 ggii
190 2115 264 2135 haberi
282 2121 310 2135 iu·

931 211 1073 236 URBANUS
1098 211 1155 235 vm
1178 211 1225 235 Pr.

319 259 456 293 iusmodi
490 258 617 292 iubilaei
651 259 878 301 satisfecerint,
903 265 955 292 aut
989 270 1060 292 cuin

319 312 462 358 partibus
487 312 762 354 concordaverint,
789 313 854 347 ullo
879 313 972 347 modo
997 314 1060 346 sus-

320 367 436 411 sragari
460 377 552 411 posse
577 372 630 400 aut
654 366 778 400 debere.

364 421 379 465 ἓ
407 419 435 453 8.
462 421 531 454 Non
560 420 755 455 obstantibus
787 420 1061 454 constitutionibus

321 479 349 506 et
377 473 626 508 ordinationibus
653 474 842 518 apostolicis,
874 474 1060 518 praesertin]

320 527 434 571 quibus
457 527 586 560 facultas
607 526 789 564 absolvendi
814 528 845 560 in
869 527 963 560 certis
988 532 1061 560 tunc

321 580 477 625 expressis
491 580 614 613 casibus
628 580 669 614 ita
683 581 825 614 Romano
844 580 984 613 Pontifici
1002 590 1061 623 pro

321 640 464 677 tempore
477 634 619 667 existenti
634 639 824 677 reservatur,
839 639 874 667 ut
890 644 947 666 nec
968 633 1061 666 etiam

320 687 438 721 similes
462 687 509 720 rel
534 687 702 721 dissimiles
727 688 871 728 iubilaei,
897 687 1060 730 indulgen-

320 739 434 773 tiarum
460 744 490 773 et
513 740 694 774 facultatum
726 740 907 774 huiusmodi
933 750 1061 773 conces-

321 793 434 836 siones⁷
460 793 518 826 nisi
543 794 581 827 de
607 794 667 827 illis
692 804 840 838 expressa
864 793 982 827 mentio
1010 798 1063 826 aut

321 847 466 891 specialis
490 847 652 892 derogatio
676 848 746 890 fiat,
778 848 925 892 cuiquam
951 848 1062 881 suffra-

321 901 388 944 gari
413 907 537 945 queant,
554 912 677 935 necnon
695 902 803 944 regula
820 904 929 934 nostra
946 901 983 934 dc
1001 911 1063 934 non

322 954 530 988 concedendis
547 955 751 998 indulgentiis
764 954 803 987 ad
817 955 925 998 instar,
940 965 975 988 ac
989 965 1064 998 quo-

322 1019 531 1053 rumcumque
555 1008 707 1042 Ordinum
726 1014 755 1041 et
780 1008 1063 1052 congregationum

322 1063 386 1096 sive
404 1063 619 1096 institutorum
640 1062 847 1106 regularium,
868 1062 960 1095 etiam
982 1062 1065 1095 iura-

322 1121 437 1158 mento,
458 1116 699 1149 confirmatione
719 1116 903 1160 apostolica,
923 1116 970 1149 vel
991 1125 1064 1159 qua-

322 1170 367 1203 vis
392 1169 541 1202 firmitate
565 1169 732 1212 roboratis,
747 1169 869 1202 statutis
890 1174 920 1202 et
937 1179 1064 1202 consue-

321 1221 492 1263 tudinibus,
516 1222 690 1266 privilegiis
714 1232 857 1267 quoque,
883 1222 1010 1256 indultis
1035 1227 1062 1254 et

322 1276 433 1310 litteris
451 1276 642 1320 apostolicis,
660 1276 778 1309 eisdem
797 1276 976 1317 Ordinibus,
995 1286 1065 1309 con-

322 1330 557 1374 gregationibus
575 1334 603 1364 et
621 1330 770 1363 institutis
790 1331 981 1373 illorumque
997 1340 1065 1373 per-

323 1384 408 1417 sonis
432 1384 671 1428 quomodolibet
695 1384 862 1425 concessis,
883 1383 1064 1427 approbatis

323 1443 352 1470 et
377 1437 547 1477 innovatis,
571 1437 686 1481 quibus
708 1436 855 1470 omnibus
872 1442 902 1469 et
923 1437 1064 1480 singulis,

323 1491 445 1524 etiamsi
462 1491 499 1524 de
516 1491 587 1534 illis,
613 1502 787 1535 eorumque
805 1492 878 1524 totis
903 1491 1065 1524 tenoribus

324 1545 478 1589 specialis,
504 1545 651 1589 specifica
677 1550 707 1578 et
731 1545 900 1587 individua,
926 1555 989 1578 non
1011 1555 1065 1577 au-

324 1604 386 1631 tem
410 1609 467 1642 per
490 1599 645 1632 clausulas
665 1599 829 1643 generales
850 1598 931 1631 idem
950 1599 1065 1642 impor-

324 1656 433 1693 tantes,
450 1653 567 1687 mentio
588 1663 643 1686 seu
668 1652 796 1696 quaevis
821 1652 881 1685 alia
905 1652 1065 1696 expressio

324 1705 465 1739 habenda
490 1711 543 1739 aut
571 1706 675 1750 aliqua
699 1706 758 1738 alia
784 1706 935 1749 exquisita
966 1706 1066 1739 forma

324 1759 362 1791 ad
385 1759 446 1793 hoc
471 1759 623 1793 servanda
655 1760 757 1800 soret,
788 1759 915 1792 illorum
941 1764 1066 1792 tenores

326 1812 543 1855 praesentibus
564 1823 622 1856 pro
637 1812 828 1846 sufficienter
848 1813 1013 1856 expressis,
1031 1823 1066 1845 ac

326 1867 458 1899 sormam
476 1866 507 1899 in
524 1866 568 1899 eis
581 1866 726 1900 traditam
741 1876 800 1910 pro
815 1868 937 1899 servata
952 1865 1067 1898 haben—

326 1925 382 1960 tes,
395 1919 453 1952 hac
471 1919 537 1952 vice
551 1919 741 1963 specialiter,
763 1919 950 1952 nominatim
967 1923 997 1951 et
1015 1929 1065 1951 ex-

325 1983 443 2017 presse,
461 1972 500 2005 ad
520 1972 664 2006 effectum
690 1972 912 2016 praesentium,
938 1972 1068 2015 deroga-

327 2036 395 2059 mus
402 2037 409 2066 ;
427 2025 604 2070 ceterisque
621 2025 787 2060 contrariis
804 2025 1065 2068 quibuscumque.

371 2079 386 2122 ἓ
405 2078 434 2111 9.
460 2079 499 2112 Ut
515 2085 618 2112 autem
634 2084 815 2123 praesentes
836 2084 971 2119 nostrae,
988 2088 1067 2121 quae

327 2131 364 2164 ad
389 2132 512 2175 singula
536 2132 603 2166 loca
628 2132 742 2165 deferri
768 2142 831 2165 non
856 2136 1005 2175 possunt,
1030 2131 1066 2163 ad

327 2185 468 2218 omnium
491 2186 634 2219 notitiam
659 2186 780 2218 facilius
810 2185 992 2225 deveniant,
1018 2195 1067 2217 xo—

328 2240 432 2273 lnmus
441 2245 475 2273 ut
484 2240 667 2273 earumdem
686 2240 900 2284 praesentium
916 2246 1068 2272 transum-

326 2293 397 2336 ptis,
422 2294 468 2326 vel
490 2294 651 2338 exemplis,
669 2294 762 2327 etiam
781 2294 952 2337 impressis,
973 2304 1067 2326 manu

327 2346 458 2380 alicuius
482 2348 596 2381 notarii
620 2348 739 2392 publici
766 2348 963 2391 subscriptis,
982 2353 1011 2380 et
1028 2347 1067 2379 si-

327 2400 403 2442 gillo
431 2411 584 2444 personae
616 2401 646 2433 in
678 2401 828 2444 dignitate
857 2401 1067 2435 ecelesiastica

327 2454 513 2487 constitutae
538 2454 666 2488 munitis
681 2482 688 2496 ‚
712 2454 829 2498 ubique
864 2455 1005 2488 locorum
1037 2460 1065 2488 et

327 2508 485 2550 gentium,
511 2507 620 2541 eadem
646 2518 777 2552 prorsus
802 2508 878 2541 tides
903 2509 1065 2551 habeatur,

327 2571 407 2605 quae
431 2562 602 2594 haberetur
627 2561 702 2605 ipsis
726 2562 954 2605 praesentibus,
980 2563 1004 2594 si
1027 2562 1067 2595 so-

327 2621 397 2648 rent
422 2615 579 2648 exhibitae
603 2615 651 2649 rel
675 2620 827 2649 ostensae.

1139 260 1251 292 Datum
1261 259 1389 299 Romae,
1404 257 1487 302 apud
1500 257 1528 290 S.
1547 256 1684 298 Petrum,
1710 257 1767 289 sub
1784 266 1834 288 an-

1095 314 1169 346 nulo
1187 312 1365 354 piscatoris,
1381 312 1430 345 dic
1445 322 1521 346 xx111
1543 311 1646 345 martii
1660 319 1834 346 uncxxxw.

1094 367 1295 411 pontificatus
1320 366 1419 400 nostri
1444 376 1526 399 anno
1551 376 1592 401 xi.

1131 429 1188 457 Dat.
1211 429 1253 458 die
1273 430 1307 458 23
1327 429 1417 457 martii
1440 429 1517 464 1634,
1540 428 1633 465 pontif.
1656 436 1724 456 anno
1744 435 1781 455 xi.

1366 583 1567 617 CDLXXXIV.

1099 662 1356 696 Commum'calio
1386 663 1638 706 prim'legyiorum
1670 663 1835 698 omnium,

1139 726 1206 749 non
1230 716 1489 749 illemlicunlium
1521 719 1548 748 et
1578 714 1836 748 Mendicnntium

1142 768 1322 803 Ordinibus
1335 779 1391 802 seu
1408 768 1721 812 Conqregyationibus
1741 768 1840 802 Cleri-

1141 833 1252 855 corum
1277 833 1508 863 concessorum,
1536 822 1696 864 fratribus
1713 821 1841 855 Discal-

1142 877 1239 909 centis
1263 876 1507 920 Hz'spczm‘arum
1533 875 1669 909 Ordinis
1689 875 1836 909 Sanctis-

1142 930 1243 962 simae
1271 929 1448 962 Trinitatis
1473 928 1716 971 Redeiuptiom's
1744 929 1842 971 capti-

1141 981 1287 1015 vorum¹.

1311 1054 1447 1081 Urbanus
1460 1053 1539 1087 Papa
1552 1053 1627 1086 vm,

1276 1105 1382 1125 servus
1412 1105 1564 1125 servorum
1598 1097 1663 1130 Dei,

1221 1139 1257 1166 ad
1277 1141 1451 1173 perpetuam
1470 1138 1514 1165 rei
1536 1137 1717 1165 memoriam.

1143 1219 1361 1263 Redemptoris
1385 1218 1485 1251 nostri
1511 1218 1580 1251 lesu
1605 1217 1718 1251 Christi
1743 1216 1844 1250 Salva-

1098 1273 1175 1306 toris
1196 1273 1341 1316 exemplo
1354 1272 1372 1312 ¹,
1398 1282 1461 1316 quo
1479 1282 1510 1304 se
1529 1272 1633 1315 ipsum
1651 1271 1841 1308 exinaniens⁷
1885 1281 2005 1301 smmum

1098 1326 1296 1371 formamque
1322 1325 1403 1359 servi
1429 1325 1595 1369 accipiens,
1617 1325 1663 1357 sui
1682 1324 1842 1367 sanguinis

1097 1380 1281 1424 profusione
1301 1390 1358 1412 nos
1379 1379 1527 1419 redemit,
1553 1379 1677 1411 assidua
1704 1378 1838 1412 medita«

1099 1433 1181 1466 tione
1207 1439 1396 1477 pensantes,
1428 1432 1585 1466 continuis
1610 1431 1765 1472 stimulis,
1790 1437 1841 1471 ut,

1099 1492 1200 1520 tantae
1226 1487 1422 1519 liberalitatis
1440 1497 1608 1527 memores,
1627 1486 1763 1528 gemitus
1780 1496 1841 1518 ma-

1099 1542 1181 1573 xime
1206 1541 1344 1574 filiorum
1371 1540 1529 1573 Ecclesiae
1553 1540 1583 1572 in
1605 1540 1737 1573 vinculis
1761 1549 1843 1572 cont-

1099 1594 1278 1639 peditorum
1307 1599 1335 1626 et
1357 1593 1607 1627 misericordiam
1630 1593 1721 1626 nobis
1738 1598 1844 1636 postu-

1099 1648 1229 1681 lantium
1244 1648 1417 1689 audientes,
1439 1649 1569 1692 paterna
1584 1646 1792 1680 sollicitudine
1806 1646 1844 1679 ad

1099 1713 1193 1747 opem
1218 1702 1279 1735 illis
1303 1712 1397 1745 quam
1421 1711 1590 1745 possumus
1616 1700 1777 1733 ferendam
1804 1710 1841 1732 eo

1099 1756 1278 1801 promptius
1303 1755 1488 1796 excitemur,
1505 1765 1568 1799 quo
1585 1755 1655 1787 illos
1672 1754 1754 1798 apud
1768 1765 1843 1798 gen-

1099 1816 1146 1844 tes
1170 1811 1322 1843 barbaras
1354 1813 1383 1843 et
1416 1809 1548 1842 incultas
1573 1808 1683 1841 durior
1709 1808 1843 1840 servitus

1099 1864 1223 1908 premit,
1249 1864 1372 1897 vincula
1398 1867 1567 1905 coarctant,
1594 1862 1715 1906 perdita
1740 1863 1841 1906 patria

1100 1923 1129 1950 et
1153 1918 1259 1951 amissi
1284 1922 1430 1961 parentes
1456 1916 1616 1959 affligunt,
1643 1925 1765 1948 necnon
1790 1925 1843 1948 eo-

1100 1983 1182 2013 rum,
1207 1982 1287 2015 quos
1304 1972 1483 2015 frequentes
1502 1975 1773 2003 sacramentorum
1791 1969 1843 2002 Ec-

1100 2025 1211 2058 clesiae
1236 2024 1434 2068 participatio
1459 2034 1521 2057 non
1546 2028 1677 2065 recreat,
1700 2023 1764 2056 imo
1782 2023 1843 2066 spi-

1100 2078 1222 2111 ritualis
1246 2078 1433 2121 perditionis
1460 2077 1634 2110 evidentius
1659 2081 1756 2111 terret
1781 2087 1838 2120 pe-

1101 2132 1256 2173 riculum,
1290 2132 1402 2175 saluti,
1437 2137 1586 2176 quantum
1613 2141 1684 2163 cum
1710 2130 1842 2163 Domino

1100 2196 1285 2229 possumus,
1310 2185 1445 2218 libenter
1469 2185 1688 2225 consulamus,
1709 2184 1841 2227 illosque

1100 2240 1138 2272 ab
1165 2240 1216 2272 illa
1242 2239 1413 2273 miserabili
1439 2240 1590 2273 servitute
1620 2239 1840 2272 sublevemus.

1139 2359 1147 2383 1
1170 2357 1284 2385 Istorum
1308 2357 1420 2384 fratrum
1442 2357 1677 2391 congregationem
1698 2355 1824 2390 Hispania

1101 2409 1159 2427 rum
1177 2402 1246 2428 inter
1261 2401 1327 2428 alios
1342 2401 1550 2429 Mendicantium
1571 2400 1686 2427 Ordines
1700 2399 1841 2434 adscripsit

1103 2445 1199 2473 Paulus
1215 2445 1233 2472 V
1250 2449 1277 2473 et
1291 2446 1330 2473 eis
1345 2446 1487 2482 privilegia
1503 2445 1713 2473 communicavit
1727 2445 1754 2471 in
1770 2444 1839 2472 Cou-

1101 2490 1271 2517 stit.chV111
1289 2492 1336 2526 (al.
1365 2491 1436 2526 146),
1464 2491 1620 2524 Ecclesiae,
1647 2493 1711 2517 tom.
1738 2497 1778 2522 xi,
1796 2497 1841 2524 pa-

1099 2535 1161 2570 gina
1185 2535 1247 2562 608.
1277 2535 1375 2562 Cetera
1398 2535 1457 2570 lege
1481 2535 1513 2561 ad
1540 2535 1620 2561 huius
1646 2532 1722 2562 Pont.
1748 2534 1841 2560 Consi.

1102 2579 1258 2611 Gumsz'eut,
1276 2584 1342 2607 tom.
1358 2586 1418 2613 xm,
1435 2588 1495 2615 pag.
1514 2578 1573 2607 4⁹27.

1135 2623 1150 2650 ⁶2
1170 2623 1328 2659 Legendum
1346 2624 1434 2659 potius
1450 2625 1610 2658 exemplum
1632 2632 1669 2659 μ’..
1687 2632 1732 2654 τ.).
1780 2636 1785 2639 -
1825 2635 1828 2639 ·

1737 198 1801 231 387
1849 207 1896 235 An.
1914 206 1941 232 c.
1965 206 2032 234 1624
