2248 3229
961 213 1058 239 txntx
1083 214 1281 240 nunmcmrn

436 264 632 306 gregationis
665 264 879 308 Anglicanao‚
908 266 939 299 in
971 267 1089 311 quibus

436 317 569 360 professi
595 323 676 360 sunt,
702 323 755 353 aut
780 319 896 365 quibus
920 329 955 354 se
981 330 1094 365 aggre-

441 374 566 412 garunt,
594 371 667 405 299.

350 427 503 465 CDXLVI.
521 432 706 468 Commissio
723 435 964 481 archiepiscopo
989 438 1095 471 Arela-

437 487 536 525 tensi,
562 495 597 520 ac
623 487 803 522 Boloniensi
829 494 860 523 ct
892 490 921 523 S.
951 490 1031 524 Flori
1058 501 1094 525 ac

439 537 643 574 Mactmiensi
665 543 833 586 episeopis,
854 547 887 576 ut
900 546 1093 578 coniunctim

438 593 614 636 procedant
643 600 752 629 contra
783 606 1000 642 quascumque
1028 608 1094 641 per-

438 655 531 681 sonas
549 648 782 684 ecclesiastIcas
800 654 907 684 contra
927 660 1093 693 personam

438 704 469 734 et
486 701 606 736 Statum
626 705 711 746 regis
729 704 984 739 christianissimi
1002 705 1093 750 quid-

438 763 531 798 quam
558 756 733 798 molientes,
761 758 833 792 300.

347 814 522 851 CDXLVll.
548 818 672 854 Erectio
689 820 785 854 officii
803 821 949 856 advocati
975 831 1092 866 paupe·

434 881 506 906 rum
524 873 554 906 in
575 872 668 914 Urbe,
689 883 760 908 cum
775 876 982 909 concessione
1000 875 1094 910 tacul-

437 928 546 966 tatum,
573 926 646 960 302.

348 984 534 1021 CDXLVlll.
559 987 733 1022 Prohibitio
751 998 791 1022 ne
811 989 924 1023 tratres
943 989 1092 1024 Carmeli-

435 1044 486 1074 tae
499 1040 635 1075 Calceati
656 1041 695 1074 de
710 1041 921 1076 Observantia
936 1044 965 1076 in
985 1042 1092 1087 Belgio

435 1097 465 1128 et
479 1094 606 1128 Siciliae
622 1095 795 1138 provinciis
809 1099 935 1139 gestent
950 1096 1090 1130 habitum

434 1156 494 1191 per
518 1148 630 1181 tratres
661 1148 806 1182 eiusdem
832 1150 1091 1193 congregationis

435 1197 706 1235 Discalccatorum
733 1204 850 1245 gestari
876 1202 1012 1244 solitum,
1033 1213 1090 1237 nec

433 1261 467 1286 so
485 1253 596 1287 tratres
616 1253 802 1288 Carmelitas
817 1256 1002 1290 reformatos
1021 1266 1090 1290 san—

436 1309 506 1339 ctae
523 1306 694 1341 Thercsiae
716 1310 855 1342 vocitent
875 1313 928 1343 aut
951 1309 1090 1343 subscri-

435 1358 522 1400 bant,
548 1360 621 1394 304.

346 1418 504 1454 CDXLlX.
529 1420 774 1456 Dismembratio
799 1423 838 1457 ab
865 1424 1001 1458 ccclesia
1019 1426 1089 1459 Sar-

434 1476 587 1509 sinatensi
616 1476 792 1510 sodinarum
818 1478 979 1521 sulphuris
996 1483 1025 1512 et
1044 1481 1090 1513 iu-

433 1530 478 1562 ris
502 1529 636 1572 sulphur
666 1530 846 1564 hulusmodi
873 1533 903 1564 in
931 1533 1089 1565 nonnullis

433 1581 511 1616 loeis
538 1583 728 1621 effodiendi,
750 1594 785 1617 ac
811 1585 981 1628 applicatio
1014 1586 1089 1619 Sedi

433 1640 465 1669 et
489 1635 640 1670 Gamerae
665 1637 877 1680 apostoticae,
904 1638 976 1671 306.

344 1695 429 1731 CDL.
470 1697 594 1732 Erectio
630 1699 864 1732 reformationis
905 1702 1089 1743 provinciae

433 1750 581 1784 Austriae
607 1752 737 1785 fratrum
763 1753 917 1786 Minoi-um
938 1754 968 1786 S.
994 1753 1089 1787 Fran-

431 1805 507 1836 cisei
534 1803 573 1836 de
599 1804 824 1845 observantia,
851 1806 923 1839 308.

344 1857 445 1893 CDLl.
471 1859 652 1894 Declaratio
682 1861 922 1905 privilegiorum
955 1873 1088 1908 congre-

432 1916 569 1957 gationis
594 1915 786 1949 Clericorum
809 1917 1005 1959 regularium
1032 1919 1089 1952 Pa-

432 1970 591 2011 piensium
607 1968 646 2001 de
658 1969 817 2011 Somasca⁷
833 1970 937 2013 quoad
951 1973 1089 2005 oratoria

433 2021 568 2063 privata,
595 2022 669 2054 309.

345 2075 460 2120 cnut.
485 2077 628 2112 Facultas
651 2079 803 2112 cardinali
829 2079 997 2113 Francisco
1015 2081 1088 2115 Bar-

433 2130 546 2164 berino
569 2131 696 2164 modum
715 2136 744 2165 ct
760 2136 874 2166 statum
893 2135 1085 2175 officiorum,

433 2187 691 2228 magistratuum,
707 2190 768 2219 tam
788 2188 975 2229 optimatum
993 2197 1087 2232 quam

433 2239 541 2282 populi
567 2244 596 2273 et
620 2239 767 2283 gubernii
786 2241 969 2284 temporalis
991 2243 1021 2274 in
1047 2242 1088 2274 ei-

432 2292 586 2326 vitatibus
612 2297 641 2326 et
666 2293 742 2326 locis
773 2294 878 2327 Status
912 2294 1021 2327 [rbini
1047 2294 1085 2328 ad

434 2345 551 2380 Sedem
589 2346 802 2389 Apostolicam
840 2347 1018 2388 devolutis,
1051 2356 1087 2381 ac

433 2400 528 2433 etiam
564 2399 726 2433 custodiae
752 2399 1015 2444 militiarumque,
1047 2399 1085 2433 ad

436 2451 567 2486 formam
594 2456 625 2486 et
650 2452 833 2486 methodum
866 2454 1033 2496 regiminis
1057 2457 1088 2486 ct

433 2504 583 2550 gubernii
605 2505 736 2539 aliorum
756 2506 894 2540 locorum
911 2507 1016 2540 Status
1034 2506 1087 2539 Ec-

434 2558 604 2592 ctesiastici
632 2559 810 2603 redigendi,
831 2564 862 2593 et
886 2561 1018 2593 comites
1037 2569 1087 2602 pa·

431 2611 546 2646 latinos
557 2618 650 2657 atque
667 2618 796 2648 auratae
807 2614 937 2648 militiae
952 2615 1085 2657 equites,

1781 208 1845 243 795

1237 278 1336 314 usque
1372 269 1411 304 ad
1447 278 1682 316 quemcumque
1721 280 1889 306 numerum

1235 323 1378 364 creandi,
1406 324 1480 357 310.

1147 375 1277 410 CDLlll.
1299 377 1422 411 Fratres
1440 378 1576 411 Minores
1593 378 1758 412 strictioris
1775 378 1890 414 Obser-

1235 433 1362 465 vantiae
1395 431 1425 465 S.
1455 431 1615 465 Francisci
1647 432 1890 467 introducuntur

1237 486 1267 517 in
1290 487 1487 518 monasteriis
1502 487 1531 518 S.
1547 485 1656 519 Clarae
1674 490 1705 519 et
1723 487 1752 520 S.
1771 486 1888 520 Mariae

1234 537 1441 581 Magdalenae
1467 538 1623 582 Neapolis,
1652 540 1726 573 311.

1118 604 1120 614 =
1147 589 1275 624 CDLtv.
1302 591 1505 625 Confirmatio
1539 592 1713 626 litterarum
1749 591 1889 627 Clemen-

1234 646 1272 678 tis
1298 644 1365 678 Vlll
1393 655 1490 689 super
1514 645 1624 690 spoliis
1649 645 1727 679 cleri
1753 646 1889 680 civitatis

1235 698 1469 733 Avenionensis
1490 703 1519 733 et
1545 701 1713 734 comitatus
1739 698 1889 744 Venays-

1234 753 1306 788 sini.
1334 752 1407 786 312.

1144 804 1257 839 CDLV.
1285 806 1464 850 Applicatio
1488 808 1580 841 villae
1605 807 1800 842 Torokaniao
1816 817 1890 852 spe-

1232 861 1346 892 ctantis
1372 860 1412 893 ad
1448 860 1729 895 archimandritam
1766 861 1889 903 Zidici-

1232 922 1364 946 nensem
1390 912 1522 948 Ordinis
1547 914 1576 948 S.
1603 913 1709 948 Basilii
1732 914 1888 949 Rutheno-

1233 975 1302 999 rum
1342 965 1477 1009 collegio
1512 976 1569 1010 per
1608 967 1888 1011 arehiepiscopum

1231 1018 1452 1053 Cliioviensem
1485 1020 1722 1063 metropolitam
1757 1019 1887 1054 Rnssiae

1233 1072 1386 1113 erigendo
1419 1082 1477 1116 pro
1511 1073 1707 1106 instruendis
1732 1072 1888 1108 l'lntlwnis

1232 1136 1268 1158 ac
1289 1125 1469 1158 Mosroritis
1489 1126 1759 1163 adolescentibus,
1781 1127 1854 1160 318.

1143 1177 1270 1212 CDLVl.
1291 1177 1435 1211 Facultas
1456 1179 1523 1221 rogi
1545 1179 1811 1212 christianissimo
1829 1178 1886 1212 ad-

1232 1231 1378 1265 mittendi
1404 1235 1507 1265 aetate
1533 1233 1671 1265 minores
1688 1232 1726 1265 ad
1746 1231 1887 1266 habitum

1233 1285 1366 1319 Ordinis
1384 1285 1528 1319 militaris
1545 1286 1574 1318 S.
1593 1286 1739 1328 Spiritus,
1758 1286 1833 1319 319.

1144 1337 1286 1372 CDLx'tt.
1316 1338 1361 1371 De
1392 1340 1560 1371 missiones
1587 1338 1807 1379 riligiosorum
1838 1348 1888 1373 cu·

1232 1393 1420 1436 iuscumqnc
1449 1391 1582 1426 Ordinis
1599 1393 1637 1425 ad
1662 1391 1828 1435 laponieas
1857 1396 1888 1426 et

1232 1446 1310 1479 alias
1333 1446 1494 1478 indiarum
1510 1446 1720 1480 Orientalium
1740 1447 1888 1489 regiones

1233 1498 1477 1541 impedientium
1497 1500 1616 1541 poenis,
1634 1503 1665 1532 et
1681 1499 1751 1532 aliis
1772 1500 1811 1533 ad
1833 1508 1886 1533 eas

1231 1553 1476 1594 pertinentibus7
1503 1553 1576 1585 320.

1142 1604 1300 1639 CDLvnt.
1315 1605 1498 1639 Subsidium
1517 1607 1628 1639 decem
1644 1610 1675 1640 et
1690 1616 1802 1640 novem
1817 1606 1886 1640 mil-

1230 1658 1348 1691 lionum
1373 1669 1571 1692 nummorum
1598 1668 1768 1693 aureorum
1788 1661 1817 1692 in
1837 1669 1886 1693 re-

1230 1714 1301 1755 gnis
1327 1712 1480 1746 Castellae
1507 1716 1537 1746 et
1563 1712 1710 1756 Legionis
1731 1723 1787 1756 pro
1808 1721 1885 1756 rego

1231 1765 1404 1806 catholico,
1432 1766 1505 1799 324.

1141 1817 1271 1851 CDle.
1297 1820 1400 1862 Super
1425 1819 1629 1862 exemptione
1663 1819 1740 1852 cleri
1769 1828 1883 1862 regno-

1230 1881 1299 1905 rum
1322 1871 1476 1905 Castellae
1492 1876 1521 1905 et
1535 1871 1684 1915 Legionis
1698 1881 1715 1906 a
1728 1872 1885 1906 solutione

1229 1924 1384 1966 decimae,
1411 1926 1485 1959 327.

1140 1976 1254 2011 CDLX.
1288 1978 1490 2012 Confirmatio
1526 1981 1751 2013 transactionis
1785 1980 1883 2013 initae

1229 2032 1313 2064 inter
1330 2031 1476 2065 dominos
1493 2033 1673 2066 cardinales
1686 2033 1725 2066 ab
1743 2032 1883 2067 Harrach

1229 2088 1260 2118 et
1285 2084 1451 2118 Pallottum
1477 2086 1597 2118 Summi
1620 2086 1781 2119 Pontificis
1800 2085 1883 2119 (lele-

1228 2141 1329 2180 gatos‚
1344 2142 1375 2172 et
1390 2138 1582 2172 Ferdinandi
1597 2140 1798 2182 imperatoris
1818 2138 1883 2182 ple·

1227 2192 1480 2233 nipotcntiarios,
1499 2201 1597 2234 super
1618 2191 1708 2225 bonis
1734 2191 1882 2225 ecclesia-

1229 2244 1317 2276 sticis
1343 2245 1433 2287 regni
1452 2244 1638 2283 Bohemiae;
1665 2253 1727 2288 qua
1752 2244 1882 2288 quidem

1226 2298 1439 2330 transactione
1451 2297 1612 2340 praedicta
1623 2297 1704 2330 bona
1718 2301 1881 2330 crassante

1227 2358 1264 2382 eo
1285 2351 1315 2382 in
1333 2358 1432 2392 regno
1453 2349 1685 2384 haereticorum
1706 2349 1881 2383 rebellione

1226 2408 1374 2446 usurpata
1393 2406 1461 2447 regi
1482 2404 1710 2443 conceduntur;
1730 2403 1881 2437 eeclesia-

1226 2458 1315 2490 sticis
1341 2461 1445 2490 autem
1479 2462 1563 2491 certa
1598 2466 1670 2500 pars
1695 2456 1880 2500 vectigalis,

1227 2509 1313 2553 quod
1338 2509 1420 2543 salis
1444 2510 1637 2554 appellatur,
1662 2509 1879 2553 adiudicatur,

1230 2563 1304 2596 331.

1139 2613 1267 2648 CDth.
1296 2616 1500 2651 Confirmatio
1533 2618 1764 2661 designationis
1795 2617 1881 2652 novi-
