2248 3229
165 218 215 246 An.
236 216 264 246 C.
280 217 352 246 1538

192 278 307 300 Concessio
320 279 351 299 in-

165 307 286 332 autgenuae
292 311 352 332 prae·

164 335 245 359 cer-pta
259 332 314 353 haec
328 337 351 352 ο-

181 365 217 380 en
231 358 351 385 peragenti-

9 1574 14 1578 -
15 1517 19 1539 -
6 1281 28 1499 '‘0⁸“-

975 217 1118 243 unnauus
1142 216 1200 241 vm
1223 216 1270 241 ιφ.
1781 202 1846 237 643
1891 211 1942 240 An.
1963 209 2078 240 &1638

409 265 425 310 ἓ
448 265 478 299 t.
498 265 616 309 ltaque.
638 275 675 299 ex
695 271 784 310 parte
809 265 1033 310 omnipotentis
1050 266 1103 299 Dei

365 318 466 352 Patris
489 326 519 352 et
543 319 612 352 Filii
637 324 667 352 et
691 319 826 363 Spiritus
851 319 948 352 sancti
963 346 970 360 ,
996 329 1105 353 omnes

365 376 395 406 et
419 372 559 416 singulos
584 373 748 417 utriusque
764 383 856 406 sexus
875 372 1104 412 christifideles,

365 431 428 459 tam
447 426 477 459 in
494 427 576 459 alma
590 426 674 460 L'rbe
691 430 799 460 nostra
819 437 912 471 quam
932 427 963 459 in
982 427 1104 469 reliqua

366 479 454 512 Italia
479 485 508 513 et
532 480 747 514 adiacentibus
773 480 800 513 ei
823 480 932 513 insulis
956 479 1104 513 constitu-

366 538 426 574 tos,
445 534 620 578 apostolica
644 534 829 567 auctoritate
851 539 981 578 paterne
1006 533 1107 565 enixe-

366 597 428 631 que
453 587 655 631 requirimus,
672 598 848 628 monemus,
865 593 895 620 et
920 588 949 620 in
974 587 1106 620 Domino

365 639 573 673 adhortamur
596 640 634 673 ad
659 641 858 685 infrascripta
881 641 991 674 devote
1017 650 1106 683 pera-

366 693 504 736 gendum
520 699 549 726 et
561 694 807 738 adimplendum,
824 699 853 727 ct
873 694 912 726 ad
928 694 1026 727 Deum
1045 693 1107 726 Sal-

367 752 505 780 vatorem
520 754 664 781 nostrum
681 749 847 789 orandum,
865 754 899 781 ut
915 759 971 792 per
988 748 1106 781 viscera

367 801 602 835 misericordiae
619 813 693 835 suae
713 802 808 835 sidem
834 802 1020 835 catholicam
1038 812 1108 845 pro-

364 858 491 898 tegere,
516 855 555 889 ab
580 855 718 889 hostium
744 856 908 889 conatibus
932 861 962 888 et
987 855 1108 888 insidiis

366 907 542 951 defendere,
557 909 713 942 haeresim
727 910 896 953 extirpare,
910 908 1108 952 principibus

367 961 545 996 christianis
572 974 682 1008 pacem
711 967 740 998 et
764 973 870 996 veram
900 962 1107 1006 tranquillita-

367 1020 430 1048 tem
455 1015 573 1050 donare
588 1043 595 1057 ,
619 1027 655 1049 ac
684 1016 854 1060 praecipue
888 1015 1108 1060 praesentibus

367 1067 524 1102 Ecclesiae
549 1069 788 1102 necessitatibus
812 1068 980 1102 subvenire
1003 1068 1109 1111 digne-

367 1127 428 1155 tur.
446 1123 509 1156 Nos
526 1123 621 1163 enim,
639 1122 677 1155 de
698 1122 927 1167 omnipotentis
944 1122 998 1155 Dei
1020 1122 1109 1156 mise-

367 1174 476 1208 cordia
493 1181 523 1208 et
543 1175 708 1209 beatorum
728 1175 809 1208 Petri
830 1181 860 1208 et
886 1175 970 1208 Pauli
989 1181 1110 1219 aposto-

367 1228 471 1262 lorum
496 1229 563 1262 eius
587 1229 772 1262 auctoritate
797 1229 917 1269 conlisi,
945 1239 981 1262 ex
1007 1229 1059 1261 illa
1077 1229 1110 1261 li-

367 1281 462 1324 gandi
479 1287 571 1326 atque
583 1282 722 1315 solvendi
738 1287 891 1326 potestate
905 1292 998 1325 quam
1019 1282 1110 1315 nobis

367 1334 519 1368 Dominus
548 1336 670 1369 meritis
703 1335 832 1368 minime
864 1335 1110 1378 suffragantibus

369 1389 517 1430 contulit,
537 1389 692 1422 universis
709 1394 739 1422 et
765 1389 896 1432 singulis
921 1389 1110 1422 christifide-

369 1441 451 1475 libus
468 1442 499 1475 in
523 1442 604 1475 alma
621 1442 703 1476 Urbe
729 1442 889 1486 praedicta
914 1442 1110 1485 degentibus,

369 1495 422 1538 qui
438 1494 467 1528 S.
484 1495 607 1529 loannis
624 1495 851 1537 Latet-anensis,
866 1495 1019 1539 Principis
1039 1506 1112 1539 apo-

369 1548 535 1589 stolorum,
556 1549 586 1582 S.
604 1549 717 1582 Mariae
742 1549 868 1582 Maioris
885 1554 915 1582 et
934 1549 1010 1581 alias
1033 1549 1112 1582 eius-

369 1601 441 1635 dem
460 1601 552 1635 L’rbis
570 1602 717 1636 ecelesias
743 1613 798 1635 seu
822 1602 979 1688 basitffas,
996 1602 1027 1634 in
1044 1602 1113 1646 qui-

369 1655 446 1696 hus,
471 1655 555 1689 iuxta
585 1656 840 1689 distributionem
865 1666 883 1688 a
929 1655 1021 1689 ilecto
1046 1656 1111 1689 tilio

369 1714 478 1743 nostro
499 1709 530 1742 in
548 1709 632 1742 Urbe
655 1709 815 1753 praedicta
839 1709 871 1742 in
895 1709 1112 1753 spiritualibus

370 1762 548 1806 provicario
572 1763 710 1806 generali
736 1763 926 1803 faciendam,
946 1762 1108 1796 sanctissi-

372 1826 458 1848 mum
483 1815 698 1849 Eucharistiae
729 1821 960 1849 sacramentum
987 1815 1112 1860 publice

372 1873 556 1912 exponetur,
573 1869 621 1901 vel
641 1869 844 1902 ecclesiarum
870 1868 1050 1902 huiusmodi
1070 1869 1112 1901 al-

374 1928 472 1954 teram
499 1922 598 1965 spatio
623 1921 758 1955 duorum
784 1922 938 1955 mensium
960 1932 977 1954 a
997 1922 1046 1954 die
1063 1921 1113 1954 da-

372 1980 421 2008 tae
451 1975 664 2018 praesentium
697 1975 982 2019 computandorum
1014 1976 1111 2007 semel

373 2028 484 2061 saltem
520 2028 730 2069 visitaverint,
756 2028 860 2072 ibique
893 2038 951 2072 per
985 2028 1111 2071 aliquod

374 2082 526 2126 temporis
550 2082 685 2126 spatium
705 2081 827 2122 devote,
843 2087 877 2114 ut
893 2091 999 2124 supra,
1015 2081 1111 2114 Deum

373 2136 542 2177 oraverint,
555 2147 590 2169 ac
604 2142 732 2180 peecata
745 2146 800 2169 sua
813 2135 945 2169 confessi
960 2135 1114 2168 sanctissi-

374 2200 461 2223 mum
478 2189 693 2224 Eucharistiae
710 2194 940 2222 sacramentum
960 2198 1109 2221 reveren-

375 2247 422 2278 ter
441 2243 652 2287 sumpserint,
670 2243 783 2276 ceteris
801 2253 874 2276 vcro
891 2247 980 2275 extra
997 2241 1111 2274 [rbem

376 2296 569 2340 praedictam
595 2296 624 2329 in
650 2296 773 2340 reliqua
799 2295 886 2329 ltalia
911 2295 955 2328 et'
974 2295 1114 2328 adiacen-

376 2349 458 2384 tibus
482 2350 510 2383 ei
535 2350 643 2383 insulis
667 2349 862 2393 degentibus,
888 2348 940 2392 qui
966 2348 1113 2382 ecclesias

375 2404 414 2436 ab
427 2403 601 2437 Ordinariis
615 2404 770 2443 locorum,
785 2403 831 2436 vcl
848 2413 958 2436 eorum
980 2402 1112 2444 vicariis,

376 2468 431 2490 seu
447 2458 644 2498 officialibus,
658 2463 711 2490 aut
723 2457 762 2490 de
776 2467 886 2490 eorum
904 2456 1058 2498 mandato,
1073 2462 1113 2497 ct,
1130 2489 1131 2495 ,

377 2510 451 2555 ipsis
468 2510 696 2551 deficientibus,
714 2521 770 2555 per
794 2520 848 2544 eos
872 2510 924 2554 qui
946 2509 987 2543 ibi
1005 2520 1113 2543 curam

415 2628 423 2654 l
443 2626 582 2655 Coniunct.
599 2630 626 2655 et
641 2635 689 2655 uos
704 2626 826 2655 addimus
841 2627 879 2661 (a.
895 2626 943 2661 τ.).

1139 266 1316 298 animarum
1341 267 1496 305 exercent,
1513 266 1680 306 postquam
1705 260 1742 294 ad
1767 271 1880 294 eorum

1141 319 1281 351 notitiam
1307 318 1364 351 hae
1381 322 1506 350 nostrae
1523 316 1646 350 litterae
1670 313 1879 360 pervenerint,

1140 371 1359 414 designandas,
1380 371 1410 403 in
1435 370 1548 414 quibus
1574 369 1692 413 pariter
1723 366 1882 401 sanctissi-

1140 436 1226 458 mum
1252 424 1465 458 Eucharistiae
1490 427 1721 456 sacramentum
1747 430 1882 465 expone-

1142 484 1211 518 tur,
1239 478 1287 510 vcl
1311 478 1514 510 ecclesiarum
1546 475 1725 509 huiusmodi
1750 475 1881 507 alteram

1141 531 1241 574 spatio
1266 530 1444 573 quindecim
1471 530 1594 562 dicrum
1620 539 1638 562 a
1668 526 1881 572 publicatione

1141 584 1366 627 designationis
1390 595 1447 628 per
1471 583 1672 622 ordinm-ios,
1698 582 1746 615 vel
1770 590 1881 614 eorum

1143 637 1287 677 vicarios,
1312 648 1366 671 seu
1391 638 1549 677 otlicialcs,
1576 642 1606 669 et
1629 637 1707 669 alios
1731 639 1765 668 ut
1789 643 1881 678 prae-

1143 691 1242 724 fertur
1273 691 1432 724 faciendae
1460 689 1745 734 computandorum
1771 688 1881 720 saltem

1142 746 1237 778 semel
1263 745 1464 784 visitaverint,
1482 744 1588 787 ibique
1606 749 1639 776 ut
1656 752 1752 786 supra
1777 751 1883 775 orave-

1143 799 1225 840 rint,
1250 800 1431 843 pariterque
1460 802 1586 842 peecata
1610 808 1665 830 sua
1689 795 1822 830 confessi
1846 805 1883 828 ac

1143 853 1338 886 sanctissima
1364 852 1591 886 Communione
1617 850 1723 884 resecti
1747 849 1881 889 fuerim,

1143 906 1357 950 plenissimam
1372 907 1512 940 omnium
1531 911 1731 950 pcccatorum
1752 913 1883 937 suorum

1143 959 1369 1002 indulgentiam
1385 965 1414 992 et
1428 959 1647 992 remissionem
1662 958 1742 991 sicut
1757 958 1787 989 in
1801 966 1882 990 anno

1143 1013 1269 1046 iubilaei
1295 1013 1491 1045 visitantibus
1508 1018 1608 1045 certas
1630 1011 1778 1045 ecclesias
1803 1010 1884 1042 intra

1143 1071 1173 1099 et
1196 1071 1283 1099 extra
1302 1066 1415 1099 Urbem
1436 1066 1564 1099 concedi
1587 1065 1757 1106 consuevit,
1775 1070 1884 1098 tenore

1143 1119 1365 1164 praesentium,
1391 1119 1594 1153 concedimus
1619 1122 1648 1152 ct
1671 1118 1853 1160 elargimur.

1188 1173 1203 1217 ξ
1226 1173 1255 1206 ⁶2.
1281 1173 1468 1216 Navigantes
1500 1183 1574 1205 vero
1599 1177 1629 1205 et
1652 1172 1712 1205 iter
1735 1176 1884 1214 agentes,
1927 1180 2085 1209 {mpeditiquid

1144 1232 1187 1267 ut,
1204 1237 1274 1260 cum
1292 1227 1430 1270 primum
1448 1226 1486 1259 ad
1505 1236 1560 1258 sua
1578 1236 1644 1258 sese
1663 1224 1823 1258 domicilia
1841 1234 1886 1256 re·
1900 1208 2086 1256 BZ?.?‚}'33⁰....1“0⁰13

1144 1280 1294 1324 ceperint,
1312 1280 1536 1323 suprascriptis
1561 1278 1695 1323 peractis
1712 1283 1742 1311 et
1763 1278 1885 1310 visitata
1901 1265 2085 1315 ffliiiiiiiinfww’

1145 1334 1276 1367 ecclesia
1301 1333 1484 1373 cathedrali,
1505 1333 1551 1366 vel
1578 1333 1696 1365 maiore
1721 1337 1773 1364 aut
1792 1342 1886 1375 paro-

1145 1387 1238 1421 chiali
1263 1387 1323 1420 loci
1339 1386 1480 1420 eiusdem
1499 1386 1661 1425 domicilii,
1679 1385 1820 1418 eamdem
1839 1385 1886 1417 in-

1145 1441 1337 1484 dulgentiam
1373 1440 1522 1485 consequi
1547 1439 1669 1484 possint
1692 1443 1722 1472 et
1747 1438 1886 1478 valeant;

1146 1493 1347 1537 regularibus
1371 1499 1474 1526 autem
1498 1491 1642 1536 personis
1659 1491 1824 1535 utriusque
1843 1501 1887 1524 se-

1146 1559 1211 1589 xus,
1233 1548 1326 1581 etiam
1352 1548 1382 1580 in
1407 1547 1552 1581 claustris
1576 1550 1729 1590 perpetuo
1750 1544 1889 1588 degenti-

1146 1602 1214 1643 bus,
1239 1611 1361 1635 necnon
1386 1601 1454 1634 aliis
1479 1600 1731 1644 quibuscumque
1756 1603 1818 1630 tam
1836 1597 1889 1630 tai-

1146 1655 1190 1688 cis
1211 1666 1304 1698 quam
1330 1654 1487 1697 religiosis
1512 1653 1706 1687 secularibus
1726 1652 1774 1685 vel
1798 1661 1888 1694 regu-

1147 1708 1276 1748 laribus,
1302 1708 1394 1741 etiam
1421 1708 1451 1740 in
1476 1717 1612 1747 carcere,
1634 1711 1686 1739 aut
1711 1705 1887 1749 captivitate

1146 1761 1361 1801 existentibus,
1386 1761 1435 1793 vel
1460 1760 1564 1804 aliqua
1587 1759 1730 1803 corporis
1754 1757 1888 1791 infirmi-

1148 1820 1229 1855 tate,
1255 1826 1310 1848 seu
1335 1815 1396 1847 alio
1428 1824 1630 1858 quocumque
1662 1811 1888 1856 impedimento

1147 1868 1290 1909 detentis,
1308 1868 1361 1912 qui
1386 1878 1483 1911 supra
1507 1876 1664 1910 expressa,
1692 1865 1813 1898 scilicet
1836 1875 1887 1898 ec-

1147 1922 1259 1955 clesiae
1289 1932 1345 1954 seu
1373 1921 1578 1954 ecclesiarum
1604 1919 1833 1959 visitationem,
1858 1922 1889 1950 et

1147 1975 1332 2015 orationem,
1346 1975 1393 2007 vel
1412 1984 1522 2007 corum
1540 1973 1644 2016 aliqua
1662 1977 1821 2016 praestare
1838 1981 1889 2004 ne-

1147 2028 1325 2071 quiverint,
1346 2033 1379 2060 ut
1404 2027 1456 2060 illa
1481 2026 1706 2065 confessarius,
1732 2025 1826 2057 etiam
1851 2034 1889 2058 ex

1130 2093 1131 2098 ¹
1147 2082 1222 2114 alias
1239 2081 1420 2125 approbatis
1433 2081 1472 2113 ab
1487 2079 1660 2113 Ordinariis
1676 2079 1829 2119 locorum,
1843 2079 1888 2112 eis

1148 2134 1179 2166 in
1203 2134 1263 2166 alia
1287 2134 1411 2177 pictatis
1436 2144 1533 2176 opera
1561 2138 1756 2166 commutare
1780 2132 1828 2164 vel
1857 2132 1889 2164 in

1148 2187 1231 2221 aliud
1248 2188 1427 2232 proximum
1447 2193 1571 2230 tempus
1588 2196 1762 2230 prorogare
1779 2185 1886 2229 possit,

1130 2252 1245 2286 ¹eaque
1266 2241 1430 2284 iniungere
1455 2251 1534 2284 quae
1555 2240 1612 2283 ipsi
1633 2240 1828 2283 poenitentes
1849 2239 1889 2272 es-

1147 2296 1242 2328 ticere
1267 2299 1426 2339 poterunt,
1443 2293 1560 2337 pariter
1577 2292 1779 2326 concedimus
1799 2298 1829 2326 et
1846 2292 1888 2325 in-

1147 2349 1322 2391 dulgemus.

1192 2402 1207 2445 ξ
1230 2401 1260 2434 3.
1286 2401 1417 2445 Insuper
1442 2400 1589 2434 omnibus
1605 2404 1636 2432 et
1655 2398 1787 2442 singulis
1803 2399 1888 2432 chri·
1930 2405 2033 2428 tudunum
2051 2406 2088 2428 ett-

1148 2455 1334 2490 stisidelibus
1365 2455 1529 2499 utriusque
1559 2464 1672 2495 sexus,
1704 2459 1767 2485 tam
1801 2453 1888 2486 laicis
1904 2433 2088 2485 §fuiiifciiiniiiaffi

1372 2509 1377 2514 .
1433 2509 1437 2514 .
1463 2508 1468 2514 .
1648 2506 1653 2512 .
1903 2487 1973 2507 nullae
1998 2486 2088 2507 faculta-

1147 2521 1242 2554 quam
1268 2509 1498 2548 ecclesiasticis,
1522 2506 1717 2540 secularibus
1741 2512 1772 2540 et
1796 2517 1888 2550 regu·
1903 2516 1937 2560 πὶ
1967 2513 2088 2535 concedun-

1148 2562 1266 2596 laribus
1290 2562 1517 2605 cuiuscumque
1540 2559 1680 2599 Ordinis,
1706 2570 1883 2603 congrega·
1939 2556 1944 2561 “

1149 2616 1241 2650 tionis
1260 2621 1290 2649 et
1311 2615 1441 2649 instituti
1460 2615 1489 2647 in
1508 2614 1590 2648 Urbe
1608 2612 1769 2657 praedicta
1788 2623 1823 2647 ac
1843 2623 1889 2647 rc-
