2226 3235
119 231 168 258 An.
189 230 218 258 C.
235 230 304 258 ¹630

155 1359 300 1383 eonfinnatur.

933 229 1075 254 Unaauus

317 287 375 311 nec
399 277 526 321 passive
548 277 677 321 incapax
703 277 742 310 ad
770 277 995 322 quodcumque
1031 289 1075 310 ι’-Ἰ

317 331 443 374 lig-ionis
466 325 616 364 officium.
642 332 674 364 V.
700 331 831 376 Insuper
855 332 886 364 in
904 332 970 375 ipsa
988 342 1059 365 eon-

317 384 426 418 cordia
450 384 641 426 declaretur,
667 385 751 428 quod
775 395 792 418 a
818 384 1002 429 provinciali
1028 389 1058 417 et

317 436 507 477 definiret-io,
524 447 586 470 nou
601 437 703 470 solum
723 437 825 471 dictus
843 437 1056 481 llonuplirius,

316 501 428 524 verum
444 491 537 524 etiam
556 501 666 524 omnes
685 491 727 523 illi
749 497 865 535 patres,
889 491 943 535 qui
969 500 1057 523 man-

317 543 423 577 datum
443 544 677 588 procurationis
697 544 838 577 dederint
857 545 894 578 ad
912 545 1056 577 ell'ectum

317 604 518 641 praetensum
532 599 739 632 revocationis
749 599 919 643 supradicti
929 597 1057 637 decreti,

319 662 374 684 seu
387 662 659 696 quarumcumque
679 653 854 686 litterarum
872 651 1058 696 apostolica-

317 715 398 747 rum,
425 705 532 749 affligi,
557 707 728 748 molestari,
753 717 807 739 seu
829 706 933 749 aliqua
958 706 1057 748 poena

317 759 398 792 affici
421 766 588 803 nequeant.
616 760 662 793 Vl.
688 760 827 803 Denique
847 759 927 793 inter
951 763 1057 802 partes

317 813 543 847 concordantes
557 814 734 847 declaretur
747 813 851 853 etiam,
868 811 951 856 quod
968 822 1057 855 prae-

317 865 399 898 dicta
423 867 590 901 transactio
608 878 662 900 seu
679 865 847 900 concordia
869 865 989 898 nullum
1006 864 1059 897 ha-

316 919 387 952 beat
412 920 570 964 vigorem,
588 931 752 965 quousque
777 920 902 953 tandem
927 918 966 952 ab
991 918 1057 962 ipsa

317 975 406 1006 sacra
449 974 643 1017 regularium
685 973 929 1017 congregatione
965 971 1058 1005 suerit

317 1026 512 1067 confirmata,
537 1032 567 1060 et
590 1031 660 1061 ante
684 1026 866 1060 huiusmodi
892 1025 1058 1059 confirma-

317 1079 434 1113 tionem
459 1081 490 1113 in
514 1081 658 1124 partibus
681 1086 849 1124 acceptata:
869 1080 983 1124 quibus
1004 1091 1059 1124 po-

317 1133 394 1174 sitis,
419 1134 596 1177 praedictus
618 1134 715 1167 frater
739 1134 943 1177 Ilonuphrius
968 1144 984 1166 a
1009 1133 1058 1166 dic

317 1187 407 1220 datae
420 1187 668 1221 confirmationis
683 1188 868 1222 concordiae
887 1188 967 1220 infra
980 1188 1059 1221 duos

317 1250 441 1273 menses
465 1241 502 1273 ad
527 1251 615 1274 suam
649 1247 793 1274 teneatur
818 1252 960 1274 remeare
984 1252 1058 1285 pro-

317 1293 450 1327 vinciam
476 1306 508 1327 n:
1075 1299 1077 1312 ¹

362 1347 377 1390 ξ
394 1346 423 1379 8.
441 1348 514 1388 Nos,
541 1347 712 1381 inviolabili
730 1347 917 1381 concordiae
935 1351 962 1381 ct
982 1351 1060 1381 tran-
1076 1363 1077 1383 ι

319 1400 466 1434 sactionis
480 1401 662 1434 huiusmodi
677 1401 896 1433 subsistentiae
910 1404 939 1434 et
952 1400 1058 1433 obser-

319 1454 444 1496 vationi,
466 1460 616 1498 quantum
635 1465 705 1487 cum
725 1455 857 1488 Domino
875 1465 1058 1498 possumus,

319 1508 493 1550 consulere,
511 1519 546 1541 ac
566 1508 713 1541 Ioannem
733 1507 902 1551 Baptistam
928 1511 956 1541 et
982 1507 1059 1540 alios

318 1561 478 1604 praefatos
501 1561 691 1604 specialibus
716 1561 875 1593 fitvoribus
896 1565 923 1593 et
950 1560 1077 1603 gratiis

317 1614 469 1658 prosequi
493 1614 652 1655 volentes,
685 1624 859 1656 eorumque
884 1598 1077 1655 singularesl

317 1677 470 1710 personas
495 1677 512 1699 a
536 1666 698 1710 quibusvis
715 1666 1058 1706 excoummuicationis,
1076 1704 1077 1707 Ἴ

317 1720 531 1764 suspensionis
544 1725 571 1753 et
585 1720 753 1761 interdicti,
767 1720 897 1764 aliisque
916 1721 1060 1753 ecclesia·
1075 1734 1076 1749 t

318 1774 404 1807 sticis
418 1775 588 1816 sententiis,
610 1774 752 1808 censuris
772 1779 802 1807 et
819 1774 937 1818 poenis,
957 1785 973 1807 a
990 1774 1058 1807 iure

318 1828 366 1860 vel
383 1827 421 1860 ab
437 1828 576 1869 homine,
593 1828 703 1872 quavis
721 1828 885 1861 occasione
904 1828 951 1860 vel
965 1829 1058 1860 causa
1075 1839 1076 1851 ¹

317 1881 408 1923 tatis,
433 1881 459 1914 si
482 1882 598 1925 quibus
622 1881 860 1924 quomodolibet
893 1881 1076 1914 innodatae*

317 1934 463 1975 existunt,
473 1934 511 1967 ad
521 1934 666 1968 effectum
677 1934 889 1978 praesentium
901 1934 1060 1968 dumtaxat
1075 1941 1077 1973 ’ς

318 1987 707 2031 consequendum,harum
722 1987 802 2020 serie
820 1987 1016 2020 absolventes
1031 1993 1060 2020 et
1076 1993 1077 2014 1

318 2041 475 2075 absolutas
496 2042 562 2074 sore
585 2047 758 2081 censentes,
778 2041 816 2073 de
833 2041 1059 2073 venerabilium
1076 2053 1077 2056 ¹

318 2095 450 2129 fratrum
473 2100 656 2128 nostrorum
685 2095 713 2127 S.
733 2095 766 2127 R.
794 2095 826 2127 Ε.
853 2095 1077 2127 cardinalium:

317 2149 451 2192 negotiis
470 2148 663 2192 regularium
686 2148 937 2192 praepositorum
963 2139 1078 2181 consi-s

318 2201 380 2243 lio,
405 2211 441 2234 ac
465 2201 580 2234 auditis
603 2201 864 2245 procuratoribus
897 2200 1059 2244 utriusque

316 2254 426 2298 partis,
450 2260 537 2287 motu
562 2255 692 2298 proprio
717 2260 800 2288 etex
820 2256 907 2287 certa
932 2253 1060 2287 scientia

317 2308 444 2349 nostris,
457 2308 657 2342 concordiam
673 2314 703 2342 et
719 2309 960 2341 transactionem
975 2318 1061 2351 prae-

316 2362 449 2395 insertas
472 2361 665 2404 huiusmodi,
691 2373 761 2396 cum
786 2362 932 2396 omnibus
961 2361 991 2393 in
1017 2361 1061 2394 eis

317 2414 470 2448 contentis
486 2415 709 2458 <superadditis
733 2420 838 2448 tamen
852 2415 882 2447 in
896 2415 1000 2458 primo
1014 2425 1061 2447 ca-

315 2469 390 2512 pite,
407 2469 477 2502 loco
491 2468 580 2501 verbi
595 2469 838 2509 comburantur,
857 2468 1060 2512 sequentibus

316 2522 429 2564 verbis,
447 2521 575 2561 scilicet,
588 2521 674 2565 quod
691 2522 770 2554 dicti
791 2532 956 2565 processus
977 2532 1060 2554 com-

317 2575 506 2619 burantur),
532 2575 704 2619 apostolica
728 2575 924 2616 auctoritate,
949 2580 1058 2608 tenore

315 2629 539 2675 praesentium,
552 2634 706 2674 perpetuo
720 2629 933 2673 approbamus
945 2634 976 2662 et
989 2639 1061 2662 con-

1100 229 1157 253 vm
1180 229 1229 253 PP.
1732 218 1791 252 431

1092 277 1271 319 tirmamns,
1297 276 1421 320 illisque
1446 281 1615 320 perpetuae
1640 280 1669 308 et
1694 276 1827 308 inviola-

1092 331 1163 363 bilis
1173 330 1362 374 apostolicae
1374 330 1530 363 firmitatis
1544 330 1643 363 robur
1657 329 1830 369 adiicimus,

1092 394 1262 427 omnesque
1287 389 1317 416 et
1341 384 1481 426 singulos
1496 411 1503 424 ,
1536 383 1628 416 ctiam
1662 392 1831 416 consensus

1092 438 1227 481 partium
1247 438 1490 482 praedictarum,
1507 448 1543 470 ac
1560 442 1621 470 tam
1640 436 1717 469 iuris
1734 446 1829 479 quam

1092 491 1174 532 sacti,
1195 497 1222 523 et
1257 492 1512 531 solemnitatum,
1538 502 1572 524 ac
1602 490 1729 535 quosvis
1753 490 1831 522 alios

1092 543 1183 576 etiam
1199 544 1418 577 substantiales
1431 545 1580 585 desectus,
1595 544 1618 576 si
1633 544 1685 588 qui
1700 544 1730 576 in
1746 553 1833 587 prae-

1092 597 1195 630 missis
1225 603 1275 630 aut
1313 609 1423 630 eorum
1460 598 1564 642 aliquo
1596 596 1829 641 quomodolibet

1092 651 1327 692 intervenerint,
1342 657 1393 684 aut
1408 651 1610 684 intervenisse
1623 651 1683 684 dici
1702 651 1748 683 vel
1765 660 1833 683 cen-

1092 704 1154 737 seri
1178 711 1318 749 possent,
1345 706 1545 750 supplemus,
1570 716 1717 739 sanamus
1734 710 1763 737 et
1781 704 1833 737 ab-

1091 768 1263 800 rogamus;
1299 769 1421 791 necnon
1457 759 1603 792 omnibus
1637 764 1666 791 ct
1702 757 1833 800 singulis

1091 811 1242 844 fratribus
1259 812 1458 846 Discalceatis
1475 813 1632 856 praefatis,
1656 812 1834 845 cuiuscum-

1091 875 1152 908 que
1169 865 1358 898 conditionis
1384 876 1439 898 seu
1463 865 1579 908 gradus
1600 865 1740 907 existant,
1762 875 1834 908 per-

1091 923 1219 961 petuum
1239 929 1333 962 super
1349 919 1532 962 praemissis
1549 919 1708 951 silentium
1733 918 1834 961 impo-

1091 971 1206 1012 nimus,
1231 972 1412 1016 eisdemque
1440 973 1496 1005 sub
1521 977 1690 1016 praecepto
1711 976 1833 1004 sanctae

1092 1025 1296 1068 obedientiae,
1323 1031 1352 1059 et
1372 1026 1430 1058 sub
1448 1025 1782 1059 excoumiunicationis
1799 1035 1834 1057 ac

1091 1078 1275 1122 privationis
1300 1079 1384 1111 vocis
1409 1079 1527 1112 activae
1548 1083 1575 1112 et
1592 1078 1743 1122 passivae,
1760 1088 1833 1110 nec-

1091 1141 1155 1164 non
1175 1142 1448 1176 quorumcumspte
1464 1132 1640 1165 officiorum
1658 1142 1737 1175 quae
1758 1130 1834 1163 obti-

1092 1189 1177 1225 nent,
1202 1195 1237 1217 ac
1262 1190 1435 1228 perpetuae
1453 1184 1655 1217 inhabilitatis
1672 1184 1710 1216 ad
1727 1184 1787 1216 alia
1804 1184 1835 1216 in

1092 1243 1252 1281 posterum
1279 1238 1468 1278 obtinenda,
1493 1238 1601 1282 poenis
1628 1248 1665 1271 eo
1696 1238 1763 1281 ipso
1788 1238 1835 1269 in-

1093 1291 1267 1330 currendis,
1279 1291 1482 1333 iniungimus,
1501 1302 1538 1324 ne
1556 1291 1593 1323 de
1611 1296 1715 1323 cetero
1735 1290 1835 1323 dictae

1094 1344 1274 1387 provinciae
1287 1344 1400 1377 fratres
1411 1344 1593 1377 huiusmodi
1614 1344 1682 1376 lites
1697 1354 1752 1376 seu
1766 1354 1836 1377 cou-

1095 1398 1280 1437 troversias,
1305 1397 1413 1440 quavis
1446 1398 1621 1437 occasione,
1654 1399 1747 1430 causa
1780 1407 1835 1430 seu

1093 1455 1266 1494 praetextu,
1280 1450 1397 1483 directe
1422 1451 1469 1483 vel
1491 1450 1652 1492 indirecte,
1668 1461 1724 1494 per
1738 1461 1770 1483 se
1787 1451 1834 1483 vel

1093 1504 1181 1543 alios,
1198 1514 1324 1536 movere
1342 1504 1389 1536 vel
1408 1504 1556 1548 prosequi
1569 1504 1698 1548 possint,
1715 1514 1772 1537 nec
1793 1504 1836 1536 in-

1093 1563 1140 1589 ter
1158 1567 1189 1589 se
1203 1557 1371 1589 molestare
1386 1568 1440 1590 seu
1455 1557 1614 1590 molestari
1632 1558 1734 1590 facere
1759 1567 1835 1600 quo-

1093 1610 1264 1643 modolibet
1283 1610 1415 1644 audeant
1433 1622 1486 1643 seu
1505 1616 1715 1654 praesumant.

1136 1664 1151 1706 ξ
1175 1663 1204 1695 a.
1231 1664 1440 1696 Decernentes
1465 1664 1665 1697 concordiam
1691 1668 1719 1696 et
1748 1668 1834 1696 tran-

1093 1717 1263 1749 sactionem
1289 1716 1476 1760 praedictas,
1495 1722 1739 1760 praesentesque
1758 1716 1836 1749 litte-

1093 1781 1153 1811 ras,
1167 1781 1238 1803 cum
1258 1771 1404 1803 omnibus
1423 1770 1453 1802 in
1468 1771 1511 1803 cis
1529 1771 1691 1813 contentis,
1709 1781 1835 1814 semper

1093 1830 1123 1857 et
1147 1829 1301 1867 perpetuo
1326 1824 1463 1866 validas,
1495 1825 1603 1856 lirmas
1633 1830 1663 1856 ct
1694 1825 1835 1857 efficaces

1093 1877 1226 1910 existere
1251 1882 1281 1909 et.
1305 1878 1382 1918 sore,
1407 1888 1543 1921 suosque
1567 1878 1726 1922 plenarios
1747 1883 1775 1910 et
1794 1879 1836 1910 in-

1094 1937 1199 1974 tegros
1220 1931 1349 1964 effectus
1375 1931 1481 1964 sortiri
1499 1937 1528 1963 et
1545 1932 1696 1972 obtinere,
1717 1942 1752 1964 ac
1770 1942 1835 1964 om-

1093 1987 1185 2019 nibus
1211 1992 1238 2019 et
1266 1985 1398 2028 singulis
1420 1985 1570 2018 fratribus
1588 1985 1767 2028 praedictis,
1788 1995 1835 2018 ce-

1094 2041 1231 2084 terisque
1254 2040 1291 2072 ad
1317 2049 1395 2083 quos
1419 2042 1537 2082 spectat
1566 2044 1595 2071 et
1628 2039 1658 2071 in
1692 2039 1833 2071 futurum

1093 2104 1152 2137 pro
1176 2099 1320 2137 tempore
1334 2092 1583 2136 quomodolibet
1603 2093 1766 2136 spectabit,
1784 2092 1836 2125 fn·-

1094 2148 1187 2180 miter
1211 2151 1240 2181 ct
1264 2146 1486 2179 inviolabiliter
1510 2146 1542 2178 in
1566 2147 1712 2180 omnibus
1733 2150 1761 2180 el
1778 2156 1835 2190 per

1094 2201 1199 2234 onmia
1224 2199 1384 2233 observari
1405 2205 1435 2232 et
1454 2199 1619 2243 adimpleri
1638 2199 1762 2239 debere,
1777 2209 1834 2231 nec

1094 2255 1132 2287 ab
1163 2254 1223 2287 illis
1255 2254 1321 2286 ullo
1356 2263 1504 2296 umquam
1540 2258 1683 2296 tempore
1719 2252 1833 2284 resiliri

1094 2318 1195 2351 posse;
1221 2307 1327 2350 sicque
1352 2306 1390 2338 ab
1411 2306 1557 2339 omnibus
1582 2305 1712 2346 censeri,
1739 2309 1769 2336 et
1792 2304 1834 2337 ila

1094 2371 1150 2404 per
1174 2370 1389 2403 quoscumque
1410 2359 1529 2391 iudices
1543 2358 1719 2391 ordinarios
1737 2362 1766 2389 et
1783 2357 1835 2389 de-

1094 2415 1223 2456 legatos,
1238 2413 1331 2445 etiam
1346 2423 1513 2445 causarum
1537 2411 1641 2455 palatii
1668 2411 1833 2454 apostolici

1093 2467 1261 2506 auditores,
1287 2477 1322 2499 ac
1346 2471 1469 2499 sanctae
1494 2466 1653 2498 Romanae
1677 2464 1833 2497 Ecclesiae

1093 2521 1287 2560 cardinales,
1311 2520 1404 2552 etiam
1437 2519 1475 2552 de
1504 2519 1601 2551 latere
1624 2519 1765 2560 legatos,
1797 2528 1832 2550 ac

1092 2574 1179 2607 Sedis
1204 2573 1400 2616 Apostolicae
1419 2572 1561 2613 nuncios,
1575 2571 1605 2603 in
1616 2571 1724 2614 quavis
1738 2573 1832 2604 causa

1093 2633 1121 2661 et
1146 2626 1292 2660 instantia
1316 2625 1447 2659 iudicari
1469 2631 1498 2658 et
1514 2625 1636 2657 definiri
1655 2624 1779 2665 debere,
1796 2635 1831 2657 ac

1843 228 1892 256 An.
1913 228 1942 256 C.
1961 228 2029 255 1630

1863 1698 1866 1701 Ι
1884 1671 1993 1692 Decretum
2009 1672 2034 1692 ir-

1851 1700 1925 1721 ulans.
