2248 3229
100 251 150 278 An.
165 250 194 279 C.
215 249 288 278 1637

127 1327 249 1349 horarum.

122 1855 218 1877 Nonnulli
229 1862 285 1877 men-

101 1885 140 1902 tito
149 1884 233 1904 nomino
247 1890 284 1904 seu

100 1911 223 1934 cognomino
258 1911 285 1930 ait

100 1936 206 1956 secundas
248 1943 284 1957 nu·

100 1965 154 1988 pua:
169 1966 285 1986 trameant.

101 1991 184 2010 vivente
216 1996 283 2016 pruna

100 2020 173 2037 uxore.

113 2174 143 2195 Ad
157 2175 212 2201 quod
225 2181 285 2196 nesin-

99 2200 170 2222 :tatum
218 2204 284 2227 maun

100 2229 214 2249 arcendum
232 2231 284 2250 tui„-

100 2255 157 2276 tisex.
168 2255 222 2276 uum
234 2257 284 2276 suti-

100 2283 133 2301 'fl-
154 2287 244 2308 pum-nat,

100 2308 149 2328 itam
173 2310 199 2329 aui
223 2311 285 2329 trin·-

100 2340 150 2356 ηιει.
167 2335 284 2361 fustinum.

100 2366 147 2381 nem
180 2365 202 2382 et
231 2363 284 2383 alm·

100 2392 179 2414 poenas
190 2388 284 2411 damnari

913 248 1055 274 I'nmxrs
1080 249 1109 272 Vl
1117 249 1135 272 tl
1160 249 1206 272 PP.

297 298 390 331 etiam
422 297 616 337 iuramento,
645 297 883 331 confirmatione
913 303 1038 341 aposto-

298 352 375 392 liea,
401 352 447 384 vel
472 352 581 395 quavis
606 351 753 384 tirmitate
779 351 838 384 alia
865 350 1038 391 roboratis,

298 405 421 438 statutis
455 410 484 440 ct
520 405 799 439 consuetudinibus
819 431 826 444 ‚
864 404 1039 447 ceterisque

299 458 454 499 omnibus,
472 469 551 503 quac
567 458 668 492 dietus
686 459 757 492 Pius
775 459 797 491 t·
816 457 1040 502 praedecessor

298 518 406 546 noster
442 513 472 545 in
503 512 671 557 praedictis
702 512 765 546 suis
799 512 911 545 litteris
944 510 1040 544 voluit

298 576 360 599 non
385 566 531 606 obstare,
556 576 591 600 ac
621 566 689 599 aliis
719 565 887 600 contrariis
916 564 1040 609 quibus-

299 629 443 662 eumque.

342 673 452 706 Datum
479 673 606 716 Romae,
632 673 714 717 apud
738 673 766 707 S.
795 673 922 707 Mariam
946 670 1041 705 Maio-

298 736 375 768 rem,
394 726 452 759 sub
472 727 588 760 annulo
610 727 788 769 Piscatoris,
813 727 862 760 die
887 736 938 760 x1x
964 725 1039 759 iunii

299 788 482 822 nncxxxrn,
497 780 698 824 pontificatus
712 781 811 814 nostri
824 790 906 814 anno
920 789 983 813 xiv.

334 841 392 870 Dat.
407 842 451 871 die
470 844 500 871 19
515 843 580 871 iunii
600 843 676 878 1637,
692 843 789 880 pontit.
807 851 877 871 anno
892 849 948 870 xix.

600 959 727 993 DLxxt.

301 1031 419 1065 Contra
441 1041 492 1065 eos
508 1030 579 1074 qui,
606 1030 741 1063 mentito
765 1029 895 1062 nomine
922 1028 972 1062 vel
992 1038 1041 1062 co-

342 1084 505 1127 gmomine,
523 1083 631 1117 adhuc
642 1084 754 1127 prime
778 1093 879 1116 vixere
901 1083 1038 1123 virente,

342 1136 386 1169 ad
408 1135 564 1170 secundas
589 1137 722 1180 nuptias
748 1134 948 1169 transetc·nl¹.

493 1207 630 1234 Urbanus
659 1206 738 1240 Papa
758 1206 844 1238 VIII,

421 1250 456 1277 ad
476 1253 653 1285 perpetuam
672 1251 716 1278 rei
739 1250 920 1278 memoriam.

344 1312 489 1356 Magnum
515 1313 546 1345 in
569 1312 692 1346 Christo
717 1316 746 1347 ct
767 1313 797 1345 in
816 1313 955 1346 Ecclesia
981 1324 1042 1346 ma-

301 1365 440 1399 trimonii
466 1371 708 1406 sacramentum,
734 1371 767 1399 ut
792 1366 871 1399 vitae
897 1372 943 1400 est
967 1366 1059 1410 Ιοὶςί-Ἰ

301 1420 375 1453 tima
389 1421 470 1454 inter
483 1420 586 1454 virum
601 1425 631 1455 et
648 1421 794 1454 feminam
816 1420 1041 1454 indissolubilis

300 1473 443 1516 societas,
472 1474 502 1507 in
520 1485 581 1519 qua
602 1485 638 1508 ex
662 1474 731 1518 pari
749 1485 905 1507 consensu
926 1479 1042 1508 semet-

300 1527 402 1570 ipsum
420 1527 499 1560 alter
516 1528 605 1562 alteri
625 1527 733 1568 debet,
757 1527 798 1560 ita
816 1528 976 1571 gravibus,
994 1528 1043 1561 de-

298 1580 434 1624 bitisque
459 1581 569 1625 poenis
599 1581 792 1625 corripiendi
824 1585 895 1616 sunt
923 1581 963 1623 ii,
989 1582 1059 1625 qui³

299 1634 517 1668 mandatorum
535 1634 658 1668 Domini
678 1635 891 1675 immemores,
908 1640 936 1668 et
957 1641 1042 1679 post-

299 1687 404 1721 habita
429 1688 577 1732 propriae
603 1688 712 1721 salutis
736 1688 867 1729 ratione,
885 1684 1060 1722 sacrosan-¹

300 1747 364 1774 etas
388 1740 569 1774 huiusmodi
584 1741 783 1774 'sacramenti
808 1741 893 1785 leges
926 1741 1042 1775 violare

299 1804 363 1828 non
389 1799 548 1828 verentur.

345 1848 360 1891 ἓ
384 1848 413 1881 1.
438 1848 514 1882 Cum
539 1848 653 1892 itaque,
671 1848 750 1882 sieut
766 1859 829 1882 non
847 1849 913 1882 sine
929 1850 1042 1892 magna

300 1900 396 1933 animi
425 1901 524 1934 nostri
554 1901 697 1935 molestia
727 1901 915 1946 accepimus,
941 1902 961 1934 ii
982 1902 1042 1934 ini-

300 1954 427 1998 quitatis
452 1954 508 1987 filii
533 1954 754 1999 reperiantur,
783 1955 837 1998 qui
868 1954 926 1988 sub
956 1965 1042 1988 men-

301 2008 356 2041 tito
372 2007 501 2042 nomine
524 2018 580 2041 seu
603 2007 790 2051 cognomine
812 2007 914 2042 adliue
939 2008 1060 2052 prima·

299 2071 398 2094 uxore
423 2061 544 2094 virente
569 2060 606 2094 ad
631 2060 783 2095 secundas
806 2061 933 2105 nuptias
959 2066 1042 2094 tran—

300 2111 363 2148 sire
387 2114 516 2148 audent:

344 2168 359 2212 S
378 2168 407 2201 ⁶2.
432 2168 504 2209 Nos,
521 2167 674 2202 nefariam
696 2167 918 2212 improborum
944 2168 1043 2202 liomi-

300 2232 374 2254 num
397 2221 578 2256 huiusmodi
607 2221 814 2255 temeritatem
838 2221 923 2254 iuxta
946 2221 1043 2255 credi-

264 2290 284 2302 n·
301 2281 365 2308 tum
390 2275 481 2309 nobis
505 2275 641 2320 desuper
669 2276 860 2319 apostolieae
884 2275 1042 2309 servitutis

300 2329 450 2371 osticium,
465 2335 615 2374 quantuni
630 2341 700 2363 cum
716 2329 848 2364 Domino
863 2340 1042 2374 possumus,

300 2382 473 2426 reprimere
510 2383 669 2425 volentes,
694 2383 800 2416 habita
829 2383 917 2428 prius
948 2394 1043 2428 super

339 2483 345 2507 t
370 2481 554 2507 anathematis
569 2489 682 2515 poenam
698 2480 865 2512 dicentibus,
882 2480 953 2516 quod
971 2480 1043 2507 cliri-

299 2526 393 2552 stianis
421 2526 514 2560 plui-es
542 2525 642 2552 habere
667 2533 766 2553 uxores
791 2525 891 2558 liceat,
917 2525 1043 2561 imposuit

299 2571 400 2598 Cuncti.
413 2571 534 2598 Trident.
554 2571 594 2597 De
609 2579 714 2598 sacros.
727 2572 873 2604 matrim„
887 2579 954 2598 δοες.
967 2578 1041 2605 xxiv,

299 2623 359 2641 can.
375 2614 400 2642 1³..
422 2615 553 2650 Idemque
578 2614 743 2650 prohibitum
765 2615 862 2642 asserit
880 2615 974 2643 innoc.
996 2615 1042 2650 lll,

303 2668 363 2695 cup.
383 2660 557 2695 Gaudemus,
574 2661 586 2694 g
603 2660 659 2687 Ncc
677 2660 739 2694 ulli,
759 2659 794 2687 Dc
811 2659 939 2687 divortiis.

1073 403 1244 436 christiana
1271 408 1379 436 eontra
1410 403 1600 435 haereticam
1628 401 1814 446 pravitatem

1073 457 1273 499 generalibus
1298 456 1536 500 inquisitoribus
1556 456 1594 488 ab
1618 455 1676 488 liae
1701 455 1815 489 Sancta

1073 509 1151 542 Sede
1177 509 1333 553 deputatis
1361 509 1585 543 deliberatione
1607 512 1740 549 matura,
1758 509 1815 542 liae

1074 564 1181 596 nostra
1198 568 1352 606 perpetuo
1373 563 1506 595 valitura
1524 559 1746 596 constitutione
1764 562 1816 595 de-

1056 604 1244 658 leci-nimus,
1262 622 1295 650 ut
1319 616 1497 650 huiusmodi
1523 617 1566 650 sie
1589 616 1816 661 delinquentes,

1056 670 1156 706 Iultra
1188 681 1305 715 poenas
1338 670 1452 714 quibus
1478 670 1536 714 ipsi
1568 669 1726 704 ordinarie
1751 681 1811 714 pum

1057 714 1134 757 'niri
1168 725 1289 765 solent,
1315 724 1504 758 damnentur
1535 723 1571 756 ad
1606 724 1750 758 triremes
1784 724 1813 757 in

1056 768 1279 823 {perpetuumz
1299 778 1382 822 quod
1400 779 1424 811 si
1443 777 1595 811 inhabiles
1621 778 1736 822 reperti
1754 778 1815 812 fue-

1056 828 1147 872 ²rint,
1167 831 1293 876 publice
1318 833 1507 876 fustigentur
1523 838 1553 866 et
1572 832 1761 866 damnentur
1776 832 1815 865 ad

1058 895 1219 919 ¹carceres
1244 886 1274 919 in
1299 891 1506 931 perpetuum;
1524 886 1548 919 si
1568 896 1641 919 vero
1665 897 1723 930 pro
1743 896 1816 930 qua-

1075 938 1170 981 litate,
1188 939 1374 973 enormitate
1391 939 1495 974 delicti
1518 938 1682 982 graviores
1699 948 1817 983 poenas

1075 992 1259 1033 meruerint,
1278 992 1370 1026 ctiam
1396 992 1501 1026 curiae
1526 992 1660 1026 seculari
1685 991 1817 1025 arbitrio

1075 1045 1259 1079 eorumdem
1284 1046 1441 1090 praefatae
1473 1045 1727 1089 congregationis
1752 1056 1817 1079 car-

1075 1098 1227 1132 dinalium
1245 1099 1395 1143 puniendi
1414 1099 1586 1133 tradantur.

1075 1271 1111 1293 ex
1130 1270 1177 1301 co,
1191 1260 1275 1304 quod
1293 1260 1486 1304 quicumque
1506 1259 1537 1292 in
1557 1259 1740 1304 praemissis
1761 1270 1817 1293 seu

1075 1324 1187 1347 eorum
1213 1314 1318 1358 aliquo
1340 1314 1489 1347 interesse
1515 1313 1677 1354 habentes,
1695 1324 1750 1346 seu
1767 1313 1818 1346 lia-

1075 1367 1150 1400 bere
1175 1367 1413 1410 quomodolibet
1437 1366 1694 1411 praetendentes,
1719 1366 1758 1399 ad
1782 1376 1818 1399 ea

1076 1420 1175 1454 vocati
1201 1426 1231 1454 et
1248 1420 1356 1462 auditi,
1371 1420 1538 1464 minusque
1559 1430 1671 1453 causae
1687 1424 1818 1464 propter

1076 1484 1152 1518 quas
1169 1474 1297 1507 eaedem
1315 1478 1497 1518 praesentes
1513 1473 1706 1515 emanarint,
1725 1473 1818 1506 addu-

1077 1531 1153 1568 ctae,
1170 1527 1359 1568 vei-ifieatae,
1376 1538 1432 1561 seu
1449 1527 1524 1560 alias
1544 1526 1746 1568 sufficienter,
1765 1532 1817 1560 aut

1076 1581 1169 1614 etiam
1187 1581 1366 1614 nullatenus
1386 1580 1569 1614 iustificatae
1590 1580 1714 1623 fuerint,
1731 1580 1818 1613 nullo

1058 1672 1059 1676 Ἰ
1077 1645 1215 1678 unquam
1241 1639 1382 1678 tempore
1401 1634 1440 1667 de
1461 1634 1674 1678 subreptionis
1697 1633 1742 1666 vel
1766 1633 1818 1667 ob-

1058 1677 1243 1731 '1·epuonis,
1264 1698 1319 1721 seu
1343 1686 1504 1728 nutamus,
1522 1692 1575 1719 aut
1599 1685 1816 1720 invaliditatis¹

1076 1740 1160 1781 vitio,
1178 1751 1234 1773 seu
1252 1740 1432 1774 intentionis
1449 1745 1584 1781 nostrae,
1598 1744 1651 1772 aut
1667 1739 1727 1773 alio
1745 1751 1819 1784 quo-

1076 1793 1121 1826 vis
1139 1793 1262 1827 defectu
1288 1793 1402 1835 notari,
1428 1793 1619 1838 impugnari,
1643 1793 1817 1834 invalidari,

1075 1848 1250 1889 retraetari,
1270 1849 1302 1882 in
1331 1848 1378 1881 ius
1397 1849 1443 1882 vel
1461 1847 1711 1882 controversiam
1728 1858 1817 1882 revo-

1076 1901 1139 1934 cari
1155 1929 1162 1943 ,
1187 1907 1239 1934 aut
1269 1901 1307 1934 ad
1337 1901 1489 1935 terminos
1514 1900 1590 1934 iuris
1616 1900 1744 1943 reduci,
1770 1901 1818 1934 rel

1075 1955 1225 1988 adversus
1260 1955 1329 1988 illas
1358 1954 1565 1989 restitutionis
1593 1954 1623 1987 in
1649 1954 1818 1997 integrum,

1075 2008 1261 2052 aperitionis
1280 2008 1364 2049 oris,
1391 2007 1583 2041 reductionis
1615 2007 1653 2040 ad
1683 2007 1764 2040 riam
1789 2013 1820 2040 ct

1077 2061 1227 2095 terminos
1245 2061 1333 2101 iuris,
1351 2067 1403 2094 aut
1426 2061 1510 2094 aliud
1535 2060 1758 2104 quodcumque
1775 2060 1819 2093 iu-

1076 2115 1129 2156 ris,
1154 2114 1235 2156 faeti,
1261 2115 1380 2158 gratiae
1411 2114 1457 2147 vel
1483 2114 1617 2147 iustitiae
1642 2114 1817 2147 remedium

1076 2169 1249 2213 impetrari,
1268 2180 1321 2202 seu
1339 2168 1577 2213 quomodolibet
1601 2167 1740 2212 concedi,
1765 2173 1818 2201 aut

1077 2223 1243 2267 impetrato
1262 2223 1307 2255 rel
1327 2232 1478 2256 concesso
1495 2222 1676 2266 quempiam
1694 2222 1749 2262 uti,
1763 2232 1817 2254 seu

1077 2286 1108 2309 se
1123 2275 1229 2308 iurare
1248 2276 1278 2307 in
1298 2274 1412 2308 iudi-:io
1429 2275 1474 2308 vel
1494 2280 1580 2308 extra
1600 2285 1703 2319 posse,
1716 2284 1817 2318 neque

1077 2329 1134 2362 sub
1167 2328 1329 2373 quibusvis
1362 2328 1513 2361 similium
1546 2329 1592 2361 vel
1617 2327 1818 2361 dissimilium

1077 2382 1250 2426 gratiarum
1269 2382 1530 2424 revocationibus,
1547 2381 1817 2426 suspensionibus,

1078 2435 1327 2476 limitationibus,
1351 2440 1405 2467 aut
1429 2435 1497 2468 aliis
1521 2434 1688 2468 contrariis
1713 2433 1818 2478 dispo-

1076 2488 1242 2522 sitionibus
1267 2499 1324 2532 pro
1350 2494 1492 2532 tempore
1517 2487 1754 2532 quomodolibet
1776 2487 1818 2520 fa-

1076 2543 1134 2575 ctis
1151 2547 1181 2575 et
1205 2542 1353 2575 faciendis
1367 2540 1602 2586 comprehendi,
1620 2540 1674 2574 sed
1691 2550 1817 2584 semper

1075 2595 1114 2628 ab
1147 2595 1207 2627 illis
1238 2600 1404 2639 exceptas,
1430 2600 1646 2639 perpetuoque
1680 2593 1831 2636 ratidas‚'

1114 2660 1121 2685 1
1142 2658 1212 2686 Edit.
1230 2658 1312 2686 Main.
1331 2658 1395 2695 legit
1413 2659 1583 2686 int-alidatis
1599 2665 1633 2694 tn.
1652 2661 1699 2695 Γ),

1720 236 1783 270 595
1828 245 1876 272 An.
1893 245 1921 273 c.
1944 246 2010 274 1627

1056 297 1131 345 ¹lioe
1161 307 1231 329 eum
1260 293 1492 328 xencrabilibus
1519 293 1670 327 fratribus
1697 294 2013 332 nostris1„.m<,„0.1;„0s,1.

1073 350 1101 382 S.
1120 350 1154 382 P..
1168 350 1199 382 E.
1215 349 1426 383 cardinalilms
1441 349 1471 381 in
1489 348 1633 381 universa
1651 347 1812 391 republica
1828 339 2011 387 2¹3¹Scfnjlss⁰¹¹¹¹¹¹⁰¹

1120 1152 1134 1196 ξ
1159 1151 1190 1185 3.
1226 1153 1438 1186 Deeernentes
1468 1156 1650 1197 praesentes
1680 1151 1816 1194 litteras,
1839 1166 2016 1213 cuuffuusprag-

1832 1199 1893 1214 SOTVQ
1905 1199 1948 1213 ”¹21³
1979 1199 1990 1214 a
2009 1203 2015 1207 ¹

1075 1206 1244 1250 omniaque
1258 1210 1287 1240 et
1305 1207 1427 1250 singula
1444 1206 1475 1239 in
1492 1206 1536 1239 eis
1553 1211 1709 1252 contenta,
1723 1206 1816 1239 etiam
1832 1220 1869 1241 ὼι.
