2248 3229
185 233 232 259 An.
250 232 278 261 c.
300 233 368 261 1634
413 224 477 260 388

247 771 334 791 Enarral
351 776 362 791 a

179 798 245 818 Paulo
267 797 281 817 V
302 798 363 817 tlt-111·

179 825 364 844 neminen-uuille-

179 854 232 871 trum
243 853 295 871 inter
305 850 363 870 Men-

180 878 294 897 dicautuum
305 877 362 897 Ordi-

194 909 215 922 οἱ
235 904 362 929 :tilscrtplum

178 930 242 949 fuisse
251 931 312 956 eique
323 931 363 955 pri-

179 955 256 981 vilegia
272 962 363 978 commu-

178 986 256 1003 utcata.

383 293 418 316 ac
443 282 604 327 operarios
629 282 673 316 illi
698 282 802 324 messi,
824 292 904 326 quae
925 282 1033 326 utique
1056 293 1120 316 non

381 346 481 380 pauca
515 336 637 377 existit,
673 345 709 368 ex
745 335 887 379 professo
922 335 1119 378 invigilantes

380 388 579 428 adiuvemus,
605 397 780 431 eorumque
803 388 892 432 pium
915 388 1118 430 exercitium,

381 451 443 485 quo
472 440 531 484 ipsi
563 440 687 474 labores
718 441 892 485 expeditius
920 443 1119 486 suscipiendo

379 498 440 525 tam
473 493 563 537 pium
593 504 673 538 opus
709 495 843 528 alacrius
874 497 1058 530 continuent
1090 502 1120 530 et

379 546 557 590 promptius
573 553 777 592 exequantur,
792 549 901 592 gratiis
914 554 944 583 et
959 549 1118 584 favoribus

379 599 492 643 quibus
522 610 691 644 possumus
723 601 925 646 amplissimis
953 603 1118 637 confovea-

380 663 469 695 mus,
493 660 588 698 prout
613 655 645 688 in
668 655 802 689 Domino
831 656 1042 701 conspicimus
1070 668 1118 692 sa-

379 706 512 740 lubriter
532 708 688 752 expedire.

422 759 438 802 §
462 759 491 793 ‘l.
517 760 596 794 Sane
620 761 743 805 pridem
766 763 863 796 felicis
890 764 1119 798 recordationis

379 812 492 847 Paulus
517 813 601 858 Papa
627 815 649 847 V
673 816 899 859 praedecessor
923 823 1031 851 noster
1049 828 1120 852 con-

378 867 595 910 gregationem
619 869 752 903 fratrum
777 870 1041 905 Discalceatorum
1066 872 1119 907 Or-

378 920 459 954 dinis
483 922 706 957 Sanctissimae
730 924 889 958 Trinitatis
915 925 1117 970 Redemptio-

377 974 424 1007 nis
445 975 639 1019 captivorum
657 977 878 1021 Hispaniarum
896 978 977 1012 inter
997 983 1118 1013 ceteros

377 1027 616 1062 Mendicantium
642 1029 774 1064 Ordines
787 1031 964 1076 adscripsit,
978 1043 1014 1065 ac
1031 1033 1116 1066 illam

376 1084 406 1115 et
430 1081 513 1114 illius
537 1082 649 1116 fratres
663 1083 720 1116 sub
734 1084 975 1118 Mendicantium
988 1086 1117 1119 nomine

375 1134 600 1177 comprehendi
625 1136 741 1169 debere
765 1137 904 1170 decrevit
928 1143 958 1171 et
981 1139 1117 1172 declara-

375 1187 427 1227 vit3
444 1194 614 1233 propterea
638 1191 743 1223 omnia
764 1191 939 1234 privilegia,
961 1192 1113 1226 immuni-

373 1246 461 1283 tates,
481 1243 711 1287 exemptiones,
732 1245 912 1286 facultates,
937 1246 1114 1290 libertates,

373 1294 492 1328 indulta
516 1301 546 1329 et
570 1297 646 1330 alias
665 1298 782 1340 gratias
802 1299 1045 1332 Mendicantium
1063 1300 1116 1334 Or-

374 1346 498 1382 dinibus
523 1360 672 1383 concessa
696 1351 734 1384 ad
760 1351 859 1395 ipsam
888 1351 1111 1396 congregatio-

373 1411 456 1442 nem,
481 1403 609 1447 eiusque
634 1404 759 1446 fratres,
777 1405 899 1447 domos,
918 1407 1066 1440 ecclesias
1086 1413 1116 1441 et

373 1454 442 1488 loca
455 1456 592 1489 extendit
603 1462 633 1490 et
646 1458 814 1501 ampliavit,
829 1459 935 1492 omnia
952 1466 1115 1503 praeterea

374 1507 558 1552 privilegia,
584 1511 711 1554 speciali
736 1522 862 1556 quoque
894 1515 968 1546 nota
1000 1513 1114 1557 digna,

375 1560 597 1605 immunitates,
616 1564 839 1608 exemptiones,
858 1566 1028 1609 libertates,
1045 1577 1115 1600 con-

375 1615 546 1658 cessiones,
572 1617 705 1659 gratias,
730 1623 792 1651 tam
818 1619 996 1663 spirituales
1020 1631 1114 1665 quam

959 235 1139 260 BULLARIUM
1158 235 1313 259 ROMANUM

1154 281 1255 315 dictae
1278 281 1441 325 religionis
1465 282 1684 318 fundatoribus
1708 284 1835 326 tradita,
1861 285 1891 318 in

1154 335 1351 379 captivorum
1375 335 1591 380 redemptione
1614 347 1672 381 pro
1696 338 1817 372 viribus
1840 349 1892 373 oc-

1154 394 1319 433 cupentur,
1344 394 1374 423 et
1397 389 1510 433 longos
1534 400 1570 424 ac
1589 390 1744 426 taediosos
1767 392 1892 427 labores

1154 442 1184 474 in
1210 442 1441 477 transfretando
1465 444 1545 477 mari
1570 448 1600 477 et
1623 444 1706 488 apud
1725 438 1893 488 ipsos'inti-

1153 494 1238 528 deles
1263 496 1372 529 dietim
1396 497 1585 538 sustineant3
1611 503 1641 531 et
1664 508 1726 531 non
1744 498 1837 532 modo
1862 499 1892 532 in

1152 548 1371 593 redemptione
1385 550 1462 594 ipsa,
1477 561 1557 595 quae
1577 551 1616 584 ad
1632 561 1741 585 omnes
1754 552 1892 596 captivos

1152 611 1313 646 nunquam
1338 603 1462 636 extendi
1486 609 1609 648 potest,
1639 604 1694 638 sed
1722 604 1815 638 etiam
1840 616 1892 640 ex-

1153 655 1397 697 hortationibus,
1423 658 1626 692 concionibus
1651 664 1681 692 et
1704 659 1892 693 admonitio-

1152 709 1244 743 nibus
1268 710 1306 743 ad
1331 711 1481 755 reliquos,
1498 711 1552 755 qui
1565 712 1680 746 dictam
1700 712 1811 746 duram
1830 724 1893 747 ser-

1152 762 1280 797 vitutem
1292 764 1484 806 continuant,
1494 775 1532 798 ne
1545 765 1623 799 fides
1633 776 1743 800 eorum
1757 766 1891 809 deficiat,

1152 822 1366 861 occupentur,
1400 818 1546 862 proprias
1575 819 1736 853 facultates
1760 820 1892 854 libenter

1152 876 1317 914 exponant,
1337 871 1519 905 discrimina
1536 873 1693 916 quaelibet
1704 879 1734 906 et
1750 874 1892 918 pericula

1151 924 1297 957 alacriter
1310 925 1457 959 indefessi
1475 926 1614 968 subeanc
1626 932 1664 969 et,
1679 933 1713 960 ut
1725 933 1786 960 tam
1804 927 1890 972 pium

1152 987 1230 1021 opus
1254 988 1291 1011 eo
1316 979 1451 1013 alacrius
1475 979 1588 1013 fratres
1620 980 1679 1024 ipsi
1709 980 1892 1014 continuent

1151 1035 1181 1065 et
1204 1032 1311 1065 utilius
1336 1038 1541 1077 exequantur,
1561 1033 1837 1078 promptioresque
1853 1034 1891 1067 ad

1151 1084 1181 1117 id
1213 1085 1385 1119 reddantur
1398 1087 1417 1127 ¹,
1447 1097 1482 1119 ac
1517 1092 1687 1131 propterea
1720 1088 1890 1132 plurimum

1151 1138 1278 1182 cupiant
1306 1139 1440 1173 aliarum
1468 1140 1657 1183 religionum
1686 1146 1716 1174 et
1740 1141 1891 1175 Ordinurn

1150 1192 1267 1234 gratias
1283 1198 1313 1226 et
1332 1193 1506 1236 privilegia,
1524 1193 1675 1227 hactenus
1688 1205 1705 1227 a
1722 1194 1800 1228 Sede
1813 1196 1892 1239 Apo-

1150 1245 1260 1278 stolica
1286 1255 1443 1289 concessa,
1469 1248 1707 1291 congregationi
1732 1248 1890 1292 praefatae

1150 1298 1296 1342 illiusque
1327 1300 1478 1334 fratribus
1512 1307 1541 1334 et
1573 1302 1650 1335 loeis
1684 1312 1742 1346 per
1774 1312 1832 1335 nos
1861 1307 1890 1335 et

1150 1351 1260 1384 Sedem
1286 1353 1430 1386 eamdem
1454 1359 1489 1387 ut
1513 1354 1595 1387 infra
1615 1355 1745 1388 concedi
1762 1360 1793 1388 et
1807 1365 1891 1388 com-

1149 1406 1320 1446 municari3
1346 1417 1443 1450 quare
1467 1418 1525 1451 pro
1545 1414 1633 1452 parte
1650 1408 1790 1442 eiusdem
1806 1409 1892 1442 Ioan-

1149 1459 1196 1492 nis
1219 1459 1310 1492 nobis
1334 1460 1393 1493 fuit
1418 1461 1581 1494 humiliter
1608 1462 1832 1506 supplicatum,
1857 1469 1892 1496 ut

1148 1512 1407 1556 Congregationis
1432 1515 1625 1558 ampliationi
1656 1516 1688 1548 in
1708 1515 1890 1559 praemissis

1149 1572 1328 1610 opportune
1352 1567 1519 1611 providere
1545 1573 1575 1601 et
1600 1569 1766 1602 consulere
1781 1569 1819 1602 de
1841 1569 1891 1602 be-

1149 1621 1300 1663 nignitate
1325 1622 1497 1665 apostolica
1522 1622 1743 1665 dignaremur:

1905 237 1955 264 An.
1971 236 1998 264 C.
2021 235 2088 264 1634

374 1670 576 1713 temporales,
601 1671 748 1706 universo
773 1673 994 1707 Sanctissimae
1018 1675 1116 1707 Trini-

373 1721 444 1755 tatis
479 1723 715 1767 Redemptionis
751 1726 948 1769 captivorum
985 1726 1113 1768 Ordini,

372 1775 520 1820 illiusque
545 1777 702 1819 domibus,
727 1780 878 1820 ecclesiis,
897 1780 1114 1824 superioribus

372 1839 408 1861 ac
425 1829 575 1863 fratribus
595 1841 753 1872 concessa,
766 1833 923 1876 praefatae
940 1844 1114 1878 congrega-

372 1882 450 1915 tioni
474 1884 592 1927 pariter
617 1886 792 1929 concessit,
818 1887 1061 1920 communicavit
1086 1894 1115 1921 et

1193 1673 1208 1716 ἓ
1231 1672 1260 1706 3.
1286 1674 1348 1708 Nos
1372 1674 1486 1717 igitur,
1512 1675 1609 1719 ipsius
1633 1676 1890 1720 Congregationis
1937 1682 2090 1712 ,0⁰fflmuss‘102‘

1867 1729 1872 1734 ,
1906 1709 1955 1729 huic
1998 1708 2089 1735 Congre-

1148 1731 1353 1769 augmentum
1367 1733 1397 1760 et
1415 1728 1684 1768 conservationem
1700 1728 1890 1762 firmissimis
1907 1735 2092 1787 gssiss-issigiffi'iiiss

1148 1780 1263 1813 vallare
1288 1781 1454 1824 praesidiis
1478 1782 1700 1823 desiderantes,
1724 1782 1891 1826 ipsumque
1906 1768 2090 1841 {tguEOBOrzdgfflg

1149 1834 1296 1867 Ioannem
1328 1845 1363 1867 ac
1397 1835 1536 1878 singulas
1565 1846 1718 1879 personas
1750 1835 1890 1869 eiusdem
1907 1848 1962 1872 num,
1986 1821 2090 1868 gnatones

1148 1887 1409 1931 Congregationis
1426 1899 1443 1921 a
1461 1889 1624 1933 quibusvis
1643 1889 1893 1922 excommunica·
1906 1871 2090 1920 {tl‘otffiffi’eg‘u'ss

1906 1921 1944 1942 sub
1973 1927 1995 1942 re
1999 1921 2090 1941 vocatio·

203 2103 262 2125 Nune
277 2109 300 2124 ex
311 2109 360 2125 cau-

177 2132 206 2151 sis
224 2131 257 2152 hic
278 2135 360 2157 expres-

374 1936 528 1977 extendit3
554 1948 588 1971 ac
613 1939 703 1980 alias,
727 1945 823 1983 prout
845 1941 876 1973 in
897 1941 1009 1974 litteris
1033 1953 1111 1986 apo-

374 1990 492 2024 stolicis
516 1990 653 2035 desuper
682 1993 833 2037 expeditis
863 1994 986 2038 plenius
1016 1996 1114 2029 conti-

374 2043 493 2077 netur¹.

421 2098 435 2141 g
460 2097 489 2131 2.
507 2098 583 2132 Cum
608 2102 731 2142 autem,
758 2100 838 2134 sicut
862 2101 1000 2134 exhibita
1024 2102 1115 2136 nobis

376 2160 478 2195 nuper
501 2162 559 2195 pro
583 2158 671 2196 parte
699 2153 803 2186 dilecti
836 2154 891 2187 silii
923 2155 1047 2189 loannis
1078 2156 1115 2189 de

376 2205 633 2246 Annunciatione,
651 2206 748 2249 ipsius
765 2206 1022 2251 Congregationis
1046 2219 1117 2253 pro-

377 2259 531 2292 curatoris
543 2260 707 2303 generalis,
729 2261 838 2304 petitio
852 2262 1041 2303 continebat,
1055 2263 1117 2296 fra-

376 2317 439 2345 tres
470 2317 500 2345 et
532 2312 672 2356 religiosi
700 2314 839 2347 eiusdem
864 2314 1006 2356 Ordinis,
1032 2316 1116 2348 iuxta

375 2364 564 2407 particulare
589 2376 700 2399 eorum
724 2367 900 2400 institutum
925 2379 943 2401 a
962 2368 1033 2412 piae
1050 2379 1115 2402 me-

376 2418 494 2452 moriae
520 2419 701 2454 Innocentio
726 2421 808 2464 Papa
832 2421 872 2454 III
901 2422 995 2455 etiam
1019 2433 1112 2466 prae-

376 2471 540 2506 decessore
564 2479 674 2507 nostro
694 2475 912 2518 approbatum,
931 2475 988 2509 sub
1005 2476 1115 2519 regula

375 2527 507 2570 propria
522 2527 636 2561 sanctis
649 2529 836 2572 patriarchis
854 2529 960 2563 Ioanni
978 2535 1008 2564 et
1021 2530 1116 2564 Felici

415 2596 427 2623 1
453 2597 523 2629 Quas
545 2598 606 2626 vide
629 2598 681 2627 loe.
707 2599 752 2627 cit.
776 2599 804 2627 in
828 2602 891 2629 nota
918 2600 952 2629 ad
980 2600 1117 2629 rubricam

377 2641 415 2674 (a.
431 2641 479 2676 r).

1149 1942 1253 1982 tionis,
1271 1943 1487 1986 suspensionis
1512 1949 1542 1976 et
1566 1943 1734 1984 interdicti,
1759 1944 1891 1988 aliisque

1149 1995 1368 2029 ecclesiasticis
1382 1996 1553 2037 sententiis,
1567 1997 1708 2030 censuris
1726 2002 1755 2030 et
1771 1996 1889 2041 poenis,

1149 2058 1166 2080 a
1191 2048 1259 2081 iure
1282 2049 1330 2081 vel
1355 2049 1394 2082 ab
1419 2050 1567 2092 homine,
1593 2049 1701 2094 quavis
1726 2050 1891 2083 occasione

1149 2101 1197 2134 vel
1222 2103 1316 2135 causa
1340 2102 1433 2144 latis,
1458 2103 1483 2136 si
1508 2103 1622 2147 quibus
1653 2103 1892 2147 quomodolibet

1150 2155 1289 2188 innodati
1301 2155 1445 2197 existunt,
1460 2156 1498 2189 ad
1515 2156 1660 2190 effectum
1678 2157 1890 2201 praesentium

1150 2207 1417 2251 consequendum,
1430 2209 1544 2242 harum
1557 2210 1638 2242 serie
1652 2209 1848 2243 absolventes
1862 2215 1891 2242 et

1150 2261 1312 2294 absolutos
1337 2262 1403 2295 fore
1428 2268 1607 2304 censentes,
1631 2273 1753 2296 necnon
1777 2263 1892 2296 littera-

1150 2324 1220 2346 rum
1246 2315 1456 2357 praefatarum
1482 2319 1607 2349 tenores
1631 2316 1724 2350 etiam
1752 2316 1891 2349 veriores

1150 2377 1185 2400 ac
1202 2367 1289 2400 datas
1302 2369 1521 2411 praesentibus
1533 2380 1591 2413 pro
1605 2369 1760 2413 expressis
1777 2369 1891 2402 haben-

1150 2425 1204 2462 tes,
1231 2421 1412 2455 huiusmodi
1438 2423 1717 2466 supplicationibus
1741 2422 1889 2464 inclinati,

1149 2483 1187 2506 ex
1210 2479 1282 2507 voto
1307 2476 1561 2518 congregationis
1581 2475 1806 2509 venerabilium
1830 2475 1891 2508 fra-

1149 2531 1233 2560 trum
1265 2533 1449 2562 nostrorum
1484 2534 1609 2563 sanctae
1644 2530 1801 2563 Romanae
1831 2528 1890 2562 Ec-

1184 2599 1197 2625 1
1215 2599 1326 2635 Aliquid
1341 2599 1438 2628 deesse
1454 2600 1571 2635 videtur,
1587 2609 1629 2628 eX.
1645 2608 1673 2636 g.
1688 2599 1891 2635 spiritualibus

1148 2644 1254 2678 yratz'is
1268 2645 1422 2681 indigeant
1436 2645 1566 2675 recreari
1574 2654 1580 2679 ;
1596 2648 1643 2676 aut
1655 2644 1745 2673 simile
1758 2645 1795 2680 (a.
1806 2644 1855 2679 tn).

1906 1948 1968 1968 nibus
1995 1952 2090 1973 compre—

1906 1975 1978 1996 hensa.
