<?xml version="1.0" encoding="UTF-8"?>
<!DOCTYPE html PUBLIC "-//W3C//DTD XHTML 1.0 Transitional//EN"
    "http://www.w3.org/TR/xhtml1/DTD/xhtml1-transitional.dtd">
<html xmlns="http://www.w3.org/1999/xhtml" xml:lang="en" lang="en">
 <head>
  <title>
</title>
<meta http-equiv="Content-Type" content="text/html;charset=utf-8" />
  <meta name='ocr-system' content='tesseract 3.04.00' />
  <meta name='ocr-capabilities' content='ocr_page ocr_carea ocr_par ocr_line ocrx_word'/>
</head>
<body>
  <div class='ocr_page' id='page_1' title='image "./bullarumdiplomat14cath_0263.png"; bbox 0 0 2248 3229; ppageno 0'>
   <div class='ocr_carea' id='block_1_1' title="bbox 112 214 295 244">
    <p class='ocr_par' dir='ltr' id='par_1_1' title="bbox 112 214 295 244">
     <span class='ocr_line' id='line_1_1' title="bbox 112 214 295 244; baseline 0.011 -2"><span class='ocrx_word' id='word_1_1' title='bbox 112 215 160 243; x_wconf 81' lang='lat' dir='ltr'>An.</span> <span class='ocrx_word' id='word_1_2' title='bbox 179 214 210 243; x_wconf 82' lang='lat' dir='ltr'>G.</span> <span class='ocrx_word' id='word_1_3' title='bbox 230 215 295 244; x_wconf 81' lang='lat'>1631</span> 
     </span>
    </p>
   </div>
   <div class='ocr_carea' id='block_1_2' title="bbox 926 212 1213 238">
    <p class='ocr_par' dir='ltr' id='par_1_2' title="bbox 926 212 1213 238">
     <span class='ocr_line' id='line_1_2' title="bbox 926 212 1213 238; baseline -0.003 0"><span class='ocrx_word' id='word_1_4' title='bbox 926 212 1068 238; x_wconf 68' lang='lat' dir='ltr'>URBANUS</span> <span class='ocrx_word' id='word_1_5' title='bbox 1088 213 1144 238; x_wconf 83' lang='lat' dir='ltr'>VIII</span> <span class='ocrx_word' id='word_1_6' title='bbox 1164 213 1213 237; x_wconf 73' lang='lat' dir='ltr'>PP-</span> 
     </span>
    </p>
   </div>
   <div class='ocr_carea' id='block_1_3' title="bbox 311 261 1054 617">
    <p class='ocr_par' dir='ltr' id='par_1_3' title="bbox 311 261 1054 617">
     <span class='ocr_line' id='line_1_3' title="bbox 355 261 1051 308; baseline -0.003 -12"><span class='ocrx_word' id='word_1_7' title='bbox 355 261 389 297; x_wconf 88' lang='lat' dir='ltr'>In</span> <span class='ocrx_word' id='word_1_8' title='bbox 406 261 552 297; x_wconf 83' lang='lat' dir='ltr'>abbatem</span> <span class='ocrx_word' id='word_1_9' title='bbox 576 262 724 308; x_wconf 83' lang='lat' dir='ltr'>deinceps</span> <span class='ocrx_word' id='word_1_10' title='bbox 741 262 846 296; x_wconf 91' lang='lat' dir='ltr'>nullus</span> <span class='ocrx_word' id='word_1_11' title='bbox 863 266 1051 303; x_wconf 76' lang='lat' dir='ltr'>assumatur,</span> 
     </span>
     <span class='ocr_line' id='line_1_4' title="bbox 311 315 1052 361; baseline -0.003 -11"><span class='ocrx_word' id='word_1_12' title='bbox 311 315 364 361; x_wconf 92' lang='lat' dir='ltr'>qui</span> <span class='ocrx_word' id='word_1_13' title='bbox 379 325 443 350; x_wconf 84' lang='lat' dir='ltr'>non</span> <span class='ocrx_word' id='word_1_14' title='bbox 467 315 579 350; x_wconf 86' lang='lat' dir='ltr'>habeat</span> <span class='ocrx_word' id='word_1_15' title='bbox 604 316 810 350; x_wconf 86' lang='lat' dir='ltr'>sufficientem</span> <span class='ocrx_word' id='word_1_16' title='bbox 836 315 998 350; x_wconf 86' lang='lat' dir='ltr'>seientiam</span> <span class='ocrx_word' id='word_1_17' title='bbox 1014 315 1052 348; x_wconf 88' lang='lat' dir='ltr'>ad</span> 
     </span>
     <span class='ocr_line' id='line_1_5' title="bbox 313 369 1054 411; baseline -0.001 -8"><span class='ocrx_word' id='word_1_18' title='bbox 313 369 520 403; x_wconf 80' lang='lat' dir='ltr'>exercendam</span> <span class='ocrx_word' id='word_1_19' title='bbox 545 380 653 404; x_wconf 90' lang='lat' dir='ltr'>curam</span> <span class='ocrx_word' id='word_1_20' title='bbox 679 370 867 411; x_wconf 84' lang='lat' dir='ltr'>animarum,</span> <span class='ocrx_word' id='word_1_21' title='bbox 893 370 968 402; x_wconf 81' lang='lat' dir='ltr'>alias</span> <span class='ocrx_word' id='word_1_22' title='bbox 994 370 1054 402; x_wconf 88' lang='lat' dir='ltr'>ele-</span> 
     </span>
     <span class='ocr_line' id='line_1_6' title="bbox 311 422 1052 467; baseline -0.004 -10"><span class='ocrx_word' id='word_1_23' title='bbox 311 423 374 457; x_wconf 83' lang='lat' dir='ltr'>ctio</span> <span class='ocrx_word' id='word_1_24' title='bbox 386 422 425 456; x_wconf 94' lang='lat' dir='ltr'>sit</span> <span class='ocrx_word' id='word_1_25' title='bbox 433 422 502 467; x_wconf 88' lang='lat' dir='ltr'>ipso</span> <span class='ocrx_word' id='word_1_26' title='bbox 515 423 595 456; x_wconf 83' lang='lat' dir='ltr'>facto</span> <span class='ocrx_word' id='word_1_27' title='bbox 604 423 700 456; x_wconf 87' lang='lat' dir='ltr'>nulla:</span> <span class='ocrx_word' id='word_1_28' title='bbox 718 422 930 466; x_wconf 76' lang='lat' dir='ltr'>supradictam</span> <span class='ocrx_word' id='word_1_29' title='bbox 947 427 1052 455; x_wconf 85' lang='lat' dir='ltr'>autem</span> 
     </span>
     <span class='ocr_line' id='line_1_7' title="bbox 313 476 1052 511; baseline -0.003 -1"><span class='ocrx_word' id='word_1_30' title='bbox 313 476 474 511; x_wconf 89' lang='lat' dir='ltr'>scientiam</span> <span class='ocrx_word' id='word_1_31' title='bbox 505 476 543 510; x_wconf 89' lang='lat' dir='ltr'>ad</span> <span class='ocrx_word' id='word_1_32' title='bbox 575 477 659 510; x_wconf 88' lang='lat' dir='ltr'>hunc</span> <span class='ocrx_word' id='word_1_33' title='bbox 683 476 829 510; x_wconf 78' lang='lat' dir='ltr'>effectum</span> <span class='ocrx_word' id='word_1_34' title='bbox 854 486 908 509; x_wconf 87' lang='lat' dir='ltr'>eos</span> <span class='ocrx_word' id='word_1_35' title='bbox 932 480 1052 508; x_wconf 85' lang='lat' dir='ltr'>tantum</span> 
     </span>
     <span class='ocr_line' id='line_1_8' title="bbox 312 529 1054 573; baseline -0.003 -10"><span class='ocrx_word' id='word_1_36' title='bbox 312 529 429 564; x_wconf 89' lang='lat' dir='ltr'>habere</span> <span class='ocrx_word' id='word_1_37' title='bbox 452 530 585 572; x_wconf 81' lang='lat' dir='ltr'>intelligi</span> <span class='ocrx_word' id='word_1_38' title='bbox 602 529 758 570; x_wconf 75' lang='lat' dir='ltr'>volumus,</span> <span class='ocrx_word' id='word_1_39' title='bbox 776 530 828 573; x_wconf 88' lang='lat' dir='ltr'>qui</span> <span class='ocrx_word' id='word_1_40' title='bbox 848 539 906 573; x_wconf 89' lang='lat' dir='ltr'>pro</span> <span class='ocrx_word' id='word_1_41' title='bbox 930 529 1054 572; x_wconf 76' lang='lat' dir='ltr'>provin-</span> 
     </span>
     <span class='ocr_line' id='line_1_9' title="bbox 312 582 1052 617; baseline -0.005 0"><span class='ocrx_word' id='word_1_42' title='bbox 312 583 361 617; x_wconf 79' lang='lat' dir='ltr'>cia</span> <span class='ocrx_word' id='word_1_43' title='bbox 393 583 601 617; x_wconf 87' lang='lat' dir='ltr'>Lombardiae</span> <span class='ocrx_word' id='word_1_44' title='bbox 636 582 675 615; x_wconf 90' lang='lat' dir='ltr'>ad</span> <span class='ocrx_word' id='word_1_45' title='bbox 707 582 914 616; x_wconf 79' lang='lat' dir='ltr'>exercendam</span> <span class='ocrx_word' id='word_1_46' title='bbox 946 591 1052 614; x_wconf 87' lang='lat' dir='ltr'>curam</span> 
     </span>
    </p>
   </div>
   <div class='ocr_carea' id='block_1_4' title="bbox 312 633 1071 680">
    <p class='ocr_par' dir='ltr' id='par_1_4' title="bbox 312 633 1071 680">
     <span class='ocr_line' id='line_1_10' title="bbox 312 633 1071 680; baseline -0.004 -11"><span class='ocrx_word' id='word_1_47' title='bbox 312 636 489 670; x_wconf 87' lang='lat' dir='ltr'>animarum</span> <span class='ocrx_word' id='word_1_48' title='bbox 506 635 672 680; x_wconf 87' lang='lat' dir='ltr'>approbati</span> <span class='ocrx_word' id='word_1_49' title='bbox 696 635 813 668; x_wconf 87' lang='lat' dir='ltr'>suerint</span> <span class='ocrx_word' id='word_1_50' title='bbox 829 635 868 668; x_wconf 85' lang='lat' dir='ltr'>ab</span> <span class='ocrx_word' id='word_1_51' title='bbox 888 633 1071 668; x_wconf 54' lang='lat' dir='ltr'>Ordinatio*</span> 
     </span>
    </p>
   </div>
   <div class='ocr_carea' id='block_1_5' title="bbox 312 688 1058 1216">
    <p class='ocr_par' dir='ltr' id='par_1_5' title="bbox 312 688 1056 948">
     <span class='ocr_line' id='line_1_11' title="bbox 312 688 1055 732; baseline -0.005 -9"><span class='ocrx_word' id='word_1_52' title='bbox 312 689 550 729; x_wconf 77' lang='lat' dir='ltr'>Mediolanensi3</span> <span class='ocrx_word' id='word_1_53' title='bbox 567 699 585 722; x_wconf 89' lang='lat' dir='ltr'>a</span> <span class='ocrx_word' id='word_1_54' title='bbox 605 688 787 722; x_wconf 72' lang='lat' dir='ltr'>Florentino</span> <span class='ocrx_word' id='word_1_55' title='bbox 811 698 886 721; x_wconf 75' lang='lat' dir='ltr'>vero</span> <span class='ocrx_word' id='word_1_56' title='bbox 909 698 967 732; x_wconf 89' lang='lat' dir='ltr'>pro</span> <span class='ocrx_word' id='word_1_57' title='bbox 984 697 1055 731; x_wconf 91' lang='lat' dir='ltr'>pro-</span> 
     </span>
     <span class='ocr_line' id='line_1_12' title="bbox 313 739 1054 786; baseline -0.003 -12"><span class='ocrx_word' id='word_1_58' title='bbox 313 742 416 776; x_wconf 72' lang='lat' dir='ltr'>vincia</span> <span class='ocrx_word' id='word_1_59' title='bbox 435 743 577 783; x_wconf 81' lang='lat' dir='ltr'>Tusciae,</span> <span class='ocrx_word' id='word_1_60' title='bbox 596 742 644 774; x_wconf 73' lang='lat' dir='ltr'>vel</span> <span class='ocrx_word' id='word_1_61' title='bbox 661 751 720 786; x_wconf 92' lang='lat' dir='ltr'>pro</span> <span class='ocrx_word' id='word_1_62' title='bbox 737 742 872 785; x_wconf 78' lang='lat' dir='ltr'>utraque</span> <span class='ocrx_word' id='word_1_63' title='bbox 891 739 1054 784; x_wconf 72' lang='lat' dir='ltr'>provincia</span> 
     </span>
     <span class='ocr_line' id='line_1_13' title="bbox 312 794 1054 836; baseline -0.005 -6"><span class='ocrx_word' id='word_1_64' title='bbox 312 797 351 830; x_wconf 83' lang='lat' dir='ltr'>ab</span> <span class='ocrx_word' id='word_1_65' title='bbox 377 795 470 830; x_wconf 89' lang='lat' dir='ltr'>Urbis</span> <span class='ocrx_word' id='word_1_66' title='bbox 494 795 628 836; x_wconf 72' lang='lat' dir='ltr'>vicario,</span> <span class='ocrx_word' id='word_1_67' title='bbox 653 796 717 829; x_wconf 77' lang='lat' dir='ltr'>sive</span> <span class='ocrx_word' id='word_1_68' title='bbox 741 796 780 828; x_wconf 90' lang='lat' dir='ltr'>ab</span> <span class='ocrx_word' id='word_1_69' title='bbox 805 795 866 828; x_wconf 87' lang='lat' dir='ltr'>alio</span> <span class='ocrx_word' id='word_1_70' title='bbox 890 794 1054 828; x_wconf 88' lang='lat' dir='ltr'>Ordinario</span> 
     </span>
     <span class='ocr_line' id='line_1_14' title="bbox 312 848 1056 894; baseline -0.005 -11"><span class='ocrx_word' id='word_1_71' title='bbox 312 860 369 894; x_wconf 88' lang='lat' dir='ltr'>per</span> <span class='ocrx_word' id='word_1_72' title='bbox 386 849 670 883; x_wconf 90' lang='lat' dir='ltr'>eminentissimum</span> <span class='ocrx_word' id='word_1_73' title='bbox 687 848 879 882; x_wconf 77' lang='lat' dir='ltr'>cardinalem</span> <span class='ocrx_word' id='word_1_74' title='bbox 902 852 1056 892; x_wconf 87' lang='lat' dir='ltr'>protecto-</span> 
     </span>
     <span class='ocr_line' id='line_1_15' title="bbox 313 901 1054 948; baseline -0.004 -11"><span class='ocrx_word' id='word_1_75' title='bbox 313 914 391 945; x_wconf 90' lang='lat' dir='ltr'>rem,</span> <span class='ocrx_word' id='word_1_76' title='bbox 412 914 470 948; x_wconf 90' lang='lat' dir='ltr'>pro</span> <span class='ocrx_word' id='word_1_77' title='bbox 490 908 635 948; x_wconf 89' lang='lat' dir='ltr'>tempore</span> <span class='ocrx_word' id='word_1_78' title='bbox 655 903 848 944; x_wconf 77' lang='lat' dir='ltr'>existentem,</span> <span class='ocrx_word' id='word_1_79' title='bbox 866 901 1054 946; x_wconf 85' lang='lat' dir='ltr'>deputando.</span> 
     </span>
    </p>

    <p class='ocr_par' dir='ltr' id='par_1_6' title="bbox 313 955 1058 1216">
     <span class='ocr_line' id='line_1_16' title="bbox 357 955 1055 1002; baseline -0.006 -10"><span class='ocrx_word' id='word_1_80' title='bbox 357 958 533 1002; x_wconf 83' lang='lat' dir='ltr'>Capitulum</span> <span class='ocrx_word' id='word_1_81' title='bbox 558 957 651 990; x_wconf 87' lang='lat' dir='ltr'>duret</span> <span class='ocrx_word' id='word_1_82' title='bbox 674 957 784 990; x_wconf 86' lang='lat' dir='ltr'>saltem</span> <span class='ocrx_word' id='word_1_83' title='bbox 809 966 867 1000; x_wconf 91' lang='lat' dir='ltr'>per</span> <span class='ocrx_word' id='word_1_84' title='bbox 886 960 957 989; x_wconf 89' lang='lat' dir='ltr'>octo</span> <span class='ocrx_word' id='word_1_85' title='bbox 978 955 1055 995; x_wconf 83' lang='lat' dir='ltr'>dies,</span> 
     </span>
     <span class='ocr_line' id='line_1_17' title="bbox 314 1009 1056 1055; baseline -0.007 -9"><span class='ocrx_word' id='word_1_86' title='bbox 314 1017 344 1046; x_wconf 87' lang='lat' dir='ltr'>et</span> <span class='ocrx_word' id='word_1_87' title='bbox 363 1011 495 1055; x_wconf 85' lang='lat' dir='ltr'>singulis</span> <span class='ocrx_word' id='word_1_88' title='bbox 520 1010 630 1044; x_wconf 88' lang='lat' dir='ltr'>diebus</span> <span class='ocrx_word' id='word_1_89' title='bbox 647 1010 695 1043; x_wconf 91' lang='lat' dir='ltr'>bis</span> <span class='ocrx_word' id='word_1_90' title='bbox 712 1014 925 1053; x_wconf 79' lang='lat' dir='ltr'>congregetur</span> <span class='ocrx_word' id='word_1_91' title='bbox 948 1009 1056 1042; x_wconf 83' lang='lat' dir='ltr'>defini-</span> 
     </span>
     <span class='ocr_line' id='line_1_18' title="bbox 314 1062 1056 1106; baseline -0.007 -7"><span class='ocrx_word' id='word_1_92' title='bbox 314 1065 430 1099; x_wconf 87' lang='lat' dir='ltr'>torium</span> <span class='ocrx_word' id='word_1_93' title='bbox 448 1064 637 1098; x_wconf 88' lang='lat' dir='ltr'>duraturum</span> <span class='ocrx_word' id='word_1_94' title='bbox 658 1063 789 1106; x_wconf 87' lang='lat' dir='ltr'>singulis</span> <span class='ocrx_word' id='word_1_95' title='bbox 810 1062 928 1096; x_wconf 89' lang='lat' dir='ltr'>vicibus</span> <span class='ocrx_word' id='word_1_96' title='bbox 946 1063 1056 1095; x_wconf 88' lang='lat' dir='ltr'>saltem</span> 
     </span>
     <span class='ocr_line' id='line_1_19' title="bbox 313 1115 1058 1163; baseline -0.007 -10"><span class='ocrx_word' id='word_1_97' title='bbox 313 1129 371 1163; x_wconf 89' lang='lat' dir='ltr'>per</span> <span class='ocrx_word' id='word_1_98' title='bbox 396 1124 459 1152; x_wconf 90' lang='lat' dir='ltr'>tres</span> <span class='ocrx_word' id='word_1_99' title='bbox 483 1118 587 1151; x_wconf 87' lang='lat' dir='ltr'>horas.</span> <span class='ocrx_word' id='word_1_100' title='bbox 612 1116 807 1159; x_wconf 86' lang='lat' dir='ltr'>Constitutio,</span> <span class='ocrx_word' id='word_1_101' title='bbox 835 1126 896 1160; x_wconf 83' lang='lat' dir='ltr'>qua</span> <span class='ocrx_word' id='word_1_102' title='bbox 921 1115 1058 1160; x_wconf 87' lang='lat' dir='ltr'>disponi-</span> 
     </span>
     <span class='ocr_line' id='line_1_20' title="bbox 314 1169 1056 1216; baseline -0.007 -9"><span class='ocrx_word' id='word_1_103' title='bbox 314 1178 375 1214; x_wconf 87' lang='lat' dir='ltr'>tur,</span> <span class='ocrx_word' id='word_1_104' title='bbox 406 1177 442 1206; x_wconf 88' lang='lat' dir='ltr'>ut</span> <span class='ocrx_word' id='word_1_105' title='bbox 463 1181 591 1216; x_wconf 82' lang='lat' dir='ltr'>praeses</span> <span class='ocrx_word' id='word_1_106' title='bbox 614 1170 750 1204; x_wconf 84' lang='lat' dir='ltr'>resideat</span> <span class='ocrx_word' id='word_1_107' title='bbox 774 1170 807 1203; x_wconf 89' lang='lat' dir='ltr'>in</span> <span class='ocrx_word' id='word_1_108' title='bbox 830 1169 971 1214; x_wconf 87' lang='lat' dir='ltr'>partibus</span> <span class='ocrx_word' id='word_1_109' title='bbox 995 1170 1056 1202; x_wconf 86' lang='lat' dir='ltr'>Me-</span> 
     </span>
    </p>
   </div>
   <div class='ocr_carea' id='block_1_6' title="bbox 314 1224 1074 1268">
    <p class='ocr_par' dir='ltr' id='par_1_7' title="bbox 314 1224 1074 1268">
     <span class='ocr_line' id='line_1_21' title="bbox 314 1224 1074 1268; baseline -0.005 -8"><span class='ocrx_word' id='word_1_110' title='bbox 314 1226 452 1267; x_wconf 90' lang='lat' dir='ltr'>diolani,</span> <span class='ocrx_word' id='word_1_111' title='bbox 481 1225 673 1268; x_wconf 81' lang='lat' dir='ltr'>intelligatur</span> <span class='ocrx_word' id='word_1_112' title='bbox 704 1224 743 1258; x_wconf 92' lang='lat' dir='ltr'>de</span> <span class='ocrx_word' id='word_1_113' title='bbox 770 1224 970 1257; x_wconf 87' lang='lat' dir='ltr'>monasteriis</span> <span class='ocrx_word' id='word_1_114' title='bbox 993 1234 1074 1257; x_wconf 50' lang='lat' dir='ltr'>non¹</span> 
     </span>
    </p>
   </div>
   <div class='ocr_carea' id='block_1_7' title="bbox 314 1277 1060 2338">
    <p class='ocr_par' dir='ltr' id='par_1_8' title="bbox 314 1277 1058 1901">
     <span class='ocr_line' id='line_1_22' title="bbox 314 1277 1055 1319; baseline -0.005 -6"><span class='ocrx_word' id='word_1_115' title='bbox 314 1279 501 1313; x_wconf 88' lang='lat' dir='ltr'>distantibus</span> <span class='ocrx_word' id='word_1_116' title='bbox 514 1278 552 1311; x_wconf 89' lang='lat' dir='ltr'>ab</span> <span class='ocrx_word' id='word_1_117' title='bbox 566 1278 645 1311; x_wconf 90' lang='lat' dir='ltr'>urbe</span> <span class='ocrx_word' id='word_1_118' title='bbox 657 1277 822 1311; x_wconf 85' lang='lat' dir='ltr'>Mediolani</span> <span class='ocrx_word' id='word_1_119' title='bbox 837 1278 918 1311; x_wconf 89' lang='lat' dir='ltr'>ultra</span> <span class='ocrx_word' id='word_1_120' title='bbox 931 1277 1055 1319; x_wconf 86' lang='lat' dir='ltr'>dietam,</span> 
     </span>
     <span class='ocr_line' id='line_1_23' title="bbox 314 1330 1058 1377; baseline -0.005 -11"><span class='ocrx_word' id='word_1_121' title='bbox 314 1333 346 1366; x_wconf 90' lang='lat' dir='ltr'>in</span> <span class='ocrx_word' id='word_1_122' title='bbox 369 1332 484 1377; x_wconf 86' lang='lat' dir='ltr'>quibus</span> <span class='ocrx_word' id='word_1_123' title='bbox 508 1332 583 1365; x_wconf 74' lang='lat' dir='ltr'>alias</span> <span class='ocrx_word' id='word_1_124' title='bbox 613 1341 676 1365; x_wconf 88' lang='lat' dir='ltr'>non</span> <span class='ocrx_word' id='word_1_125' title='bbox 700 1331 740 1364; x_wconf 86' lang='lat' dir='ltr'>sit</span> <span class='ocrx_word' id='word_1_126' title='bbox 764 1330 958 1375; x_wconf 88' lang='lat' dir='ltr'>prohibitum</span> <span class='ocrx_word' id='word_1_127' title='bbox 984 1330 1058 1363; x_wconf 90' lang='lat' dir='ltr'>resi-</span> 
     </span>
     <span class='ocr_line' id='line_1_24' title="bbox 314 1384 1057 1431; baseline -0.005 -11"><span class='ocrx_word' id='word_1_128' title='bbox 314 1386 390 1421; x_wconf 88' lang='lat' dir='ltr'>dere</span> <span class='ocrx_word' id='word_1_129' title='bbox 413 1386 558 1431; x_wconf 88' lang='lat' dir='ltr'>patribus</span> <span class='ocrx_word' id='word_1_130' title='bbox 581 1385 758 1428; x_wconf 87' lang='lat' dir='ltr'>regiminis.</span> <span class='ocrx_word' id='word_1_131' title='bbox 783 1385 817 1418; x_wconf 93' lang='lat' dir='ltr'>In</span> <span class='ocrx_word' id='word_1_132' title='bbox 842 1384 988 1428; x_wconf 84' lang='lat' dir='ltr'>proxime</span> <span class='ocrx_word' id='word_1_133' title='bbox 1013 1384 1057 1417; x_wconf 81' lang='lat' dir='ltr'>fu-</span> 
     </span>
     <span class='ocr_line' id='line_1_25' title="bbox 315 1437 1057 1484; baseline -0.004 -11"><span class='ocrx_word' id='word_1_134' title='bbox 315 1444 388 1473; x_wconf 90' lang='lat' dir='ltr'>turo</span> <span class='ocrx_word' id='word_1_135' title='bbox 405 1439 551 1484; x_wconf 88' lang='lat' dir='ltr'>capitulo,</span> <span class='ocrx_word' id='word_1_136' title='bbox 572 1438 611 1471; x_wconf 85' lang='lat' dir='ltr'>ad</span> <span class='ocrx_word' id='word_1_137' title='bbox 634 1437 864 1482; x_wconf 86' lang='lat' dir='ltr'>praescriptum</span> <span class='ocrx_word' id='word_1_138' title='bbox 884 1437 1002 1470; x_wconf 83' lang='lat' dir='ltr'>decreti</span> <span class='ocrx_word' id='word_1_139' title='bbox 1019 1437 1057 1470; x_wconf 90' lang='lat' dir='ltr'>de</span> 
     </span>
     <span class='ocr_line' id='line_1_26' title="bbox 316 1491 1057 1532; baseline -0.005 -5"><span class='ocrx_word' id='word_1_140' title='bbox 316 1492 526 1527; x_wconf 84' lang='lat' dir='ltr'>celebratione</span> <span class='ocrx_word' id='word_1_141' title='bbox 551 1491 730 1532; x_wconf 87' lang='lat' dir='ltr'>missarum,</span> <span class='ocrx_word' id='word_1_142' title='bbox 758 1494 881 1525; x_wconf 79' lang='lat' dir='ltr'>taxetur</span> <span class='ocrx_word' id='word_1_143' title='bbox 905 1501 1057 1523; x_wconf 89' lang='lat' dir='ltr'>numerus</span> 
     </span>
     <span class='ocr_line' id='line_1_27' title="bbox 316 1544 1056 1590; baseline -0.004 -10"><span class='ocrx_word' id='word_1_144' title='bbox 316 1546 540 1590; x_wconf 87' lang='lat' dir='ltr'>religiosorum</span> <span class='ocrx_word' id='word_1_145' title='bbox 575 1545 607 1578; x_wconf 91' lang='lat' dir='ltr'>in</span> <span class='ocrx_word' id='word_1_146' title='bbox 641 1555 833 1588; x_wconf 88' lang='lat' dir='ltr'>unoquoque</span> <span class='ocrx_word' id='word_1_147' title='bbox 864 1544 1056 1578; x_wconf 87' lang='lat' dir='ltr'>monasterio</span> 
     </span>
     <span class='ocr_line' id='line_1_28' title="bbox 315 1588 1056 1633; baseline -0.004 0"><span class='ocrx_word' id='word_1_148' title='bbox 315 1599 552 1633; x_wconf 85' lang='lat' dir='ltr'>retinendorum</span> <span class='ocrx_word' id='word_1_149' title='bbox 583 1598 669 1631; x_wconf 83' lang='lat' dir='ltr'>iuxta</span> <span class='ocrx_word' id='word_1_150' title='bbox 688 1588 838 1630; x_wconf 61' lang='lat' dir='ltr'>&#39;eiusdem</span> <span class='ocrx_word' id='word_1_151' title='bbox 874 1598 1056 1631; x_wconf 88' lang='lat' dir='ltr'>monasterii</span> 
     </span>
     <span class='ocr_line' id='line_1_29' title="bbox 316 1650 1056 1695; baseline -0.004 -8"><span class='ocrx_word' id='word_1_152' title='bbox 316 1652 474 1693; x_wconf 78' lang='lat' dir='ltr'>redditus3</span> <span class='ocrx_word' id='word_1_153' title='bbox 491 1657 522 1686; x_wconf 88' lang='lat' dir='ltr'>et</span> <span class='ocrx_word' id='word_1_154' title='bbox 538 1651 621 1685; x_wconf 90' lang='lat' dir='ltr'>idem</span> <span class='ocrx_word' id='word_1_155' title='bbox 637 1651 692 1684; x_wconf 82' lang='lat' dir='ltr'>siat</span> <span class='ocrx_word' id='word_1_156' title='bbox 708 1651 747 1684; x_wconf 90' lang='lat' dir='ltr'>de</span> <span class='ocrx_word' id='word_1_157' title='bbox 764 1650 887 1684; x_wconf 82' lang='lat' dir='ltr'>famulis</span> <span class='ocrx_word' id='word_1_158' title='bbox 905 1656 936 1684; x_wconf 91' lang='lat' dir='ltr'>et</span> <span class='ocrx_word' id='word_1_159' title='bbox 952 1651 1056 1695; x_wconf 76' lang='lat' dir='ltr'>equis3</span> 
     </span>
     <span class='ocr_line' id='line_1_30' title="bbox 316 1704 1056 1751; baseline -0.004 -11"><span class='ocrx_word' id='word_1_160' title='bbox 316 1716 379 1751; x_wconf 88' lang='lat' dir='ltr'>quo</span> <span class='ocrx_word' id='word_1_161' title='bbox 403 1711 517 1747; x_wconf 82' lang='lat' dir='ltr'>taxato,</span> <span class='ocrx_word' id='word_1_162' title='bbox 541 1715 606 1739; x_wconf 93' lang='lat' dir='ltr'>non</span> <span class='ocrx_word' id='word_1_163' title='bbox 629 1704 736 1738; x_wconf 86' lang='lat' dir='ltr'>licebit</span> <span class='ocrx_word' id='word_1_164' title='bbox 759 1704 924 1738; x_wconf 88' lang='lat' dir='ltr'>abbatibus</span> <span class='ocrx_word' id='word_1_165' title='bbox 939 1715 1056 1738; x_wconf 88' lang='lat' dir='ltr'>nume-</span> 
     </span>
     <span class='ocr_line' id='line_1_31' title="bbox 316 1759 1053 1803; baseline -0.004 -8"><span class='ocrx_word' id='word_1_166' title='bbox 316 1771 388 1795; x_wconf 90' lang='lat' dir='ltr'>rum</span> <span class='ocrx_word' id='word_1_167' title='bbox 415 1759 510 1793; x_wconf 87' lang='lat' dir='ltr'>etiam</span> <span class='ocrx_word' id='word_1_168' title='bbox 541 1759 733 1793; x_wconf 87' lang='lat' dir='ltr'>famulorum</span> <span class='ocrx_word' id='word_1_169' title='bbox 759 1763 789 1792; x_wconf 88' lang='lat' dir='ltr'>et</span> <span class='ocrx_word' id='word_1_170' title='bbox 814 1769 970 1803; x_wconf 88' lang='lat' dir='ltr'>equorum</span> <span class='ocrx_word' id='word_1_171' title='bbox 995 1770 1053 1792; x_wconf 88' lang='lat' dir='ltr'>au-</span> 
     </span>
     <span class='ocr_line' id='line_1_32' title="bbox 316 1812 1056 1858; baseline -0.003 -10"><span class='ocrx_word' id='word_1_172' title='bbox 316 1824 402 1858; x_wconf 86' lang='lat' dir='ltr'>gere,</span> <span class='ocrx_word' id='word_1_173' title='bbox 422 1813 479 1847; x_wconf 91' lang='lat' dir='ltr'>sub</span> <span class='ocrx_word' id='word_1_174' title='bbox 496 1812 608 1857; x_wconf 88' lang='lat' dir='ltr'>poenis</span> <span class='ocrx_word' id='word_1_175' title='bbox 630 1812 790 1857; x_wconf 85' lang='lat' dir='ltr'>expressis</span> <span class='ocrx_word' id='word_1_176' title='bbox 812 1812 843 1846; x_wconf 93' lang='lat' dir='ltr'>in</span> <span class='ocrx_word' id='word_1_177' title='bbox 868 1813 1056 1857; x_wconf 85' lang='lat' dir='ltr'>supradictis</span> 
     </span>
     <span class='ocr_line' id='line_1_33' title="bbox 317 1866 461 1901; baseline -0.014 0"><span class='ocrx_word' id='word_1_178' title='bbox 317 1866 461 1901; x_wconf 88' lang='lat' dir='ltr'>decretis.</span> 
     </span>
    </p>

    <p class='ocr_par' dir='ltr' id='par_1_9' title="bbox 315 1919 1060 2338">
     <span class='ocr_line' id='line_1_34' title="bbox 361 1919 1058 1963; baseline -0.003 -9"><span class='ocrx_word' id='word_1_179' title='bbox 361 1920 509 1963; x_wconf 85' lang='lat' dir='ltr'>Erigatur</span> <span class='ocrx_word' id='word_1_180' title='bbox 540 1919 572 1952; x_wconf 89' lang='lat' dir='ltr'>in</span> <span class='ocrx_word' id='word_1_181' title='bbox 596 1919 788 1953; x_wconf 90' lang='lat' dir='ltr'>monasterio</span> <span class='ocrx_word' id='word_1_182' title='bbox 823 1919 1001 1963; x_wconf 84' lang='lat' dir='ltr'>deputando</span> <span class='ocrx_word' id='word_1_183' title='bbox 1026 1920 1058 1953; x_wconf 88' lang='lat' dir='ltr'>in</span> 
     </span>
     <span class='ocr_line' id='line_1_35' title="bbox 315 1972 1057 2019; baseline -0.004 -11"><span class='ocrx_word' id='word_1_184' title='bbox 315 1974 461 2019; x_wconf 85' lang='lat' dir='ltr'>proximo</span> <span class='ocrx_word' id='word_1_185' title='bbox 478 1973 617 2017; x_wconf 86' lang='lat' dir='ltr'>capitulo</span> <span class='ocrx_word' id='word_1_186' title='bbox 640 1972 725 2006; x_wconf 82' lang='lat' dir='ltr'>aliud</span> <span class='ocrx_word' id='word_1_187' title='bbox 742 1972 911 2016; x_wconf 81' lang='lat' dir='ltr'>collegium</span> <span class='ocrx_word' id='word_1_188' title='bbox 936 1972 967 2005; x_wconf 95' lang='lat' dir='ltr'>in</span> <span class='ocrx_word' id='word_1_189' title='bbox 984 1983 1057 2016; x_wconf 90' lang='lat' dir='ltr'>pro-</span> 
     </span>
     <span class='ocr_line' id='line_1_36' title="bbox 319 2025 1059 2070; baseline -0.004 -9"><span class='ocrx_word' id='word_1_190' title='bbox 319 2027 419 2061; x_wconf 77' lang='lat' dir='ltr'>vincia</span> <span class='ocrx_word' id='word_1_191' title='bbox 441 2026 658 2067; x_wconf 84' lang='lat' dir='ltr'>Lombardiae,</span> <span class='ocrx_word' id='word_1_192' title='bbox 677 2026 709 2059; x_wconf 90' lang='lat' dir='ltr'>in</span> <span class='ocrx_word' id='word_1_193' title='bbox 726 2036 788 2070; x_wconf 90' lang='lat' dir='ltr'>quo</span> <span class='ocrx_word' id='word_1_194' title='bbox 808 2025 983 2058; x_wconf 87' lang='lat' dir='ltr'>habeantur</span> <span class='ocrx_word' id='word_1_195' title='bbox 1003 2027 1059 2058; x_wconf 87' lang='lat' dir='ltr'>sal-</span> 
     </span>
     <span class='ocr_line' id='line_1_37' title="bbox 317 2079 1060 2124; baseline -0.003 -9"><span class='ocrx_word' id='word_1_196' title='bbox 317 2086 380 2115; x_wconf 91' lang='lat' dir='ltr'>tem</span> <span class='ocrx_word' id='word_1_197' title='bbox 405 2081 514 2115; x_wconf 87' lang='lat' dir='ltr'>decem</span> <span class='ocrx_word' id='word_1_198' title='bbox 539 2080 719 2124; x_wconf 88' lang='lat' dir='ltr'>collegiales</span> <span class='ocrx_word' id='word_1_199' title='bbox 743 2085 773 2112; x_wconf 89' lang='lat' dir='ltr'>et</span> <span class='ocrx_word' id='word_1_200' title='bbox 797 2079 906 2112; x_wconf 91' lang='lat' dir='ltr'>decem</span> <span class='ocrx_word' id='word_1_201' title='bbox 928 2079 979 2112; x_wconf 89' lang='lat' dir='ltr'>alii</span> <span class='ocrx_word' id='word_1_202' title='bbox 998 2080 1060 2113; x_wconf 89' lang='lat' dir='ltr'>col·</span> 
     </span>
     <span class='ocr_line' id='line_1_38' title="bbox 317 2133 1059 2179; baseline -0.004 -11"><span class='ocrx_word' id='word_1_203' title='bbox 317 2135 447 2179; x_wconf 82' lang='lat' dir='ltr'>legiales</span> <span class='ocrx_word' id='word_1_204' title='bbox 464 2134 658 2168; x_wconf 82' lang='lat' dir='ltr'>retineantur</span> <span class='ocrx_word' id='word_1_205' title='bbox 674 2144 734 2178; x_wconf 92' lang='lat' dir='ltr'>pro</span> <span class='ocrx_word' id='word_1_206' title='bbox 754 2133 916 2177; x_wconf 76' lang='lat' dir='ltr'>provincia</span> <span class='ocrx_word' id='word_1_207' title='bbox 930 2133 1059 2166; x_wconf 85' lang='lat' dir='ltr'>Tusciae</span> 
     </span>
     <span class='ocr_line' id='line_1_39' title="bbox 318 2186 1058 2231; baseline -0.004 -10"><span class='ocrx_word' id='word_1_208' title='bbox 318 2188 351 2221; x_wconf 89' lang='lat' dir='ltr'>in</span> <span class='ocrx_word' id='word_1_209' title='bbox 378 2197 442 2221; x_wconf 91' lang='lat' dir='ltr'>uno</span> <span class='ocrx_word' id='word_1_210' title='bbox 470 2187 519 2220; x_wconf 77' lang='lat' dir='ltr'>vel</span> <span class='ocrx_word' id='word_1_211' title='bbox 548 2187 694 2231; x_wconf 90' lang='lat' dir='ltr'>pluribus</span> <span class='ocrx_word' id='word_1_212' title='bbox 719 2186 877 2229; x_wconf 78' lang='lat' dir='ltr'>collegiis:</span> <span class='ocrx_word' id='word_1_213' title='bbox 903 2186 942 2218; x_wconf 87' lang='lat' dir='ltr'>ad</span> <span class='ocrx_word' id='word_1_214' title='bbox 966 2197 1058 2230; x_wconf 89' lang='lat' dir='ltr'>quem</span> 
     </span>
     <span class='ocr_line' id='line_1_40' title="bbox 319 2239 1059 2284; baseline -0.004 -9"><span class='ocrx_word' id='word_1_215' title='bbox 319 2241 466 2275; x_wconf 86' lang='lat' dir='ltr'>effectum</span> <span class='ocrx_word' id='word_1_216' title='bbox 490 2240 602 2274; x_wconf 89' lang='lat' dir='ltr'>debeat</span> <span class='ocrx_word' id='word_1_217' title='bbox 618 2241 650 2273; x_wconf 90' lang='lat' dir='ltr'>in</span> <span class='ocrx_word' id='word_1_218' title='bbox 670 2240 777 2273; x_wconf 82' lang='lat' dir='ltr'>futuro</span> <span class='ocrx_word' id='word_1_219' title='bbox 797 2239 932 2284; x_wconf 86' lang='lat' dir='ltr'>capitulo</span> <span class='ocrx_word' id='word_1_220' title='bbox 961 2249 1059 2272; x_wconf 88' lang='lat' dir='ltr'>unum</span> 
     </span>
     <span class='ocr_line' id='line_1_41' title="bbox 319 2285 1060 2338; baseline -0.004 -9"><span class='ocrx_word' id='word_1_221' title='bbox 319 2296 367 2329; x_wconf 86' lang='lat' dir='ltr'>vel</span> <span class='ocrx_word' id='word_1_222' title='bbox 391 2285 525 2334; x_wconf 82' lang='lat' dir='ltr'>alterum</span> <span class='ocrx_word' id='word_1_223' title='bbox 549 2295 776 2328; x_wconf 87' lang='lat' dir='ltr'>monasterium</span> <span class='ocrx_word' id='word_1_224' title='bbox 800 2293 953 2338; x_wconf 88' lang='lat' dir='ltr'>deputari.</span> <span class='ocrx_word' id='word_1_225' title='bbox 971 2294 1060 2327; x_wconf 72' lang='lat' dir='ltr'>Nori-</span> 
     </span>
    </p>
   </div>
   <div class='ocr_carea' id='block_1_8' title="bbox 319 2347 1077 2393">
    <p class='ocr_par' dir='ltr' id='par_1_10' title="bbox 319 2347 1077 2393">
     <span class='ocr_line' id='line_1_42' title="bbox 319 2347 1077 2393; baseline -0.004 -11"><span class='ocrx_word' id='word_1_226' title='bbox 319 2349 354 2383; x_wconf 93' lang='lat' dir='ltr'>tii</span> <span class='ocrx_word' id='word_1_227' title='bbox 370 2359 433 2383; x_wconf 93' lang='lat' dir='ltr'>non</span> <span class='ocrx_word' id='word_1_228' title='bbox 452 2348 645 2393; x_wconf 88' lang='lat' dir='ltr'>recipiantur</span> <span class='ocrx_word' id='word_1_229' title='bbox 668 2348 877 2392; x_wconf 78' lang='lat' dir='ltr'>imposterum</span> <span class='ocrx_word' id='word_1_230' title='bbox 901 2347 961 2380; x_wconf 90' lang='lat' dir='ltr'>nisi</span> <span class='ocrx_word' id='word_1_231' title='bbox 987 2353 1077 2381; x_wconf 62' lang='lat' dir='ltr'>tem-y</span> 
     </span>
    </p>
   </div>
   <div class='ocr_carea' id='block_1_9' title="bbox 319 2402 1061 2662">
    <p class='ocr_par' dir='ltr' id='par_1_11' title="bbox 319 2402 1061 2662">
     <span class='ocr_line' id='line_1_43' title="bbox 319 2402 1059 2448; baseline -0.001 -11"><span class='ocrx_word' id='word_1_232' title='bbox 319 2413 398 2448; x_wconf 89' lang='lat' dir='ltr'>pore</span> <span class='ocrx_word' id='word_1_233' title='bbox 409 2403 630 2437; x_wconf 82' lang='lat' dir='ltr'>celebrationis</span> <span class='ocrx_word' id='word_1_234' title='bbox 644 2402 772 2447; x_wconf 90' lang='lat' dir='ltr'>capituli</span> <span class='ocrx_word' id='word_1_235' title='bbox 786 2403 817 2435; x_wconf 90' lang='lat' dir='ltr'>in</span> <span class='ocrx_word' id='word_1_236' title='bbox 831 2403 899 2446; x_wconf 90' lang='lat' dir='ltr'>ipso</span> <span class='ocrx_word' id='word_1_237' title='bbox 913 2402 1059 2446; x_wconf 85' lang='lat' dir='ltr'>capitulo,</span> 
     </span>
     <span class='ocr_line' id='line_1_44' title="bbox 319 2456 1059 2501; baseline -0.003 -10"><span class='ocrx_word' id='word_1_238' title='bbox 319 2461 368 2499; x_wconf 86' lang='lat' dir='ltr'>et,</span> <span class='ocrx_word' id='word_1_239' title='bbox 392 2457 576 2501; x_wconf 87' lang='lat' dir='ltr'>priusquam</span> <span class='ocrx_word' id='word_1_240' title='bbox 600 2456 804 2490; x_wconf 82' lang='lat' dir='ltr'>admittantur</span> <span class='ocrx_word' id='word_1_241' title='bbox 833 2456 872 2490; x_wconf 90' lang='lat' dir='ltr'>ad</span> <span class='ocrx_word' id='word_1_242' title='bbox 896 2456 1059 2497; x_wconf 88' lang='lat' dir='ltr'>habitum,</span> 
     </span>
     <span class='ocr_line' id='line_1_45' title="bbox 319 2509 1060 2553; baseline -0.001 -9"><span class='ocrx_word' id='word_1_243' title='bbox 319 2510 452 2545; x_wconf 88' lang='lat' dir='ltr'>debeant</span> <span class='ocrx_word' id='word_1_244' title='bbox 471 2510 601 2544; x_wconf 90' lang='lat' dir='ltr'>omnino</span> <span class='ocrx_word' id='word_1_245' title='bbox 625 2509 741 2553; x_wconf 88' lang='lat' dir='ltr'>degere</span> <span class='ocrx_word' id='word_1_246' title='bbox 757 2509 789 2542; x_wconf 90' lang='lat' dir='ltr'>in</span> <span class='ocrx_word' id='word_1_247' title='bbox 802 2509 910 2542; x_wconf 86' lang='lat' dir='ltr'>habitu</span> <span class='ocrx_word' id='word_1_248' title='bbox 926 2510 1060 2543; x_wconf 89' lang='lat' dir='ltr'>seculari</span> 
     </span>
     <span class='ocr_line' id='line_1_46' title="bbox 319 2563 1061 2610; baseline -0.003 -11"><span class='ocrx_word' id='word_1_249' title='bbox 319 2575 378 2610; x_wconf 85' lang='lat' dir='ltr'>per</span> <span class='ocrx_word' id='word_1_250' title='bbox 401 2564 480 2598; x_wconf 92' lang='lat' dir='ltr'>duos</span> <span class='ocrx_word' id='word_1_251' title='bbox 503 2574 628 2598; x_wconf 88' lang='lat' dir='ltr'>menses</span> <span class='ocrx_word' id='word_1_252' title='bbox 651 2564 684 2597; x_wconf 90' lang='lat' dir='ltr'>in</span> <span class='ocrx_word' id='word_1_253' title='bbox 708 2563 900 2598; x_wconf 84' lang='lat' dir='ltr'>monasterio</span> <span class='ocrx_word' id='word_1_254' title='bbox 925 2563 982 2596; x_wconf 87' lang='lat' dir='ltr'>sub</span> <span class='ocrx_word' id='word_1_255' title='bbox 1011 2574 1061 2597; x_wconf 89' lang='lat' dir='ltr'>re-</span> 
     </span>
     <span class='ocr_line' id='line_1_47' title="bbox 319 2617 1061 2662; baseline 0 -10"><span class='ocrx_word' id='word_1_256' title='bbox 319 2618 422 2662; x_wconf 85' lang='lat' dir='ltr'>gulari</span> <span class='ocrx_word' id='word_1_257' title='bbox 434 2618 641 2653; x_wconf 79' lang='lat' dir='ltr'>observantia.</span> <span class='ocrx_word' id='word_1_258' title='bbox 654 2618 742 2653; x_wconf 85' lang='lat' dir='ltr'>Circa</span> <span class='ocrx_word' id='word_1_259' title='bbox 755 2617 969 2662; x_wconf 88' lang='lat' dir='ltr'>receptionem</span> <span class='ocrx_word' id='word_1_260' title='bbox 986 2628 1061 2652; x_wconf 90' lang='lat' dir='ltr'>vero</span> 
     </span>
    </p>
   </div>
   <div class='ocr_carea' id='block_1_10' title="bbox 1069 269 1080 2655">
    <p class='ocr_par' dir='ltr' id='par_1_12' title="bbox 1069 269 1080 2655">
     <span class='ocr_line' id='line_1_48' title="bbox 1069 269 1080 2655; baseline 0 0"><span class='ocrx_word' id='word_1_261' title='bbox 1069 269 1080 2655; x_wconf 95' lang='lat' dir='ltr'> </span> 
     </span>
    </p>
   </div>
   <div class='ocr_carea' id='block_1_11' title="bbox 1085 259 1835 2661">
    <p class='ocr_par' dir='ltr' id='par_1_13' title="bbox 1085 259 1826 456">
     <span class='ocr_line' id='line_1_49' title="bbox 1085 259 1826 306; baseline -0.001 -11"><span class='ocrx_word' id='word_1_262' title='bbox 1085 265 1115 296; x_wconf 90' lang='lat' dir='ltr'>et</span> <span class='ocrx_word' id='word_1_263' title='bbox 1131 260 1296 306; x_wconf 83' lang='lat' dir='ltr'>qualitates</span> <span class='ocrx_word' id='word_1_264' title='bbox 1312 260 1498 295; x_wconf 86' lang='lat' dir='ltr'>eorumdem</span> <span class='ocrx_word' id='word_1_265' title='bbox 1520 265 1683 294; x_wconf 86' lang='lat' dir='ltr'>serventur</span> <span class='ocrx_word' id='word_1_266' title='bbox 1701 259 1826 294; x_wconf 87' lang='lat' dir='ltr'>decreta</span> 
     </span>
     <span class='ocr_line' id='line_1_50' title="bbox 1085 313 1826 359; baseline -0.001 -11"><span class='ocrx_word' id='word_1_267' title='bbox 1085 315 1252 349; x_wconf 88' lang='lat' dir='ltr'>Clementis</span> <span class='ocrx_word' id='word_1_268' title='bbox 1262 315 1338 357; x_wconf 70' lang='lat' dir='ltr'>wll,</span> <span class='ocrx_word' id='word_1_269' title='bbox 1348 320 1378 349; x_wconf 89' lang='lat' dir='ltr'>et</span> <span class='ocrx_word' id='word_1_270' title='bbox 1393 315 1600 350; x_wconf 83' lang='lat' dir='ltr'>constituatur</span> <span class='ocrx_word' id='word_1_271' title='bbox 1613 313 1741 348; x_wconf 88' lang='lat' dir='ltr'>omnino</span> <span class='ocrx_word' id='word_1_272' title='bbox 1755 324 1826 359; x_wconf 85' lang='lat' dir='ltr'>pro-</span> 
     </span>
     <span class='ocr_line' id='line_1_51' title="bbox 1086 368 1822 413; baseline -0.001 -11"><span class='ocrx_word' id='word_1_273' title='bbox 1086 370 1264 410; x_wconf 81' lang='lat' dir='ltr'>sessorium,</span> <span class='ocrx_word' id='word_1_274' title='bbox 1289 370 1320 402; x_wconf 87' lang='lat' dir='ltr'>in</span> <span class='ocrx_word' id='word_1_275' title='bbox 1349 380 1411 413; x_wconf 84' lang='lat' dir='ltr'>quo</span> <span class='ocrx_word' id='word_1_276' title='bbox 1439 370 1558 413; x_wconf 87' lang='lat' dir='ltr'>pariter</span> <span class='ocrx_word' id='word_1_277' title='bbox 1586 373 1750 403; x_wconf 88' lang='lat' dir='ltr'>serventur</span> <span class='ocrx_word' id='word_1_278' title='bbox 1766 368 1822 401; x_wconf 77' lang='lat' dir='ltr'>de-</span> 
     </span>
     <span class='ocr_line' id='line_1_52' title="bbox 1086 422 1539 456; baseline 0 -1"><span class='ocrx_word' id='word_1_279' title='bbox 1086 428 1171 455; x_wconf 89' lang='lat' dir='ltr'>creta</span> <span class='ocrx_word' id='word_1_280' title='bbox 1197 422 1338 455; x_wconf 83' lang='lat' dir='ltr'>eiusdem</span> <span class='ocrx_word' id='word_1_281' title='bbox 1362 423 1539 456; x_wconf 87' lang='lat' dir='ltr'>Clementis.</span> 
     </span>
    </p>

    <p class='ocr_par' dir='ltr' id='par_1_14' title="bbox 1087 476 1834 2066">
     <span class='ocr_line' id='line_1_53' title="bbox 1130 476 1826 511; baseline 0.001 -3"><span class='ocrx_word' id='word_1_282' title='bbox 1130 476 1190 508; x_wconf 88' lang='lat' dir='ltr'>Pro</span> <span class='ocrx_word' id='word_1_283' title='bbox 1215 477 1439 510; x_wconf 81' lang='lat' dir='ltr'>sustentatione</span> <span class='ocrx_word' id='word_1_284' title='bbox 1464 477 1692 511; x_wconf 85' lang='lat' dir='ltr'>monachorum</span> <span class='ocrx_word' id='word_1_285' title='bbox 1716 486 1826 509; x_wconf 86' lang='lat' dir='ltr'>mona-</span> 
     </span>
     <span class='ocr_line' id='line_1_54' title="bbox 1087 528 1825 571; baseline 0 -10"><span class='ocrx_word' id='word_1_286' title='bbox 1087 528 1175 561; x_wconf 85' lang='lat' dir='ltr'>sterii</span> <span class='ocrx_word' id='word_1_287' title='bbox 1200 532 1229 562; x_wconf 88' lang='lat' dir='ltr'>et</span> <span class='ocrx_word' id='word_1_288' title='bbox 1254 529 1378 571; x_wconf 81' lang='lat' dir='ltr'>collegii</span> <span class='ocrx_word' id='word_1_289' title='bbox 1397 530 1425 562; x_wconf 74' lang='lat' dir='ltr'>S.</span> <span class='ocrx_word' id='word_1_290' title='bbox 1443 530 1549 563; x_wconf 82' lang='lat' dir='ltr'>Crucis</span> <span class='ocrx_word' id='word_1_291' title='bbox 1574 530 1604 563; x_wconf 90' lang='lat' dir='ltr'>in</span> <span class='ocrx_word' id='word_1_292' title='bbox 1630 529 1825 563; x_wconf 85' lang='lat' dir='ltr'>Hierusalem</span> 
     </span>
     <span class='ocr_line' id='line_1_55' title="bbox 1087 581 1827 622; baseline 0.003 -8"><span class='ocrx_word' id='word_1_293' title='bbox 1087 582 1125 614; x_wconf 85' lang='lat' dir='ltr'>de</span> <span class='ocrx_word' id='word_1_294' title='bbox 1151 581 1255 622; x_wconf 73' lang='lat' dir='ltr'>Urbe,</span> <span class='ocrx_word' id='word_1_295' title='bbox 1283 586 1314 614; x_wconf 90' lang='lat' dir='ltr'>et</span> <span class='ocrx_word' id='word_1_296' title='bbox 1337 583 1406 615; x_wconf 82' lang='lat' dir='ltr'>aliis</span> <span class='ocrx_word' id='word_1_297' title='bbox 1437 583 1596 615; x_wconf 85' lang='lat' dir='ltr'>nonnullis</span> <span class='ocrx_word' id='word_1_298' title='bbox 1625 583 1775 616; x_wconf 88' lang='lat' dir='ltr'>oneribus</span> <span class='ocrx_word' id='word_1_299' title='bbox 1799 587 1827 616; x_wconf 89' lang='lat' dir='ltr'>ct</span> 
     </span>
     <span class='ocr_line' id='line_1_56' title="bbox 1087 635 1827 678; baseline 0.004 -11"><span class='ocrx_word' id='word_1_300' title='bbox 1087 635 1231 678; x_wconf 81' lang='lat' dir='ltr'>expensis</span> <span class='ocrx_word' id='word_1_301' title='bbox 1248 645 1327 678; x_wconf 84' lang='lat' dir='ltr'>quae</span> <span class='ocrx_word' id='word_1_302' title='bbox 1346 635 1376 668; x_wconf 90' lang='lat' dir='ltr'>in</span> <span class='ocrx_word' id='word_1_303' title='bbox 1394 636 1476 668; x_wconf 82' lang='lat' dir='ltr'>Urbe</span> <span class='ocrx_word' id='word_1_304' title='bbox 1498 642 1730 670; x_wconf 74' lang='lat' dir='ltr'>consueverunt</span> <span class='ocrx_word' id='word_1_305' title='bbox 1758 636 1827 670; x_wconf 87' lang='lat' dir='ltr'>fieri</span> 
     </span>
     <span class='ocr_line' id='line_1_57' title="bbox 1088 688 1828 734; baseline 0.003 -13"><span class='ocrx_word' id='word_1_306' title='bbox 1088 699 1146 732; x_wconf 88' lang='lat' dir='ltr'>pro</span> <span class='ocrx_word' id='word_1_307' title='bbox 1170 688 1333 732; x_wconf 76' lang='lat' dir='ltr'>provincia</span> <span class='ocrx_word' id='word_1_308' title='bbox 1363 689 1569 722; x_wconf 84' lang='lat' dir='ltr'>Lombardiae</span> <span class='ocrx_word' id='word_1_309' title='bbox 1597 690 1635 723; x_wconf 89' lang='lat' dir='ltr'>de</span> <span class='ocrx_word' id='word_1_310' title='bbox 1660 690 1773 734; x_wconf 88' lang='lat' dir='ltr'>quibus</span> <span class='ocrx_word' id='word_1_311' title='bbox 1798 691 1828 723; x_wconf 90' lang='lat' dir='ltr'>in</span> 
     </span>
     <span class='ocr_line' id='line_1_58' title="bbox 1089 741 1828 785; baseline 0.003 -11"><span class='ocrx_word' id='word_1_312' title='bbox 1089 741 1237 774; x_wconf 73' lang='lat' dir='ltr'>schedula</span> <span class='ocrx_word' id='word_1_313' title='bbox 1262 752 1318 785; x_wconf 89' lang='lat' dir='ltr'>per</span> <span class='ocrx_word' id='word_1_314' title='bbox 1342 742 1518 785; x_wconf 85' lang='lat' dir='ltr'>praesidem</span> <span class='ocrx_word' id='word_1_315' title='bbox 1545 748 1574 775; x_wconf 87' lang='lat' dir='ltr'>et</span> <span class='ocrx_word' id='word_1_316' title='bbox 1599 743 1744 776; x_wconf 85' lang='lat' dir='ltr'>abbatem</span> <span class='ocrx_word' id='word_1_317' title='bbox 1762 754 1828 776; x_wconf 88' lang='lat' dir='ltr'>san-</span> 
     </span>
     <span class='ocr_line' id='line_1_59' title="bbox 1089 795 1830 839; baseline 0.004 -12"><span class='ocrx_word' id='word_1_318' title='bbox 1089 800 1156 828; x_wconf 87' lang='lat' dir='ltr'>ctae</span> <span class='ocrx_word' id='word_1_319' title='bbox 1180 795 1288 828; x_wconf 83' lang='lat' dir='ltr'>Crucis</span> <span class='ocrx_word' id='word_1_320' title='bbox 1308 795 1495 839; x_wconf 74' lang='lat' dir='ltr'>subscripta,</span> <span class='ocrx_word' id='word_1_321' title='bbox 1513 796 1712 839; x_wconf 80' lang='lat' dir='ltr'>assignentur</span> <span class='ocrx_word' id='word_1_322' title='bbox 1729 797 1830 830; x_wconf 87' lang='lat' dir='ltr'>reddi-</span> 
     </span>
     <span class='ocr_line' id='line_1_60' title="bbox 1089 848 1829 892; baseline 0.004 -12"><span class='ocrx_word' id='word_1_323' title='bbox 1089 853 1139 881; x_wconf 88' lang='lat' dir='ltr'>tus</span> <span class='ocrx_word' id='word_1_324' title='bbox 1162 848 1319 881; x_wconf 87' lang='lat' dir='ltr'>bonorum</span> <span class='ocrx_word' id='word_1_325' title='bbox 1343 848 1381 881; x_wconf 91' lang='lat' dir='ltr'>dc</span> <span class='ocrx_word' id='word_1_326' title='bbox 1405 848 1515 888; x_wconf 75' lang='lat' dir='ltr'>Viono,</span> <span class='ocrx_word' id='word_1_327' title='bbox 1536 860 1672 892; x_wconf 89' lang='lat' dir='ltr'>quorum</span> <span class='ocrx_word' id='word_1_328' title='bbox 1697 850 1829 883; x_wconf 88' lang='lat' dir='ltr'>admini-</span> 
     </span>
     <span class='ocr_line' id='line_1_61' title="bbox 1089 900 1830 945; baseline 0.004 -12"><span class='ocrx_word' id='word_1_329' title='bbox 1089 902 1198 934; x_wconf 86' lang='lat' dir='ltr'>stratio</span> <span class='ocrx_word' id='word_1_330' title='bbox 1214 900 1252 934; x_wconf 87' lang='lat' dir='ltr'>ad</span> <span class='ocrx_word' id='word_1_331' title='bbox 1272 901 1415 933; x_wconf 86' lang='lat' dir='ltr'>abbatem</span> <span class='ocrx_word' id='word_1_332' title='bbox 1433 912 1492 944; x_wconf 92' lang='lat' dir='ltr'>pro</span> <span class='ocrx_word' id='word_1_333' title='bbox 1507 906 1648 945; x_wconf 89' lang='lat' dir='ltr'>tempore</span> <span class='ocrx_word' id='word_1_334' title='bbox 1665 902 1694 935; x_wconf 81' lang='lat' dir='ltr'>S.</span> <span class='ocrx_word' id='word_1_335' title='bbox 1714 903 1830 943; x_wconf 77' lang='lat' dir='ltr'>Crucis,</span> 
     </span>
     <span class='ocr_line' id='line_1_62' title="bbox 1090 954 1831 999; baseline 0.003 -12"><span class='ocrx_word' id='word_1_336' title='bbox 1090 955 1137 987; x_wconf 75' lang='lat' dir='ltr'>vel</span> <span class='ocrx_word' id='word_1_337' title='bbox 1159 954 1199 987; x_wconf 88' lang='lat' dir='ltr'>ad</span> <span class='ocrx_word' id='word_1_338' title='bbox 1222 965 1276 987; x_wconf 91' lang='lat' dir='ltr'>eos</span> <span class='ocrx_word' id='word_1_339' title='bbox 1294 954 1347 999; x_wconf 89' lang='lat' dir='ltr'>qui</span> <span class='ocrx_word' id='word_1_340' title='bbox 1364 954 1466 987; x_wconf 86' lang='lat' dir='ltr'>eidem</span> <span class='ocrx_word' id='word_1_341' title='bbox 1484 954 1586 987; x_wconf 91' lang='lat' dir='ltr'>abbati</span> <span class='ocrx_word' id='word_1_342' title='bbox 1604 955 1742 988; x_wconf 86' lang='lat' dir='ltr'>benevisi</span> <span class='ocrx_word' id='word_1_343' title='bbox 1769 956 1831 989; x_wconf 85' lang='lat' dir='ltr'>suc-</span> 
     </span>
     <span class='ocr_line' id='line_1_63' title="bbox 1089 1008 1832 1053; baseline 0.003 -12"><span class='ocrx_word' id='word_1_344' title='bbox 1089 1008 1162 1049; x_wconf 90' lang='lat' dir='ltr'>rint,</span> <span class='ocrx_word' id='word_1_345' title='bbox 1176 1008 1338 1053; x_wconf 84' lang='lat' dir='ltr'>spectabit,</span> <span class='ocrx_word' id='word_1_346' title='bbox 1351 1008 1501 1051; x_wconf 84' lang='lat' dir='ltr'>quamdiu</span> <span class='ocrx_word' id='word_1_347' title='bbox 1514 1008 1682 1051; x_wconf 85' lang='lat' dir='ltr'>collegium</span> <span class='ocrx_word' id='word_1_348' title='bbox 1697 1009 1727 1041; x_wconf 90' lang='lat' dir='ltr'>in</span> <span class='ocrx_word' id='word_1_349' title='bbox 1743 1020 1832 1053; x_wconf 86' lang='lat' dir='ltr'>prae-</span> 
     </span>
     <span class='ocr_line' id='line_1_64' title="bbox 1090 1062 1828 1106; baseline 0 -10"><span class='ocrx_word' id='word_1_350' title='bbox 1090 1062 1173 1096; x_wconf 91' lang='lat' dir='ltr'>dicto</span> <span class='ocrx_word' id='word_1_351' title='bbox 1198 1063 1390 1095; x_wconf 85' lang='lat' dir='ltr'>monasterio</span> <span class='ocrx_word' id='word_1_352' title='bbox 1415 1062 1443 1095; x_wconf 80' lang='lat' dir='ltr'>S.</span> <span class='ocrx_word' id='word_1_353' title='bbox 1465 1062 1571 1096; x_wconf 87' lang='lat' dir='ltr'>Crucis</span> <span class='ocrx_word' id='word_1_354' title='bbox 1597 1063 1828 1106; x_wconf 80' lang='lat' dir='ltr'>perseverabit:</span> 
     </span>
     <span class='ocr_line' id='line_1_65' title="bbox 1091 1115 1832 1161; baseline 0.001 -12"><span class='ocrx_word' id='word_1_355' title='bbox 1091 1115 1176 1161; x_wconf 79' lang='lat' dir='ltr'>quod</span> <span class='ocrx_word' id='word_1_356' title='bbox 1189 1116 1214 1149; x_wconf 87' lang='lat' dir='ltr'>si</span> <span class='ocrx_word' id='word_1_357' title='bbox 1232 1116 1400 1159; x_wconf 84' lang='lat' dir='ltr'>collegium</span> <span class='ocrx_word' id='word_1_358' title='bbox 1421 1116 1482 1149; x_wconf 87' lang='lat' dir='ltr'>alio</span> <span class='ocrx_word' id='word_1_359' title='bbox 1500 1116 1673 1157; x_wconf 76' lang='lat' dir='ltr'>transferri,</span> <span class='ocrx_word' id='word_1_360' title='bbox 1690 1121 1743 1149; x_wconf 89' lang='lat' dir='ltr'>aut</span> <span class='ocrx_word' id='word_1_361' title='bbox 1758 1128 1832 1161; x_wconf 84' lang='lat' dir='ltr'>quo-</span> 
     </span>
     <span class='ocr_line' id='line_1_66' title="bbox 1091 1170 1833 1204; baseline 0.003 -2"><span class='ocrx_word' id='word_1_362' title='bbox 1091 1170 1136 1202; x_wconf 83' lang='lat' dir='ltr'>vis</span> <span class='ocrx_word' id='word_1_363' title='bbox 1152 1170 1247 1203; x_wconf 90' lang='lat' dir='ltr'>modo</span> <span class='ocrx_word' id='word_1_364' title='bbox 1268 1171 1299 1202; x_wconf 92' lang='lat' dir='ltr'>in</span> <span class='ocrx_word' id='word_1_365' title='bbox 1313 1170 1397 1203; x_wconf 85' lang='lat' dir='ltr'>dicto</span> <span class='ocrx_word' id='word_1_366' title='bbox 1412 1170 1602 1203; x_wconf 87' lang='lat' dir='ltr'>monasterio</span> <span class='ocrx_word' id='word_1_367' title='bbox 1620 1181 1744 1204; x_wconf 88' lang='lat' dir='ltr'>cessare</span> <span class='ocrx_word' id='word_1_368' title='bbox 1761 1181 1833 1204; x_wconf 90' lang='lat' dir='ltr'>con-</span> 
     </span>
     <span class='ocr_line' id='line_1_67' title="bbox 1091 1223 1832 1265; baseline 0.001 -9"><span class='ocrx_word' id='word_1_369' title='bbox 1091 1223 1216 1265; x_wconf 84' lang='lat' dir='ltr'>tigerit,</span> <span class='ocrx_word' id='word_1_370' title='bbox 1242 1228 1315 1256; x_wconf 83' lang='lat' dir='ltr'>tunc</span> <span class='ocrx_word' id='word_1_371' title='bbox 1340 1228 1370 1256; x_wconf 83' lang='lat' dir='ltr'>ct</span> <span class='ocrx_word' id='word_1_372' title='bbox 1394 1234 1431 1256; x_wconf 89' lang='lat' dir='ltr'>eo</span> <span class='ocrx_word' id='word_1_373' title='bbox 1455 1233 1529 1256; x_wconf 84' lang='lat' dir='ltr'>casu</span> <span class='ocrx_word' id='word_1_374' title='bbox 1554 1223 1695 1256; x_wconf 89' lang='lat' dir='ltr'>redditus</span> <span class='ocrx_word' id='word_1_375' title='bbox 1720 1229 1749 1257; x_wconf 88' lang='lat' dir='ltr'>et</span> <span class='ocrx_word' id='word_1_376' title='bbox 1778 1225 1832 1257; x_wconf 87' lang='lat' dir='ltr'>ad-</span> 
     </span>
     <span class='ocr_line' id='line_1_68' title="bbox 1091 1276 1830 1321; baseline 0.003 -13"><span class='ocrx_word' id='word_1_377' title='bbox 1091 1276 1279 1309; x_wconf 87' lang='lat' dir='ltr'>ministratio</span> <span class='ocrx_word' id='word_1_378' title='bbox 1293 1277 1450 1309; x_wconf 88' lang='lat' dir='ltr'>bonorum</span> <span class='ocrx_word' id='word_1_379' title='bbox 1468 1276 1506 1309; x_wconf 89' lang='lat' dir='ltr'>de</span> <span class='ocrx_word' id='word_1_380' title='bbox 1525 1276 1622 1309; x_wconf 68' lang='lat' dir='ltr'>Yiono</span> <span class='ocrx_word' id='word_1_381' title='bbox 1640 1276 1678 1309; x_wconf 88' lang='lat' dir='ltr'>ad</span> <span class='ocrx_word' id='word_1_382' title='bbox 1696 1287 1830 1321; x_wconf 76' lang='lat' dir='ltr'>capsam,</span> 
     </span>
     <span class='ocr_line' id='line_1_69' title="bbox 1090 1329 1833 1374; baseline 0.001 -12"><span class='ocrx_word' id='word_1_383' title='bbox 1090 1340 1185 1373; x_wconf 85' lang='lat' dir='ltr'>quam</span> <span class='ocrx_word' id='word_1_384' title='bbox 1209 1335 1321 1363; x_wconf 71' lang='lat' dir='ltr'>vocant</span> <span class='ocrx_word' id='word_1_385' title='bbox 1345 1329 1516 1372; x_wconf 75' lang='lat' dir='ltr'>triclarem,</span> <span class='ocrx_word' id='word_1_386' title='bbox 1536 1330 1722 1374; x_wconf 83' lang='lat' dir='ltr'>pertineant,</span> <span class='ocrx_word' id='word_1_387' title='bbox 1739 1336 1833 1374; x_wconf 89' lang='lat' dir='ltr'>prout</span> 
     </span>
     <span class='ocr_line' id='line_1_70' title="bbox 1091 1384 1832 1428; baseline 0.003 -12"><span class='ocrx_word' id='word_1_388' title='bbox 1091 1384 1241 1417; x_wconf 83' lang='lat' dir='ltr'>hactenus</span> <span class='ocrx_word' id='word_1_389' title='bbox 1258 1384 1498 1428; x_wconf 78' lang='lat' dir='ltr'>pertinuerunt;</span> <span class='ocrx_word' id='word_1_390' title='bbox 1517 1385 1766 1418; x_wconf 88' lang='lat' dir='ltr'>contributiones</span> <span class='ocrx_word' id='word_1_391' title='bbox 1783 1395 1832 1418; x_wconf 84' lang='lat' dir='ltr'>au-</span> 
     </span>
     <span class='ocr_line' id='line_1_71' title="bbox 1092 1438 1833 1481; baseline 0.001 -11"><span class='ocrx_word' id='word_1_392' title='bbox 1092 1441 1171 1478; x_wconf 89' lang='lat' dir='ltr'>tem,</span> <span class='ocrx_word' id='word_1_393' title='bbox 1196 1447 1254 1481; x_wconf 91' lang='lat' dir='ltr'>pro</span> <span class='ocrx_word' id='word_1_394' title='bbox 1279 1438 1404 1480; x_wconf 85' lang='lat' dir='ltr'>collegii</span> <span class='ocrx_word' id='word_1_395' title='bbox 1429 1438 1653 1471; x_wconf 85' lang='lat' dir='ltr'>sustentatione</span> <span class='ocrx_word' id='word_1_396' title='bbox 1677 1443 1833 1471; x_wconf 85' lang='lat' dir='ltr'>monaste-</span> 
     </span>
     <span class='ocr_line' id='line_1_72' title="bbox 1090 1490 1832 1535; baseline 0.003 -12"><span class='ocrx_word' id='word_1_397' title='bbox 1090 1490 1145 1523; x_wconf 90' lang='lat' dir='ltr'>riis</span> <span class='ocrx_word' id='word_1_398' title='bbox 1170 1491 1201 1523; x_wconf 89' lang='lat' dir='ltr'>in</span> <span class='ocrx_word' id='word_1_399' title='bbox 1225 1491 1371 1535; x_wconf 78' lang='lat' dir='ltr'>proximo</span> <span class='ocrx_word' id='word_1_400' title='bbox 1404 1491 1577 1535; x_wconf 82' lang='lat' dir='ltr'>praeterito</span> <span class='ocrx_word' id='word_1_401' title='bbox 1612 1492 1749 1535; x_wconf 86' lang='lat' dir='ltr'>capitulo</span> <span class='ocrx_word' id='word_1_402' title='bbox 1774 1491 1832 1525; x_wconf 91' lang='lat' dir='ltr'>im-</span> 
     </span>
     <span class='ocr_line' id='line_1_73' title="bbox 1090 1544 1833 1588; baseline 0.001 -11"><span class='ocrx_word' id='word_1_403' title='bbox 1090 1544 1222 1588; x_wconf 85' lang='lat' dir='ltr'>positae,</span> <span class='ocrx_word' id='word_1_404' title='bbox 1240 1544 1326 1588; x_wconf 87' lang='lat' dir='ltr'>ipsae</span> <span class='ocrx_word' id='word_1_405' title='bbox 1351 1554 1464 1588; x_wconf 87' lang='lat' dir='ltr'>capsae</span> <span class='ocrx_word' id='word_1_406' title='bbox 1489 1544 1743 1587; x_wconf 85' lang='lat' dir='ltr'>congregationis</span> <span class='ocrx_word' id='word_1_407' title='bbox 1760 1555 1833 1588; x_wconf 86' lang='lat' dir='ltr'>per-</span> 
     </span>
     <span class='ocr_line' id='line_1_74' title="bbox 1091 1599 1832 1643; baseline 0.001 -12"><span class='ocrx_word' id='word_1_408' title='bbox 1091 1599 1261 1639; x_wconf 72' lang='lat' dir='ltr'>solvantur,</span> <span class='ocrx_word' id='word_1_409' title='bbox 1277 1599 1429 1643; x_wconf 87' lang='lat' dir='ltr'>quamdiu</span> <span class='ocrx_word' id='word_1_410' title='bbox 1445 1599 1585 1632; x_wconf 88' lang='lat' dir='ltr'>redditus</span> <span class='ocrx_word' id='word_1_411' title='bbox 1598 1599 1832 1643; x_wconf 89' lang='lat' dir='ltr'>praedictorum</span> 
     </span>
     <span class='ocr_line' id='line_1_75' title="bbox 1090 1653 1833 1696; baseline 0.003 -11"><span class='ocrx_word' id='word_1_412' title='bbox 1090 1653 1248 1686; x_wconf 87' lang='lat' dir='ltr'>bonorum</span> <span class='ocrx_word' id='word_1_413' title='bbox 1272 1653 1310 1686; x_wconf 87' lang='lat' dir='ltr'>de</span> <span class='ocrx_word' id='word_1_414' title='bbox 1335 1654 1433 1687; x_wconf 67' lang='lat' dir='ltr'>Viono</span> <span class='ocrx_word' id='word_1_415' title='bbox 1459 1653 1582 1696; x_wconf 87' lang='lat' dir='ltr'>collegii</span> <span class='ocrx_word' id='word_1_416' title='bbox 1617 1653 1833 1688; x_wconf 85' lang='lat' dir='ltr'>sustentationi</span> 
     </span>
     <span class='ocr_line' id='line_1_76' title="bbox 1091 1707 1833 1751; baseline 0 -11"><span class='ocrx_word' id='word_1_417' title='bbox 1091 1707 1234 1750; x_wconf 85' lang='lat' dir='ltr'>deputari</span> <span class='ocrx_word' id='word_1_418' title='bbox 1251 1707 1432 1740; x_wconf 86' lang='lat' dir='ltr'>manserint.</span> <span class='ocrx_word' id='word_1_419' title='bbox 1447 1707 1506 1740; x_wconf 88' lang='lat' dir='ltr'>Per</span> <span class='ocrx_word' id='word_1_420' title='bbox 1520 1707 1717 1751; x_wconf 88' lang='lat' dir='ltr'>supradictos</span> <span class='ocrx_word' id='word_1_421' title='bbox 1731 1711 1833 1742; x_wconf 85' lang='lat' dir='ltr'>autem</span> 
     </span>
     <span class='ocr_line' id='line_1_77' title="bbox 1090 1761 1834 1805; baseline 0.001 -12"><span class='ocrx_word' id='word_1_422' title='bbox 1090 1761 1249 1801; x_wconf 87' lang='lat' dir='ltr'>articulos,</span> <span class='ocrx_word' id='word_1_423' title='bbox 1262 1772 1321 1805; x_wconf 89' lang='lat' dir='ltr'>pro</span> <span class='ocrx_word' id='word_1_424' title='bbox 1338 1761 1564 1795; x_wconf 86' lang='lat' dir='ltr'>reformatione</span> <span class='ocrx_word' id='word_1_425' title='bbox 1584 1761 1685 1794; x_wconf 88' lang='lat' dir='ltr'>dictae</span> <span class='ocrx_word' id='word_1_426' title='bbox 1705 1771 1834 1804; x_wconf 87' lang='lat' dir='ltr'>congre-</span> 
     </span>
     <span class='ocr_line' id='line_1_78' title="bbox 1091 1814 1834 1857; baseline 0.001 -10"><span class='ocrx_word' id='word_1_427' title='bbox 1091 1814 1225 1857; x_wconf 84' lang='lat' dir='ltr'>gationis</span> <span class='ocrx_word' id='word_1_428' title='bbox 1249 1815 1411 1857; x_wconf 84' lang='lat' dir='ltr'>formatos,</span> <span class='ocrx_word' id='word_1_429' title='bbox 1437 1825 1499 1847; x_wconf 92' lang='lat' dir='ltr'>non</span> <span class='ocrx_word' id='word_1_430' title='bbox 1531 1814 1718 1857; x_wconf 88' lang='lat' dir='ltr'>intelligitur</span> <span class='ocrx_word' id='word_1_431' title='bbox 1742 1814 1834 1848; x_wconf 90' lang='lat' dir='ltr'>dero-</span> 
     </span>
     <span class='ocr_line' id='line_1_79' title="bbox 1091 1868 1833 1912; baseline 0.001 -11"><span class='ocrx_word' id='word_1_432' title='bbox 1091 1874 1197 1911; x_wconf 85' lang='lat' dir='ltr'>gatum</span> <span class='ocrx_word' id='word_1_433' title='bbox 1218 1869 1250 1901; x_wconf 89' lang='lat' dir='ltr'>in</span> <span class='ocrx_word' id='word_1_434' title='bbox 1278 1869 1383 1912; x_wconf 88' lang='lat' dir='ltr'>aliquo</span> <span class='ocrx_word' id='word_1_435' title='bbox 1401 1868 1536 1902; x_wconf 87' lang='lat' dir='ltr'>decretis</span> <span class='ocrx_word' id='word_1_436' title='bbox 1562 1869 1591 1902; x_wconf 87' lang='lat' dir='ltr'>S.</span> <span class='ocrx_word' id='word_1_437' title='bbox 1612 1868 1741 1901; x_wconf 89' lang='lat' dir='ltr'>Concilii</span> <span class='ocrx_word' id='word_1_438' title='bbox 1765 1868 1833 1902; x_wconf 91' lang='lat' dir='ltr'>Tri-</span> 
     </span>
     <span class='ocr_line' id='line_1_80' title="bbox 1091 1921 1830 1963; baseline 0 -9"><span class='ocrx_word' id='word_1_439' title='bbox 1091 1921 1224 1963; x_wconf 90' lang='lat' dir='ltr'>dentini,</span> <span class='ocrx_word' id='word_1_440' title='bbox 1252 1932 1287 1955; x_wconf 87' lang='lat' dir='ltr'>ac</span> <span class='ocrx_word' id='word_1_441' title='bbox 1311 1922 1410 1955; x_wconf 84' lang='lat' dir='ltr'>felicis</span> <span class='ocrx_word' id='word_1_442' title='bbox 1434 1921 1661 1955; x_wconf 84' lang='lat' dir='ltr'>recordationis</span> <span class='ocrx_word' id='word_1_443' title='bbox 1685 1921 1830 1955; x_wconf 86' lang='lat' dir='ltr'>Clemen-</span> 
     </span>
     <span class='ocr_line' id='line_1_81' title="bbox 1092 1975 1832 2019; baseline 0.003 -12"><span class='ocrx_word' id='word_1_444' title='bbox 1092 1975 1131 2008; x_wconf 88' lang='lat' dir='ltr'>tis</span> <span class='ocrx_word' id='word_1_445' title='bbox 1156 1975 1243 2017; x_wconf 77' lang='lat' dir='ltr'>VIII,</span> <span class='ocrx_word' id='word_1_446' title='bbox 1270 1980 1299 2009; x_wconf 90' lang='lat' dir='ltr'>et</span> <span class='ocrx_word' id='word_1_447' title='bbox 1324 1975 1374 2009; x_wconf 84' lang='lat' dir='ltr'>SS.</span> <span class='ocrx_word' id='word_1_448' title='bbox 1410 1976 1443 2008; x_wconf 93' lang='lat' dir='ltr'>D.</span> <span class='ocrx_word' id='word_1_449' title='bbox 1476 1976 1510 2009; x_wconf 92' lang='lat' dir='ltr'>N.</span> <span class='ocrx_word' id='word_1_450' title='bbox 1537 1975 1640 2019; x_wconf 88' lang='lat' dir='ltr'>quoad</span> <span class='ocrx_word' id='word_1_451' title='bbox 1670 1976 1832 2019; x_wconf 84' lang='lat' dir='ltr'>regulares</span> 
     </span>
     <span class='ocr_line' id='line_1_82' title="bbox 1092 2028 1743 2066; baseline 0.008 -5"><span class='ocrx_word' id='word_1_452' title='bbox 1092 2028 1182 2061; x_wconf 88' lang='lat' dir='ltr'>editis</span> <span class='ocrx_word' id='word_1_453' title='bbox 1198 2040 1204 2059; x_wconf 75' lang='grc' dir='ltr'><em>τ</em></span> <span class='ocrx_word' id='word_1_454' title='bbox 1738 2062 1743 2066; x_wconf 90' lang='grc'><em>.</em></span> 
     </span>
    </p>

    <p class='ocr_par' dir='ltr' id='par_1_15' title="bbox 1092 2081 1835 2661">
     <span class='ocr_line' id='line_1_83' title="bbox 1137 2081 1833 2125; baseline 0.004 -11"><span class='ocrx_word' id='word_1_455' title='bbox 1137 2082 1151 2125; x_wconf 64' lang='grc' dir='ltr'><strong>ξ</strong></span> <span class='ocrx_word' id='word_1_456' title='bbox 1175 2081 1204 2114; x_wconf 71' lang='grc' dir='ltr'>ΕΞ.</span> <span class='ocrx_word' id='word_1_457' title='bbox 1225 2081 1297 2122; x_wconf 77' lang='lat' dir='ltr'>Nos,</span> <span class='ocrx_word' id='word_1_458' title='bbox 1316 2081 1488 2115; x_wconf 71' lang='lat' dir='ltr'>inviolabili</span> <span class='ocrx_word' id='word_1_459' title='bbox 1513 2082 1773 2116; x_wconf 86' lang='lat' dir='ltr'>constitutionum</span> <span class='ocrx_word' id='word_1_460' title='bbox 1798 2093 1833 2117; x_wconf 88' lang='lat' dir='ltr'>ac</span> 
     </span>
     <span class='ocr_line' id='line_1_84' title="bbox 1092 2135 1834 2177; baseline 0.004 -10"><span class='ocrx_word' id='word_1_461' title='bbox 1092 2140 1280 2168; x_wconf 87' lang='lat' dir='ltr'>statutorum</span> <span class='ocrx_word' id='word_1_462' title='bbox 1303 2135 1486 2169; x_wconf 90' lang='lat' dir='ltr'>huiusmodi</span> <span class='ocrx_word' id='word_1_463' title='bbox 1511 2136 1742 2177; x_wconf 80' lang='lat' dir='ltr'>observationi,</span> <span class='ocrx_word' id='word_1_464' title='bbox 1768 2137 1834 2170; x_wconf 85' lang='lat' dir='ltr'>feli-</span> 
     </span>
     <span class='ocr_line' id='line_1_85' title="bbox 1093 2188 1834 2232; baseline 0.001 -11"><span class='ocrx_word' id='word_1_465' title='bbox 1093 2188 1184 2231; x_wconf 84' lang='lat' dir='ltr'>cique</span> <span class='ocrx_word' id='word_1_466' title='bbox 1217 2188 1398 2221; x_wconf 88' lang='lat' dir='ltr'>earumdem</span> <span class='ocrx_word' id='word_1_467' title='bbox 1435 2189 1716 2232; x_wconf 87' lang='lat' dir='ltr'>congregationum</span> <span class='ocrx_word' id='word_1_468' title='bbox 1750 2189 1834 2223; x_wconf 90' lang='lat' dir='ltr'>dire-</span> 
     </span>
     <span class='ocr_line' id='line_1_86' title="bbox 1093 2242 1834 2285; baseline 0.001 -11"><span class='ocrx_word' id='word_1_469' title='bbox 1093 2242 1198 2282; x_wconf 88' lang='lat' dir='ltr'>ctioni,</span> <span class='ocrx_word' id='word_1_470' title='bbox 1217 2247 1369 2285; x_wconf 85' lang='lat' dir='ltr'>quantum</span> <span class='ocrx_word' id='word_1_471' title='bbox 1386 2242 1477 2275; x_wconf 89' lang='lat' dir='ltr'>nobis</span> <span class='ocrx_word' id='word_1_472' title='bbox 1500 2252 1536 2274; x_wconf 82' lang='lat' dir='ltr'>ex</span> <span class='ocrx_word' id='word_1_473' title='bbox 1561 2242 1624 2275; x_wconf 89' lang='lat' dir='ltr'>alto</span> <span class='ocrx_word' id='word_1_474' title='bbox 1642 2242 1834 2283; x_wconf 86' lang='lat' dir='ltr'>conceditur,</span> 
     </span>
     <span class='ocr_line' id='line_1_87' title="bbox 1092 2295 1834 2339; baseline 0 -11"><span class='ocrx_word' id='word_1_475' title='bbox 1092 2296 1295 2339; x_wconf 82' lang='lat' dir='ltr'>prospicere,</span> <span class='ocrx_word' id='word_1_476' title='bbox 1325 2306 1360 2328; x_wconf 90' lang='lat' dir='ltr'>ac</span> <span class='ocrx_word' id='word_1_477' title='bbox 1396 2295 1573 2339; x_wconf 87' lang='lat' dir='ltr'>praesidem</span> <span class='ocrx_word' id='word_1_478' title='bbox 1603 2301 1633 2328; x_wconf 84' lang='lat' dir='ltr'>et.</span> <span class='ocrx_word' id='word_1_479' title='bbox 1663 2296 1834 2329; x_wconf 85' lang='lat' dir='ltr'>monachos</span> 
     </span>
     <span class='ocr_line' id='line_1_88' title="bbox 1093 2348 1833 2393; baseline 0 -12"><span class='ocrx_word' id='word_1_480' title='bbox 1093 2348 1271 2393; x_wconf 84' lang='lat' dir='ltr'>praedictos</span> <span class='ocrx_word' id='word_1_481' title='bbox 1295 2349 1483 2392; x_wconf 86' lang='lat' dir='ltr'>specialibus</span> <span class='ocrx_word' id='word_1_482' title='bbox 1500 2348 1659 2381; x_wconf 83' lang='lat' dir='ltr'>favoribus</span> <span class='ocrx_word' id='word_1_483' title='bbox 1677 2353 1706 2381; x_wconf 91' lang='lat' dir='ltr'>et</span> <span class='ocrx_word' id='word_1_484' title='bbox 1723 2348 1833 2391; x_wconf 86' lang='lat' dir='ltr'>gratiis</span> 
     </span>
     <span class='ocr_line' id='line_1_89' title="bbox 1093 2402 1835 2447; baseline 0.001 -12"><span class='ocrx_word' id='word_1_485' title='bbox 1093 2402 1242 2447; x_wconf 83' lang='lat' dir='ltr'>prosequi</span> <span class='ocrx_word' id='word_1_486' title='bbox 1266 2403 1406 2435; x_wconf 80' lang='lat' dir='ltr'>volentes</span> <span class='ocrx_word' id='word_1_487' title='bbox 1421 2431 1428 2444; x_wconf 91' lang='lat'>,</span> <span class='ocrx_word' id='word_1_488' title='bbox 1459 2412 1634 2445; x_wconf 86' lang='lat' dir='ltr'>eorumque</span> <span class='ocrx_word' id='word_1_489' title='bbox 1658 2402 1835 2444; x_wconf 83' lang='lat' dir='ltr'>singulares</span> 
     </span>
     <span class='ocr_line' id='line_1_90' title="bbox 1093 2455 1834 2500; baseline -0.003 -10"><span class='ocrx_word' id='word_1_490' title='bbox 1093 2467 1243 2500; x_wconf 85' lang='lat' dir='ltr'>personas</span> <span class='ocrx_word' id='word_1_491' title='bbox 1263 2467 1281 2489; x_wconf 86' lang='lat' dir='ltr'>a</span> <span class='ocrx_word' id='word_1_492' title='bbox 1297 2457 1458 2500; x_wconf 87' lang='lat' dir='ltr'>quibusvis</span> <span class='ocrx_word' id='word_1_493' title='bbox 1483 2455 1834 2497; x_wconf 78' lang='lat' dir='ltr'>excommunicationis,</span> 
     </span>
     <span class='ocr_line' id='line_1_91' title="bbox 1094 2509 1834 2554; baseline -0.003 -11"><span class='ocrx_word' id='word_1_494' title='bbox 1094 2510 1308 2554; x_wconf 90' lang='lat' dir='ltr'>suspensionis</span> <span class='ocrx_word' id='word_1_495' title='bbox 1333 2515 1363 2542; x_wconf 89' lang='lat' dir='ltr'>et</span> <span class='ocrx_word' id='word_1_496' title='bbox 1387 2509 1553 2549; x_wconf 74' lang='lat' dir='ltr'>interdicti,</span> <span class='ocrx_word' id='word_1_497' title='bbox 1580 2509 1711 2552; x_wconf 87' lang='lat' dir='ltr'>aliisque</span> <span class='ocrx_word' id='word_1_498' title='bbox 1735 2509 1834 2542; x_wconf 90' lang='lat' dir='ltr'>eccle-</span> 
     </span>
     <span class='ocr_line' id='line_1_92' title="bbox 1094 2561 1834 2605; baseline -0.003 -10"><span class='ocrx_word' id='word_1_499' title='bbox 1094 2563 1224 2596; x_wconf 86' lang='lat' dir='ltr'>siasticis</span> <span class='ocrx_word' id='word_1_500' title='bbox 1249 2563 1424 2602; x_wconf 81' lang='lat' dir='ltr'>sententiis,</span> <span class='ocrx_word' id='word_1_501' title='bbox 1447 2562 1588 2595; x_wconf 86' lang='lat' dir='ltr'>censuris</span> <span class='ocrx_word' id='word_1_502' title='bbox 1613 2567 1643 2594; x_wconf 89' lang='lat' dir='ltr'>et</span> <span class='ocrx_word' id='word_1_503' title='bbox 1666 2561 1786 2605; x_wconf 89' lang='lat' dir='ltr'>poenis,</span> <span class='ocrx_word' id='word_1_504' title='bbox 1817 2572 1834 2594; x_wconf 88' lang='lat' dir='ltr'>a</span> 
     </span>
     <span class='ocr_line' id='line_1_93' title="bbox 1094 2614 1833 2661; baseline -0.003 -11"><span class='ocrx_word' id='word_1_505' title='bbox 1094 2617 1161 2651; x_wconf 91' lang='lat' dir='ltr'>iure</span> <span class='ocrx_word' id='word_1_506' title='bbox 1186 2616 1233 2650; x_wconf 81' lang='lat' dir='ltr'>vel</span> <span class='ocrx_word' id='word_1_507' title='bbox 1258 2616 1296 2649; x_wconf 88' lang='lat' dir='ltr'>ab</span> <span class='ocrx_word' id='word_1_508' title='bbox 1321 2616 1458 2658; x_wconf 90' lang='lat' dir='ltr'>homine,</span> <span class='ocrx_word' id='word_1_509' title='bbox 1475 2615 1584 2661; x_wconf 72' lang='lat' dir='ltr'>quavis</span> <span class='ocrx_word' id='word_1_510' title='bbox 1604 2616 1768 2649; x_wconf 83' lang='lat' dir='ltr'>occasione</span> <span class='ocrx_word' id='word_1_511' title='bbox 1785 2614 1833 2649; x_wconf 84' lang='lat' dir='ltr'>vel</span> 
     </span>
    </p>
   </div>
   <div class='ocr_carea' id='block_1_12' title="bbox 1723 202 2020 241">
    <p class='ocr_par' dir='ltr' id='par_1_16' title="bbox 1723 202 2020 241">
     <span class='ocr_line' id='line_1_94' title="bbox 1723 202 2020 241; baseline 0.013 -4"><span class='ocrx_word' id='word_1_512' title='bbox 1723 202 1786 238; x_wconf 69' lang='lat'>207</span> <span class='ocrx_word' id='word_1_513' title='bbox 1833 212 1885 240; x_wconf 70' lang='lat' dir='ltr'>An.</span> <span class='ocrx_word' id='word_1_514' title='bbox 1907 212 1934 240; x_wconf 88' lang='lat' dir='ltr'>c.</span> <span class='ocrx_word' id='word_1_515' title='bbox 1958 213 2020 241; x_wconf 77' lang='lat'>163¹</span> 
     </span>
    </p>
   </div>
   <div class='ocr_carea' id='block_1_13' title="bbox 1849 2091 2032 2166">
    <p class='ocr_par' dir='ltr' id='par_1_17' title="bbox 1849 2091 2032 2166">
     <span class='ocr_line' id='line_1_95' title="bbox 1868 2091 2031 2113; baseline -0.006 0"><span class='ocrx_word' id='word_1_516' title='bbox 1868 2091 2001 2113; x_wconf 79' lang='lat' dir='ltr'>Confirmatio</span> <span class='ocrx_word' id='word_1_517' title='bbox 2012 2094 2031 2112; x_wconf 76' lang='lat' dir='ltr'>et</span> 
     </span>
     <span class='ocr_line' id='line_1_96' title="bbox 1849 2118 2032 2144; baseline -0.011 -4"><span class='ocrx_word' id='word_1_518' title='bbox 1849 2118 1976 2144; x_wconf 77' lang='lat' dir='ltr'>approbatio</span> <span class='ocrx_word' id='word_1_519' title='bbox 1991 2120 2032 2139; x_wconf 72' lang='lat' dir='ltr'>sta·</span> 
     </span>
     <span class='ocr_line' id='line_1_97' title="bbox 1850 2148 1947 2166; baseline 0 0"><span class='ocrx_word' id='word_1_520' title='bbox 1850 2148 1947 2166; x_wconf 82' lang='lat' dir='ltr'>tutorum.</span> 
     </span>
    </p>
   </div>
  </div>
 </body>
</html>
