2221 3224
160 226 209 254 An.
225 227 254 253 C.
275 226 343 253 4629
390 218 431 252 78

216 394 343 415 nocioribus

160 427 244 448 quoquc
257 426 343 441 conces-

159 455 182 469 s..
197 448 315 474 privilegia.

214 1878 286 1899 Eidem
302 1879 347 1904 epi-

164 1911 227 1931 scopo
252 1909 346 1931 poteslas

165 1932 220 1952 l'avla
242 1932 345 1952 condendi

164 1961 242 1978 Slalssla

358 275 530 308 Tridentini
547 276 680 308 decretis
698 276 825 308 minime
843 275 1025 318 contraria),
1039 275 1094 317 uti,

357 328 451 371 potiri
469 334 498 361 et
523 329 676 371 gaudere3

402 381 417 424 ξ
441 381 469 414 6.
488 381 525 413 Et
541 386 712 425 praeterea,
731 379 813 423 quod
831 379 968 412 eiusdem
990 379 1097 413 acade-

358 434 449 474 miae,
467 434 575 476 vigore
596 432 778 466 earumdem
802 433 1014 480 praesentium
1032 443 1097 466 ere-

359 491 435 527 ctae,
453 487 619 526 scholares,
641 491 701 517 tani
728 486 885 518 seculares
910 496 1002 529 quam
1020 497 1095 530 quo·

358 540 477 573 rumvis
494 540 645 573 Ordinum
663 544 693 571 et
713 539 896 572 militiarum
921 539 1094 582 regulares,

358 593 430 625 illuc
455 592 674 635 undecumque
699 592 914 634 advenientes,
943 593 995 636 qui
1019 593 1096 625 inibi

358 645 577 689 philosophiae
602 650 631 677 et
655 645 831 688 theologiae
856 645 1034 686 studebunt,
1051 651 1096 687 ut,

358 697 485 731 eorum¹
500 698 530 730 in
546 698 745 730 facultatibus
762 698 941 731 huiusmodi
960 699 1096 742 peractis

359 751 513 791 cursibus,
527 762 562 783 ac
580 752 654 783 alias
672 752 802 784 servatis
819 753 990 794 servandis,
1003 759 1097 797 prout

358 805 455 837 moris
472 809 526 846 est,
546 808 575 838 et
592 805 623 836 in
639 805 718 845 aliis,
735 810 797 837 tam
815 806 988 849 superioris
1003 817 1095 850 quam

359 857 513 890 inferioris
538 858 739 900 Germaniae,
765 858 940 891 studiorum
967 870 1098 902 genera-

359 911 433 943 lium
460 910 715 944 universitatibus
747 911 907 944 observari
937 913 1098 946 consuevit

359 970 387 996 et
405 965 492 1005 solet,
510 969 540 997 et
556 970 618 997 tam
640 965 683 998 ibi
701 966 869 1006 studentes,
891 977 984 1010 quam
1004 967 1095 1000 etiam

334 1019 409 1050 -atii
425 1045 432 1058 ,
461 1018 514 1061 qui
540 1018 571 1050 in
596 1018 664 1051 aliis
698 1019 852 1052 similibus
878 1020 1045 1053 academiis
1069 1026 1097 1053 et

359 1071 612 1105 universitatibus
648 1072 900 1117 quibuscumque
936 1074 1098 1107 catholicis

359 1125 534 1158 studuerint
561 1131 591 1158 et
615 1131 686 1169 post
711 1137 840 1159 suorum
866 1127 1042 1160 studiorum
1067 1128 1097 1159 in

359 1178 475 1210 eisdem
493 1178 693 1211 facultatibus
706 1190 817 1212 cursus
833 1185 977 1223 peractos
996 1190 1032 1213 eo
1050 1180 1099 1213 ad-

359 1231 509 1274 venerint,
539 1232 614 1264 inibi
640 1232 677 1264 ad
702 1232 978 1274 baccalaureatus,
1002 1234 1099 1267 licen-

360 1286 490 1318 tiaturae
517 1289 546 1319 et
570 1285 744 1328 magisterii
769 1287 885 1329 gradus
905 1287 1098 1330 promoveri,

360 1342 398 1378 et,
416 1343 581 1382 postquam
607 1339 743 1382 promoti
773 1339 899 1379 suerint,
920 1339 1099 1383 disciplinas

360 1397 389 1423 et
414 1397 495 1424 artes
521 1392 552 1424 in
573 1392 685 1435 quibus
709 1392 853 1435 graduali
878 1393 1010 1434 sitierint,
1037 1398 1097 1426 tam

360 1445 391 1476 in
415 1445 596 1488 praedicta,
623 1456 716 1488 quam
749 1446 816 1478 aliis
849 1446 1099 1490 quibuscumque

360 1498 537 1540 academiis,
553 1510 606 1532 seu
624 1499 799 1531 studiorum
818 1500 1017 1542 generalium
1035 1500 1100 1532 uni<

360 1552 560 1585 versitatibus
577 1557 607 1585 et
627 1552 694 1585 aliis
711 1553 881 1596 gymnasiis
898 1553 1099 1596 quibuslibet,

360 1616 396 1638 ac
420 1606 495 1637 alias
520 1606 613 1638 etiam
638 1605 770 1638 ubilibet
786 1606 952 1647 voluerint,
976 1606 1098 1648 docere,

360 1658 474 1701 legere,
490 1658 705 1702 interpretare,
719 1669 754 1691 ac
772 1659 803 1691 in
818 1659 911 1692 dictis
927 1659 1099 1703 disputare,

360 1721 482 1744 necnon
507 1722 723 1755 quoscumque
740 1712 851 1754 gradui
869 1722 924 1745 seu
951 1712 1100 1755 gradibus

360 1765 416 1807 per
432 1775 485 1797 eos
503 1765 657 1808 susceptis
671 1765 892 1798 convenientes
911 1770 998 1799 actus
1016 1776 1101 1798 excr-

361 1828 450 1857 cere,

406 1871 420 1914 ἓ
445 1872 473 1904 7.
493 1871 654 1905 Postremo
668 1872 751 1905 dicto
765 1872 932 1905 Francisco
946 1872 1100 1905 Gulielmo

362 1925 523 1968 episcopo,
540 1930 574 1957 ut
594 1925 661 1969 ipse
686 1931 715 1958 et
731 1936 788 1969 pro
806 1931 950 1969 tempore
966 1926 1101 1959 existens

362 1979 527 2022 episcopus
541 1979 799 2022 Osnaburgensis,
814 1982 875 2012 uua
890 1990 961 2012 cum
979 1985 1101 2013 rectore

364 2031 460 2075 ipsius
485 2032 673 2073 academiae,
701 2038 735 2065 ut
759 2034 955 2076 praefertur,
977 2034 1100 2077 erigen-

363 2084 437 2125 dae,
463 2096 520 2128 pro
552 2086 633 2118 felici
658 2090 687 2119 et
711 2097 864 2129 prospero
888 2087 1042 2129 regimine
1073 2092 1103 2120 et

363 2138 632 2171 administratione
657 2139 834 2172 academiae
859 2140 1051 2181 huiusmodi,
1069 2141 1103 2173 il-

363 2192 486 2235 liusque
510 2198 691 2233 rectorum,
717 2193 941 2235 magistrorum
960 2222 967 2235 ,
996 2194 1103 2228 docto-

364 2256 446 2285 rum,
464 2245 616 2279 lectorum
632 2250 662 2280 et
679 2246 814 2278 aliorum
832 2246 898 2279 eius
923 2247 1102 2279 officialium

366 2299 526 2339 electione,
547 2300 771 2339 nominatione,
796 2301 986 2344 receptione,
1004 2300 1103 2333 admi-

366 2352 558 2393 nistratione,
576 2357 605 2387 et
621 2353 813 2386 scholarium
839 2353 1044 2394 institutione,
1065 2353 1105 2386 vi-

367 2404 508 2438 sitatione
532 2411 562 2438 et
586 2406 791 2446 correctione,
817 2417 1032 2450 quaecumque
1048 2411 1105 2439 sta-

367 2464 441 2501 tuta,
459 2460 671 2494 ordinationes
691 2466 721 2494 et
745 2461 881 2505 capitula
904 2461 987 2494 licita
1008 2460 1106 2494 etho-

406 2540 415 2565 1
434 2538 486 2566 Vox
507 2549 605 2568 eorum
625 2545 735 2575 praeter
752 2550 808 2568 rem
825 2549 884 2568 esse
905 2541 1023 2574 videtur;
1047 2541 1105 2568 vide

369 2591 499 2618 quaenam
525 2586 689 2620 supplenda,
715 2587 806 2614 forsan
829 2586 973 2622 legendum
996 2586 1105 2614 studio-

369 2636 437 2655 rum
451 2631 488 2663 (R.
505 2630 551 2662 T.).

940 228 1118 252 BULLARIUM
1142 228 1295 252 ROMANUM

1129 280 1226 315 nesta,
1243 285 1279 307 ac
1298 275 1395 307 saeris
1420 274 1591 308 canonibus
1611 280 1641 308 et
1660 274 1788 308 Concilii
1804 274 1868 307 Tri-

1130 327 1247 359 dentini
1271 327 1406 360 decretis
1436 337 1472 360 ac
1496 328 1770 362 constitutionibus
1794 338 1869 371 apo-

1130 380 1248 413 stolicis
1266 390 1329 413 non
1350 379 1534 421 contraria¹‚
1553 380 1656 421 edere,
1676 380 1810 414 condere
1838 385 1865 413 et

1130 435 1345 477 promulgare,
1359 444 1394 467 ae
1413 444 1473 478 pro
1491 445 1597 468 rerum
1615 440 1646 468 et
1662 444 1866 478 personarum

1130 498 1165 520 ac
1191 493 1369 531 temporum
1395 488 1541 521 varietate
1565 493 1596 521 et
1620 488 1777 531 qualitate,
1803 498 1869 520 mu-

1131 546 1205 580 tare,
1221 540 1390 582 corrigere,
1407 540 1588 581 reformare,
1606 551 1641 573 ac
1657 540 1716 572 alia
1733 540 1771 572 dc
1787 549 1868 572 novo

1130 593 1241 634 edere,
1267 593 1402 626 condere
1426 598 1455 626 et
1479 593 1624 627 ordinare
1639 621 1646 635 ,
1671 603 1792 626 necnon
1817 603 1868 626 su-

1131 658 1186 690 per
1202 647 1328 679 illorum
1355 646 1572 680 observatione
1590 656 1706 690 poenas
1722 657 1778 690 per
1794 656 1868 679 con-

1131 706 1270 733 tumaces
1294 705 1323 732 et
1352 700 1621 733 contravenientes
1652 700 1698 732 vel
1727 700 1870 732 infracto-

1132 764 1181 785 res
1206 753 1411 786 incurrcndas
1428 752 1599 796 imponere,
1616 752 1714 784 libere
1733 757 1764 785 et
1786 751 1869 785 lieite

1132 807 1251 839 valeant
1267 834 1274 847 ,
1306 806 1489 840 auctoritate
1514 806 1684 850 apostolica
1708 811 1738 839 et
1762 811 1869 838 tenore

1132 861 1313 904 praemissis
1338 860 1546 915 indulgemps.

1175 914 1190 956 ξ
1204 912 1232 945 8.
1248 913 1491 946 Demumdietas
1509 916 1699 956 praesentes,
1713 916 1869 955 tamquam

1132 966 1163 998 in
1188 966 1283 999 divini
1308 967 1409 1000 cultus
1434 971 1463 999 et
1496 965 1650 999 bonorum
1677 975 1808 1009 operum
1836 975 1871 997 ac

1132 1019 1203 1052 fidei
1235 1020 1428 1054 orthodoxae
1461 1024 1663 1062 augmentum
1688 1018 1870 1058 tendentes,

1132 1078 1287 1116 perpetuo
1312 1073 1429 1105 validas
1449 1078 1479 1105 et
1498 1073 1639 1105 efficaces
1665 1082 1732 1104 esse
1749 1075 1778 1105 et
1795 1071 1870 1110 sore,

1132 1135 1268 1168 suosque
1284 1125 1441 1168 plenarios
1459 1130 1487 1157 et
1506 1125 1645 1167 integros
1662 1124 1791 1157 effectus
1809 1134 1872 1156 sor-

1133 1178 1183 1210 tiri
1202 1184 1232 1211 et
1252 1178 1411 1217 obtinere,
1432 1178 1549 1221 sicque,
1570 1183 1600 1210 et
1623 1188 1686 1211 non
1705 1177 1789 1218 alias,
1814 1188 1871 1221 per

1132 1242 1349 1275 quoscumque
1366 1232 1484 1264 iudices
1508 1231 1685 1265 ordinarios
1705 1236 1735 1264 et
1751 1231 1872 1274 delega-

1134 1289 1195 1324 tos,
1224 1285 1332 1327 quavis
1357 1285 1541 1318 auctoritate
1565 1285 1752 1327 fungentes,
1778 1284 1870 1316 etiam

1133 1348 1298 1370 causarum
1327 1338 1432 1382 palatii
1457 1338 1617 1382 apostolici
1642 1338 1811 1377 auditores,
1836 1347 1871 1369 ac

1133 1396 1256 1423 sanctae
1288 1392 1447 1424 Romanae
1484 1391 1640 1424 Ecclesiae
1676 1390 1870 1429 cardinales,

1134 1444 1225 1476 etiam
1251 1444 1288 1477 de
1313 1445 1410 1477 latere
1433 1445 1552 1487 legatos
1577 1450 1606 1477 et
1627 1444 1714 1476 Sedis
1737 1445 1872 1488 Aposto-

1133 1497 1211 1530 licae
1235 1497 1376 1537 nuncios,
1394 1497 1524 1530 iudicari
1550 1502 1580 1530 et
1603 1497 1727 1529 definiri
1747 1497 1872 1536 debere,

1133 1561 1178 1591 ac,
1197 1551 1221 1583 si
1239 1562 1329 1584 secus
1349 1562 1445 1594 super
1465 1551 1513 1583 his
1537 1562 1555 1583 a
1579 1561 1748 1594 quoquam,
1765 1551 1873 1594 quavis

1133 1605 1327 1645 auctoritate,
1353 1605 1486 1638 scienter
1511 1605 1557 1637 vcl
1582 1602 1773 1648 ignoranter,
1797 1615 1872 1638 con-

1134 1657 1240 1700 tigerit
1264 1659 1424 1698 attentari,
1448 1658 1573 1691 irritum
1600 1663 1630 1691 et
1653 1658 1744 1690 inane
1768 1657 1873 1691 decer-

1133 1712 1246 1744 nimus.

1178 1765 1192 1807 g
1217 1764 1245 1797 9.
1271 1765 1340 1797 Non
1371 1763 1567 1797 obstantibus
1602 1764 1806 1808 praemissis,
1838 1774 1873 1796 ac

1134 1817 1294 1860 quibusvis
1318 1816 1508 1860 apostolicis,
1527 1827 1648 1850 necnon
1668 1817 1699 1849 in
1723 1816 1875 1861 synodali-

1135 1871 1202 1911 bus,
1217 1870 1523 1914 provincialibusque
1538 1870 1678 1903 conciliis
1693 1870 1792 1912 editis,
1807 1881 1875 1914 spe-

1135 1924 1265 1956 cialibus
1289 1924 1336 1956 vel
1361 1924 1577 1965 generalibus,
1600 1923 1875 1957 constitutionibus

1135 1982 1164 2009 et
1181 1977 1442 2017 ordinationibus,
1460 1987 1494 2010 ac
1515 1987 1784 2020 quarumcumque
1805 1977 1876 2008 alia-

1135 2043 1206 2065 rum
1222 2032 1459 2066 universitatum
1485 2031 1660 2064 studiorum
1682 2030 1874 2074 generalium

1136 2097 1171 2119 ac
1195 2086 1444 2126 academiarum,
1469 2086 1560 2118 etiam
1587 2085 1779 2125 iuramento,
1808 2094 1877 2117 con-

1136 2139 1315 2172 firmatione
1335 2138 1518 2182 apostolica,
1536 2138 1584 2170 vel
1604 2137 1712 2181 quavis
1729 2136 1876 2170 firmitate

1137 2192 1197 2224 alia
1218 2192 1383 2232 roboratis,
1403 2191 1523 2225 statutis
1544 2196 1573 2224 et
1587 2190 1876 2231 consuetudinibus,

1137 2246 1310 2289 privilegiis
1338 2256 1463 2289 quoque
1491 2251 1521 2278 et
1545 2245 1657 2278 litteris
1686 2243 1876 2288 apostolicis,

1138 2299 1255 2331 eisdem
1281 2299 1458 2338 academiis,
1476 2299 1665 2341 illarumque
1688 2298 1876 2337 rectoribus,

1138 2353 1268 2397 aliisque
1283 2353 1500 2397 superioribus
1517 2357 1546 2385 et
1566 2352 1718 2396 personis,
1735 2351 1793 2384 sub
1812 2351 1878 2394 qui-

1138 2407 1335 2449 buscumque
1360 2406 1521 2439 tenoribus
1545 2411 1575 2438 et
1599 2406 1718 2445 formis,
1745 2415 1781 2438 ac
1805 2415 1876 2437 eum

1139 2459 1302 2504 quibusvis
1330 2460 1424 2492 etiam
1450 2459 1721 2502 derogatoriarum
1744 2458 1877 2500 deroga-

1140 2514 1227 2547 toriis
1243 2541 1250 2554 ,
1275 2513 1406 2556 aliisque
1440 2513 1667 2546 efficacioribus
1691 2517 1722 2545 et
1745 2510 1878 2544 insolitis

1139 2568 1299 2608 clausulis,
1323 2568 1581 2612 irritantibusque
1606 2567 1750 2607 decretis,
1766 2566 1798 2599 in
1817 2576 1874 2609 ge-

1179 2631 1187 2656 l
1205 2630 1274 2657 Edit.
1292 2629 1372 2657 lllain.
1388 2630 1453 2665 legit
1468 2626 1629 2658 concravssias
1642 2630 1680 2665 (a.
1696 2629 1745 2664 Τ.).

1881 226 1931 253 An.
1947 227 1977 253 G.
1998 227 2066 254 1629

1913 924 2032 946 clausulae.

1958 1772 2072 1803 Derogatio

1889 1802 2051 1820 contrariorum.
