2226 3235
52 234 102 262 An.
121 234 149 262 C.
172 233 238 261 1629

859 234 1000 258 URBANUS
1025 234 1080 257 vm
1110 234 1158 257 ΡΙ).

252 282 346 315 missa
371 287 539 322 emanatas,
564 283 595 314 in
620 282 656 314 iis
675 287 777 315 tamen
798 280 885 326 quae
906 293 994 326 prae-

252 335 393 368 sentibus
416 345 479 368 non
503 335 728 375 adversantur,
759 336 992 380 approbantes,

253 388 474 422 confirmantes
491 393 521 421 et.
534 389 725 430 innovantes,
740 399 850 421 omnes
865 394 890 421 et
906 399 994 432 quas-

253 453 387 486 cumque
411 443 614 476 alienationes
628 453 790 483 censuum,
813 442 991 475 reddituum

253 501 282 529 et
306 496 463 529 bonorum
484 507 758 540 quorumcumque
775 496 813 529 ad
830 496 992 536 baiulivas,

252 550 428 594 prioratus,
453 550 663 584 castellaniam
689 555 848 594 empostae
863 577 870 591 ,
895 560 990 593 prae-

253 604 418 648 ceptorias,
442 604 562 646 domos,
587 604 763 648 hospitalia,
788 603 940 637 beneficia
964 607 994 635 et

253 658 321 690 loca
346 658 508 701 hospitalis
525 657 706 690 huiusmodi
724 657 959 701 pertinentium,
977 667 994 689 a

254 710 397 754 personis
421 711 577 753 religiosis
602 710 675 743 dicti
700 710 872 754 hospitalis,
900 709 992 743 etiam

253 764 290 797 de
316 764 440 797 licentia
465 764 564 797 dictae
588 764 675 797 Sedis
695 764 902 808 Apostolicae‚
927 763 994 807 sine

254 828 409 851 consensu
433 818 480 850 vet
516 818 641 851 licentia
666 818 771 861 magni
798 817 939 860 magistri
964 822 994 850 et

254 877 425 904 conventus
450 871 652 912 huiusmodi,
678 872 709 903 in
729 871 855 904 illorum
881 870 993 904 laesio-

253 936 345 966 nem,
371 926 523 959 iacturam
539 954 546 968 ,
573 926 619 959 vel
645 925 889 967 detrimentum,
922 936 993 958 cum

254 980 415 1023 quibusvis
440 979 746 1021 renunciationibus,
773 979 889 1024 pactis,
914 979 995 1012 iura—

256 1033 368 1066 mentis
394 1038 423 1066 et
447 1034 557 1077 poenis
590 1033 725 1077 desuper
761 1033 934 1078 appositis,
960 1044 995 1066 ac

256 1087 472 1120 instrumentis
493 1093 522 1120 et
546 1088 657 1121 litteris
678 1088 815 1132 desuper
836 1087 995 1128 confectis,

257 1145 287 1173 et
304 1140 596 1175 confirmationibus
620 1141 755 1185 desuper
779 1151 796 1173 a
821 1141 899 1173 Sede
918 1141 997 1184 Apo-

257 1194 367 1227 stolica
390 1195 602 1238 subsequutis,
627 1195 664 1228 ad
688 1205 896 1239 personarum
922 1195 995 1228 reli—

257 1246 417 1289 giosarum
434 1248 597 1292 hospitalis
610 1248 800 1289 huiusmodi,
814 1258 877 1281 non
892 1252 995 1280 autem

256 1311 367 1344 regum
385 1303 432 1334 vel
448 1303 638 1346 principum,
657 1302 929 1345 supplicationem,
947 1311 997 1334 ne-

256 1365 316 1398 que
331 1355 405 1388 alias
425 1361 513 1389 motu
526 1356 655 1400 proprio
679 1355 869 1395 huiusmodi,
891 1356 996 1395 saetas,

257 1418 456 1452 quacumque
480 1409 728 1452 praescriptione
743 1419 796 1441 seu
813 1408 996 1451 longissima

256 1461 386 1504 pacifica
421 1462 619 1505 possessione
655 1468 682 1494 et
724 1461 901 1494 detentione
934 1472 996 1495 non

257 1514 410 1555 obstante,
435 1519 542 1548 tenore
559 1515 770 1559 praesentium
789 1515 880 1547 etiam
899 1525 996 1548 cassa-

257 1577 335 1610 mus,
361 1579 546 1601 revocamus
570 1574 600 1601 et
624 1569 840 1609 annullamus,
865 1579 901 1600 ac
925 1568 996 1600 irri-

257 1626 373 1662 tamus,
401 1622 581 1665 nulliusque
605 1621 730 1654 roboris
763 1622 809 1654 vel
845 1621 994 1654 momenti

256 1674 323 1707 sore
347 1679 377 1707 et
400 1685 458 1718 pro
489 1675 609 1708 insectis
638 1674 747 1707 haberi
778 1674 994 1712 deeernimus2

256 1738 377 1761 necnon
401 1727 563 1768 baiulivas,
587 1728 756 1772 prioratus,
783 1728 994 1761 castellaniam

255 1786 426 1825 empostae,
453 1781 696 1825 praeceptorias,
717 1781 838 1821 domos,
860 1781 996 1825 hospita-

255 1835 296 1867 lia
313 1838 343 1868 et
366 1835 517 1868 beneficia
533 1835 691 1879 praedicta
712 1834 862 1867 adversus
882 1835 996 1867 aliena-

256 1889 356 1922 tiones
380 1889 562 1922 huiusmodi
586 1889 616 1921 in
642 1888 798 1931 integrum
816 1899 852 1921 ae
878 1888 906 1920 in
935 1888 996 1932 pri-

255 1943 371 1975 stinum
396 1947 426 1975 et
449 1953 538 1983 eum,
563 1942 594 1975 in
615 1953 677 1986 quo
702 1947 791 1974 antea
816 1948 914 1982 erant,
939 1948 996 1975 sta-

256 2000 320 2030 tum
346 1996 556 2038 restituimus,
590 1996 772 2039 reponimus
797 2001 827 2028 et
856 1996 995 2039 plenarie

255 2050 503 2093 reintegramus;
524 2050 747 2093 bonorumque
765 2054 796 2081 ut
818 2050 996 2092 praefertur

256 2104 463 2137 alienatorum
492 2103 669 2137 detentores
702 2103 927 2146 cuiuscumque
953 2102 996 2134 di-

257 2157 392 2200 gnitatis,
417 2162 523 2199 status,
548 2157 675 2200 gradus,
701 2156 820 2190 ordinis
845 2161 875 2189 et
893 2156 996 2189 eondi-

256 2211 350 2243 tionis
373 2211 548 2252 existentes,
567 2210 605 2243 ad
625 2211 752 2243 illorum
770 2209 995 2243 relaxationem

257 2275 315 2308 per
339 2274 486 2297 censuras
511 2264 735 2297 ecclesiasticas
766 2269 797 2296 et
828 2263 886 2296 alia
919 2263 996 2296 iuris

257 2318 396 2351 remedia
420 2318 489 2361 cogi
513 2322 543 2352 et
568 2317 714 2361 compelli
732 2328 823 2361 posse
841 2318 995 2359 volumus,

257 2375 287 2405 et
310 2371 454 2404 similiter
477 2371 690 2411 decernimus,
722 2371 905 2414 litterasque
929 2370 996 2403 Cle-

258 2425 370 2458 mentis
387 2430 417 2457 et
441 2425 485 2457 Pii
509 2424 787 2468 praedecessorum
806 2423 996 2465 huiusmodi,

239 2479 288 2513 ,in
314 2484 344 2512 et
367 2478 469 2522 quoad
494 2478 599 2511 omnia
619 2483 648 2510 et
673 2478 794 2521 singula
813 2478 996 2521 praemissa,

257 2533 295 2565 ad
318 2532 530 2576 praesentium
555 2533 699 2572 sormam,
724 2536 864 2565 tenorem
889 2538 920 2565 et
939 2537 998 2565 ter-

257 2586 359 2619 minos
383 2585 564 2618 reducimus
581 2595 617 2618 ac
640 2585 880 2628 restringimus3
901 2589 930 2619 et
954 2585 998 2618 in-

257 2638 427 2673 hilominus
459 2649 673 2683 quascumque
705 2639 908 2673 alienationes
932 2638 994 2673 bo-

1487 205 1515 212 «-

1694 221 1734 253 553

1028 292 1142 315 norum
1169 280 1372 319 huiusmodi,
1405 280 1429 312 si
1461 290 1537 323 quas
1562 279 1599 312 de
1625 284 1729 312 cetero
1754 290 1770 311 a

1028 335 1172 378 personis
1197 334 1353 377 religiosis
1386 333 1576 378 praedictis,
1603 333 1668 366 sine
1701 343 1771 365 con-

1028 397 1121 420 sensu
1155 388 1202 419 vel
1228 387 1455 431 approbatione
1487 386 1590 429 magni
1629 385 1769 428 magistri

1028 444 1057 474 et
1081 446 1253 474 conventus
1277 441 1520 484 praedictorum,
1546 440 1639 472 etiam
1668 439 1705 471 de
1734 438 1770 470 li-

1029 495 1129 528 centia
1160 506 1218 539 per
1246 506 1303 528 nos
1342 506 1395 528 seu
1422 496 1580 528 Romanos
1605 492 1771 526 Pontifices

1029 559 1225 582 successores
1250 554 1374 581 nostros
1395 560 1452 592 pro
1478 554 1620 592 tempore
1641 547 1772 580 existen-

1029 607 1073 635 tes
1095 602 1133 635 ad
1157 602 1380 645 religiosorum
1399 611 1682 646 (ptorumcumque,
1708 610 1771 633 non

1030 662 1131 689 tamen
1157 666 1269 698 regum
1294 656 1342 688 vel
1364 655 1554 699 principum,
1573 654 1772 698 supplicatio-

1028 719 1098 742 nem
1125 720 1179 742 seu
1205 709 1393 749 instantiam,
1411 719 1468 741 nec
1493 708 1568 740 alias
1586 713 1673 741 niotu
1702 718 1772 751 pro-

1027 763 1116 806 prio,
1149 773 1229 806 quae
1262 773 1348 795 suam
1375 763 1509 795 habeant
1543 767 1572 794 et
1601 761 1772 794 sortiantur

1029 816 1270 860 exequutionem
1296 821 1323 848 et
1351 815 1495 848 effectum
1511 843 1518 856 ,
1549 814 1770 855 concedenda,

1029 868 1317 912 fiericontigerit1,
1344 879 1380 901 ex
1406 879 1489 902 nunc
1514 872 1609 912 prout
1636 879 1671 901 ex
1698 873 1771 901 tunc

1028 922 1130 955 nullas
1147 928 1176 955 et
1202 922 1362 963 invalidas,
1380 922 1561 965 nulliusque
1580 921 1704 954 roboris
1724 921 1770 954 vel

1030 976 1179 1009 momenti
1194 976 1260 1009 sore
1274 981 1303 1008 et
1318 986 1395 1017 esse,
1409 976 1548 1019 nullique
1564 975 1610 1007 ius
1623 975 1770 1013 tribuere;

1029 1035 1209 1073 praesentes
1226 1039 1300 1063 vero
1318 1029 1446 1069 litteras,
1465 1028 1558 1061 etiam
1577 1039 1612 1061 ex
1632 1038 1668 1061 eo
1688 1027 1771 1071 quod

1030 1084 1221 1128 quicumque
1258 1083 1289 1115 in
1320 1083 1502 1127 praemissis
1537 1081 1770 1126 quomodolibet

1031 1138 1182 1171 interesse
1206 1137 1358 1170 habentes
1389 1137 1427 1170 ad
1457 1137 1629 1180 praemissa
1654 1146 1769 1169 conce-

1031 1191 1166 1224 dendum
1184 1202 1237 1224 seu
1256 1190 1385 1224 concedi
1403 1190 1571 1223 videndum
1596 1190 1696 1223 vocati
1710 1199 1771 1222 non

1030 1245 1156 1286 suerint,
1183 1249 1232 1277 aut
1260 1244 1376 1277 eisdem
1404 1244 1585 1287 praemissis
1616 1254 1679 1276 non
1703 1253 1774 1276 con-

1031 1299 1202 1339 senserint,
1228 1298 1292 1331 ullo
1313 1309 1450 1342 unquam
1477 1303 1617 1341 tempore
1642 1297 1680 1330 de
1700 1296 1772 1329 sub-

1031 1352 1182 1396 reptionis
1204 1353 1251 1384 rel
1276 1352 1470 1396 obreptionis
1491 1352 1575 1390 vitio,
1601 1357 1650 1383 aut
1678 1351 1773 1383 inten-

1783 230 1831 256 An.
1850 229 1877 256 C.
1899 229 1968 256 1629

1032 1406 1125 1438 tionis
1153 1411 1278 1438 nostrae
1308 1406 1355 1437 vel
1380 1405 1530 1448 quopiam
1561 1404 1621 1437 alio
1650 1404 1772 1436 defectu
1796 1439 1803 1447 ,

1031 1458 1151 1498 notari,
1177 1458 1355 1501 impugnari
1382 1458 1428 1490 vel
1455 1457 1616 1490 invalidari
1644 1456 1772 1489 minime

1030 1523 1138 1555 posse,
1164 1511 1218 1544 sed
1244 1512 1311 1543 illas
1344 1521 1470 1554 semper
1495 1515 1524 1543 et
1549 1515 1701 1554 perpetuo
1726 1520 1774 1542 va-

1031 1565 1117 1607 lidas,
1144 1565 1252 1597 firmas
1277 1570 1306 1597 et
1332 1564 1473 1597 efficaces
1494 1564 1626 1596 existere
1645 1568 1675 1596 et
1695 1564 1772 1605 sore,

1030 1628 1065 1650 ac
1090 1617 1128 1650 ab
1153 1618 1309 1660 omnibus,
1336 1617 1374 1650 ad
1398 1628 1478 1661 quos
1495 1622 1624 1661 spectat,
1646 1617 1773 1650 inviola-

1030 1671 1135 1704 biliter
1155 1671 1316 1705 observari
1331 1682 1338 1711 ;

1074 1726 1088 1768 ξ
1113 1725 1142 1758 3.
1174 1725 1287 1768 Sicque
1317 1735 1374 1768 per
1404 1735 1620 1768 quoscumque
1654 1724 1773 1757 iudices

1030 1779 1207 1812 ordinarios
1233 1784 1262 1810 et
1287 1778 1461 1821 delegatos,
1487 1778 1580 1811 etiam
1607 1789 1772 1811 causarum

1029 1833 1134 1877 palatii
1159 1833 1323 1877 apostolici
1340 1832 1499 1866 auditores
1520 1838 1547 1865 et
1572 1838 1695 1865 sanetae
1716 1834 1774 1866 Ro-

1030 1897 1140 1919 manae
1171 1885 1328 1919 Ecclesiae
1360 1886 1551 1925 cardinales,
1583 1886 1704 1918 sublata
1729 1886 1773 1918 eis

1030 1946 1059 1973 et
1083 1951 1195 1973 eorum
1216 1940 1345 1972 cuilibet
1369 1939 1478 1983 quavis
1502 1939 1592 1972 aliter
1616 1939 1772 1971 iudicandi

1030 1999 1057 2027 et
1084 1993 1310 2037 interpretandi
1343 1993 1488 2025 facultate
1517 1998 1546 2025 et
1578 1993 1772 2033 auctoritate,

1031 2047 1161 2079 iudicari
1186 2052 1216 2079 et
1238 2046 1361 2079 deliniri
1387 2046 1513 2085 debere,
1538 2056 1573 2078 ae
1598 2046 1721 2078 irritum
1744 2052 1771 2078 et

1030 2101 1130 2142 inane,
1146 2100 1170 2132 si
1190 2099 1265 2143 quid
1285 2110 1375 2132 secus
1392 2110 1487 2142 super
1504 2099 1551 2131 liis
1568 2109 1584 2131 a
1602 2109 1770 2142 quoquam,

1031 2155 1140 2198 quavis
1157 2154 1353 2193 auctoritate,
1368 2154 1504 2186 scienter
1518 2154 1564 2186 vel
1580 2154 1771 2196 ignoranter,

1031 2208 1198 2251 contigerit
1233 2208 1396 2247 attentari,
1422 2207 1540 2251 pariter
1560 2208 1769 2254 derernimus.

1075 2260 1132 2304 §4
1151 2261 1303 2299 Quocirca
1317 2260 1438 2293 dilectis
1453 2261 1524 2293 tiliis
1539 2271 1703 2293 causarum
1723 2272 1772 2293 cu·

1030 2315 1095 2347 riae
1109 2325 1251 2347 camerae
1265 2315 1454 2358 apostolicae
1469 2314 1606 2357 generali
1625 2314 1770 2355 auditori,

1030 2379 1065 2401 ac
1078 2368 1194 2401 nostris
1208 2373 1238 2401 et
1251 2369 1450 2412 Apostolicae
1464 2368 1551 2401 Sedis
1570 2368 1601 2400 in
1622 2368 1771 2400 Franciae

1031 2428 1061 2455 et
1085 2422 1305 2465 Hispaniarum
1331 2422 1437 2464 regnis
1454 2421 1586 2462 nunciis,
1608 2432 1666 2465 per
1686 2432 1773 2464 prae-

1031 2482 1133 2509 sentes
1157 2476 1384 2509 committimus
1409 2481 1439 2508 et
1470 2475 1675 2515 mandamus,
1701 2486 1773 2518 qua-

1032 2536 1121 2563 tenus
1146 2530 1225 2574 ipsi,
1251 2541 1305 2563 seu
1330 2540 1439 2563 eorum
1466 2530 1616 2573 quilibet,
1647 2529 1771 2562 easdem

1031 2589 1211 2628 praesentes
1227 2583 1347 2616 litteras
1364 2588 1391 2615 et
1410 2583 1441 2615 in
1459 2583 1502 2616 eis
1520 2588 1664 2616 contenta
1681 2593 1772 2626 quae-

1068 2650 1078 2673 1
1102 2647 1174 2674 Edit.
1191 2646 1274 2674 Main.
1291 2647 1357 2680 legit
1372 2646 1491 2681 comiyit
1506 2647 1544 2681 (R.
1561 2646 1609 2680 T.).

1798 1735 1801 1737 ·
1816 1732 1923 1761 thuisulas
1936 1738 1972 1758 ap-

1789 1760 1854 1784 ponit.

1814 2264 1906 2289 [trinitat
1924 2272 1971 2286 am-

1787 2294 1894 2317 quutores⁴
