2248 3229
215 209 265 236 An.
286 208 314 236 c.
332 208 396 237 1631
446 199 509 234 268

255 695 397 723 Exequutores

215 723 309 750 deputat,

293 1816 402 1837 Contraria

218 1845 314 1870 abrogat.

412 258 592 301 fungentes,
617 259 648 291 in
680 258 789 302 quavis
819 259 911 291 causa
942 263 973 291 et
996 259 1153 301 instantia,

413 311 533 345 sublata
550 312 594 345 eis
610 317 639 344 et
663 322 773 344 eorum
791 311 919 344 cuilibet
936 312 1044 356 quavis
1064 312 1154 345 aliter

413 365 570 398 iudicandi
588 370 617 397 et
642 364 867 408 interpretandi
889 365 1034 400 facultate
1053 370 1081 399 et
1098 376 1154 399 au-

412 418 573 457 ctoritate,
598 418 716 463 ubique
741 418 872 451 iudicari
898 424 928 451 et
951 418 1075 452 definiri
1100 419 1153 452 de-

411 471 505 510 bere,
532 471 656 503 irritum
682 482 808 515 quoque
833 477 862 504 et
886 472 989 513 inane,
1014 472 1038 505 si
1064 483 1153 506 secus

412 525 574 568 superbis
599 535 616 557 a
641 536 809 569 quoquam,
825 526 932 570 quavis
957 527 1152 567 auctoritate,

413 577 547 611 scienter
571 578 619 611 vel
643 578 835 621 ignoranter,
861 579 1029 622 contigerit
1055 585 1153 613 atten-

412 632 482 673 tari,
501 631 508 648 ¹
526 632 646 676 pariter
667 633 875 666 decernimus.

457 685 472 727 g
503 683 531 717 8.
557 685 710 724 Quocirca
742 686 973 718 venerabilibus
1005 686 1153 719 fratribus

413 739 529 771 nostris
561 744 590 771 et
622 739 721 771 dictae
746 739 834 772 Sedis
859 739 897 772 de
921 740 1019 772 latere
1043 740 1153 783 legatis

413 796 443 825 et
466 792 649 835 prolegatis‚
675 803 797 826 necnon
822 792 944 826 dilectis
968 793 1040 825 filiis
1065 803 1154 837 prae-

413 844 596 886 sidentibus,
621 845 899 888 gubernatoribus,
923 846 1054 890 aliisque
1079 846 1154 879 ossi-

413 898 554 939 cialibus,
579 899 689 943 quovis
709 900 836 933 nomine
853 900 1050 944 nuncupatis,
1076 910 1152 944 pro-

413 952 600 993 vinciarum,
626 953 784 986 civitatum
810 957 839 987 et
863 954 1007 987 locorum
1032 953 1154 998 praedi-

414 1010 538 1039 ctorum
556 1016 613 1050 per
630 1007 803 1050 apostolica
824 1007 940 1051 scripta
958 1007 1152 1049 mandamus,

413 1062 576 1102 quatenuS,
598 1060 701 1092 statim
722 1065 813 1103 atque
831 1065 1012 1104 praesentes
1028 1065 1153 1093 nostrae

413 1112 536 1146 litterae
560 1113 621 1146 illis
642 1124 696 1146 seu
721 1113 812 1146 alicui
839 1124 948 1146 eorum
978 1119 1155 1157 praesenta-

414 1171 464 1199 tae
489 1167 614 1206 suerint,
642 1167 710 1200 illas
735 1167 917 1201 solemniter
940 1167 1102 1210 publicent
1125 1172 1155 1200 et

414 1219 571 1263 publicari
595 1220 719 1260 faciant,
740 1230 775 1253 ac
792 1220 823 1252 in
841 1221 885 1252 eis
903 1225 1049 1253 contenta
1064 1230 1156 1264 quae-

415 1273 559 1316 cumque,
576 1283 632 1317 per
650 1284 692 1313 se,
714 1274 761 1305 vel
786 1274 893 1314 alium,
911 1284 965 1306 seu
990 1273 1077 1315 alios,
1101 1273 1154 1306 de-

414 1327 499 1359 bitae
512 1327 713 1372 exequutioni
728 1327 916 1360 demandent
929 1331 958 1362 et
971 1327 1155 1360 demandari

414 1386 603 1423 procurent,
621 1380 869 1413 contradictores
889 1381 1047 1424 quoslibet
1064 1386 1094 1413 et
1110 1390 1157 1413 re-

415 1433 528 1476 belles,
555 1445 590 1467 ac
619 1434 801 1478 praemissis
830 1445 893 1468 non
918 1439 1073 1478 parentes,
1098 1445 1156 1478 per

415 1487 593 1527 sententias,
616 1498 763 1521 censuras
781 1494 809 1520 et
830 1498 947 1532 poenas
973 1488 1158 1521 ecclesiasti-

416 1552 478 1581 cas,
503 1541 625 1585 aliaque
649 1547 829 1586 opportuna
854 1543 930 1576 iuris
961 1547 990 1575 et.
1014 1543 1085 1575 sacti
1110 1552 1158 1575 re-

415 1595 529 1635 media,
554 1596 640 1628 omni
665 1601 693 1628 et
714 1607 911 1640 quacumque
936 1596 1156 1640 appellatione,

415 1659 547 1682 recursu
573 1654 603 1682 et
626 1650 849 1683 reclamatione
874 1650 1013 1691 remotis,
1034 1660 1157 1694 compe-

416 1703 542 1743 scendo,
557 1703 700 1736 invocato
714 1704 807 1736 etiam
825 1703 862 1735 ad
880 1704 940 1736 hoc
957 1703 980 1736 si
998 1714 1076 1747 opus
1094 1704 1158 1736 sue-

416 1756 467 1793 rit,
485 1757 600 1789 auxilio
614 1756 735 1788 brachii
753 1757 932 1789 saecularis.

462 1808 517 1852 {tl
530 1810 597 1841 Non
613 1810 809 1842 obstantibus
827 1810 895 1853 piae
912 1810 1082 1843 memoriae
1097 1810 1156 1842 Bo—

417 1862 520 1895 nisaeii
539 1862 603 1894 x'ttl
621 1862 659 1894 de
680 1865 741 1895 unii
765 1869 794 1896 et
815 1863 846 1895 in
863 1863 996 1896 concilio
1017 1863 1155 1906 generali

418 1916 500 1949 edita
510 1914 520 1932 ‘³
536 1915 574 1947 de
591 1915 713 1948 duabus
727 1916 828 1956 dietis,
842 1916 1015 1949 dummodo
1029 1917 1099 1960 quis
1112 1917 1156 1949 ul-

418 1975 465 2001 tra
475 1974 537 2001 tres
551 1968 648 2001 dietas
658 1975 743 2001 extra
753 1980 840 2002 suam
851 1970 1007 2002 civitatem
1019 1971 1065 2002 vel
1076 1970 1157 2003 dioc-

418 2023 512 2055 cesim
531 2022 568 2054 ad
585 2022 735 2055 iudicium
753 2023 933 2055 earumdem
948 2024 1055 2066 vigore
1072 2034 1158 2067 prae-

418 2075 552 2107 sentium
563 2086 624 2108 non
635 2076 787 2116 trabatur,
795 2082 823 2108 et
835 2076 878 2109 Pii
889 2076 936 2117 IV,
944 2077 1157 2110 Romanorum

418 2128 602 2161 Pontificum
623 2129 901 2172 praedecessorum
915 2135 1106 2170 nostrorum,
1120 2129 1159 2163 de

419 2182 528 2224 gratiis
545 2182 695 2215 iuteresse
709 2182 809 2215 dictae
826 2194 969 2216 camerae
989 2183 1159 2227 quomodo-

419 2235 494 2268 libet
514 2236 775 2269 concernentibus
796 2237 876 2269 insra
896 2241 1016 2271 certum
1035 2242 1158 2281 tempus

419 2289 449 2321 in
465 2289 574 2321 eadem
593 2291 717 2322 camera
736 2290 930 2323 insinuandis
948 2295 976 2324 et
992 2291 1159 2334 registran-

419 2342 476 2382 dis,
497 2353 531 2375 ac
555 2342 623 2375 aliis
640 2343 916 2378 constitutionibus
937 2350 967 2377 et
991 2344 1160 2378 ordinatio-

418 2396 510 2429 nibus
538 2397 728 2440 apostolicis,
754 2407 876 2430 necnon
900 2400 1009 2431 nostra
1033 2398 1072 2431 de
1096 2407 1159 2431 non

418 2450 556 2483 tollendo
582 2451 649 2483 iure
674 2451 816 2494 quaesito
847 2452 978 2495 aliisque
1009 2452 1159 2485 cancella-

418 2503 483 2536 riae
508 2504 697 2547 apostolicae
722 2505 857 2548 regulis,
882 2515 1003 2539 necnon
1034 2505 1159 2549 provin-

456 2576 466 2601 1
490 2575 575 2602 Verba
597 2576 715 2604 irriltmz
736 2580 761 2604 el
782 2578 869 2604 imme
890 2576 1011 2604 delemus
1030 2577 1067 2612 (n.
1085 2577 1134 2612 T.).

454 2619 470 2646 Ξ
490 2618 585 2648 Vocem
607 2622 681 2650 edila}
703 2630 750 2650 nos
770 2621 894 2650 addimus
913 2627 950 2658 (a.
967 2622 1015 2656 T.).

992 210 1172 235 BULLARIUM
1196 210 1351 236 ROMANUM

1189 259 1319 300 ciarum,
1344 258 1514 300 civitatum,
1532 264 1697 302 terrarum,
1721 261 1922 306 oppidorum,

1188 317 1364 345 castrorum
1397 317 1427 346 et
1457 312 1591 346 aliorum
1620 313 1693 347 dicti
1721 313 1824 348 Status
1858 319 1922 347 tam

1187 365 1320 398 mediate
1351 375 1444 409 quam
1474 365 1653 399 immediate
1683 371 1718 399 ut
1747 367 1923 411 praefertur

1187 419 1401 452 subiectorum
1422 420 1564 453 locorum
1593 419 1725 461 statutis,
1741 420 1923 464 privilegiiS‚

1188 472 1324 515 indultis,
1349 473 1620 514 concessionibus,
1651 473 1923 517 exemptionibus,

1187 525 1445 567 immunitatibus,
1470 526 1614 568 licentiis,
1638 525 1850 566 facultatibus,
1875 525 1925 558 dc-

1186 578 1418 622 putationibus,
1444 579 1751 620 confirmationibus,
1776 579 1925 612 extensio-

1187 632 1289 673 nibus,
1306 632 1593 676 prorogationibus,
1612 638 1642 667 et
1654 633 1766 667 litteris
1779 633 1925 677 apostoli-

1187 687 1247 727 cis,
1272 687 1398 729 legatis,
1424 687 1612 730 protegatis,
1642 686 1924 730 gubernatoribus,

1186 740 1386 784 praetoribus
1414 745 1444 772 et
1468 740 1536 773 aliis
1560 740 1744 774 officialibus
1768 740 1924 784 praefatis,

1187 804 1222 827 ac
1246 793 1406 837 quibusvis
1423 793 1501 835 aliis,
1522 794 1615 827 etiam
1635 793 1925 834 communitatibus,

1187 847 1452 889 universitatibus,
1472 847 1681 888 monasteriis,
1705 846 1925 891 hospitalibus,

1188 901 1279 934 etiam
1305 901 1334 934 S.
1361 901 1484 934 Ioannis
1504 900 1792 945 Hierosolymitani,
1810 905 1840 933 et
1858 899 1926 933 aliis

1187 953 1247 998 piis
1271 960 1301 987 et
1325 964 1386 987 non
1411 954 1472 998 piis
1489 954 1577 994 locis,
1594 953 1688 987 etiam
1708 952 1836 997 speciali
1852 954 1926 986 nota

1188 1013 1217 1041 et
1241 1008 1399 1041 mentione
1424 1007 1537 1051 dignis,
1562 1008 1655 1042 etiam
1681 1012 1779 1049 motu,
1796 1006 1926 1040 scientia

1188 1067 1217 1095 et
1240 1066 1393 1105 potestate
1413 1062 1553 1105 paribus,
1571 1066 1602 1094 et
1618 1061 1711 1094 etiam
1730 1060 1928 1094 consistoria-

1187 1115 1268 1156 liter,
1282 1120 1312 1148 et
1327 1115 1365 1148 de
1379 1114 1564 1148 eorumdem
1579 1114 1783 1148 cardinalium
1796 1114 1926 1148 consilio

1188 1173 1217 1201 et
1234 1178 1397 1209 consensu,
1415 1168 1473 1202 sub
1490 1167 1743 1211 quibuscumque
1756 1167 1925 1201 verborum

1189 1222 1298 1254 formis
1331 1226 1360 1254 et
1387 1221 1570 1262 tenoribus,
1598 1232 1634 1255 ac
1662 1231 1733 1254 cum
1765 1219 1927 1264 quibusvis

1189 1274 1282 1307 etiam
1306 1274 1580 1318 derogatoriarum
1604 1274 1825 1317 derogatoriis,
1841 1274 1926 1306 aliis-

1188 1337 1249 1371 que
1274 1327 1504 1361 efficacioribus
1521 1333 1552 1360 et
1568 1327 1701 1360 insolitis
1717 1327 1874 1368 clausulis,
1892 1337 1926 1359 ac

1189 1380 1386 1413 irritantibus
1403 1385 1433 1414 et
1448 1380 1516 1414 aliis
1535 1380 1681 1421 decretis,
1705 1380 1798 1414 etiam
1822 1389 1928 1413 neccs—

1190 1435 1272 1468 sario
1284 1434 1505 1479 exprimendis,
1515 1434 1609 1468 etiam
1624 1434 1656 1466 in
1670 1434 1732 1466 vim
1749 1439 1928 1467 contractus

1190 1488 1283 1522 iurati
1313 1494 1343 1521 et
1372 1488 1519 1521 camerali
1548 1487 1739 1531 obligatione
1763 1487 1867 1520 vallati
1897 1492 1928 1519 et

1190 1542 1300 1586 quovis
1324 1543 1385 1576 alio
1410 1542 1525 1576 robore
1549 1545 1579 1575 et
1603 1541 1724 1575 cautela
1747 1540 1873 1580 firmati,
1898 1541 1928 1573 in

1191 1595 1384 1628 contrarium
1414 1595 1660 1638 praemissorum
1693 1593 1929 1638 quomodolibet

1191 1648 1356 1688 concessis,
1382 1648 1484 1688 editis,
1502 1647 1599 1688 sactis,
1622 1653 1652 1680 et
1675 1647 1804 1691 pluries,
1821 1657 1856 1679 ac
1876 1647 1930 1679 ite-

1191 1702 1266 1734 ratis
1291 1701 1427 1742 vicibus,
1459 1701 1668 1743 confirmatis,
1693 1700 1874 1744 approbatis
1899 1705 1929 1733 et

1191 1755 1368 1797 innovatis,
1399 1754 1514 1798 quibus
1551 1754 1700 1788 omnibus
1736 1758 1766 1787 et
1798 1753 1930 1796 singulis

1192 1808 1327 1851 (etiamsi
1353 1808 1384 1840 in
1409 1808 1453 1840 eis
1484 1812 1630 1840 caveatur
1654 1817 1821 1851 expresse,
1845 1806 1930 1850 quod

1191 1862 1277 1894 nullo
1293 1871 1446 1905 umquam
1464 1866 1606 1904 tempore
1633 1860 1690 1894 sub
1711 1860 1860 1893 similium
1883 1860 1929 1892 vel

1192 1915 1391 1947 dissimilium
1417 1914 1610 1955 facultatum,
1634 1913 1842 1956 licentiarum,
1860 1924 1931 1947 con—

1192 1968 1378 2010 cessionum,
1396 1967 1635 2012 pririlegiorum
1660 1972 1690 2000 et
1714 1967 1845 2000 aliarum
1863 1977 1930 2010 gra-

1192 2022 1306 2054 tiarum
1320 2021 1553 2065 praedictarum
1578 2021 1840 2063 revocationibus,
1865 2031 1930 2054 sus-

1192 2074 1418 2119 pensionibus,
1457 2073 1694 2107 limitationibus
1714 2100 1721 2114 ,
1763 2079 1816 2107 aut
1861 2073 1930 2107 aliis

1193 2128 1359 2162 contrariis
1379 2127 1636 2172 dispositionibus
1655 2137 1715 2171 pro
1732 2132 1873 2172 tempore
1890 2128 1931 2161 sa-

1193 2181 1312 2215 ciendis
1336 2180 1654 2225 comprehendantur,
1672 2180 1726 2214 sed
1750 2191 1875 2225 semper
1892 2180 1930 2214 ab

1193 2234 1254 2267 illis
1271 2239 1428 2278 exceptae,
1442 2239 1482 2275 et,
1499 2234 1623 2278 quoties
1647 2233 1718 2267 illae
1738 2238 1929 2274 emanarent,

1194 2288 1284 2321 toties
1308 2288 1340 2320 in
1363 2288 1529 2331 pristinum
1563 2293 1592 2320 et
1624 2287 1849 2321 validissimum
1873 2293 1931 2321 sta-

1193 2348 1258 2375 tum
1273 2369 1280 2383 ‚
1305 2342 1397 2375 etiam
1423 2341 1480 2375 sub
1505 2342 1674 2385 posteriori
1700 2341 1770 2375 data
1796 2352 1853 2386 per
1876 2351 1930 2375 eos

1193 2397 1308 2440 quibus
1326 2396 1491 2430 concessa¹
1514 2401 1585 2429 sunt
1602 2396 1755 2440 eligenda,
1776 2396 1929 2436 restituta,

1192 2451 1329 2494 reposita
1353 2456 1383 2484 et
1402 2451 1542 2495 plenarie
1556 2451 1756 2494 reintegrata,
1770 2461 1805 2483 ac
1826 2450 1930 2483 denuo

1193 2514 1342 2537 concessa
1358 2504 1420 2537 sint
1439 2509 1470 2538 et
1493 2514 1561 2538 esse
1585 2508 1779 2545 censeantur,
1797 2512 1929 2543 necnon,

1192 2569 1251 2601 pro
1277 2558 1441 2591 sufficienti
1466 2558 1692 2601 derogatione,
1717 2556 1755 2590 de
1785 2556 1846 2589 illis
1870 2567 1928 2591 eo-

1232 2622 1240 2647 1
1260 2619 1329 2648 Edit.
1347 2619 1424 2648 Main.
1442 2620 1505 2656 legit
1520 2628 1663 2649 concessae
1677 2619 1716 2655 (n.
1733 2620 1780 2656 T.).

1936 212 1987 241 An.
2007 212 2036 240 C.
2054 211 2118 241 1631
