2221 3224
185 213 233 239 An.
255 212 282 240 c.
302 212 367 240 16'28
413 203 456 236 ⁶24

214 594 310 614 flitmum
322 600 370 614 con·

189 621 264 641 firmat.

218 1126 337 1146 Clausulae,

268 1766 381 1796 Derocatio

199 1796 244 1813 cont
250 1796 311 1813 mrim
318 1799 358 1813 um.

385 259 526 293 sistentia
545 268 669 292 necnon
693 257 893 291 observantia
917 256 1121 297 firmioribus,

384 313 576 357 apostolicae
592 316 717 345 nostrae
742 309 990 344 confirmationis
1008 309 1122 342 robore

385 366 575 400 communiri
606 375 805 408 summopere
834 363 1007 404 desideret,
1032 363 1122 397 nobis

386 425 553 464 propterea
572 419 734 451 humiliter
754 416 929 461 supplicari·
944 417 1025 458 fecit,
1039 422 1073 449 ut
1092 417 1122 449 in

385 473 564 517 praemissis
590 476 767 516 opportune
793 470 959 513 providere
980 470 1017 503 de
1041 470 1125 503 beni-

386 526 503 570 gnitate
528 525 699 568 apostolica
724 523 937 566 dignaremur.

431 581 445 623 ξ
469 579 498 612 3.
523 580 586 612 Nos
610 577 721 620 igitur,
747 577 892 610 eumdem
917 577 1126 621 archiepisco-

387 644 460 676 pum
482 631 670 675 specialibus
693 630 852 663 favoribus
872 635 902 662 et
926 630 1035 672 gratiis
1055 641 1126 673 pro-

387 685 473 729 sequi
487 685 636 725 volentes,
653 684 834 717 huiusmodi
847 683 1126 727 supplicationibus

386 738 536 779 inclinati,
561 738 722 770 decretum
747 737 987 781 praeinsertum⁷
1006 742 1127 780 aposto-

387 792 496 825 stolica
509 791 702 832 auctoritate,
718 795 825 823 tenore
838 790 1062 834 praesentium,
1075 801 1127 834 ap-

388 846 559 890 probamus
574 850 603 878 et
620 845 855 884 confirmamus,
866 844 988 887 illisque
1002 844 1128 877 inviola—

388 899 460 932 bilis
474 898 664 942 apostolicae
677 898 834 931 firmitatis
846 898 944 931 robur
954 897 1127 937 adiicimus,

389 965 424 986 ac
441 964 550 987 omnes
567 953 753 995 etsingulos
770 957 833 984 tam
851 952 928 984 iuris
944 962 1037 995 quam
1055 951 1127 984 facti

389 1007 537 1047 defectus,
555 1006 579 1039 si
601 1006 653 1050 qui
675 1006 810 1049 desuper
834 1005 1070 1049 quomodolibet
1087 1005 1129 1037 in-

390 1060 592 1101 tervenerint,
617 1060 810 1103 supplemus.

435 1115 450 1157 g
474 1114 503 1146 lt.
528 1114 736 1147 Decernentes
766 1112 927 1145 decretum
950 1112 1129 1145 huiusmodi

390 1177 512 1201 necnon
532 1171 713 1210 praesentes
730 1167 849 1198 litteras
865 1165 975 1206 valida,
994 1165 1084 1197 firma
1101 1170 1131 1197 et

391 1219 531 1253 efficacia
554 1229 622 1251 esse
648 1223 677 1250 et
701 1219 786 1258 fore⁷
812 1228 947 1260 suosque
973 1218 1131 1260 plenarios

392 1278 422 1306 et
443 1273 582 1315 integros
608 1272 737 1304 effectus
756 1270 860 1304 sortiri
883 1275 913 1302 et
930 1270 1081 1312 obtinere,
1103 1275 1133 1303 et

392 1326 430 1359 ab
449 1325 605 1365 omnibus,
622 1325 659 1357 ad
673 1335 752 1368 quos
768 1328 896 1368 spectat,
911 1323 1133 1357 inviolabiliter

393 1379 568 1418 observari3
584 1378 689 1422 sicque
709 1389 766 1422 per
780 1388 995 1421 quoscumque
1015 1377 1133 1410 iudices

395 1434 573 1468 ordinarios
597 1438 627 1465 et
652 1433 811 1475 delegatos
845 1432 937 1464 etiam
968 1442 1133 1464 causarum

393 1487 499 1532 palatii
524 1486 687 1530 apostolici
711 1486 869 1518 auditores
886 1485 1019 1518 iudicari
1037 1490 1066 1517 et
1083 1485 1135 1517 de-

395 1540 479 1573 finiri
503 1540 628 1580 debere,
645 1550 680 1572 ac
697 1539 823 1571 irritum
841 1543 870 1571 et
887 1539 988 1577 inane,
1003 1538 1028 1570 si
1045 1549 1135 1571 secus
1152 1560 1153 1563 =

395 1605 489 1638 super
507 1594 555 1626 his
579 1604 596 1626 a
620 1603 789 1637 quoquam,
807 1592 915 1636 quavis
940 1592 1134 1633 auctoritate,

396 1648 530 1681 scienter
556 1647 603 1680 vel
628 1647 820 1690 ignoranter,
839 1645 1006 1689 contigerit
1031 1649 1132 1679 atten-

396 1701 466 1734 tari.

442 1756 456 1799 g
481 1754 509 1787 5.
534 1755 603 1788 Non
635 1754 831 1787 obstantibus
862 1753 1137 1787 constitutionibus

398 1814 428 1842 et
451 1808 700 1842 ordinationibus
733 1807 928 1851 apostolicis,
962 1808 1136 1851 ceterisque

399 1862 564 1896 contrariis
590 1862 848 1905 quibuscumque.

443 1917 555 1949 Datum
580 1917 713 1958 Itomae,
740 1915 822 1959 apud
847 1916 875 1949 S.
895 1916 1022 1948 Mariam
1046 1915 1140 1948 Maio—

399 1980 483 2012 rem,
502 1969 559 2002 sub
577 1970 692 2002 annulo
710 1969 877 2002 Piscator-is
889 1996 896 2009 ,
914 1969 964 2001 die
987 1979 1031 2001 vn
1058 1974 1140 2002 octo-

399 2024 464 2056 bris
482 2033 657 2063 MDcxxvui,
671 2023 871 2067 pontificatus
884 2023 983 2055 nostri
996 2033 1077 2055 anno
1098 2033 1138 2056 ri.

435 2087 495 2113 Dat.
514 2086 556 2112 die
572 2086 586 2112 7
603 2085 722 2112 octobris
741 2085 818 2120 1628,
834 2085 930 2121 pontif.
948 2093 1018 2112 anno
1035 2091 1070 2111 vt.

699 2220 844 2254 CCCXIII.

404 2294 615 2336 Confirmatio
628 2291 881 2336 prirz'lesli'orum
894 2295 921 2323 et
937 2289 1142 2323 imluztormn

449 2346 568 2380 Ordini
585 2346 728 2388 fratrum
747 2344 854 2376 beatae
870 2343 997 2376 Mariae
1014 2342 1051 2375 [Ie
1064 2342 1143 2374 Mer-

448 2399 518 2432 cede
537 2397 779 2441 Redempliom's
804 2397 1007 2440 captivorum
1025 2405 1143 2428 conces—

447 2463 557 2485 sorum
571 2451 589 2484 ¹.

443 2535 452 2559 1
467 2533 545 2559 Hunc
554 2532 680 2559 Ordinem
695 2530 853 2567 approbavit
868 2529 1011 2565 Gregorius
1027 2528 1060 2555 tx
1076 2528 1144 2556 Con-

405 2577 460 2604 stit.
476 2583 542 2609 xm,
560 2577 735 2610 Deuotionis,
752 2580 817 2603 tom.
834 2582 873 2609 111,
890 2583 951 2610 pag.
969 2574 1036 2606 4853
1052 2573 1145 2600 Refor-

406 2620 484 2648 matis
502 2628 565 2648 vero
580 2619 656 2648 istius
676 2619 781 2648 Ordinis
799 2619 943 2647 transitum
958 2618 992 2647 ad
1008 2617 1145 2647 Calceatos

956 209 1136 234 BULLARIUM
1160 209 1314 234 ROMANUM

1358 256 1493 283 Urbanus
1512 254 1691 289 Episcopus,

1333 307 1438 327 servus
1468 306 1620 327 servorum
1645 299 1715 331 Dei,

1280 344 1316 371 ad
1335 347 1513 378 perpetuam
1532 344 1577 371 rei
1595 344 1774 371 memoriam.

1201 417 1243 449 Ex
1259 415 1404 448 clementi
1421 415 1510 448 Sedis
1523 414 1719 458 Apostolicae
1740 414 1895 459 provisio·
1937 427 2058 447 Exordium.

1157 480 1212 509 ne,
1237 478 1360 501 necnon
1391 478 1597 511 personarum
1622 468 1685 500 Deo
1713 467 1896 508 devotarum

1158 523 1216 555 sub
1240 520 1403 564 religionis
1428 520 1502 563 iugo
1532 520 1664 554 Domino
1696 520 1898 553 militantium

1158 575 1209 619 pia
1233 574 1399 608 devotione
1433 574 1601 617 provenire
1628 573 1840 616 dignoscitur,
1866 579 1900 606 ut

1160 629 1318 662 Romanus
1335 627 1475 660 Pontifex
1493 626 1680 670 quandoque
1700 637 1757 670 per
1773 626 1899 670 praede-

1160 692 1300 715 cessores
1315 691 1388 714 suos
1405 681 1562 714 Romanos
1579 680 1744 713 Pontifices
1757 691 1816 724 pro
1832 690 1900 724 per-

1161 745 1308 768 sonarum
1334 733 1517 767 earumdem
1545 733 1752 777 locorumque
1773 734 1898 767 illanum

1161 789 1243 823 felici
1256 799 1404 822 successu
1418 793 1448 820 et
1465 787 1569 831 quiete
1583 797 1731 820 concessa
1747 787 1901 831 approbet

1161 848 1191 876 et
1205 842 1370 875 confirmet
1383 846 1476 884 atque
1494 840 1696 880 communiat,
1710 844 1813 884 prout,
1828 851 1900 884 per-

1162 906 1310 929 sonarum
1333 894 1525 935 earumdem,
1551 904 1587 926 ac
1611 893 1756 926 locorum
1776 897 1807 927 et
1827 899 1902 926 tem-

1162 959 1275 992 porum
1290 946 1492 992 qualitatibus
1505 946 1608 979 debite
1621 946 1768 989 pensatis,
1782 946 1903 991 conspi-

1163 1002 1204 1035 cit
1227 1002 1259 1034 in
1282 1001 1416 1034 Domino
1441 1000 1609 1033 salubriter
1635 999 1791 1043 expedire.

1208 1056 1222 1099 g
1247 1055 1275 1088 ’1.
1299 1055 1388 1095 Saue,
1406 1065 1464 1098 pro
1488 1059 1578 1098 parte
1598 1053 1702 1086 dilecti
1726 1053 1783 1086 filii
1807 1053 1905 1086 Ludo-

1164 1109 1223 1143 vici
1239 1109 1406 1153 Apparicii,
1424 1108 1567 1141 moderni
1585 1107 1801 1152 procuratoris
1815 1118 1907 1150 gene-

1165 1163 1238 1195 ralis
1267 1162 1459 1206 infrascripti
1487 1161 1611 1195 Ordinis
1646 1161 1753 1195 beatae
1777 1161 1904 1201 Mariae,

1166 1215 1255 1249 nobis
1280 1226 1381 1258 nuper
1412 1214 1549 1247 exhibita
1572 1214 1681 1258 petitio
1707 1213 1906 1255 continebat,

1166 1268 1261 1312 quod,
1277 1278 1348 1300 cum
1366 1267 1446 1301 inter
1463 1277 1572 1300 omnes
1590 1267 1669 1300 ritae
1682 1266 1837 1310 regularis
1855 1266 1909 1300 Or-

1168 1322 1256 1354 dines
1270 1322 1322 1354 ille
1336 1321 1367 1353 in
1382 1321 1492 1364 primis
1506 1320 1695 1364 conspicuus
1709 1330 1777 1353 esse
1791 1320 1909 1353 videre-

1168 1381 1228 1416 tur,
1250 1386 1343 1419 quem
1361 1374 1541 1407 beatissima
1554 1375 1714 1407 caelorum
1736 1374 1854 1417 Regina
1871 1375 1909 1407 ad

1169 1428 1366 1472 captivorum
1381 1427 1554 1460 infidelium
1570 1427 1710 1471 partibus
1721 1427 1835 1460 misere
1845 1437 1910 1460 ser-

1169 1483 1320 1516 vientium
1335 1481 1587 1526 redemptionem
1603 1485 1710 1514 sancto
1726 1482 1910 1526 Raymundo

1169 1536 1207 1569 dc
1224 1536 1405 1585 P3unafort,
1426 1540 1456 1567 et
1476 1535 1578 1568 clarae
1600 1534 1771 1568 memoriae
1795 1534 1909 1568 Iacobo

1169 1591 1351 1633 Aragonum
1376 1589 1464 1632 regi,
1488 1599 1611 1623 necnon
1635 1588 1793 1632 quondam
1818 1589 1910 1622 Petro

1170 1642 1312 1676 Nolasco¹
1327 1642 1431 1687 primo
1442 1643 1523 1675 illius
1535 1642 1718 1687 professori,
1730 1642 1805 1675 dum
1816 1642 1911 1675 vitam

1171 1696 1322 1729 ducerent
1346 1696 1378 1728 in
1402 1695 1567 1737 humanis⁷
1593 1695 1745 1738 singulari
1775 1695 1911 1739 quodam

1171 1749 1382 1783 miserationis
1403 1750 1516 1783 affectu
1540 1750 1598 1782 sibi
1621 1750 1688 1783 fore
1713 1749 1912 1783 carissimum

1172 1804 1374 1844 revelaverat,
1399 1794 1750 1837 felicis'recordationis
1771 1803 1914 1837 Callistus

1172 1858 1254 1900 Papa
1271 1857 1310 1889 lll
1330 1856 1555 1900 praedecessor
1572 1862 1678 1889 noster
1696 1857 1784 1889 illum
1800 1855 1914 1889 certis2

1173 1910 1356 1953 Ordinibus,
1382 1910 1502 1944 ratione
1528 1910 1631 1953 quarti
1654 1910 1718 1943 voti
1743 1920 1805 1953 quo
1829 1909 1914 1942 illius

1173 1964 1286 1997 fratres
1311 1974 1343 1996 se
1373 1963 1552 1996 infidelibus
1577 1964 1609 1995 in
1638 1963 1833 2006 captivorum
1858 1973 1912 1995 re-

1174 2018 1388 2061 demptionem
1412 2018 1528 2061 pignus
1553 2018 1620 2050 fore
1646 2017 1798 2049 devovent
1815 2021 1845 2048 et
1862 2016 1916 2049 ob-

1174 2072 1341 2114 stringunt,
1361 2070 1526 2104 celsiorem
1544 2075 1573 2103 et
1585 2070 1806 2113 perfectiorem
1825 2080 1916 2102 roca-

1174 2125 1233 2165 vit,
1259 2129 1289 2156 ct
1312 2124 1363 2156 hic
1387 2124 1453 2167 ipsc
1479 2123 1561 2156 Ordo
1591 2123 1653 2155 iam
1678 2122 1750 2156 inde
1771 2123 1810 2155 ab
1835 2133 1916 2156 anno

1174 2177 1299 2210 Domini
1335 2177 1503 2210 millesimo
1539 2176 1754 2210 ducentesimo
1794 2176 1916 2210 decimo

1176 2237 1285 2265 octavo
1299 2231 1331 2264 in
1344 2230 1466 2264 civitate
1486 2229 1733 2263 Barcliinonensi
1753 2230 1791 2262 ab
1805 2230 1917 2263 eodem

1175 2302 1232 2329 sine
1251 2302 1327 2329 Sedis
1342 2301 1511 2337 Apostolicae
1531 2301 1639 2328 licenti-:i
1658 2301 1796 2328 interdixit
1810 2301 1919 2328 istemet

1176 2347 1297 2374 Pontifex
1314 2347 1437 2374 Urbanus
1452 2347 1512 2373 VlII
1529 2347 1554 2373 in
1571 2347 1661 2374 Const.
1680 2353 1794 2381 CCLxxv,
1811 2347 1919 2374 Iniun-

1175 2393 1224 2427 cti,
1238 2396 1301 2419 tom.
1315 2398 1374 2426 x111,
1391 2400 1452 2427 pag.
1466 2392 1533 2425 6233
1550 2391 1697 2428 Eidemque
1708 2392 1800 2419 Ordini
1815 2395 1842 2418 ut
1857 2391 1920 2419 mis-

1177 2446 1233 2465 sam
1249 2441 1275 2464 et
1289 2436 1409 2464 officium
1424 2436 1539 2463 recitare
1558 2436 1664 2463 valeant
1678 2437 1705 2463 in
1721 2436 1762 2464 die
1777 2436 1844 2464 festo
1859 2444 1920 2463 san-

1177 2483 1214 2510 cti
1229 2482 1381 2517 Raymundi
1397 2482 1558 2509 confessoris
1573 2482 1708 2509 concessit
1720 2481 1811 2510 Const.
1827 2488 1916 2516 Cvai,

1178 2527 1345 2561 Salvatorz's,
1366 2526 1432 2553 ibid.
1454 2535 1514 2562 pag.
1532 2526 1593 2554 38⁶2.

1211 2572 1226 2598 1
1248 2571 1319 2598 Edit.
1336 2570 1416 2598 Main.
1433 2571 1498 2605 legit
1515 2571 1634 2598 Rolasco
1648 2572 1686 2606 (R.
1703 2571 1754 2606 τ.).

1213 2615 1229 2642 2
1249 2614 1316 2644 Puto
1335 2615 1480 2652 legendum
1498 2616 1600 2645 ceteris
1618 2614 1724 2652 (iz-jin).

1905 205 1954 232 An.
1975 203 2005 232 C.
2023 203 2091 232 1628

1960 1066 2026 1086 Multa
2040 1071 2053 1086 a
2069 1064 2104 1086 di-

1920 1093 1985 1114 versis
1998 1091 2104 1112 Pontifici-

1920 1120 1959 1140 bus
1970 1119 2019 1140 huic
2030 1118 2105 1139 Ordini

1921 1151 2022 1167 concessa
2061 1145 2104 1165 fue-

1921 1175 1969 1194 runt
1983 1172 2104 1199 privilegia.
