2248 3229
241 248 290 275 An.
307 250 334 275 (ἲ.
360 250 426 278 1535

472 242 535 276 476

441 300 571 343 expulsi,
587 300 678 331 etiam
699 303 768 341 post
793 298 931 331 habitum
957 299 1118 340 religionis
1134 299 1178 331 di-

441 353 581 391 missum,
594 351 800 394 praetendere
818 361 850 384 se
874 361 890 383 a
908 351 990 384 dicto
1008 355 1090 392 voto,
1108 362 1178 395 pro-

441 405 598 446 missione,
617 404 680 436 sive
698 404 874 437 iuramento
899 404 936 437 de
960 415 1021 438 non
1042 405 1177 448 petendo

439 467 495 489 nec
521 456 688 490 obtinendo
713 457 848 500 aliquam
875 457 1068 500 dignitatem,
1086 463 1116 490 et
1139 458 1177 491 de

438 509 522 541 illam
547 510 639 542 etiam
666 515 753 543 motu
783 511 914 554 proprio
946 511 1089 547 collatam
1115 521 1176 544 non

438 563 639 606 acceptando,
653 564 748 596 fuisse
763 564 808 596 vel
827 574 893 596 esse
908 564 1065 606 liberatos,
1082 575 1177 608 quan-

438 620 503 648 tum
529 627 600 649 cum
627 616 759 649 Domino
786 627 975 660 possumus,
1001 622 1176 661 opportune

438 669 605 713 providere
629 670 785 707 volentes3
803 680 923 702 necnon
949 670 1022 711 voti,
1040 671 1175 714 promis-

438 723 534 756 sionis
559 734 612 756 seu
637 723 814 764 iuramenti,
835 734 870 756 ac
895 724 1086 765 facultatum,
1105 725 1177 757 ali'o-

438 786 570 819 rumque
591 776 682 809 etiam
701 776 739 809 de
754 777 938 809 necessitate
959 778 1176 820 exprimendo-

437 840 507 861 rum
525 830 664 863 veriores
681 834 711 862 et
724 831 804 863 totos
818 835 942 863 tenores
958 831 1176 873 praesentibus

437 893 494 925 pro
520 883 611 925 plene
636 888 665 915 et
689 883 878 915 sufficienter
899 884 1060 927 expressis
1085 888 1114 917 et
1137 884 1175 916 ad

438 936 568 968 verbum
594 936 718 969 insertis
743 936 906 976 babentes,
925 937 1174 981 motu'proprio,

438 994 468 1021 et
491 1000 526 1022 ex
553 992 637 1022 certa
662 990 790 1022 scientia
819 1001 855 1024 ac
880 992 1000 1023 matura
1024 990 1176 1024 delibera-

437 1042 520 1075 tione
544 1043 670 1083 nostris,
688 1043 789 1086 deque
806 1044 995 1087 apostolicae
1014 1045 1175 1088 potestatis

438 1096 639 1138 plenitudine,
655 1096 713 1128 hac
733 1098 841 1129 nostra
867 1102 1020 1140 perpetuo
1041 1097 1174 1131 valitura

438 1148 663 1181 Constitutione
688 1148 884 1182 declaramus
908 1153 938 1183 et
965 1150 1174 1192 decernimus,

438 1212 652 1245 quoscumque
669 1202 829 1244 regulares
846 1202 1022 1245 praedictos
1039 1203 1176 1236 cuiusvis

437 1254 570 1294 Ordinis,
591 1255 843 1297 congregationis
867 1261 897 1287 et
921 1255 1061 1297 instituti,
1083 1257 1175 1289 etiam

437 1308 672 1350 quomodolibet
703 1309 862 1352 exempti,
890 1309 983 1341 etiam
1014 1310 1176 1343 Societatis

437 1361 516 1401 lesu,
541 1371 596 1403 per
621 1371 853 1404 quamcumque
870 1362 1105 1396 translationem
1126 1363 1177 1396 ha-

437 1419 545 1447 ctenus
570 1420 599 1447 et
622 1415 826 1458 imposterum
852 1416 1114 1460 quandocumque
1139 1417 1176 1449 de

438 1469 494 1499 sua
519 1467 557 1499 ad
575 1467 665 1500 aliam
683 1468 868 1510 religionem
885 1470 937 1501 vel
965 1469 1124 1510 Ordinem,
1143 1475 1177 1502 ut

437 1520 623 1562 praefertur,
641 1531 695 1553 seu
716 1521 791 1553 alias
815 1522 1063 1564 quomodolibet,
1082 1523 1174 1555 etiam

437 1573 565 1616 pluries,
580 1578 609 1607 et
622 1585 678 1617 per
695 1584 928 1618 quamcumque
949 1576 1175 1619 expulsionem,

438 1626 623 1670 habitusque
634 1628 788 1669 regularis
798 1627 1025 1670 dimissionem,
1034 1640 1092 1672 pro
1103 1636 1176 1662 tem<

437 1689 513 1721 pore
539 1680 644 1719 factas,
665 1690 727 1714 non
752 1691 828 1723 esse,
850 1691 907 1714 nec
930 1682 1006 1724 sore,
1033 1683 1175 1715 minusve

438 1732 497 1765 dici
518 1739 570 1765 aut
592 1734 711 1766 censeri
731 1745 822 1777 posse
847 1745 901 1768 seu
918 1735 1033 1768 debere
1051 1747 1067 1767 a
1084 1747 1173 1779 prae-

437 1786 500 1818 fato
519 1792 601 1826 voto,
618 1787 838 1829 promissione,
863 1798 918 1821 seu
938 1789 1114 1822 iuramento
1140 1790 1174 1821 li-

437 1838 579 1878 herat0s3
598 1840 651 1872 sed
668 1850 721 1873 eos
734 1840 884 1874 hactenus
901 1846 930 1873 et
946 1852 1004 1885 pro
1021 1847 1173 1886 tempore,

437 1897 471 1924 ut
494 1893 679 1935 praefertur,
701 1895 884 1935 translatos,
909 1896 1073 1938 expulsos,
1098 1906 1133 1929 ac
1158 1907 1174 1929 a

384 1963 389 1967 -
438 1944 592 1978 delatione
616 1946 739 1979 habitus
763 1948 916 1990 regularis
944 1948 1103 1981 absolutos
1127 1949 1173 1981 vel

278 2327 330 2346 Hine
345 2326 421 2346 consu-

239 2354 311 2373 tussoui
341 2353 421 2372 clauus

238 2379 270 2399 las
281 2382 421 2405 praeseriati-

238 2410 274 2425 vas
292 2408 383 2431 append.

438 1999 586 2041 privatos,
611 2010 882 2043 quarumcumque
907 2000 1094 2043 dignitatum
1119 2001 1174 2033 bu-

438 2051 572 2085 iusmodi
589 2053 722 2096 proinde
742 2053 914 2097 incapaces,
932 2058 962 2086 et
978 2054 1016 2086 ad
1036 2054 1104 2086 illas
1123 2064 1174 2097 pe-

438 2105 555 2147 tendas,
566 2106 769 2150 acceptandas
782 2112 812 2140 et
824 2107 1007 2140 obtinendas
1020 2108 1174 2141 inhabiles

438 2168 610 2202 remanere,
624 2159 655 2192 in
668 2160 814 2193 omnibus
830 2165 859 2193 et
876 2170 933 2204 per
946 2161 1060 2201 omnia,
1076 2161 1175 2204 perin-

438 2212 476 2244 de
493 2223 528 2244 ac
545 2213 569 2245 si
587 2213 736 2255 translati,
754 2214 875 2257 expulsi
900 2224 954 2247 seu
979 2225 995 2246 a
1020 2214 1173 2248 delatione

437 2265 562 2299 babitus
576 2266 697 2299 liberati
716 2277 770 2300 seu
783 2267 895 2311 privati
909 2277 971 2300 non
989 2267 1136 2308 fuissent,

481 2320 495 2362 ξ
520 2320 548 2351 4.
568 2320 748 2354 Praesentes
765 2331 840 2354 vero
859 2321 988 2362 litteras,
1006 2322 1174 2364 omniaque

437 2377 463 2405 et
490 2373 612 2415 singula
637 2375 668 2406 in
692 2374 737 2407 eis
766 2379 920 2416 contenta,
946 2376 1039 2408 etiam
1064 2386 1098 2408 ex
1126 2385 1171 2417 eo,

437 2427 519 2469 quod
537 2427 726 2470 quicumque
743 2428 773 2460 in
786 2428 976 2471 praemissis,
991 2438 1043 2461 seu
1064 2438 1172 2462 eorum

436 2480 551 2523 aliquo,
565 2481 715 2514 interesse
728 2481 887 2523 babentes,
902 2491 955 2514 seu
971 2481 1086 2514 babere
1100 2491 1174 2524 quo-

436 2533 608 2567 modolibet
628 2534 874 2577 praetendentes,
897 2534 934 2567 ad
962 2545 997 2567 ea
1022 2535 1120 2568 vocati
1144 2539 1174 2567 et

437 2586 542 2628 auditi,
556 2587 722 2631 minusque
736 2598 857 2629 causae,
871 2592 1002 2631 propter
1014 2598 1092 2631 quas
1109 2597 1175 2621 eae-

437 2638 506 2671 dem
531 2646 710 2682 praesentes
740 2642 970 2681 emanaverint,
995 2641 1171 2683 adductae,

1023 250 1203 275 BULLARIUM
1226 251 1380 275 Romnum

1212 299 1398 339 verificatae,
1413 308 1465 331 seu
1484 298 1558 331 alias
1574 299 1772 342 sufficienter,
1789 301 1946 335 autetiam

1211 352 1387 384 nullatenus
1410 351 1594 384 iustificatae
1617 353 1742 394 suerint,
1766 355 1852 387 nullo
1876 365 1945 387 um-

1211 416 1303 448 quam
1328 410 1471 450 tempore
1493 406 1530 438 de
1551 406 1771 450 subreptionis,
1790 409 1837 440 vel
1857 408 1948 441 obre-

1212 460 1335 503 ptionis,
1361 471 1415 493 seu
1440 460 1590 493 nullitatis
1614 460 1699 501 vitio,
1725 471 1777 494 seu
1802 461 1947 494 intentio-

1211 513 1258 545 nis
1275 518 1412 551 nostrae,
1432 518 1485 546 aut
1506 514 1566 546 alio
1581 514 1691 557 quovis
1707 514 1839 553 defectu,
1857 514 1947 547 etiam

1211 566 1411 608 quantumvis
1436 575 1561 609 magno,
1587 566 1796 609 inexcogitato
1821 571 1850 599 et
1875 566 1947 599 sub-

1211 619 1354 660 stantiali,
1377 619 1439 651 sive
1461 619 1553 651 etiam
1572 630 1607 651 ex
1634 630 1680 658 eo,
1698 619 1781 662 quod
1806 619 1836 651 in
1861 629 1950 662 prae-

1211 672 1322 713 missis,
1344 683 1397 705 seu
1423 683 1531 705 eorum
1553 673 1667 716 aliquo,
1685 673 1896 705 solemnitates
1920 678 1949 705 et

1211 724 1337 767 quaevis
1358 725 1417 757 alia
1441 725 1593 757 servanda
1617 730 1646 757 et
1670 725 1867 769 adimplenda
1888 735 1949 758 ser-

1211 783 1278 810 vata
1312 784 1341 810 et
1373 778 1539 821 adimpleta
1569 789 1630 811 non
1663 779 1798 819 suerint,
1830 785 1882 812 aut
1912 789 1948 812 ex

1210 831 1320 874 quovis
1345 831 1405 864 alio
1430 832 1539 875 capite,
1565 842 1581 864 a
1605 833 1683 873 iure,
1704 833 1751 865 vel
1782 833 1871 874 sacto,
1897 838 1949 864 aut

1210 889 1333 926 statuto,
1356 886 1400 917 vel
1423 885 1649 918 consuetudine
1673 885 1775 928 aliqua
1801 886 1949 917 resultan-

1210 943 1248 977 te,
1275 949 1329 970 seu
1355 939 1447 971 etiam
1479 939 1634 979 enormis,
1660 938 1895 971 enormissimae
1920 944 1949 970 et

1210 991 1312 1023 totalis
1337 991 1493 1032 laesionis,
1512 997 1564 1024 aut
1588 1002 1787 1036 quocumque
1811 992 1872 1025 alio
1897 1002 1948 1025 eo-

1209 1045 1286 1083 lore,
1311 1045 1403 1077 etiam
1430 1045 1460 1077 in
1486 1055 1621 1089 corpore
1645 1046 1722 1078 iuris
1747 1046 1868 1088 clauso,
1895 1056 1948 1078 seu

1210 1099 1372 1131 occasione
1408 1099 1455 1131 vel
1492 1101 1584 1132 causa
1622 1100 1713 1132 etiam
1750 1100 1949 1143 quantumvis

1210 1152 1299 1192 iusta,
1317 1152 1494 1185 rationabili
1512 1158 1541 1185 et
1558 1153 1765 1196 privilegiata,
1776 1155 1867 1186 etiam
1886 1153 1949 1194 tali,

1210 1215 1288 1248 quae
1305 1205 1341 1237 ad
1360 1206 1504 1239 effectum
1519 1206 1683 1240 validitatis
1699 1206 1947 1250 praemissorum

1210 1259 1387 1291 necessario
1412 1259 1614 1302 exprimenda
1639 1260 1728 1300 soret,
1752 1260 1865 1300 notari,
1892 1260 1949 1291 im-

1210 1312 1353 1354 pugnari,
1380 1312 1550 1355 invalidari,
1578 1313 1751 1355 retractari,
1774 1313 1804 1345 in
1830 1313 1877 1345 ius
1901 1313 1948 1345 vel

1211 1366 1456 1398 controversiam
1486 1366 1637 1407 revocari,
1659 1370 1712 1398 aut
1736 1365 1773 1398 ad
1799 1366 1950 1399 terminos

1211 1417 1287 1450 iuris
1311 1418 1429 1458 reduci,
1451 1419 1499 1450 vel
1524 1418 1673 1451 adversus
1698 1419 1766 1452 illas
1782 1418 1951 1452 restitutio-

1210 1471 1257 1502 nis
1281 1471 1312 1502 in
1337 1471 1493 1513 integrum
1509 1498 1516 1512 ,
1542 1472 1726 1515 aperitionis
1750 1472 1830 1513 oris,
1855 1472 1948 1504 redu-

1211 1523 1322 1557 ctionis
1353 1524 1391 1556 ad
1416 1525 1497 1557 viam
1533 1529 1563 1557 et
1596 1525 1747 1558 terminos
1778 1525 1871 1567 iuris,
1897 1530 1950 1558 aut

1211 1577 1293 1609 aliud
1312 1578 1534 1622 quodcumque
1559 1579 1646 1619 iuris,
1664 1580 1746 1620 facti,
1764 1579 1881 1621 gratiae
1902 1579 1949 1611 vel

1211 1630 1344 1663 iustitiae
1359 1631 1534 1664 remedium
1553 1632 1724 1675 impetrari,
1742 1642 1797 1664 seu
1821 1641 1950 1675 quomo-

1210 1682 1329 1716 dolibet
1353 1684 1502 1726 concedi,
1528 1689 1580 1717 aut
1605 1684 1772 1727 impetrato
1799 1685 1847 1716 vel
1871 1695 1947 1717 con-

1210 1746 1297 1769 cesso
1311 1738 1492 1780 quempiam
1510 1738 1564 1779 uti,
1583 1748 1636 1770 seu
1654 1748 1685 1770 se
1706 1738 1812 1770 iuvare
1826 1738 1857 1770 in
1873 1738 1949 1770 iudi-

1209 1790 1257 1823 cio
1278 1790 1325 1822 vel
1351 1796 1437 1823 extra
1461 1801 1551 1834 posse
1560 1802 1567 1831 ;
1592 1801 1693 1834 neque
1711 1792 1769 1823 sub
1786 1791 1948 1834 quibusvis

1209 1843 1358 1876 si-milium
1385 1844 1430 1876 vel
1464 1844 1662 1876 dissimilium
1694 1844 1865 1887 gratiarum
1896 1855 1947 1877 re-

1209 1896 1448 1937 vocationibus,
1474 1897 1754 1940 suspensionibus,
1788 1897 1948 1931 limitatio-

1209 1949 1308 1991 nibus,
1330 1954 1383 1982 aut.
1406 1950 1474 1982 aliis
1499 1950 1665 1983 contrariis
1689 1950 1947 1993 dispositionibus

1209 2013 1267 2045 pro
1292 2007 1432 2046 tempore
1463 2003 1699 2047 quomodolibet
1723 2003 1809 2036 sactis
1837 2009 1867 2036 et
1897 2004 1944 2035 sa-

1209 2055 1326 2088 ciendis
1351 2056 1594 2099 comprehendi3
1614 2056 1666 2088 sed
1688 2066 1813 2099 semper
1830 2056 1868 2088 ab
1885 2057 1946 2088 illis

1209 2112 1362 2152 exceptas,
1387 2114 1603 2152 perpetuoque
1628 2109 1761 2149 validas,
1785 2110 1893 2143 sirmas
1918 2115 1948 2142 et

1209 2162 1349 2194 efficaces
1360 2162 1492 2195 existere
1505 2167 1534 2194 et
1548 2162 1624 2203 fore,
1636 2173 1770 2206 suosque
1789 2163 1946 2206 plenarios

1208 2219 1238 2246 et
1255 2214 1393 2257 integros
1411 2215 1539 2247 effectus
1559 2215 1663 2248 sortiri
1689 2219 1718 2249 et
1742 2215 1893 2257 obtinere,
1911 2226 1946 2248 ac

1208 2277 1264 2309 per
1289 2278 1399 2300 omnes
1424 2272 1453 2300 et
1478 2268 1635 2311 singulos,
1660 2269 1698 2301 ad
1728 2279 1805 2312 quos
1830 2274 1946 2312 spectat

1208 2326 1238 2353 et
1261 2321 1497 2363 quomodolibet
1514 2322 1664 2365 spectabit
1681 2322 1712 2354 in
1736 2322 1886 2363 futurum,
1904 2322 1947 2354 in-

1208 2375 1395 2407 violabiliter
1411 2375 1587 2415 observari3

1252 2428 1266 2470 ξ
1291 2427 1319 2460 5.
1346 2427 1458 2471 Sicque
1483 2433 1513 2461 et
1528 2438 1590 2461 non
1610 2426 1700 2461 aliter
1716 2428 1747 2460 in
1765 2428 1946 2472 praemissis

1964 253 2010 279 An.
2028 253 2055 278 C.
2079 254 2145 282 1635

2008 2437 2074 2457 Alsser
2093 2437 2146 2457 iude

1961 2463 2023 2483 candi

2053 2463 2145 2484 mouba-

1207 2480 1355 2514 omnibus
1375 2487 1405 2513 et
1429 2482 1560 2524 singulis
1583 2492 1641 2526 per
1664 2492 1878 2526 quoscumque
1904 2482 1946 2514 iu-
1961 2492 2001 2510 tem
2018 2489 2077 2510 totlit-

1207 2534 1291 2567 dices
1307 2534 1484 2568 ordinarios
1500 2540 1531 2568 et
1547 2535 1715 2578 delegatos
1730 2535 1823 2567 etiam
1841 2545 1945 2568 causa-

1207 2598 1277 2620 rum
1294 2589 1399 2631 palatii
1417 2588 1579 2632 apostolici
1597 2589 1764 2630 auditores,
1780 2593 1809 2621 et
1826 2588 1854 2621 S.
1866 2589 1942 2622 RE.

1207 2642 1391 2680 cardinales,
1409 2643 1501 2675 etiam
1519 2643 1556 2676 de
1574 2643 1669 2677 latere
1687 2643 1804 2685 legatos
1823 2646 1852 2676 et
1869 2652 1946 2676 nun-
