2248 3229
123 220 177 249 An.
192 219 221 248 C.
244 219 311 248 1632

196 443 310 466 Contrariis

126 470 221 497 derogat.

177 1834 246 1855 ”senor
261 1834 316 1855 litte-

133 1867 204 1882 rarum
223 1862 282 1883 Pauli
300 1861 316 1882 V

133 1888 231 1910 retertur.

931 220 1074 246 URBANUS

324 278 418 313 snper
441 267 491 302 his
515 277 714 313 aquoquam,
732 268 842 314 quavis
866 270 1063 311 auctoritate,

324 323 459 357 scienter
482 323 530 356 vel
557 324 751 367 ignoranter,
776 324 944 368 contigerit
964 329 1063 357 atten-

324 377 393 410 tari.

368 431 383 475 ἓ
406 431 436 464 4.
468 432 537 466 Non
569 431 766 466 obstantibus
790 431 1064 466 constitutionibus

325 488 354 519 et
373 484 623 519 ordinationibus
647 486 836 529 apostolicis,
854 491 893 526 et,
911 491 1064 530 quatenus

325 549 406 583 opus
430 539 478 580 sit,
503 539 576 574 dicti
602 538 737 582 Ordinis,
759 539 851 572 etiam
877 540 1064 579 iuramento,

326 591 564 625 confirmatione
578 592 760 636 apostolica,
779 593 826 625 vel
845 593 954 637 quavis
971 592 1066 625 firmi-

326 650 387 677 tate
401 645 461 678 alia
474 645 643 688 roboratis,
658 646 779 679 statutis
794 652 823 679 et
837 646 1067 680 consuetudini-

324 698 392 739 bus,
414 699 589 742 privilegiis
612 710 748 744 quoque,
767 701 892 735 indultis
909 699 1066 733 et<litteris

325 752 504 795 apostolicis
532 753 563 785 in
595 753 789 787 contrarium
819 753 1065 797 praemissorum

325 805 565 848 quomodolibet
582 807 749 849 concessis,
768 806 961 841 confirmatis
979 811 1008 839 et
1026 806 1068 838 in-

325 858 464 898 novatis;
490 859 605 903 quibus
630 861 776 894 omnibus
801 865 830 893 et
854 860 997 903 singulis,
1018 870 1069 892 eo-

326 922 397 945 rum
411 917 536 946 tenores
548 914 765 957 praesentibus
780 924 839 958 pro
856 914 948 957 plene
964 918 993 946 et
1006 913 1067 946 sus-

326 964 469 999 sicienter
486 967 642 1011 expressis
670 967 830 1008 hahentes,
856 967 917 1000 illis
942 966 1017 999 alias
1037 966 1068 999 in

327 1029 384 1052 suo
408 1019 524 1053 robore
548 1021 775 1064 permansuris,
793 1021 851 1054 hac
868 1020 934 1053 vice
948 1020 1069 1053 dumta-

326 1076 376 1107 xat
393 1073 573 1117 specialiter
591 1079 621 1107 et
637 1085 785 1118 expresse
803 1074 1007 1118 derogamus,
1023 1085 1069 1108 ce-

327 1126 465 1171 terisque
485 1128 650 1161 contrariis
675 1128 934 1172 quibuscumque.

371 1179 483 1213 Datum
505 1181 632 1222 Romae,
649 1181 732 1226 apud
746 1182 775 1215 S.
794 1182 933 1223 Petrum,
945 1182 1003 1215 sub
1016 1192 1070 1215 an-

326 1233 401 1267 nulo
416 1234 593 1276 piscatoris,
607 1235 657 1269 die
671 1246 703 1269 xi
717 1236 895 1270 decembris
904 1246 1069 1278 MDcxxxn,

327 1287 530 1330 pontificatus
560 1289 660 1323 nostri
685 1300 768 1324 anuo
794 1301 821 1324 x.

364 1349 422 1378 Dat.
438 1350 482 1378 die
496 1351 526 1378 ⁶2¹
544 1351 697 1380 decembris
714 1353 790 1388 1632,
812 1353 905 1389 pontis.
923 1361 993 1381 aimo
1010 1361 1037 1381 Χ.

653 1470 748 1504 CDLI.

330 1540 516 1574 Declaratio
531 1541 782 1585 privileyiorum
804 1542 1072 1586 Conyreyati'onis

374 1594 564 1626 clericorum
578 1595 793 1637 Reyularium
808 1595 1025 1638 Pupiensium
1035 1595 1072 1628 cle
1088 1601 1089 1604 ’

374 1646 537 1688 Somasca,
553 1647 662 1690 quoad
675 1647 822 1680 oratoria
835 1648 968 1691 privata
977 1647 994 1680 ¹.

538 1718 676 1746 Urbanus
693 1719 772 1753 Papa
792 1719 868 1752 VIII,

475 1765 511 1791 ad
531 1763 662 1791 futuram
681 1765 726 1791 rei
745 1765 927 1792 memoriam.

375 1825 458 1858 Alias
471 1825 570 1858 felicis
583 1826 810 1860 recordationis
824 1827 938 1860 Paulus
952 1828 1035 1871 Papa
1050 1828 1073 1860 V

332 1878 559 1922 praedecessor
582 1883 698 1921 noster,
724 1879 805 1913 inter
825 1881 884 1913 alia
908 1881 1074 1925 privilegia

333 1985 495 2026 Somasca,
523 1986 598 2019 alias
623 1986 651 2019 S.
678 1987 791 2027 Maioli,
819 1991 1092 2031 nuncupatorum*

333 2038 532 2082 Papiensium
547 2040 711 2079 concessit,
724 2045 756 2072 ut
771 2040 884 2083 singuli
899 2041 1073 2085 presbyteri

333 2093 466 2136 professi
489 2092 589 2126 dictae
606 2093 866 2137 Congregationis
883 2095 1028 2128 omnibus
1046 2101 1075 2128 et

334 2146 586 2191 quibuscumque
598 2148 744 2191 personis
757 2148 943 2191 degentibus
955 2154 981 2182 et
993 2160 1076 2182 eom-
1091 2166 1092 2178 ι

334 2201 531 2234 morantibus
555 2201 587 2234 in
611 2202 913 2246 orphanotrophiis,
939 2203 1074 2236 semina-

334 2254 400 2295 riis,
420 2253 588 2287 academiis
619 2261 649 2288 et
677 2256 891 2289 convictorum
924 2257 1093 2299 collegiis,*

335 2308 394 2341 sub
427 2310 504 2342 cura
518 2335 526 2349 ‚
550 2309 705 2352 regimine
739 2315 768 2343 et
803 2311 1075 2344 administratione

335 2359 435 2396 dictae
454 2362 714 2406 Congregationis
738 2364 951 2407 existentibus,
975 2371 1075 2398 extre-

335 2426 404 2450 mae
421 2416 587 2458 unctionis,
605 2427 737 2460 necnon,
753 2418 845 2451 etiam
867 2424 1010 2463 tempore
1026 2430 1076 2464 pa·
1091 2447 1093 2460 ,

373 2508 383 2533 1
402 2506 569 2534 Clericorum
584 2507 748 2542 regularium
763 2507 797 2535 de
813 2508 940 2535 Somasca
955 2508 1075 2542 Congre-

335 2551 451 2586 gationis
472 2552 573 2579 erectio
598 2556 624 2578 et
648 2552 788 2587 privilegia
808 2552 944 2579 habentur
963 2553 989 2579 in
1006 2553 1076 2580 Con-

335 2595 422 2623 stitut.
439 2602 502 2623 cxix
519 2597 570 2629 (al,
588 2596 649 2631 105)
667 2596 703 2623 Pii
719 2597 750 2629 V,
773 2601 837 2623 tom.
860 2604 907 2631 vu,
924 2605 985 2633 pag.
1007 2598 1057 2625 729
1070 2619 1076 2630 ,

337 2639 383 2676 qui
403 2648 450 2669 eos
470 2641 508 2668 sie
527 2641 660 2676 appellari
675 2640 763 2675 iussit,
780 2641 846 2668 ibid.
863 2642 875 2677 ἓ
891 2641 918 2676 8,
938 2650 1000 2677 pag.
1015 2642 1075 2672 731.

1097 220 1154 245 vm
1178 221 1226 245 rr.

1098 270 1212 303 scbatis
1229 268 1479 303 Resurrectionis
1495 268 1677 303 Dominieae
1693 269 1839 304 festivita-

1100 323 1146 363 tis,
1165 323 1379 356 sanctissimae
1400 323 1615 356 Eucharistiae
1633 327 1838 367 sacramenta,

1098 375 1215 420 absque
1240 377 1345 421 aliquo
1376 387 1581 411 censurarum
1611 382 1641 411 et
1664 387 1838 422 poenarum

1100 429 1237 471 incursu,
1257 430 1435 464 ministrare
1454 436 1591 475 possent,
1606 436 1699 476 prout
1716 432 1747 464 in
1764 431 1839 465 dicti

1098 483 1184 516 Pauli
1210 484 1461 528 praedecessoris
1485 486 1596 518 litteris
1613 486 1748 530 desuper
1765 495 1840 519 con-

1081 536 1203 577 lectis,
1228 548 1362 581 quarum
1390 543 1514 571 tenores
1538 539 1757 582 praesentibus
1781 549 1840 583 pro

1100 591 1256 634 expressis
1281 591 1390 624 haberi
1416 592 1571 634 volumus,
1596 592 1719 636 plenius
1744 593 1841 626 conti-

1100 644 1220 677 netur'.

1145 698 1159 740 ξ
1189 698 1212 730 l.
1241 698 1315 731 Cum
1349 704 1471 740 autem,
1493 700 1573 733 sicut
1603 700 1735 735 dilectus
1759 701 1841 734 iilius

1101 750 1286 784 Franciscus
1299 753 1459 794 lentulus,
1479 759 1668 797 procurator
1688 755 1843 798 generalis

1101 804 1200 838 dictae
1218 806 1486 850 Congregationis,
1501 808 1590 841 nobis
1610 819 1712 852 nuper
1729 808 1842 853 exponi

1102 858 1182 899 fecit,
1208 869 1224 891 a
1250 859 1408 892 nonnullis
1432 860 1574 893 locorum
1600 861 1772 894 Ordinariis
1798 872 1844 894 re-

1102 917 1232 945 vocetur
1257 913 1288 945 in
1315 913 1464 955 dubium,
1486 926 1524 947 an
1549 926 1607 960 per
1632 916 1843 960 supradictam

1102 965 1337 999 concessionem
1367 967 1559 1012 presbyteris
1592 969 1759 1012 praedictis
1789 969 1844 1001 im-

1102 1019 1207 1063 plicite
1231 1020 1323 1054 etiam
1350 1031 1498 1054 concessa
1518 1022 1558 1055 sit
1576 1023 1701 1056 licentia
1724 1023 1844 1066 privata

1103 1074 1241 1107 oratoria
1270 1074 1301 1107 in
1326 1075 1623 1120 orphanotrophiis,
1649 1076 1844 1112 seminariis,

1103 1128 1270 1161 academiis
1291 1133 1320 1161 et
1341 1129 1556 1163 convictorum
1574 1130 1716 1173 collegiis
1736 1131 1844 1163 buius-

1103 1182 1210 1223 modi,
1235 1183 1422 1226 praesertim
1456 1183 1556 1217 dictae
1588 1184 1846 1228 Congregatiouis

1103 1245 1166 1268 non
1191 1236 1348 1280 propriis,
1374 1237 1525 1279 habendi,
1553 1238 1583 1270 in
1608 1238 1715 1282 eisque
1740 1249 1845 1271 saero-

1104 1292 1245 1322 sanetum
1279 1289 1392 1322 missae
1423 1290 1614 1323 sacrificium
1640 1291 1733 1324 etiam
1759 1297 1846 1324 extra

1105 1347 1228 1386 tempus
1248 1343 1406 1376 Pascbatis
1423 1344 1618 1385 eelebrandi3
1639 1345 1730 1378 nobis
1748 1356 1845 1390 prop-

1105 1400 1191 1428 terea
1215 1396 1316 1429 dictus
1340 1403 1529 1441 procurator
1549 1399 1704 1441 generalis
1721 1399 1846 1432 bumili-

1106 1455 1152 1482 ter
1177 1450 1346 1494 supplicari
1366 1451 1446 1493 fecit,
1464 1457 1498 1485 ut
1515 1452 1644 1485 dubium
1664 1452 1845 1486 huiusmodi

1105 1509 1303 1547 opportunae
1327 1510 1453 1538 nostrae
1473 1505 1692 1539 declarationis
1710 1506 1848 1539 ministe-

1088 1557 1153 1599 irio
1178 1568 1194 1590 e
1218 1558 1321 1591 medio
1340 1559 1450 1592 tollere
1475 1559 1512 1592 de
1536 1559 1729 1603 benignitate
1754 1571 1846 1605 apos-

1106 1611 1198 1644 tolica
1224 1611 1439 1654 dignaremur.

1150 1666 1165 1708 ξ
1189 1666 1218 1698 ⁶2.
1244 1666 1322 1699 Ilinc
1347 1672 1393 1699 est
1422 1667 1505 1711 quod
1530 1678 1604 1708 nos,
1629 1668 1746 1702 dictum
1772 1680 1847 1713 pro-

1107 1724 1285 1753 curatorem
1321 1722 1498 1763 generalem
1519 1749 1526 1762 ,
1556 1728 1716 1766 totamque
1749 1723 1848 1767 ipsam

1107 1772 1388 1816 Congregationem
1415 1774 1603 1818 specialibus
1636 1776 1795 1808 favoribus
1819 1781 1847 1808 et

1107 1826 1216 1868 gratiis
1233 1827 1383 1871 prosequi
1402 1828 1552 1869 volentes,
1574 1833 1603 1861 et
1624 1829 1691 1862 eius
1716 1829 1850 1872 singula-

1090 1914 1092 1926 ,
1108 1890 1158 1912 res
1175 1890 1327 1923 personas
1345 1891 1361 1913 a
1379 1881 1541 1924 quibusvis
1555 1882 1849 1916 excommunicatio-

332 1931 575 1975 Congregationi
592 1932 786 1966 Clericorum
809 1934 1012 1976 Regularium
1036 1934 1074 1967 de
1090 1929 1092 1956 ³

1108 1934 1164 1975 nis,
1184 1935 1400 1978 suspensionis
1418 1941 1448 1968 et
1466 1936 1633 1977 interdicti,
1651 1937 1782 1981 aliisque
1800 1948 1850 1971 ec-

1090 2010 1092 2023 2
1108 1989 1289 2022 elesiasticis
1307 1990 1479 2031 sententiis,
1494 1991 1635 2024 censuris
1653 1997 1680 2024 et
1698 1993 1817 2036 poenis,
1833 2004 1850 2025 a

1109 2041 1176 2074 iure
1201 2043 1248 2075 rel
1273 2043 1311 2075 ab
1336 2043 1474 2084 bomine,
1491 2045 1600 2087 quavis
1617 2046 1781 2079 occasione
1802 2046 1850 2079 rel

1091 2098 1201 2128 ¹causa
1225 2096 1313 2136 latis,
1339 2097 1364 2129 si
1389 2097 1503 2141 quibus
1535 2099 1772 2142 quomodolibet
1798 2100 1850 2132 in-

1108 2148 1239 2181 nodatae
1257 2149 1400 2191 existunt,
1418 2150 1456 2182 ad
1474 2150 1618 2184 effectum
1637 2153 1850 2196 praesentium

1108 2201 1267 2235 dumtaxat
1283 2203 1549 2247 consequendum,
1567 2205 1678 2238 barum
1704 2206 1784 2240 serie
1800 2206 1850 2239 ab·

1109 2255 1264 2288 solventes
1288 2261 1318 2288 et
1342 2256 1500 2290 absolutas
1517 2258 1583 2291 sore
1601 2265 1773 2301 censentes,
1791 2260 1850 2292 liun

1110 2308 1244 2341 iusmodi
1266 2309 1550 2353 supplicationibus
1575 2312 1724 2354 inclinati,
1746 2313 1848 2346 eidem

1109 2362 1362 2405 Congregationi,
1387 2365 1471 2407 quod
1496 2365 1564 2409 ipsa
1584 2366 1614 2398 in
1642 2367 1850 2410 orphanotro-

1110 2416 1199 2459 pliiis,
1213 2416 1398 2459 seminariis,
1410 2418 1577 2451 academiis
1590 2423 1619 2453 et
1633 2419 1849 2453 convictorum
1894 2431 1897 2435 ·

1110 2469 1250 2512 collegiis
1275 2470 1477 2511 huiusmodi,
1502 2472 1594 2505 etiam
1620 2483 1681 2506 non
1712 2473 1850 2518 propriis

1110 2524 1209 2558 dictae
1218 2524 1486 2568 Congregationis,
1496 2527 1553 2559 sub
1565 2527 1632 2560 eius
1643 2533 1746 2562 tamen
1760 2530 1849 2570 cura,

1111 2577 1265 2621 regimine
1289 2583 1318 2611 et
1342 2578 1611 2614 administratione
1634 2581 1848 2627 existentibus,

1148 2641 1158 2668 1
1178 2640 1249 2671 Quas
1263 2649 1316 2669 non
1332 2645 1395 2678 puto
1410 2642 1462 2678 legi
1479 2642 1505 2670 in
1521 2642 1654 2672 Bullario
1669 2644 1706 2679 (a.
1722 2644 1770 2679 T.).

1745 211 1809 246 309
1855 222 1904 251 An.
1921 222 1949 250 c.
1969 223 2038 251 1632

1882 551 1964 573 Causae
1978 552 2041 572 liuius

1856 579 2023 601 Constitutiouis.

1890 1516 1987 1538 Declarat
1998 1522 2045 1543 pns-

1862 1549 1883 1563 so
1901 1544 1980 1565 habere
1998 1549 2047 1564 ora-

1862 1573 1916 1591 toria
1936 1573 1957 1591 et
1976 1571 1996 1592 in
2016 1571 2046 1591 eis

1862 1598 1980 1621 celebrare.

1872 1769 1889 1785 ξΙ
