<?xml version="1.0" encoding="UTF-8"?>
<!DOCTYPE html PUBLIC "-//W3C//DTD XHTML 1.0 Transitional//EN"
    "http://www.w3.org/TR/xhtml1/DTD/xhtml1-transitional.dtd">
<html xmlns="http://www.w3.org/1999/xhtml" xml:lang="en" lang="en">
 <head>
  <title>
</title>
<meta http-equiv="Content-Type" content="text/html;charset=utf-8" />
  <meta name='ocr-system' content='tesseract 3.04.00' />
  <meta name='ocr-capabilities' content='ocr_page ocr_carea ocr_par ocr_line ocrx_word'/>
</head>
<body>
  <div class='ocr_page' id='page_1' title='image "./bullarumdiplomat14cath_0370.png"; bbox 0 0 2248 3229; ppageno 0'>
   <div class='ocr_carea' id='block_1_1' title="bbox 177 198 366 228">
    <p class='ocr_par' dir='ltr' id='par_1_1' title="bbox 177 198 366 228">
     <span class='ocr_line' id='line_1_1' title="bbox 177 198 366 228; baseline 0.011 -3"><span class='ocrx_word' id='word_1_1' title='bbox 177 198 230 228; x_wconf 88' lang='lat' dir='ltr'>An.</span> <span class='ocrx_word' id='word_1_2' title='bbox 251 199 281 227; x_wconf 86' lang='lat' dir='ltr'>C.</span> <span class='ocrx_word' id='word_1_3' title='bbox 297 198 366 227; x_wconf 75' lang='lat'><strong>1632</strong></span> 
     </span>
    </p>
   </div>
   <div class='ocr_carea' id='block_1_2' title="bbox 182 797 364 851">
    <p class='ocr_par' dir='ltr' id='par_1_2' title="bbox 182 797 364 851">
     <span class='ocr_line' id='line_1_2' title="bbox 207 797 364 823; baseline 0.006 -5"><span class='ocrx_word' id='word_1_4' title='bbox 207 797 311 823; x_wconf 73' lang='lat' dir='ltr'>Exemplis</span> <span class='ocrx_word' id='word_1_5' title='bbox 320 802 364 819; x_wconf 76' lang='lat' dir='ltr'>cre·</span> 
     </span>
     <span class='ocr_line' id='line_1_3' title="bbox 182 824 314 851; baseline 0.008 -7"><span class='ocrx_word' id='word_1_6' title='bbox 182 824 202 845; x_wconf 78' lang='lat' dir='ltr'>dt</span> <span class='ocrx_word' id='word_1_7' title='bbox 217 826 314 851; x_wconf 74' lang='lat' dir='ltr'>imperat.</span> 
     </span>
    </p>
   </div>
   <div class='ocr_carea' id='block_1_3' title="bbox 193 2242 377 2318">
    <p class='ocr_par' dir='ltr' id='par_1_3' title="bbox 193 2242 377 2318">
     <span class='ocr_line' id='line_1_4' title="bbox 206 2242 375 2263; baseline -0.006 0"><span class='ocrx_word' id='word_1_8' title='bbox 206 2242 287 2263; x_wconf 71' lang='lat' dir='ltr'>Causae</span> <span class='ocrx_word' id='word_1_9' title='bbox 298 2242 375 2262; x_wconf 68' lang='lat' dir='ltr'>meien-</span> 
     </span>
     <span class='ocr_line' id='line_1_5' title="bbox 193 2269 377 2298; baseline 0.005 -9"><span class='ocrx_word' id='word_1_10' title='bbox 193 2269 233 2298; x_wconf 53' lang='grc' dir='ltr'>ὁμο</span> <span class='ocrx_word' id='word_1_11' title='bbox 242 2269 377 2290; x_wconf 80' lang='lat' dir='ltr'>dismembra-</span> 
     </span>
     <span class='ocr_line' id='line_1_6' title="bbox 193 2298 264 2318; baseline 0.028 -2"><span class='ocrx_word' id='word_1_12' title='bbox 193 2298 264 2318; x_wconf 77' lang='lat' dir='ltr'>nonis.</span> 
     </span>
    </p>
   </div>
   <div class='ocr_carea' id='block_1_4' title="bbox 375 190 1137 1689">
    <p class='ocr_par' dir='ltr' id='par_1_4' title="bbox 375 190 1128 775">
     <span class='ocr_line' id='line_1_7' title="bbox 412 190 1128 225; baseline -0.004 0"><span class='ocrx_word' id='word_1_13' title='bbox 412 190 476 225; x_wconf 75' lang='lat' dir='ltr'>30ss</span> <span class='ocrx_word' id='word_1_14' title='bbox 915 216 921 223; x_wconf 77' lang='grc'><strong>.</strong></span> <span class='ocrx_word' id='word_1_15' title='bbox 949 199 1128 223; x_wconf 69' lang='lat' dir='ltr'>BCLLARIUM</span> 
     </span>
     <span class='ocr_line' id='line_1_8' title="bbox 376 246 1119 292; baseline -0.004 -10"><span class='ocrx_word' id='word_1_16' title='bbox 376 249 407 282; x_wconf 89' lang='lat' dir='ltr'>in</span> <span class='ocrx_word' id='word_1_17' title='bbox 432 258 548 292; x_wconf 78' lang='lat' dir='ltr'><strong>genere</strong></span> <span class='ocrx_word' id='word_1_18' title='bbox 576 248 623 282; x_wconf 73' lang='lat' dir='ltr'>vel</span> <span class='ocrx_word' id='word_1_19' title='bbox 655 248 685 281; x_wconf 91' lang='lat' dir='ltr'>in</span> <span class='ocrx_word' id='word_1_20' title='bbox 711 248 832 291; x_wconf 86' lang='lat' dir='ltr'>specie,</span> <span class='ocrx_word' id='word_1_21' title='bbox 859 246 952 280; x_wconf 86' lang='lat' dir='ltr'>etiam</span> <span class='ocrx_word' id='word_1_22' title='bbox 978 251 1065 279; x_wconf 86' lang='lat' dir='ltr'>motu</span> <span class='ocrx_word' id='word_1_23' title='bbox 1089 251 1119 279; x_wconf 88' lang='lat' dir='ltr'>et</span> 
     </span>
     <span class='ocr_line' id='line_1_9' title="bbox 376 299 1118 341; baseline -0.005 -5"><span class='ocrx_word' id='word_1_24' title='bbox 376 302 505 336; x_wconf 77' lang='lat' dir='ltr'>scientia</span> <span class='ocrx_word' id='word_1_25' title='bbox 531 302 695 341; x_wconf 82' lang='lat' dir='ltr'>similibus,</span> <span class='ocrx_word' id='word_1_26' title='bbox 712 311 748 333; x_wconf 90' lang='lat' dir='ltr'>ac</span> <span class='ocrx_word' id='word_1_27' title='bbox 770 300 854 340; x_wconf 75' lang='lat' dir='ltr'>alias,</span> <span class='ocrx_word' id='word_1_28' title='bbox 877 300 908 332; x_wconf 92' lang='lat' dir='ltr'>in</span> <span class='ocrx_word' id='word_1_29' title='bbox 925 299 1118 333; x_wconf 84' lang='lat' dir='ltr'>contrarium</span> 
     </span>
     <span class='ocr_line' id='line_1_10' title="bbox 375 353 1117 401; baseline -0.004 -12"><span class='ocrx_word' id='word_1_30' title='bbox 375 356 623 401; x_wconf 84' lang='lat' dir='ltr'>praemissorum</span> <span class='ocrx_word' id='word_1_31' title='bbox 663 353 901 397; x_wconf 78' lang='lat' dir='ltr'>quomodolibet</span> <span class='ocrx_word' id='word_1_32' title='bbox 940 353 1117 395; x_wconf 72' lang='lat' dir='ltr'>concessis,</span> 
     </span>
     <span class='ocr_line' id='line_1_11' title="bbox 377 407 1118 451; baseline -0.004 -8"><span class='ocrx_word' id='word_1_33' title='bbox 377 409 570 444; x_wconf 82' lang='lat' dir='ltr'>confirmatis</span> <span class='ocrx_word' id='word_1_34' title='bbox 594 413 624 442; x_wconf 87' lang='lat' dir='ltr'>et</span> <span class='ocrx_word' id='word_1_35' title='bbox 640 408 812 448; x_wconf 75' lang='lat' dir='ltr'>innovatis;</span> <span class='ocrx_word' id='word_1_36' title='bbox 838 407 952 451; x_wconf 88' lang='lat' dir='ltr'>quibus</span> <span class='ocrx_word' id='word_1_37' title='bbox 972 408 1118 441; x_wconf 89' lang='lat' dir='ltr'>omnibus</span> 
     </span>
     <span class='ocr_line' id='line_1_12' title="bbox 379 461 1118 506; baseline -0.003 -10"><span class='ocrx_word' id='word_1_38' title='bbox 379 469 408 496; x_wconf 86' lang='lat' dir='ltr'>et</span> <span class='ocrx_word' id='word_1_39' title='bbox 431 463 580 506; x_wconf 89' lang='lat' dir='ltr'>singulis,</span> <span class='ocrx_word' id='word_1_40' title='bbox 611 472 722 496; x_wconf 87' lang='lat' dir='ltr'>eorum</span> <span class='ocrx_word' id='word_1_41' title='bbox 748 467 871 495; x_wconf 88' lang='lat' dir='ltr'>tenores</span> <span class='ocrx_word' id='word_1_42' title='bbox 899 461 1118 505; x_wconf 86' lang='lat' dir='ltr'>praesentibus</span> 
     </span>
     <span class='ocr_line' id='line_1_13' title="bbox 377 515 1117 561; baseline -0.001 -12"><span class='ocrx_word' id='word_1_43' title='bbox 377 527 436 561; x_wconf 86' lang='lat' dir='ltr'>pro</span> <span class='ocrx_word' id='word_1_44' title='bbox 460 516 552 560; x_wconf 83' lang='lat' dir='ltr'><strong>plene</strong></span> <span class='ocrx_word' id='word_1_45' title='bbox 576 520 606 548; x_wconf 86' lang='lat' dir='ltr'>et</span> <span class='ocrx_word' id='word_1_46' title='bbox 631 515 822 548; x_wconf 83' lang='lat' dir='ltr'>sufficienter</span> <span class='ocrx_word' id='word_1_47' title='bbox 842 515 1001 559; x_wconf 80' lang='lat' dir='ltr'>expressis</span> <span class='ocrx_word' id='word_1_48' title='bbox 1021 520 1051 548; x_wconf 87' lang='lat' dir='ltr'>et</span> <span class='ocrx_word' id='word_1_49' title='bbox 1079 515 1117 548; x_wconf 86' lang='lat' dir='ltr'>ad</span> 
     </span>
     <span class='ocr_line' id='line_1_14' title="bbox 378 568 1118 609; baseline -0.001 -7"><span class='ocrx_word' id='word_1_50' title='bbox 378 569 509 602; x_wconf 75' lang='lat' dir='ltr'>verbum</span> <span class='ocrx_word' id='word_1_51' title='bbox 543 568 668 602; x_wconf 90' lang='lat' dir='ltr'>insertis</span> <span class='ocrx_word' id='word_1_52' title='bbox 692 569 863 609; x_wconf 80' lang='lat' dir='ltr'>habentes,</span> <span class='ocrx_word' id='word_1_53' title='bbox 896 568 956 601; x_wconf 89' lang='lat' dir='ltr'>illis</span> <span class='ocrx_word' id='word_1_54' title='bbox 988 569 1063 601; x_wconf 79' lang='lat' dir='ltr'>alias</span> <span class='ocrx_word' id='word_1_55' title='bbox 1087 569 1118 601; x_wconf 91' lang='lat' dir='ltr'>in</span> 
     </span>
     <span class='ocr_line' id='line_1_15' title="bbox 378 622 1117 667; baseline 0 -12"><span class='ocrx_word' id='word_1_56' title='bbox 378 633 435 657; x_wconf 81' lang='lat' dir='ltr'>suo</span> <span class='ocrx_word' id='word_1_57' title='bbox 459 623 577 656; x_wconf 80' lang='lat' dir='ltr'>robore</span> <span class='ocrx_word' id='word_1_58' title='bbox 601 622 827 667; x_wconf 84' lang='lat' dir='ltr'>permansuris,</span> <span class='ocrx_word' id='word_1_59' title='bbox 853 622 911 655; x_wconf 89' lang='lat' dir='ltr'>hac</span> <span class='ocrx_word' id='word_1_60' title='bbox 935 622 1002 655; x_wconf 89' lang='lat' dir='ltr'>vice</span> <span class='ocrx_word' id='word_1_61' title='bbox 1027 622 1117 655; x_wconf 89' lang='lat' dir='ltr'>dum-</span> 
     </span>
     <span class='ocr_line' id='line_1_16' title="bbox 380 677 1118 722; baseline 0.001 -13"><span class='ocrx_word' id='word_1_62' title='bbox 380 683 461 711; x_wconf 84' lang='lat' dir='ltr'>taxat</span> <span class='ocrx_word' id='word_1_63' title='bbox 485 677 663 722; x_wconf 76' lang='lat' dir='ltr'>specialiter</span> <span class='ocrx_word' id='word_1_64' title='bbox 683 682 712 710; x_wconf 88' lang='lat' dir='ltr'>et</span> <span class='ocrx_word' id='word_1_65' title='bbox 735 687 883 722; x_wconf 76' lang='lat' dir='ltr'>expresse</span> <span class='ocrx_word' id='word_1_66' title='bbox 908 677 1118 720; x_wconf 79' lang='lat' dir='ltr'>derogamus,</span> 
     </span>
     <span class='ocr_line' id='line_1_17' title="bbox 379 731 1034 775; baseline -0.002 -11"><span class='ocrx_word' id='word_1_67' title='bbox 379 731 555 775; x_wconf 83' lang='lat' dir='ltr'>ceterisque</span> <span class='ocrx_word' id='word_1_68' title='bbox 580 731 747 765; x_wconf 77' lang='lat' dir='ltr'>contrariis</span> <span class='ocrx_word' id='word_1_69' title='bbox 772 731 1034 775; x_wconf 85' lang='lat' dir='ltr'>quibuscumque.</span> 
     </span>
    </p>

    <p class='ocr_par' dir='ltr' id='par_1_5' title="bbox 378 783 1137 1462">
     <span class='ocr_line' id='line_1_18' title="bbox 424 783 1119 829; baseline -0.003 -11"><span class='ocrx_word' id='word_1_70' title='bbox 424 784 481 829; x_wconf 69' lang='lat'>§8</span> <span class='ocrx_word' id='word_1_71' title='bbox 499 785 650 818; x_wconf 87' lang='lat' dir='ltr'>Volumus</span> <span class='ocrx_word' id='word_1_72' title='bbox 667 788 782 825; x_wconf 84' lang='lat' dir='ltr'>autem,</span> <span class='ocrx_word' id='word_1_73' title='bbox 803 784 887 827; x_wconf 88' lang='lat' dir='ltr'>quod</span> <span class='ocrx_word' id='word_1_74' title='bbox 903 783 1119 828; x_wconf 87' lang='lat' dir='ltr'>praesentibus</span> 
     </span>
     <span class='ocr_line' id='line_1_19' title="bbox 380 839 1120 883; baseline -0.003 -10"><span class='ocrx_word' id='word_1_75' title='bbox 380 840 502 883; x_wconf 89' lang='lat' dir='ltr'>litteris,</span> <span class='ocrx_word' id='word_1_76' title='bbox 528 850 564 873; x_wconf 88' lang='lat' dir='ltr'>ac</span> <span class='ocrx_word' id='word_1_77' title='bbox 588 839 737 873; x_wconf 89' lang='lat' dir='ltr'>omnibus</span> <span class='ocrx_word' id='word_1_78' title='bbox 754 840 785 872; x_wconf 91' lang='lat' dir='ltr'>in</span> <span class='ocrx_word' id='word_1_79' title='bbox 806 839 851 872; x_wconf 88' lang='lat' dir='ltr'>eis</span> <span class='ocrx_word' id='word_1_80' title='bbox 868 839 1032 880; x_wconf 84' lang='lat' dir='ltr'>contentis,</span> <span class='ocrx_word' id='word_1_81' title='bbox 1054 839 1120 871; x_wconf 90' lang='lat' dir='ltr'>nul-</span> 
     </span>
     <span class='ocr_line' id='line_1_20' title="bbox 379 892 1119 936; baseline -0.003 -10"><span class='ocrx_word' id='word_1_82' title='bbox 379 894 502 926; x_wconf 88' lang='lat' dir='ltr'>latenus</span> <span class='ocrx_word' id='word_1_83' title='bbox 526 893 698 936; x_wconf 79' lang='lat' dir='ltr'>derogetur</span> <span class='ocrx_word' id='word_1_84' title='bbox 722 896 775 927; x_wconf 86' lang='lat' dir='ltr'>aut</span> <span class='ocrx_word' id='word_1_85' title='bbox 798 892 984 936; x_wconf 86' lang='lat' dir='ltr'>derogatum</span> <span class='ocrx_word' id='word_1_86' title='bbox 1006 892 1054 933; x_wconf 89' lang='lat' dir='ltr'>sit,</span> <span class='ocrx_word' id='word_1_87' title='bbox 1071 892 1119 925; x_wconf 66' lang='lat' dir='ltr'>vel</span> 
     </span>
     <span class='ocr_line' id='line_1_21' title="bbox 381 946 1137 999; baseline -0.003 -19"><span class='ocrx_word' id='word_1_88' title='bbox 381 957 448 980; x_wconf 84' lang='lat' dir='ltr'>csse</span> <span class='ocrx_word' id='word_1_89' title='bbox 473 950 658 988; x_wconf 83' lang='lat' dir='ltr'>censeatur,</span> <span class='ocrx_word' id='word_1_90' title='bbox 682 946 742 979; x_wconf 90' lang='lat' dir='ltr'>nisi</span> <span class='ocrx_word' id='word_1_91' title='bbox 774 946 813 979; x_wconf 88' lang='lat' dir='ltr'>de</span> <span class='ocrx_word' id='word_1_92' title='bbox 846 946 890 979; x_wconf 88' lang='lat' dir='ltr'>eis</span> <span class='ocrx_word' id='word_1_93' title='bbox 921 946 1065 990; x_wconf 88' lang='lat' dir='ltr'>specialis</span> <span class='ocrx_word' id='word_1_94' title='bbox 1091 951 1137 999; x_wconf 80' lang='lat' dir='ltr'>et¹</span> 
     </span>
     <span class='ocr_line' id='line_1_22' title="bbox 380 1000 1121 1045; baseline -0.003 -11"><span class='ocrx_word' id='word_1_95' title='bbox 380 1000 537 1045; x_wconf 85' lang='lat' dir='ltr'>specifica,</span> <span class='ocrx_word' id='word_1_96' title='bbox 560 1010 624 1034; x_wconf 89' lang='lat' dir='ltr'>non</span> <span class='ocrx_word' id='word_1_97' title='bbox 648 1005 753 1033; x_wconf 87' lang='lat' dir='ltr'>autem</span> <span class='ocrx_word' id='word_1_98' title='bbox 778 1010 834 1043; x_wconf 90' lang='lat' dir='ltr'>per</span> <span class='ocrx_word' id='word_1_99' title='bbox 851 1000 1005 1033; x_wconf 80' lang='lat' dir='ltr'>clausulas</span> <span class='ocrx_word' id='word_1_100' title='bbox 1030 1010 1121 1043; x_wconf 90' lang='lat' dir='ltr'>gene-</span> 
     </span>
     <span class='ocr_line' id='line_1_23' title="bbox 379 1053 1122 1098; baseline -0.003 -10"><span class='ocrx_word' id='word_1_101' title='bbox 379 1055 462 1088; x_wconf 88' lang='lat' dir='ltr'>rales</span> <span class='ocrx_word' id='word_1_102' title='bbox 475 1054 558 1087; x_wconf 88' lang='lat' dir='ltr'>idem</span> <span class='ocrx_word' id='word_1_103' title='bbox 576 1054 794 1098; x_wconf 87' lang='lat' dir='ltr'>importantes,</span> <span class='ocrx_word' id='word_1_104' title='bbox 812 1053 930 1087; x_wconf 87' lang='lat' dir='ltr'>mentio</span> <span class='ocrx_word' id='word_1_105' title='bbox 943 1053 1012 1093; x_wconf 77' lang='lat' dir='ltr'>fiat,</span> <span class='ocrx_word' id='word_1_106' title='bbox 1026 1053 1122 1097; x_wconf 90' lang='lat' dir='ltr'>quod-</span> 
     </span>
     <span class='ocr_line' id='line_1_24' title="bbox 380 1107 1118 1154; baseline -0.005 -12"><span class='ocrx_word' id='word_1_107' title='bbox 380 1119 442 1154; x_wconf 86' lang='lat' dir='ltr'>que</span> <span class='ocrx_word' id='word_1_108' title='bbox 465 1107 677 1152; x_wconf 86' lang='lat' dir='ltr'>praesentium</span> <span class='ocrx_word' id='word_1_109' title='bbox 703 1108 921 1151; x_wconf 80' lang='lat' dir='ltr'>transumptis,</span> <span class='ocrx_word' id='word_1_110' title='bbox 938 1107 1031 1140; x_wconf 90' lang='lat' dir='ltr'>etiam</span> <span class='ocrx_word' id='word_1_111' title='bbox 1056 1107 1118 1139; x_wconf 92' lang='lat' dir='ltr'>im-</span> 
     </span>
     <span class='ocr_line' id='line_1_25' title="bbox 378 1160 1121 1207; baseline -0.004 -12"><span class='ocrx_word' id='word_1_112' title='bbox 378 1162 520 1207; x_wconf 84' lang='lat' dir='ltr'>pressis,</span> <span class='ocrx_word' id='word_1_113' title='bbox 556 1171 651 1195; x_wconf 89' lang='lat' dir='ltr'>manu</span> <span class='ocrx_word' id='word_1_114' title='bbox 686 1161 817 1193; x_wconf 84' lang='lat' dir='ltr'>alicuius</span> <span class='ocrx_word' id='word_1_115' title='bbox 853 1160 967 1193; x_wconf 87' lang='lat' dir='ltr'>notarii</span> <span class='ocrx_word' id='word_1_116' title='bbox 1002 1160 1121 1204; x_wconf 88' lang='lat' dir='ltr'>publici</span> 
     </span>
     <span class='ocr_line' id='line_1_26' title="bbox 380 1213 1122 1258; baseline -0.003 -10"><span class='ocrx_word' id='word_1_117' title='bbox 380 1215 576 1258; x_wconf 86' lang='lat' dir='ltr'>subscriptis,</span> <span class='ocrx_word' id='word_1_118' title='bbox 605 1219 658 1247; x_wconf 86' lang='lat' dir='ltr'>aut</span> <span class='ocrx_word' id='word_1_119' title='bbox 684 1213 788 1256; x_wconf 84' lang='lat' dir='ltr'>sigillo</span> <span class='ocrx_word' id='word_1_120' title='bbox 813 1213 945 1246; x_wconf 84' lang='lat' dir='ltr'>alicuius</span> <span class='ocrx_word' id='word_1_121' title='bbox 969 1224 1122 1257; x_wconf 80' lang='lat' dir='ltr'>personae</span> 
     </span>
     <span class='ocr_line' id='line_1_27' title="bbox 382 1264 1124 1311; baseline -0.001 -10"><span class='ocrx_word' id='word_1_122' title='bbox 382 1268 413 1301; x_wconf 89' lang='lat' dir='ltr'>in</span> <span class='ocrx_word' id='word_1_123' title='bbox 441 1268 593 1311; x_wconf 79' lang='lat' dir='ltr'>dignitate</span> <span class='ocrx_word' id='word_1_124' title='bbox 621 1264 832 1300; x_wconf 67' lang='lat' dir='ltr'>ecclesiastica</span> <span class='ocrx_word' id='word_1_125' title='bbox 855 1266 1041 1300; x_wconf 83' lang='lat' dir='ltr'>constitutae</span> <span class='ocrx_word' id='word_1_126' title='bbox 1058 1278 1124 1300; x_wconf 89' lang='lat' dir='ltr'>mu-</span> 
     </span>
     <span class='ocr_line' id='line_1_28' title="bbox 380 1320 1123 1365; baseline -0.003 -11"><span class='ocrx_word' id='word_1_127' title='bbox 380 1321 464 1362; x_wconf 89' lang='lat' dir='ltr'>nitis,</span> <span class='ocrx_word' id='word_1_128' title='bbox 477 1321 585 1354; x_wconf 80' lang='lat' dir='ltr'>eadem</span> <span class='ocrx_word' id='word_1_129' title='bbox 599 1331 730 1365; x_wconf 91' lang='lat' dir='ltr'>prorsus</span> <span class='ocrx_word' id='word_1_130' title='bbox 743 1320 821 1354; x_wconf 80' lang='lat' dir='ltr'>fides</span> <span class='ocrx_word' id='word_1_131' title='bbox 835 1320 1030 1361; x_wconf 84' lang='lat' dir='ltr'>adhibeatur,</span> <span class='ocrx_word' id='word_1_132' title='bbox 1043 1330 1123 1363; x_wconf 88' lang='lat' dir='ltr'>quae</span> 
     </span>
     <span class='ocr_line' id='line_1_29' title="bbox 382 1373 1124 1419; baseline -0.003 -11"><span class='ocrx_word' id='word_1_133' title='bbox 382 1375 500 1408; x_wconf 84' lang='lat' dir='ltr'>eisdem</span> <span class='ocrx_word' id='word_1_134' title='bbox 514 1374 732 1419; x_wconf 82' lang='lat' dir='ltr'>praesentibus</span> <span class='ocrx_word' id='word_1_135' title='bbox 748 1374 962 1416; x_wconf 83' lang='lat' dir='ltr'>adhiberetur,</span> <span class='ocrx_word' id='word_1_136' title='bbox 980 1373 1005 1406; x_wconf 90' lang='lat' dir='ltr'>si</span> <span class='ocrx_word' id='word_1_137' title='bbox 1023 1374 1124 1407; x_wconf 82' lang='lat' dir='ltr'>forent</span> 
     </span>
     <span class='ocr_line' id='line_1_30' title="bbox 383 1428 773 1462; baseline 0 -1"><span class='ocrx_word' id='word_1_138' title='bbox 383 1428 539 1462; x_wconf 81' lang='lat' dir='ltr'>exhibitae</span> <span class='ocrx_word' id='word_1_139' title='bbox 555 1429 602 1461; x_wconf 87' lang='lat' dir='ltr'>vel</span> <span class='ocrx_word' id='word_1_140' title='bbox 620 1433 773 1462; x_wconf 84' lang='lat' dir='ltr'>ostensae.</span> 
     </span>
    </p>

    <p class='ocr_par' dir='ltr' id='par_1_6' title="bbox 382 1481 1124 1635">
     <span class='ocr_line' id='line_1_31' title="bbox 426 1481 1124 1526; baseline -0.001 -12"><span class='ocrx_word' id='word_1_141' title='bbox 426 1482 538 1515; x_wconf 84' lang='lat' dir='ltr'>Datum</span> <span class='ocrx_word' id='word_1_142' title='bbox 549 1482 676 1523; x_wconf 78' lang='lat' dir='ltr'>Romae,</span> <span class='ocrx_word' id='word_1_143' title='bbox 685 1481 767 1526; x_wconf 87' lang='lat' dir='ltr'>apud</span> <span class='ocrx_word' id='word_1_144' title='bbox 777 1482 804 1515; x_wconf 84' lang='lat' dir='ltr'>S.</span> <span class='ocrx_word' id='word_1_145' title='bbox 816 1481 954 1523; x_wconf 86' lang='lat' dir='ltr'>Petrum,</span> <span class='ocrx_word' id='word_1_146' title='bbox 963 1481 1020 1514; x_wconf 92' lang='lat' dir='ltr'>sub</span> <span class='ocrx_word' id='word_1_147' title='bbox 1030 1491 1124 1514; x_wconf 89' lang='lat' dir='ltr'>annu-</span> 
     </span>
     <span class='ocr_line' id='line_1_32' title="bbox 382 1535 1123 1576; baseline -0.001 -7"><span class='ocrx_word' id='word_1_148' title='bbox 382 1537 413 1570; x_wconf 88' lang='lat' dir='ltr'>lo</span> <span class='ocrx_word' id='word_1_149' title='bbox 435 1536 612 1576; x_wconf 87' lang='lat' dir='ltr'>Piscatoris‚</span> <span class='ocrx_word' id='word_1_150' title='bbox 634 1536 684 1569; x_wconf 90' lang='lat' dir='ltr'>die</span> <span class='ocrx_word' id='word_1_151' title='bbox 709 1536 735 1569; x_wconf 88' lang='lat'>1¹</span> <span class='ocrx_word' id='word_1_152' title='bbox 762 1535 940 1568; x_wconf 85' lang='lat' dir='ltr'>decembris</span> <span class='ocrx_word' id='word_1_153' title='bbox 959 1545 1123 1576; x_wconf 75' lang='lat' dir='ltr'>MDcxxxu,</span> 
     </span>
     <span class='ocr_line' id='line_1_33' title="bbox 384 1590 858 1635; baseline -0.002 -11"><span class='ocrx_word' id='word_1_154' title='bbox 384 1590 584 1635; x_wconf 84' lang='lat' dir='ltr'>pontificatus</span> <span class='ocrx_word' id='word_1_155' title='bbox 605 1590 704 1624; x_wconf 83' lang='lat' dir='ltr'>nostri</span> <span class='ocrx_word' id='word_1_156' title='bbox 729 1600 811 1623; x_wconf 90' lang='lat' dir='ltr'>anno</span> <span class='ocrx_word' id='word_1_157' title='bbox 829 1601 858 1624; x_wconf 86' lang='lat' dir='ltr'>x.</span> 
     </span>
    </p>

    <p class='ocr_par' dir='ltr' id='par_1_7' title="bbox 420 1652 1053 1689">
     <span class='ocr_line' id='line_1_34' title="bbox 420 1652 1053 1689; baseline -0.002 -8"><span class='ocrx_word' id='word_1_158' title='bbox 420 1652 479 1681; x_wconf 80' lang='lat' dir='ltr'>Dat.</span> <span class='ocrx_word' id='word_1_159' title='bbox 496 1653 539 1681; x_wconf 90' lang='lat' dir='ltr'>die</span> <span class='ocrx_word' id='word_1_160' title='bbox 557 1655 567 1681; x_wconf 91' lang='lat'>1</span> <span class='ocrx_word' id='word_1_161' title='bbox 586 1653 740 1681; x_wconf 81' lang='lat' dir='ltr'>decembris</span> <span class='ocrx_word' id='word_1_162' title='bbox 757 1652 836 1688; x_wconf 74' lang='lat'>1632,</span> <span class='ocrx_word' id='word_1_163' title='bbox 854 1653 946 1689; x_wconf 83' lang='lat' dir='ltr'>pontis.</span> <span class='ocrx_word' id='word_1_164' title='bbox 964 1660 1008 1680; x_wconf 85' lang='lat' dir='ltr'>an.</span> <span class='ocrx_word' id='word_1_165' title='bbox 1026 1659 1053 1679; x_wconf 83' lang='lat' dir='ltr'>x.</span> 
     </span>
    </p>
   </div>
   <div class='ocr_carea' id='block_1_5' title="bbox 662 1720 846 1724">
    <p class='ocr_par' dir='ltr' id='par_1_8' title="bbox 662 1720 846 1724">
     <span class='ocr_line' id='line_1_35' title="bbox 662 1720 846 1724; baseline 0 0"><span class='ocrx_word' id='word_1_166' title='bbox 662 1720 846 1724; x_wconf 95' lang='lat' dir='ltr'> </span> 
     </span>
    </p>
   </div>
   <div class='ocr_carea' id='block_1_6' title="bbox 681 1770 829 1803">
    <p class='ocr_par' dir='ltr' id='par_1_9' title="bbox 681 1770 829 1803">
     <span class='ocr_line' id='line_1_36' title="bbox 681 1770 829 1803; baseline -0.007 0"><span class='ocrx_word' id='word_1_167' title='bbox 681 1770 829 1803; x_wconf 84' lang='lat' dir='ltr'><strong>CDXLIX.</strong></span> 
     </span>
    </p>
   </div>
   <div class='ocr_carea' id='block_1_7' title="bbox 388 1839 1147 2097">
    <p class='ocr_par' dir='ltr' id='par_1_10' title="bbox 388 1839 1147 2097">
     <span class='ocr_line' id='line_1_37' title="bbox 388 1839 1129 1873; baseline -0.001 -1"><span class='ocrx_word' id='word_1_168' title='bbox 388 1840 640 1873; x_wconf 77' lang='lat' dir='ltr'>Dismembrotio</span> <span class='ocrx_word' id='word_1_169' title='bbox 672 1841 712 1873; x_wconf 76' lang='lat' dir='ltr'>ab</span> <span class='ocrx_word' id='word_1_170' title='bbox 743 1840 872 1873; x_wconf 74' lang='lat' dir='ltr'>ecclcsici</span> <span class='ocrx_word' id='word_1_171' title='bbox 904 1839 1129 1873; x_wconf 72' lang='lat' dir='ltr'>Sarsmatensz&#39;</span> 
     </span>
     <span class='ocr_line' id='line_1_38' title="bbox 431 1893 1129 1936; baseline -0.001 -11"><span class='ocrx_word' id='word_1_172' title='bbox 431 1893 620 1936; x_wconf 67' lang='lat' dir='ltr'>[edmarum</span> <span class='ocrx_word' id='word_1_173' title='bbox 646 1893 817 1936; x_wconf 72' lang='lat' dir='ltr'>sulphuris</span> <span class='ocrx_word' id='word_1_174' title='bbox 835 1897 863 1926; x_wconf 80' lang='lat' dir='ltr'>et</span> <span class='ocrx_word' id='word_1_175' title='bbox 883 1894 968 1925; x_wconf 71' lang='lat' dir='ltr'>iuris</span> <span class='ocrx_word' id='word_1_176' title='bbox 987 1893 1129 1936; x_wconf 72' lang='lat' dir='ltr'>sulphur</span> 
     </span>
     <span class='ocr_line' id='line_1_39' title="bbox 433 1946 1147 1988; baseline -0.003 -9"><span class='ocrx_word' id='word_1_177' title='bbox 433 1947 623 1979; x_wconf 72' lang='lat' dir='ltr'>huiusmodi</span> <span class='ocrx_word' id='word_1_178' title='bbox 658 1947 695 1979; x_wconf 73' lang='lat' dir='ltr'>in</span> <span class='ocrx_word' id='word_1_179' title='bbox 729 1946 902 1979; x_wconf 73' lang='lat' dir='ltr'>nonnullis</span> <span class='ocrx_word' id='word_1_180' title='bbox 939 1947 1015 1979; x_wconf 79' lang='lat' dir='ltr'>Iocis</span> <span class='ocrx_word' id='word_1_181' title='bbox 1050 1946 1147 1988; x_wconf 63' lang='lat' dir='ltr'>effe-5</span> 
     </span>
     <span class='ocr_line' id='line_1_40' title="bbox 432 2000 1147 2044; baseline 0.003 -13"><span class='ocrx_word' id='word_1_182' title='bbox 432 2000 555 2041; x_wconf 72' lang='lat' dir='ltr'>diendi,</span> <span class='ocrx_word' id='word_1_183' title='bbox 578 2011 614 2033; x_wconf 77' lang='lat' dir='ltr'>ac</span> <span class='ocrx_word' id='word_1_184' title='bbox 631 2000 809 2044; x_wconf 74' lang='lat' dir='ltr'>applicatio</span> <span class='ocrx_word' id='word_1_185' title='bbox 826 2000 902 2033; x_wconf 60' lang='lat' dir='ltr'>Sede·</span> <span class='ocrx_word' id='word_1_186' title='bbox 925 2004 953 2032; x_wconf 80' lang='lat' dir='ltr'>et</span> <span class='ocrx_word' id='word_1_187' title='bbox 977 2000 1130 2034; x_wconf 72' lang='lat' dir='ltr'>Gamerae</span> <span class='ocrx_word' id='word_1_188' title='bbox 1146 2021 1147 2028; x_wconf 31' lang='grc' dir='ltr'><strong>κ</strong></span> 
     </span>
     <span class='ocr_line' id='line_1_41' title="bbox 432 2052 669 2097; baseline -0.008 -11"><span class='ocrx_word' id='word_1_189' title='bbox 432 2053 637 2097; x_wconf 68' lang='lat' dir='ltr'>Apostolirae</span> <span class='ocrx_word' id='word_1_190' title='bbox 649 2052 669 2084; x_wconf 69' lang='lat'>².</span> 
     </span>
    </p>
   </div>
   <div class='ocr_carea' id='block_1_8' title="bbox 514 2124 1009 2204">
    <p class='ocr_par' dir='ltr' id='par_1_11' title="bbox 514 2124 1009 2204">
     <span class='ocr_line' id='line_1_42' title="bbox 602 2124 917 2159; baseline 0 -8"><span class='ocrx_word' id='word_1_191' title='bbox 602 2125 739 2152; x_wconf 84' lang='lat' dir='ltr'>Urbanus</span> <span class='ocrx_word' id='word_1_192' title='bbox 749 2125 828 2159; x_wconf 85' lang='lat' dir='ltr'>Papa</span> <span class='ocrx_word' id='word_1_193' title='bbox 842 2124 917 2157; x_wconf 85' lang='lat' dir='ltr'>VIII,</span> 
     </span>
     <span class='ocr_line' id='line_1_43' title="bbox 514 2169 1009 2204; baseline 0.002 -8"><span class='ocrx_word' id='word_1_194' title='bbox 514 2169 550 2196; x_wconf 83' lang='lat' dir='ltr'>nd</span> <span class='ocrx_word' id='word_1_195' title='bbox 569 2172 746 2204; x_wconf 85' lang='lat' dir='ltr'>perpetuam</span> <span class='ocrx_word' id='word_1_196' title='bbox 765 2170 810 2197; x_wconf 86' lang='lat' dir='ltr'>rei</span> <span class='ocrx_word' id='word_1_197' title='bbox 830 2169 1009 2197; x_wconf 85' lang='lat' dir='ltr'>memoriam.</span> 
     </span>
    </p>
   </div>
   <div class='ocr_carea' id='block_1_9' title="bbox 392 2232 1150 2437">
    <p class='ocr_par' dir='ltr' id='par_1_12' title="bbox 392 2232 1150 2437">
     <span class='ocr_line' id='line_1_44' title="bbox 435 2232 1132 2277; baseline -0.001 -12"><span class='ocrx_word' id='word_1_198' title='bbox 435 2233 450 2277; x_wconf 64' lang='grc' dir='ltr'><strong>ἓ</strong></span> <span class='ocrx_word' id='word_1_199' title='bbox 465 2232 493 2265; x_wconf 49' lang='lat' dir='ltr'>sl.</span> <span class='ocrx_word' id='word_1_200' title='bbox 512 2232 599 2273; x_wconf 89' lang='lat' dir='ltr'>Cum,</span> <span class='ocrx_word' id='word_1_201' title='bbox 613 2232 689 2266; x_wconf 84' lang='lat' dir='ltr'>sicut</span> <span class='ocrx_word' id='word_1_202' title='bbox 705 2232 896 2276; x_wconf 86' lang='lat' dir='ltr'>accepimus,</span> <span class='ocrx_word' id='word_1_203' title='bbox 914 2232 1045 2266; x_wconf 82' lang='lat' dir='ltr'>ccclesia</span> <span class='ocrx_word' id='word_1_204' title='bbox 1063 2233 1132 2267; x_wconf 83' lang='lat' dir='ltr'>Sar-</span> 
     </span>
     <span class='ocr_line' id='line_1_45' title="bbox 392 2286 1131 2331; baseline -0.001 -12"><span class='ocrx_word' id='word_1_205' title='bbox 392 2286 555 2319; x_wconf 85' lang='lat' dir='ltr'>sinatensis</span> <span class='ocrx_word' id='word_1_206' title='bbox 568 2297 626 2330; x_wconf 86' lang='lat' dir='ltr'>per</span> <span class='ocrx_word' id='word_1_207' title='bbox 640 2286 758 2319; x_wconf 88' lang='lat' dir='ltr'>obitum</span> <span class='ocrx_word' id='word_1_208' title='bbox 774 2286 856 2319; x_wconf 90' lang='lat' dir='ltr'>illius</span> <span class='ocrx_word' id='word_1_209' title='bbox 866 2286 968 2319; x_wconf 86' lang='lat' dir='ltr'>ultimi</span> <span class='ocrx_word' id='word_1_210' title='bbox 979 2287 1131 2331; x_wconf 87' lang='lat' dir='ltr'>episcopi,</span> 
     </span>
     <span class='ocr_line' id='line_1_46' title="bbox 392 2339 1132 2383; baseline -0.001 -10"><span class='ocrx_word' id='word_1_211' title='bbox 392 2344 477 2373; x_wconf 85' lang='lat' dir='ltr'>extra</span> <span class='ocrx_word' id='word_1_212' title='bbox 496 2341 667 2373; x_wconf 80' lang='lat' dir='ltr'>Romanam</span> <span class='ocrx_word' id='word_1_213' title='bbox 689 2339 810 2373; x_wconf 83' lang='lat' dir='ltr'>curiam</span> <span class='ocrx_word' id='word_1_214' title='bbox 830 2339 979 2380; x_wconf 76' lang='lat' dir='ltr'>defuncti,</span> <span class='ocrx_word' id='word_1_215' title='bbox 997 2340 1132 2383; x_wconf 87' lang='lat' dir='ltr'>pastoris</span> 
     </span>
     <span class='ocr_line' id='line_1_47' title="bbox 393 2393 1150 2437; baseline 0 -11"><span class='ocrx_word' id='word_1_216' title='bbox 393 2395 504 2428; x_wconf 82' lang='lat' dir='ltr'>solatio</span> <span class='ocrx_word' id='word_1_217' title='bbox 528 2394 674 2427; x_wconf 83' lang='lat' dir='ltr'>destituta</span> <span class='ocrx_word' id='word_1_218' title='bbox 699 2393 754 2436; x_wconf 84' lang='lat' dir='ltr'>sit,</span> <span class='ocrx_word' id='word_1_219' title='bbox 781 2398 810 2427; x_wconf 90' lang='lat' dir='ltr'>et</span> <span class='ocrx_word' id='word_1_220' title='bbox 836 2394 975 2437; x_wconf 78' lang='lat' dir='ltr'>episcopi</span> <span class='ocrx_word' id='word_1_221' title='bbox 997 2394 1150 2435; x_wconf 68' lang='lat' dir='ltr'>Sarsina-3</span> 
     </span>
    </p>
   </div>
   <div class='ocr_carea' id='block_1_10' title="bbox 394 2481 1150 2608">
    <p class='ocr_par' dir='ltr' id='par_1_13' title="bbox 394 2481 1150 2608">
     <span class='ocr_line' id='line_1_48' title="bbox 431 2481 1150 2517; baseline -0.001 -7"><span class='ocrx_word' id='word_1_222' title='bbox 431 2485 439 2509; x_wconf 87' lang='lat'>1</span> <span class='ocrx_word' id='word_1_223' title='bbox 459 2483 577 2510; x_wconf 83' lang='lat' dir='ltr'>Erronee</span> <span class='ocrx_word' id='word_1_224' title='bbox 593 2483 658 2510; x_wconf 84' lang='lat' dir='ltr'>edit.</span> <span class='ocrx_word' id='word_1_225' title='bbox 676 2483 755 2510; x_wconf 87' lang='lat' dir='ltr'>Main.</span> <span class='ocrx_word' id='word_1_226' title='bbox 777 2482 802 2509; x_wconf 92' lang='lat' dir='ltr'>in</span> <span class='ocrx_word' id='word_1_227' title='bbox 827 2486 900 2509; x_wconf 79' lang='lat' dir='ltr'>textu</span> <span class='ocrx_word' id='word_1_228' title='bbox 921 2482 1003 2510; x_wconf 88' lang='lat' dir='ltr'>habet</span> <span class='ocrx_word' id='word_1_229' title='bbox 1024 2484 1065 2517; x_wconf 86' lang='lat'>11,</span> <span class='ocrx_word' id='word_1_230' title='bbox 1086 2482 1132 2510; x_wconf 87' lang='lat' dir='ltr'>sed</span> <span class='ocrx_word' id='word_1_231' title='bbox 1149 2481 1150 2484; x_wconf 71' lang='grc'>’</span> 
     </span>
     <span class='ocr_line' id='line_1_49' title="bbox 394 2527 1132 2564; baseline 0 -9"><span class='ocrx_word' id='word_1_232' title='bbox 394 2528 427 2555; x_wconf 86' lang='lat' dir='ltr'>ad</span> <span class='ocrx_word' id='word_1_233' title='bbox 449 2537 531 2564; x_wconf 83' lang='lat' dir='ltr'>marg.</span> <span class='ocrx_word' id='word_1_234' title='bbox 550 2528 614 2562; x_wconf 78' lang='lat' dir='ltr'>legit</span> <span class='ocrx_word' id='word_1_235' title='bbox 636 2528 648 2555; x_wconf 84' lang='lat'><strong><em>1</em></strong></span> <span class='ocrx_word' id='word_1_236' title='bbox 672 2537 731 2555; x_wconf 87' lang='lat' dir='ltr'>cum</span> <span class='ocrx_word' id='word_1_237' title='bbox 752 2527 868 2555; x_wconf 85' lang='lat' dir='ltr'>Cherub.</span> <span class='ocrx_word' id='word_1_238' title='bbox 885 2531 912 2555; x_wconf 87' lang='lat' dir='ltr'>et</span> <span class='ocrx_word' id='word_1_239' title='bbox 932 2528 967 2555; x_wconf 86' lang='lat' dir='ltr'>ita</span> <span class='ocrx_word' id='word_1_240' title='bbox 988 2527 1132 2563; x_wconf 82' lang='lat' dir='ltr'>legendum</span> 
     </span>
     <span class='ocr_line' id='line_1_50' title="bbox 395 2573 819 2608; baseline -0.005 -7"><span class='ocrx_word' id='word_1_241' title='bbox 395 2581 426 2601; x_wconf 83' lang='lat' dir='ltr'>ex</span> <span class='ocrx_word' id='word_1_242' title='bbox 441 2573 536 2600; x_wconf 88' lang='lat' dir='ltr'>ordine</span> <span class='ocrx_word' id='word_1_243' title='bbox 556 2573 693 2600; x_wconf 83' lang='lat' dir='ltr'>Bullarnrn</span> <span class='ocrx_word' id='word_1_244' title='bbox 714 2573 752 2608; x_wconf 78' lang='lat' dir='ltr'>(n.</span> <span class='ocrx_word' id='word_1_245' title='bbox 770 2574 819 2603; x_wconf 59' lang='grc' dir='ltr'>’τ.).</span> 
     </span>
    </p>
   </div>
   <div class='ocr_carea' id='block_1_11' title="bbox 1134 249 1153 2652">
    <p class='ocr_par' dir='ltr' id='par_1_14' title="bbox 1134 249 1153 2652">
     <span class='ocr_line' id='line_1_51' title="bbox 1134 249 1153 2652; baseline 0 0"><span class='ocrx_word' id='word_1_246' title='bbox 1134 249 1153 2652; x_wconf 95' lang='lat' dir='ltr'> </span> 
     </span>
    </p>
   </div>
   <div class='ocr_carea' id='block_1_12' title="bbox 431 2617 876 2653">
    <p class='ocr_par' dir='ltr' id='par_1_15' title="bbox 431 2617 876 2653">
     <span class='ocr_line' id='line_1_52' title="bbox 431 2617 876 2653; baseline 0.002 -9"><span class='ocrx_word' id='word_1_247' title='bbox 431 2618 448 2644; x_wconf 77' lang='lat'><strong>2</strong></span> <span class='ocrx_word' id='word_1_248' title='bbox 463 2617 501 2645; x_wconf 84' lang='lat' dir='ltr'>Ex</span> <span class='ocrx_word' id='word_1_249' title='bbox 517 2618 623 2653; x_wconf 73' lang='lat' dir='ltr'>aegest.</span> <span class='ocrx_word' id='word_1_250' title='bbox 639 2617 666 2645; x_wconf 92' lang='lat' dir='ltr'>in</span> <span class='ocrx_word' id='word_1_251' title='bbox 682 2618 782 2646; x_wconf 85' lang='lat' dir='ltr'>Secret.</span> <span class='ocrx_word' id='word_1_252' title='bbox 799 2617 876 2645; x_wconf 84' lang='lat' dir='ltr'>Brev.</span> 
     </span>
    </p>
   </div>
   <div class='ocr_carea' id='block_1_13' title="bbox 1150 199 1903 2004">
    <p class='ocr_par' dir='ltr' id='par_1_16' title="bbox 1153 199 1306 223">
     <span class='ocr_line' id='line_1_53' title="bbox 1153 199 1306 223; baseline 0.007 -1"><span class='ocrx_word' id='word_1_253' title='bbox 1153 199 1306 223; x_wconf 50' lang='lat' dir='ltr'>noninun</span> 
     </span>
    </p>

    <p class='ocr_par' dir='ltr' id='par_1_17' title="bbox 1150 247 1896 1352">
     <span class='ocr_line' id='line_1_54' title="bbox 1152 247 1889 292; baseline 0.005 -13"><span class='ocrx_word' id='word_1_254' title='bbox 1152 251 1264 287; x_wconf 80' lang='lat' dir='ltr'>tenses,</span> <span class='ocrx_word' id='word_1_255' title='bbox 1278 247 1331 290; x_wconf 86' lang='lat' dir='ltr'>qui</span> <span class='ocrx_word' id='word_1_256' title='bbox 1344 255 1403 290; x_wconf 88' lang='lat' dir='ltr'>pro</span> <span class='ocrx_word' id='word_1_257' title='bbox 1420 252 1563 291; x_wconf 87' lang='lat' dir='ltr'>tempore</span> <span class='ocrx_word' id='word_1_258' title='bbox 1579 248 1713 292; x_wconf 83' lang='lat' dir='ltr'>suerunt,</span> <span class='ocrx_word' id='word_1_259' title='bbox 1731 249 1813 283; x_wconf 85' lang='lat' dir='ltr'>inter</span> <span class='ocrx_word' id='word_1_260' title='bbox 1828 249 1889 283; x_wconf 85' lang='lat' dir='ltr'>alia</span> 
     </span>
     <span class='ocr_line' id='line_1_55' title="bbox 1151 299 1888 346; baseline 0.008 -15"><span class='ocrx_word' id='word_1_261' title='bbox 1151 299 1233 333; x_wconf 88' lang='lat' dir='ltr'>bona</span> <span class='ocrx_word' id='word_1_262' title='bbox 1262 299 1301 332; x_wconf 88' lang='lat' dir='ltr'>ad</span> <span class='ocrx_word' id='word_1_263' title='bbox 1331 309 1472 333; x_wconf 83' lang='lat' dir='ltr'>mensam</span> <span class='ocrx_word' id='word_1_264' title='bbox 1501 300 1713 346; x_wconf 85' lang='lat' dir='ltr'>episcopalem</span> <span class='ocrx_word' id='word_1_265' title='bbox 1738 303 1888 337; x_wconf 86' lang='lat' dir='ltr'>eeclesiae</span> 
     </span>
     <span class='ocr_line' id='line_1_56' title="bbox 1151 352 1888 398; baseline 0.007 -13"><span class='ocrx_word' id='word_1_266' title='bbox 1151 352 1374 386; x_wconf 84' lang='lat' dir='ltr'>Sarsinatensis</span> <span class='ocrx_word' id='word_1_267' title='bbox 1399 353 1582 398; x_wconf 84' lang='lat' dir='ltr'>spectantia,</span> <span class='ocrx_word' id='word_1_268' title='bbox 1606 354 1745 389; x_wconf 88' lang='lat' dir='ltr'>diversas</span> <span class='ocrx_word' id='word_1_269' title='bbox 1767 356 1888 390; x_wconf 80' lang='lat' dir='ltr'>fodinas</span> 
     </span>
     <span class='ocr_line' id='line_1_57' title="bbox 1151 406 1890 453; baseline 0.005 -14"><span class='ocrx_word' id='word_1_270' title='bbox 1151 416 1205 439; x_wconf 91' lang='lat' dir='ltr'>seu</span> <span class='ocrx_word' id='word_1_271' title='bbox 1227 406 1332 440; x_wconf 81' lang='lat' dir='ltr'>foveas</span> <span class='ocrx_word' id='word_1_272' title='bbox 1363 407 1525 451; x_wconf 88' lang='lat' dir='ltr'>sulphuris</span> <span class='ocrx_word' id='word_1_273' title='bbox 1557 417 1592 441; x_wconf 89' lang='lat' dir='ltr'>ac</span> <span class='ocrx_word' id='word_1_274' title='bbox 1623 407 1671 441; x_wconf 86' lang='lat' dir='ltr'>ius</span> <span class='ocrx_word' id='word_1_275' title='bbox 1701 409 1834 453; x_wconf 89' lang='lat' dir='ltr'>sulphur</span> <span class='ocrx_word' id='word_1_276' title='bbox 1858 410 1890 443; x_wconf 92' lang='lat' dir='ltr'>in</span> 
     </span>
     <span class='ocr_line' id='line_1_58' title="bbox 1150 459 1891 496; baseline 0.005 -4"><span class='ocrx_word' id='word_1_277' title='bbox 1150 460 1309 493; x_wconf 90' lang='lat' dir='ltr'>nonnullis</span> <span class='ocrx_word' id='word_1_278' title='bbox 1331 459 1483 494; x_wconf 88' lang='lat' dir='ltr'>dioecesis</span> <span class='ocrx_word' id='word_1_279' title='bbox 1503 460 1726 494; x_wconf 86' lang='lat' dir='ltr'>Sarsinatensis</span> <span class='ocrx_word' id='word_1_280' title='bbox 1750 462 1828 496; x_wconf 80' lang='lat' dir='ltr'>loeis</span> <span class='ocrx_word' id='word_1_281' title='bbox 1851 463 1891 496; x_wconf 81' lang='lat' dir='ltr'>es-</span> 
     </span>
     <span class='ocr_line' id='line_1_59' title="bbox 1151 513 1891 558; baseline 0.004 -12"><span class='ocrx_word' id='word_1_282' title='bbox 1151 513 1288 547; x_wconf 87' lang='lat' dir='ltr'>sodiendi</span> <span class='ocrx_word' id='word_1_283' title='bbox 1312 514 1462 548; x_wconf 87' lang='lat' dir='ltr'>hactenus</span> <span class='ocrx_word' id='word_1_284' title='bbox 1487 514 1700 558; x_wconf 88' lang='lat' dir='ltr'>possederint,</span> <span class='ocrx_word' id='word_1_285' title='bbox 1726 520 1756 548; x_wconf 89' lang='lat' dir='ltr'>et</span> <span class='ocrx_word' id='word_1_286' title='bbox 1782 526 1891 549; x_wconf 89' lang='lat' dir='ltr'>mensa</span> 
     </span>
     <span class='ocr_line' id='line_1_60' title="bbox 1152 568 1890 614; baseline 0.003 -14"><span class='ocrx_word' id='word_1_287' title='bbox 1152 568 1341 612; x_wconf 85' lang='lat' dir='ltr'>episcopalis</span> <span class='ocrx_word' id='word_1_288' title='bbox 1369 568 1531 612; x_wconf 85' lang='lat' dir='ltr'>praedicta</span> <span class='ocrx_word' id='word_1_289' title='bbox 1553 568 1712 613; x_wconf 87' lang='lat' dir='ltr'>possideat</span> <span class='ocrx_word' id='word_1_290' title='bbox 1735 569 1774 602; x_wconf 88' lang='lat' dir='ltr'>ad</span> <span class='ocrx_word' id='word_1_291' title='bbox 1797 579 1890 614; x_wconf 88' lang='lat' dir='ltr'>prae-</span> 
     </span>
     <span class='ocr_line' id='line_1_61' title="bbox 1152 621 1892 663; baseline 0.003 -9"><span class='ocrx_word' id='word_1_292' title='bbox 1152 632 1243 663; x_wconf 84' lang='lat' dir='ltr'>sens,</span> <span class='ocrx_word' id='word_1_293' title='bbox 1268 621 1381 655; x_wconf 84' lang='lat' dir='ltr'>fodinis</span> <span class='ocrx_word' id='word_1_294' title='bbox 1413 632 1504 662; x_wconf 86' lang='lat' dir='ltr'>vero,</span> <span class='ocrx_word' id='word_1_295' title='bbox 1534 632 1589 655; x_wconf 89' lang='lat' dir='ltr'>seu</span> <span class='ocrx_word' id='word_1_296' title='bbox 1620 622 1739 663; x_wconf 81' lang='lat' dir='ltr'>foveis,</span> <span class='ocrx_word' id='word_1_297' title='bbox 1763 632 1799 656; x_wconf 86' lang='lat' dir='ltr'>ac</span> <span class='ocrx_word' id='word_1_298' title='bbox 1823 622 1892 656; x_wconf 89' lang='lat' dir='ltr'>iure</span> 
     </span>
     <span class='ocr_line' id='line_1_62' title="bbox 1152 675 1892 720; baseline 0.004 -12"><span class='ocrx_word' id='word_1_299' title='bbox 1152 676 1285 720; x_wconf 89' lang='lat' dir='ltr'>sulphur</span> <span class='ocrx_word' id='word_1_300' title='bbox 1310 675 1492 709; x_wconf 89' lang='lat' dir='ltr'>huiusmodi</span> <span class='ocrx_word' id='word_1_301' title='bbox 1509 675 1677 709; x_wconf 82' lang='lat' dir='ltr'>effodiendi</span> <span class='ocrx_word' id='word_1_302' title='bbox 1697 687 1823 710; x_wconf 87' lang='lat' dir='ltr'>camera</span> <span class='ocrx_word' id='word_1_303' title='bbox 1839 687 1892 711; x_wconf 93' lang='lat' dir='ltr'>no-</span> 
     </span>
     <span class='ocr_line' id='line_1_63' title="bbox 1153 729 1892 773; baseline 0.003 -11"><span class='ocrx_word' id='word_1_304' title='bbox 1153 733 1216 763; x_wconf 85' lang='lat' dir='ltr'>stra</span> <span class='ocrx_word' id='word_1_305' title='bbox 1229 729 1403 773; x_wconf 83' lang='lat' dir='ltr'>apostolica</span> <span class='ocrx_word' id='word_1_306' title='bbox 1420 739 1478 773; x_wconf 90' lang='lat' dir='ltr'>pro</span> <span class='ocrx_word' id='word_1_307' title='bbox 1496 729 1560 762; x_wconf 90' lang='lat' dir='ltr'>suis</span> <span class='ocrx_word' id='word_1_308' title='bbox 1573 730 1810 764; x_wconf 87' lang='lat' dir='ltr'>necessitatibus</span> <span class='ocrx_word' id='word_1_309' title='bbox 1827 741 1892 764; x_wconf 84' lang='lat' dir='ltr'>ma-</span> 
     </span>
     <span class='ocr_line' id='line_1_64' title="bbox 1152 782 1893 825; baseline 0.004 -10"><span class='ocrx_word' id='word_1_310' title='bbox 1152 783 1234 816; x_wconf 88' lang='lat' dir='ltr'>xime</span> <span class='ocrx_word' id='word_1_311' title='bbox 1259 782 1413 825; x_wconf 70' lang='lat' dir='ltr'>indigeat,</span> <span class='ocrx_word' id='word_1_312' title='bbox 1447 782 1564 816; x_wconf 89' lang='lat' dir='ltr'>eisdem</span> <span class='ocrx_word' id='word_1_313' title='bbox 1589 782 1685 817; x_wconf 82' lang='lat' dir='ltr'>vero¹</span> <span class='ocrx_word' id='word_1_314' title='bbox 1709 784 1806 818; x_wconf 84' lang='lat' dir='ltr'>foveis</span> <span class='ocrx_word' id='word_1_315' title='bbox 1837 795 1893 818; x_wconf 90' lang='lat' dir='ltr'>seu</span> 
     </span>
     <span class='ocr_line' id='line_1_65' title="bbox 1153 836 1894 881; baseline 0.004 -13"><span class='ocrx_word' id='word_1_316' title='bbox 1153 836 1267 869; x_wconf 88' lang='lat' dir='ltr'>fodinis</span> <span class='ocrx_word' id='word_1_317' title='bbox 1292 836 1473 879; x_wconf 87' lang='lat' dir='ltr'>sulphureis</span> <span class='ocrx_word' id='word_1_318' title='bbox 1493 847 1529 870; x_wconf 89' lang='lat' dir='ltr'>ac</span> <span class='ocrx_word' id='word_1_319' title='bbox 1545 836 1614 870; x_wconf 85' lang='lat' dir='ltr'>iure</span> <span class='ocrx_word' id='word_1_320' title='bbox 1639 837 1773 881; x_wconf 89' lang='lat' dir='ltr'>sulphur</span> <span class='ocrx_word' id='word_1_321' title='bbox 1788 837 1894 871; x_wconf 85' lang='lat' dir='ltr'>huius-</span> 
     </span>
     <span class='ocr_line' id='line_1_66' title="bbox 1154 889 1894 935; baseline 0.003 -13"><span class='ocrx_word' id='word_1_322' title='bbox 1154 889 1238 923; x_wconf 90' lang='lat' dir='ltr'>modi</span> <span class='ocrx_word' id='word_1_323' title='bbox 1264 889 1432 923; x_wconf 77' lang='lat' dir='ltr'>effodiendi</span> <span class='ocrx_word' id='word_1_324' title='bbox 1452 900 1469 922; x_wconf 87' lang='lat' dir='ltr'>a</span> <span class='ocrx_word' id='word_1_325' title='bbox 1493 889 1576 923; x_wconf 76' lang='lat' dir='ltr'>dicta</span> <span class='ocrx_word' id='word_1_326' title='bbox 1593 892 1701 923; x_wconf 79' lang='lat' dir='ltr'>mensa</span> <span class='ocrx_word' id='word_1_327' title='bbox 1721 890 1894 935; x_wconf 82' lang='lat' dir='ltr'>episcopali</span> 
     </span>
     <span class='ocr_line' id='line_1_67' title="bbox 1153 943 1893 988; baseline 0.003 -12"><span class='ocrx_word' id='word_1_328' title='bbox 1153 943 1386 977; x_wconf 86' lang='lat' dir='ltr'>dismembratis</span> <span class='ocrx_word' id='word_1_329' title='bbox 1407 948 1436 977; x_wconf 88' lang='lat' dir='ltr'>et</span> <span class='ocrx_word' id='word_1_330' title='bbox 1453 944 1615 988; x_wconf 86' lang='lat' dir='ltr'>separatis,</span> <span class='ocrx_word' id='word_1_331' title='bbox 1632 944 1800 988; x_wconf 87' lang='lat' dir='ltr'>episcopus</span> <span class='ocrx_word' id='word_1_332' title='bbox 1822 944 1893 978; x_wconf 84' lang='lat' dir='ltr'>Sar-</span> 
     </span>
     <span class='ocr_line' id='line_1_68' title="bbox 1154 997 1893 1042; baseline 0.001 -12"><span class='ocrx_word' id='word_1_333' title='bbox 1154 998 1318 1030; x_wconf 85' lang='lat' dir='ltr'>sinatensis</span> <span class='ocrx_word' id='word_1_334' title='bbox 1339 1007 1376 1030; x_wconf 76' lang='lat' dir='ltr'>ex</span> <span class='ocrx_word' id='word_1_335' title='bbox 1402 997 1543 1030; x_wconf 88' lang='lat' dir='ltr'>eiusdem</span> <span class='ocrx_word' id='word_1_336' title='bbox 1561 1007 1687 1030; x_wconf 86' lang='lat' dir='ltr'>mensae</span> <span class='ocrx_word' id='word_1_337' title='bbox 1704 997 1893 1042; x_wconf 86' lang='lat' dir='ltr'>episcopalis</span> 
     </span>
     <span class='ocr_line' id='line_1_69' title="bbox 1155 1051 1895 1095; baseline 0.001 -11"><span class='ocrx_word' id='word_1_338' title='bbox 1155 1052 1318 1093; x_wconf 83' lang='lat' dir='ltr'>fructibus,</span> <span class='ocrx_word' id='word_1_339' title='bbox 1345 1051 1522 1084; x_wconf 89' lang='lat' dir='ltr'>redditibus</span> <span class='ocrx_word' id='word_1_340' title='bbox 1545 1055 1574 1085; x_wconf 89' lang='lat' dir='ltr'>et</span> <span class='ocrx_word' id='word_1_341' title='bbox 1599 1051 1824 1095; x_wconf 88' lang='lat' dir='ltr'>proventibus,</span> <span class='ocrx_word' id='word_1_342' title='bbox 1849 1052 1895 1085; x_wconf 90' lang='lat' dir='ltr'>iu-</span> 
     </span>
     <span class='ocr_line' id='line_1_70' title="bbox 1155 1105 1895 1146; baseline 0 -8"><span class='ocrx_word' id='word_1_343' title='bbox 1155 1105 1253 1146; x_wconf 88' lang='lat' dir='ltr'>ribus,</span> <span class='ocrx_word' id='word_1_344' title='bbox 1275 1105 1518 1138; x_wconf 87' lang='lat' dir='ltr'>obventionibus</span> <span class='ocrx_word' id='word_1_345' title='bbox 1540 1110 1569 1138; x_wconf 91' lang='lat' dir='ltr'>et</span> <span class='ocrx_word' id='word_1_346' title='bbox 1593 1105 1814 1138; x_wconf 88' lang='lat' dir='ltr'>emolumentis</span> <span class='ocrx_word' id='word_1_347' title='bbox 1831 1110 1895 1138; x_wconf 87' lang='lat' dir='ltr'>tan-</span> 
     </span>
     <span class='ocr_line' id='line_1_71' title="bbox 1155 1157 1896 1203; baseline 0.001 -12"><span class='ocrx_word' id='word_1_348' title='bbox 1155 1164 1221 1191; x_wconf 89' lang='lat' dir='ltr'>tum</span> <span class='ocrx_word' id='word_1_349' title='bbox 1239 1157 1404 1203; x_wconf 83' lang='lat' dir='ltr'>percipiat,</span> <span class='ocrx_word' id='word_1_350' title='bbox 1422 1161 1573 1203; x_wconf 88' lang='lat' dir='ltr'>quantum</span> <span class='ocrx_word' id='word_1_351' title='bbox 1588 1158 1625 1191; x_wconf 87' lang='lat' dir='ltr'>ad</span> <span class='ocrx_word' id='word_1_352' title='bbox 1642 1169 1814 1202; x_wconf 80' lang='lat' dir='ltr'>congruam</span> <span class='ocrx_word' id='word_1_353' title='bbox 1829 1159 1896 1192; x_wconf 90' lang='lat' dir='ltr'>eius</span> 
     </span>
     <span class='ocr_line' id='line_1_72' title="bbox 1156 1211 1895 1256; baseline 0 -12"><span class='ocrx_word' id='word_1_354' title='bbox 1156 1212 1413 1245; x_wconf 86' lang='lat' dir='ltr'>sustentationem</span> <span class='ocrx_word' id='word_1_355' title='bbox 1450 1217 1480 1245; x_wconf 87' lang='lat' dir='ltr'>et</span> <span class='ocrx_word' id='word_1_356' title='bbox 1514 1211 1702 1256; x_wconf 84' lang='lat' dir='ltr'>pontificalis</span> <span class='ocrx_word' id='word_1_357' title='bbox 1736 1211 1895 1254; x_wconf 84' lang='lat' dir='ltr'>dignitatis</span> 
     </span>
     <span class='ocr_line' id='line_1_73' title="bbox 1156 1265 1896 1308; baseline 0 -10"><span class='ocrx_word' id='word_1_358' title='bbox 1156 1265 1344 1308; x_wconf 84' lang='lat' dir='ltr'>exigentiam</span> <span class='ocrx_word' id='word_1_359' title='bbox 1377 1266 1461 1298; x_wconf 83' lang='lat' dir='ltr'>iuxta</span> <span class='ocrx_word' id='word_1_360' title='bbox 1491 1265 1621 1299; x_wconf 88' lang='lat' dir='ltr'>Concilii</span> <span class='ocrx_word' id='word_1_361' title='bbox 1643 1265 1817 1299; x_wconf 88' lang='lat' dir='ltr'>Tridentini</span> <span class='ocrx_word' id='word_1_362' title='bbox 1842 1265 1896 1298; x_wconf 87' lang='lat' dir='ltr'>de-</span> 
     </span>
     <span class='ocr_line' id='line_1_74' title="bbox 1157 1319 1416 1352; baseline 0 -1"><span class='ocrx_word' id='word_1_363' title='bbox 1157 1324 1242 1352; x_wconf 89' lang='lat' dir='ltr'>creta</span> <span class='ocrx_word' id='word_1_364' title='bbox 1266 1319 1416 1352; x_wconf 84' lang='lat' dir='ltr'>sufficiat:</span> 
     </span>
    </p>

    <p class='ocr_par' dir='ltr' id='par_1_18' title="bbox 1158 1371 1903 2004">
     <span class='ocr_line' id='line_1_75' title="bbox 1202 1371 1898 1416; baseline 0 -11"><span class='ocrx_word' id='word_1_365' title='bbox 1202 1373 1216 1416; x_wconf 61' lang='lat' dir='ltr'>g</span> <span class='ocrx_word' id='word_1_366' title='bbox 1241 1372 1270 1406; x_wconf 76' lang='lat'>⁶2.</span> <span class='ocrx_word' id='word_1_367' title='bbox 1297 1373 1370 1413; x_wconf 82' lang='lat' dir='ltr'>Nos,</span> <span class='ocrx_word' id='word_1_368' title='bbox 1394 1372 1578 1416; x_wconf 86' lang='lat' dir='ltr'>praemissis</span> <span class='ocrx_word' id='word_1_369' title='bbox 1601 1377 1631 1405; x_wconf 86' lang='lat' dir='ltr'>et</span> <span class='ocrx_word' id='word_1_370' title='bbox 1656 1371 1724 1404; x_wconf 81' lang='lat' dir='ltr'>aliis</span> <span class='ocrx_word' id='word_1_371' title='bbox 1749 1371 1836 1405; x_wconf 90' lang='lat' dir='ltr'>iustis</span> <span class='ocrx_word' id='word_1_372' title='bbox 1860 1372 1898 1405; x_wconf 87' lang='lat' dir='ltr'>de</span> 
     </span>
     <span class='ocr_line' id='line_1_76' title="bbox 1158 1426 1899 1468; baseline -0.001 -8"><span class='ocrx_word' id='word_1_373' title='bbox 1158 1427 1261 1460; x_wconf 84' lang='lat' dir='ltr'>causis</span> <span class='ocrx_word' id='word_1_374' title='bbox 1275 1427 1414 1459; x_wconf 84' lang='lat' dir='ltr'>animum</span> <span class='ocrx_word' id='word_1_375' title='bbox 1428 1431 1572 1459; x_wconf 86' lang='lat' dir='ltr'>nostrum</span> <span class='ocrx_word' id='word_1_376' title='bbox 1590 1426 1797 1468; x_wconf 82' lang='lat' dir='ltr'>moventibus,</span> <span class='ocrx_word' id='word_1_377' title='bbox 1811 1431 1899 1459; x_wconf 89' lang='lat' dir='ltr'>motu</span> 
     </span>
     <span class='ocr_line' id='line_1_77' title="bbox 1158 1480 1899 1524; baseline -0.001 -11"><span class='ocrx_word' id='word_1_378' title='bbox 1158 1481 1311 1524; x_wconf 90' lang='lat' dir='ltr'>proprio,</span> <span class='ocrx_word' id='word_1_379' title='bbox 1336 1485 1366 1513; x_wconf 90' lang='lat' dir='ltr'>et</span> <span class='ocrx_word' id='word_1_380' title='bbox 1389 1490 1426 1512; x_wconf 88' lang='lat' dir='ltr'>ex</span> <span class='ocrx_word' id='word_1_381' title='bbox 1451 1482 1536 1513; x_wconf 80' lang='lat' dir='ltr'>certa</span> <span class='ocrx_word' id='word_1_382' title='bbox 1560 1480 1691 1512; x_wconf 82' lang='lat' dir='ltr'>scientia</span> <span class='ocrx_word' id='word_1_383' title='bbox 1715 1490 1751 1512; x_wconf 87' lang='lat' dir='ltr'>ac</span> <span class='ocrx_word' id='word_1_384' title='bbox 1775 1482 1899 1513; x_wconf 76' lang='lat' dir='ltr'>matura</span> 
     </span>
     <span class='ocr_line' id='line_1_78' title="bbox 1159 1533 1900 1577; baseline -0.001 -10"><span class='ocrx_word' id='word_1_385' title='bbox 1159 1533 1385 1568; x_wconf 84' lang='lat' dir='ltr'>deliberatione</span> <span class='ocrx_word' id='word_1_386' title='bbox 1409 1533 1547 1574; x_wconf 85' lang='lat' dir='ltr'>nostris,</span> <span class='ocrx_word' id='word_1_387' title='bbox 1578 1533 1679 1576; x_wconf 90' lang='lat' dir='ltr'>deque</span> <span class='ocrx_word' id='word_1_388' title='bbox 1709 1533 1900 1577; x_wconf 88' lang='lat' dir='ltr'>apostolicae</span> 
     </span>
     <span class='ocr_line' id='line_1_79' title="bbox 1160 1586 1899 1631; baseline 0 -11"><span class='ocrx_word' id='word_1_389' title='bbox 1160 1587 1323 1631; x_wconf 81' lang='lat' dir='ltr'>potestatis</span> <span class='ocrx_word' id='word_1_390' title='bbox 1347 1586 1553 1631; x_wconf 84' lang='lat' dir='ltr'>plenitudine,</span> <span class='ocrx_word' id='word_1_391' title='bbox 1577 1587 1682 1619; x_wconf 86' lang='lat' dir='ltr'>foveas</span> <span class='ocrx_word' id='word_1_392' title='bbox 1695 1587 1759 1619; x_wconf 90' lang='lat' dir='ltr'>sive</span> <span class='ocrx_word' id='word_1_393' title='bbox 1779 1586 1899 1620; x_wconf 82' lang='lat' dir='ltr'>fodinas</span> 
     </span>
     <span class='ocr_line' id='line_1_80' title="bbox 1160 1639 1900 1684; baseline -0.001 -11"><span class='ocrx_word' id='word_1_394' title='bbox 1160 1640 1321 1684; x_wconf 90' lang='lat' dir='ltr'>sulphuris</span> <span class='ocrx_word' id='word_1_395' title='bbox 1345 1650 1381 1673; x_wconf 87' lang='lat' dir='ltr'>ac</span> <span class='ocrx_word' id='word_1_396' title='bbox 1405 1640 1453 1672; x_wconf 89' lang='lat' dir='ltr'>ius</span> <span class='ocrx_word' id='word_1_397' title='bbox 1477 1640 1610 1683; x_wconf 90' lang='lat' dir='ltr'>sulphur</span> <span class='ocrx_word' id='word_1_398' title='bbox 1629 1639 1809 1673; x_wconf 87' lang='lat' dir='ltr'>huiusmodi</span> <span class='ocrx_word' id='word_1_399' title='bbox 1827 1639 1900 1673; x_wconf 80' lang='lat' dir='ltr'>effo-</span> 
     </span>
     <span class='ocr_line' id='line_1_81' title="bbox 1161 1693 1899 1738; baseline 0 -12"><span class='ocrx_word' id='word_1_400' title='bbox 1161 1694 1284 1735; x_wconf 89' lang='lat' dir='ltr'>diendi,</span> <span class='ocrx_word' id='word_1_401' title='bbox 1309 1693 1347 1726; x_wconf 87' lang='lat' dir='ltr'>ad</span> <span class='ocrx_word' id='word_1_402' title='bbox 1371 1703 1511 1726; x_wconf 88' lang='lat' dir='ltr'>mensam</span> <span class='ocrx_word' id='word_1_403' title='bbox 1536 1693 1749 1738; x_wconf 84' lang='lat' dir='ltr'>episcopalem</span> <span class='ocrx_word' id='word_1_404' title='bbox 1774 1693 1899 1738; x_wconf 86' lang='lat' dir='ltr'>praedi-</span> 
     </span>
     <span class='ocr_line' id='line_1_82' title="bbox 1162 1745 1902 1791; baseline 0.001 -12"><span class='ocrx_word' id='word_1_405' title='bbox 1162 1752 1265 1788; x_wconf 84' lang='lat' dir='ltr'>ctam,</span> <span class='ocrx_word' id='word_1_406' title='bbox 1293 1752 1326 1780; x_wconf 88' lang='lat' dir='ltr'>ut</span> <span class='ocrx_word' id='word_1_407' title='bbox 1354 1747 1551 1790; x_wconf 80' lang='lat' dir='ltr'>praefertur,</span> <span class='ocrx_word' id='word_1_408' title='bbox 1584 1747 1756 1791; x_wconf 86' lang='lat' dir='ltr'>spectantia</span> <span class='ocrx_word' id='word_1_409' title='bbox 1768 1745 1789 1787; x_wconf 72' lang='lat'>⁹,</span> <span class='ocrx_word' id='word_1_410' title='bbox 1814 1757 1902 1791; x_wconf 87' lang='lat' dir='ltr'>prae-</span> 
     </span>
     <span class='ocr_line' id='line_1_83' title="bbox 1163 1800 1903 1844; baseline 0 -10"><span class='ocrx_word' id='word_1_411' title='bbox 1163 1802 1296 1834; x_wconf 87' lang='lat' dir='ltr'>sentium</span> <span class='ocrx_word' id='word_1_412' title='bbox 1322 1805 1430 1834; x_wconf 88' lang='lat' dir='ltr'>tenore</span> <span class='ocrx_word' id='word_1_413' title='bbox 1443 1800 1464 1841; x_wconf 69' lang='lat'>³,</span> <span class='ocrx_word' id='word_1_414' title='bbox 1488 1805 1643 1844; x_wconf 87' lang='lat' dir='ltr'>perpetuo</span> <span class='ocrx_word' id='word_1_415' title='bbox 1668 1810 1852 1844; x_wconf 87' lang='lat' dir='ltr'>separamus</span> <span class='ocrx_word' id='word_1_416' title='bbox 1872 1806 1903 1834; x_wconf 85' lang='lat' dir='ltr'>et</span> 
     </span>
     <span class='ocr_line' id='line_1_84' title="bbox 1163 1853 1902 1897; baseline 0 -10"><span class='ocrx_word' id='word_1_417' title='bbox 1163 1854 1447 1894; x_wconf 83' lang='lat' dir='ltr'>dismembramus‚</span> <span class='ocrx_word' id='word_1_418' title='bbox 1473 1853 1588 1897; x_wconf 87' lang='lat' dir='ltr'>illaque</span> <span class='ocrx_word' id='word_1_419' title='bbox 1619 1853 1664 1886; x_wconf 83' lang='lat' dir='ltr'>sic</span> <span class='ocrx_word' id='word_1_420' title='bbox 1696 1859 1841 1897; x_wconf 83' lang='lat' dir='ltr'>separata</span> <span class='ocrx_word' id='word_1_421' title='bbox 1872 1858 1902 1887; x_wconf 88' lang='lat' dir='ltr'>et</span> 
     </span>
     <span class='ocr_line' id='line_1_85' title="bbox 1163 1907 1902 1951; baseline 0.001 -12"><span class='ocrx_word' id='word_1_422' title='bbox 1163 1907 1385 1940; x_wconf 87' lang='lat' dir='ltr'>dismembrata</span> <span class='ocrx_word' id='word_1_423' title='bbox 1410 1907 1480 1939; x_wconf 86' lang='lat' dir='ltr'>Sedi</span> <span class='ocrx_word' id='word_1_424' title='bbox 1500 1912 1530 1940; x_wconf 90' lang='lat' dir='ltr'>ct</span> <span class='ocrx_word' id='word_1_425' title='bbox 1549 1917 1692 1940; x_wconf 87' lang='lat' dir='ltr'>camerae</span> <span class='ocrx_word' id='word_1_426' title='bbox 1711 1907 1902 1951; x_wconf 85' lang='lat' dir='ltr'>apostolicae</span> 
     </span>
     <span class='ocr_line' id='line_1_86' title="bbox 1165 1960 1902 2004; baseline 0.001 -12"><span class='ocrx_word' id='word_1_427' title='bbox 1165 1961 1220 2004; x_wconf 81' lang='lat' dir='ltr'>(ita</span> <span class='ocrx_word' id='word_1_428' title='bbox 1244 1960 1328 2004; x_wconf 87' lang='lat' dir='ltr'>quod</span> <span class='ocrx_word' id='word_1_429' title='bbox 1348 1960 1440 1993; x_wconf 88' lang='lat' dir='ltr'>liceat</span> <span class='ocrx_word' id='word_1_430' title='bbox 1456 1960 1522 1993; x_wconf 87' lang='lat' dir='ltr'>eius</span> <span class='ocrx_word' id='word_1_431' title='bbox 1540 1960 1737 1993; x_wconf 84' lang='lat' dir='ltr'>thesaurario</span> <span class='ocrx_word' id='word_1_432' title='bbox 1750 1970 1804 1993; x_wconf 90' lang='lat' dir='ltr'>seu</span> <span class='ocrx_word' id='word_1_433' title='bbox 1821 1971 1902 1994; x_wconf 89' lang='lat' dir='ltr'>com-</span> 
     </span>
    </p>
   </div>
   <div class='ocr_carea' id='block_1_14' title="bbox 1146 2014 1902 2058">
    <p class='ocr_par' dir='ltr' id='par_1_19' title="bbox 1146 2014 1902 2058">
     <span class='ocr_line' id='line_1_87' title="bbox 1146 2014 1902 2058; baseline 0.001 -12"><span class='ocrx_word' id='word_1_434' title='bbox 1146 2014 1308 2048; x_wconf 71' lang='lat' dir='ltr'>:missario</span> <span class='ocrx_word' id='word_1_435' title='bbox 1340 2014 1497 2058; x_wconf 82' lang='lat' dir='ltr'>generali,</span> <span class='ocrx_word' id='word_1_436' title='bbox 1523 2014 1570 2047; x_wconf 73' lang='lat' dir='ltr'>vel</span> <span class='ocrx_word' id='word_1_437' title='bbox 1594 2014 1655 2047; x_wconf 86' lang='lat' dir='ltr'>alio</span> <span class='ocrx_word' id='word_1_438' title='bbox 1688 2024 1743 2047; x_wconf 88' lang='lat' dir='ltr'>seu</span> <span class='ocrx_word' id='word_1_439' title='bbox 1771 2014 1840 2047; x_wconf 91' lang='lat' dir='ltr'>aliis</span> <span class='ocrx_word' id='word_1_440' title='bbox 1863 2015 1902 2047; x_wconf 87' lang='lat' dir='ltr'>ad</span> 
     </span>
    </p>
   </div>
   <div class='ocr_carea' id='block_1_15' title="bbox 1165 2068 1906 2561">
    <p class='ocr_par' dir='ltr' id='par_1_20' title="bbox 1165 2068 1906 2561">
     <span class='ocr_line' id='line_1_88' title="bbox 1165 2068 1904 2113; baseline 0.001 -12"><span class='ocrx_word' id='word_1_441' title='bbox 1165 2068 1195 2101; x_wconf 88' lang='lat' dir='ltr'>id</span> <span class='ocrx_word' id='word_1_442' title='bbox 1220 2080 1237 2102; x_wconf 88' lang='lat' dir='ltr'>a</span> <span class='ocrx_word' id='word_1_443' title='bbox 1260 2069 1351 2102; x_wconf 86' lang='lat' dir='ltr'>nobis</span> <span class='ocrx_word' id='word_1_444' title='bbox 1376 2068 1558 2102; x_wconf 88' lang='lat' dir='ltr'>mandatum</span> <span class='ocrx_word' id='word_1_445' title='bbox 1579 2068 1776 2109; x_wconf 87' lang='lat' dir='ltr'>habentibus,</span> <span class='ocrx_word' id='word_1_446' title='bbox 1793 2079 1904 2113; x_wconf 85' lang='lat' dir='ltr'>eorpo-</span> 
     </span>
     <span class='ocr_line' id='line_1_89' title="bbox 1166 2123 1902 2167; baseline 0 -11"><span class='ocrx_word' id='word_1_447' title='bbox 1166 2124 1273 2166; x_wconf 81' lang='lat' dir='ltr'>ralem,</span> <span class='ocrx_word' id='word_1_448' title='bbox 1298 2123 1415 2156; x_wconf 87' lang='lat' dir='ltr'>realem</span> <span class='ocrx_word' id='word_1_449' title='bbox 1441 2128 1471 2156; x_wconf 89' lang='lat' dir='ltr'>et</span> <span class='ocrx_word' id='word_1_450' title='bbox 1494 2123 1647 2156; x_wconf 88' lang='lat' dir='ltr'>actualem</span> <span class='ocrx_word' id='word_1_451' title='bbox 1671 2123 1902 2167; x_wconf 86' lang='lat' dir='ltr'>possessionem</span> 
     </span>
     <span class='ocr_line' id='line_1_90' title="bbox 1167 2177 1902 2221; baseline 0 -11"><span class='ocrx_word' id='word_1_452' title='bbox 1167 2177 1342 2210; x_wconf 82' lang='lat' dir='ltr'>sodinaruin</span> <span class='ocrx_word' id='word_1_453' title='bbox 1357 2187 1411 2210; x_wconf 85' lang='lat' dir='ltr'>seu</span> <span class='ocrx_word' id='word_1_454' title='bbox 1425 2177 1585 2209; x_wconf 83' lang='lat' dir='ltr'>fovearum</span> <span class='ocrx_word' id='word_1_455' title='bbox 1601 2187 1771 2221; x_wconf 88' lang='lat' dir='ltr'>earumque</span> <span class='ocrx_word' id='word_1_456' title='bbox 1785 2177 1902 2210; x_wconf 85' lang='lat' dir='ltr'>iurium</span> 
     </span>
     <span class='ocr_line' id='line_1_91' title="bbox 1167 2230 1903 2275; baseline 0.001 -12"><span class='ocrx_word' id='word_1_457' title='bbox 1167 2237 1195 2264; x_wconf 75' lang='lat' dir='ltr'>et</span> <span class='ocrx_word' id='word_1_458' title='bbox 1220 2231 1481 2275; x_wconf 84' lang='lat' dir='ltr'>pertinentiarum</span> <span class='ocrx_word' id='word_1_459' title='bbox 1514 2230 1717 2272; x_wconf 85' lang='lat' dir='ltr'>huiusmodi,</span> <span class='ocrx_word' id='word_1_460' title='bbox 1750 2231 1903 2275; x_wconf 86' lang='lat' dir='ltr'>praedicti</span> 
     </span>
     <span class='ocr_line' id='line_1_92' title="bbox 1167 2285 1904 2329; baseline 0 -11"><span class='ocrx_word' id='word_1_461' title='bbox 1167 2285 1308 2329; x_wconf 86' lang='lat' dir='ltr'>episcopi</span> <span class='ocrx_word' id='word_1_462' title='bbox 1333 2285 1556 2318; x_wconf 83' lang='lat' dir='ltr'>Sarsinatensis</span> <span class='ocrx_word' id='word_1_463' title='bbox 1580 2295 1633 2318; x_wconf 85' lang='lat' dir='ltr'>sen</span> <span class='ocrx_word' id='word_1_464' title='bbox 1651 2285 1779 2318; x_wconf 87' lang='lat' dir='ltr'>alterius</span> <span class='ocrx_word' id='word_1_465' title='bbox 1800 2285 1904 2318; x_wconf 85' lang='lat' dir='ltr'>cuius-</span> 
     </span>
     <span class='ocr_line' id='line_1_93' title="bbox 1168 2338 1905 2382; baseline 0.001 -11"><span class='ocrx_word' id='word_1_466' title='bbox 1168 2340 1212 2371; x_wconf 90' lang='lat' dir='ltr'>vis</span> <span class='ocrx_word' id='word_1_467' title='bbox 1228 2339 1353 2372; x_wconf 73' lang='lat' dir='ltr'>lieentia</span> <span class='ocrx_word' id='word_1_468' title='bbox 1367 2338 1501 2382; x_wconf 85' lang='lat' dir='ltr'>desuper</span> <span class='ocrx_word' id='word_1_469' title='bbox 1516 2338 1644 2371; x_wconf 86' lang='lat' dir='ltr'>minime</span> <span class='ocrx_word' id='word_1_470' title='bbox 1660 2338 1820 2382; x_wconf 72' lang='lat' dir='ltr'>requisita,</span> <span class='ocrx_word' id='word_1_471' title='bbox 1834 2349 1905 2382; x_wconf 92' lang='lat' dir='ltr'>pro-</span> 
     </span>
     <span class='ocr_line' id='line_1_94' title="bbox 1168 2392 1904 2436; baseline 0.001 -12"><span class='ocrx_word' id='word_1_472' title='bbox 1168 2393 1236 2436; x_wconf 78' lang='lat' dir='ltr'>pria</span> <span class='ocrx_word' id='word_1_473' title='bbox 1254 2393 1437 2427; x_wconf 50' lang='lat' dir='ltr'>ancharitate</span> <span class='ocrx_word' id='word_1_474' title='bbox 1454 2392 1694 2436; x_wconf 54' lang='lat' dir='ltr'>apprehendere</span> <span class='ocrx_word' id='word_1_475' title='bbox 1712 2397 1741 2425; x_wconf 90' lang='lat' dir='ltr'>et</span> <span class='ocrx_word' id='word_1_476' title='bbox 1758 2392 1904 2433; x_wconf 86' lang='lat' dir='ltr'>retinere,</span> 
     </span>
     <span class='ocr_line' id='line_1_95' title="bbox 1168 2446 1906 2491; baseline 0 -11"><span class='ocrx_word' id='word_1_477' title='bbox 1168 2452 1197 2481; x_wconf 88' lang='lat' dir='ltr'>et</span> <span class='ocrx_word' id='word_1_478' title='bbox 1210 2447 1326 2491; x_wconf 84' lang='lat' dir='ltr'>absque</span> <span class='ocrx_word' id='word_1_479' title='bbox 1337 2458 1373 2480; x_wconf 85' lang='lat' dir='ltr'>eo</span> <span class='ocrx_word' id='word_1_480' title='bbox 1387 2448 1470 2491; x_wconf 85' lang='lat' dir='ltr'>quod</span> <span class='ocrx_word' id='word_1_481' title='bbox 1485 2452 1653 2491; x_wconf 84' lang='lat' dir='ltr'>propterca</span> <span class='ocrx_word' id='word_1_482' title='bbox 1667 2457 1774 2480; x_wconf 87' lang='lat' dir='ltr'>mensa</span> <span class='ocrx_word' id='word_1_483' title='bbox 1788 2446 1906 2490; x_wconf 76' lang='lat' dir='ltr'>episeo-</span> 
     </span>
     <span class='ocr_line' id='line_1_96' title="bbox 1206 2527 1813 2561; baseline -0.002 -7"><span class='ocrx_word' id='word_1_484' title='bbox 1206 2530 1214 2554; x_wconf 83' lang='lat'><strong>1</strong></span> <span class='ocrx_word' id='word_1_485' title='bbox 1234 2528 1310 2554; x_wconf 78' lang='lat' dir='ltr'>lianc</span> <span class='ocrx_word' id='word_1_486' title='bbox 1326 2536 1416 2554; x_wconf 72' lang='lat' dir='ltr'>vocem</span> <span class='ocrx_word' id='word_1_487' title='bbox 1432 2536 1497 2555; x_wconf 74' lang='lat' dir='ltr'>vero</span> <span class='ocrx_word' id='word_1_488' title='bbox 1513 2535 1562 2554; x_wconf 83' lang='lat' dir='ltr'>nos</span> <span class='ocrx_word' id='word_1_489' title='bbox 1577 2527 1701 2554; x_wconf 85' lang='lat' dir='ltr'>addimus</span> <span class='ocrx_word' id='word_1_490' title='bbox 1714 2527 1751 2561; x_wconf 77' lang='lat' dir='ltr'>(n.</span> <span class='ocrx_word' id='word_1_491' title='bbox 1765 2527 1813 2561; x_wconf 84' lang='grc' dir='ltr'>τ.).</span> 
     </span>
    </p>
   </div>
   <div class='ocr_carea' id='block_1_16' title="bbox 1203 2570 1861 2650">
    <p class='ocr_par' dir='ltr' id='par_1_21' title="bbox 1203 2570 1861 2650">
     <span class='ocr_line' id='line_1_97' title="bbox 1203 2570 1861 2606; baseline 0 -9"><span class='ocrx_word' id='word_1_492' title='bbox 1203 2572 1218 2597; x_wconf 73' lang='lat'>⁶2</span> <span class='ocrx_word' id='word_1_493' title='bbox 1232 2572 1301 2598; x_wconf 82' lang='lat' dir='ltr'>Male</span> <span class='ocrx_word' id='word_1_494' title='bbox 1316 2571 1380 2599; x_wconf 85' lang='lat' dir='ltr'>edit.</span> <span class='ocrx_word' id='word_1_495' title='bbox 1397 2571 1476 2598; x_wconf 83' lang='lat' dir='ltr'>Main.</span> <span class='ocrx_word' id='word_1_496' title='bbox 1494 2571 1558 2606; x_wconf 79' lang='lat' dir='ltr'>legit</span> <span class='ocrx_word' id='word_1_497' title='bbox 1572 2574 1746 2606; x_wconf 77' lang='lat' dir='ltr'>spectantem</span> <span class='ocrx_word' id='word_1_498' title='bbox 1760 2577 1796 2603; x_wconf 65' lang='lat' dir='ltr'>tn.</span> <span class='ocrx_word' id='word_1_499' title='bbox 1813 2570 1861 2605; x_wconf 65' lang='grc' dir='ltr'>τ.).</span> 
     </span>
     <span class='ocr_line' id='line_1_98' title="bbox 1203 2614 1849 2650; baseline -0.005 -6"><span class='ocrx_word' id='word_1_500' title='bbox 1203 2617 1218 2644; x_wconf 85' lang='grc'><strong>3</strong></span> <span class='ocrx_word' id='word_1_501' title='bbox 1235 2615 1306 2643; x_wconf 86' lang='lat' dir='ltr'>llanc</span> <span class='ocrx_word' id='word_1_502' title='bbox 1321 2624 1412 2644; x_wconf 77' lang='lat' dir='ltr'>vocem</span> <span class='ocrx_word' id='word_1_503' title='bbox 1429 2619 1524 2644; x_wconf 78' lang='lat' dir='ltr'>tenore</span> <span class='ocrx_word' id='word_1_504' title='bbox 1539 2623 1589 2643; x_wconf 86' lang='lat' dir='ltr'>nos</span> <span class='ocrx_word' id='word_1_505' title='bbox 1605 2615 1730 2644; x_wconf 84' lang='lat' dir='ltr'>addimus</span> <span class='ocrx_word' id='word_1_506' title='bbox 1744 2614 1785 2650; x_wconf 79' lang='lat' dir='ltr'>(n.</span> <span class='ocrx_word' id='word_1_507' title='bbox 1801 2616 1849 2649; x_wconf 89' lang='grc' dir='ltr'>τ.).</span> 
     </span>
    </p>
   </div>
   <div class='ocr_carea' id='block_1_17' title="bbox 1900 201 2223 232">
    <p class='ocr_par' dir='ltr' id='par_1_22' title="bbox 1900 201 2223 232">
     <span class='ocr_line' id='line_1_99' title="bbox 1900 201 2223 232; baseline -0.006 -4"><span class='ocrx_word' id='word_1_508' title='bbox 1900 202 1952 229; x_wconf 70' lang='lat' dir='ltr'>An.</span> <span class='ocrx_word' id='word_1_509' title='bbox 1973 202 2001 230; x_wconf 90' lang='lat' dir='ltr'>C.</span> <span class='ocrx_word' id='word_1_510' title='bbox 2022 202 2088 231; x_wconf 76' lang='lat'><strong>1632</strong></span> <span class='ocrx_word' id='word_1_511' title='bbox 2212 201 2223 232; x_wconf 61' lang='lat'>3³.</span> 
     </span>
    </p>
   </div>
   <div class='ocr_carea' id='block_1_18' title="bbox 1913 1385 2098 1460">
    <p class='ocr_par' dir='ltr' id='par_1_23' title="bbox 1913 1385 2098 1460">
     <span class='ocr_line' id='line_1_100' title="bbox 1955 1385 2098 1406; baseline 0 -1"><span class='ocrx_word' id='word_1_512' title='bbox 1955 1385 2098 1406; x_wconf 79' lang='lat' dir='ltr'>Dismembra·</span> 
     </span>
     <span class='ocr_line' id='line_1_101' title="bbox 1913 1412 2098 1441; baseline 0.011 -9"><span class='ocrx_word' id='word_1_513' title='bbox 1913 1412 1954 1435; x_wconf 84' lang='lat' dir='ltr'>tio,</span> <span class='ocrx_word' id='word_1_514' title='bbox 1967 1412 1995 1441; x_wconf 73' lang='lat' dir='ltr'>de</span> <span class='ocrx_word' id='word_1_515' title='bbox 2015 1418 2057 1439; x_wconf 80' lang='lat' dir='ltr'>qua</span> <span class='ocrx_word' id='word_1_516' title='bbox 2077 1413 2098 1434; x_wconf 89' lang='lat' dir='ltr'>in</span> 
     </span>
     <span class='ocr_line' id='line_1_102' title="bbox 1914 1440 2005 1460; baseline 0 -1"><span class='ocrx_word' id='word_1_517' title='bbox 1914 1440 2005 1460; x_wconf 82' lang='lat' dir='ltr'>rubrica.</span> 
     </span>
    </p>
   </div>
   <div class='ocr_carea' id='block_1_19' title="bbox 2206 362 2248 1455">
    <p class='ocr_par' dir='ltr' id='par_1_24' title="bbox 2206 362 2248 1455">
     <span class='ocr_line' id='line_1_103' title="bbox 2206 362 2248 1455; baseline 0 0"><span class='ocrx_word' id='word_1_518' title='bbox 2206 362 2248 1455; x_wconf 95' lang='lat' dir='ltr'> </span> 
     </span>
    </p>
   </div>
  </div>
 </body>
</html>
