2248 3229
241 240 331 270 An.C.
353 241 422 269 1634
466 233 532 267 49⁵2

240 463 419 489 Sub-‘emptiones

483 292 507 324 A
533 289 669 324 Gramon
693 288 789 321 abbas
814 289 911 321 sancti
932 288 1066 328 Antonii;
1087 290 1120 322 A.
1139 289 1176 322 de

440 343 636 386 Grangieras,
651 342 777 375 nomine
805 352 875 375 meo
901 346 931 374 et
955 342 1176 386 procuratorio

439 397 544 429 fratris
566 390 861 439 Ioannis'Baptistae
885 395 1054 436 Chabond,
1081 396 1176 429 frater

437 450 547 483 Petrus
571 450 697 491 Dubois,
722 450 850 483 nomine
875 461 945 483 meo
963 454 991 484 et
1008 450 1114 482 fratris
1131 450 1176 483 Io-

437 503 525 536 annis
541 503 645 536 Iacobi
663 503 800 537 Gaubert
816 510 975 547 tamquam
993 504 1091 548 ipsius
1107 514 1177 548 pro-

437 559 572 596 curator,
598 557 634 589 fr.
659 557 790 590 Ioannes
807 557 936 599 Govion,
959 558 1087 591 nomine
1105 568 1175 591 meo

437 615 467 642 et
491 610 618 643 nomine
642 610 774 644 fratrum
801 610 948 654 Stephani
963 611 1000 644 de
1018 611 1173 654 Beanheu,

436 663 593 697 Francisci
608 665 809 704 Roasseaum,
822 665 948 698 Antonii
963 665 1073 705 Pestel,
1084 665 1177 698 Fran-

436 717 509 750 cisci
525 718 683 758 Pontaine,
695 718 819 752 Ordinis
836 719 935 752 nostri
949 720 1175 763 professorum,

436 779 571 813 quorum
597 771 776 804 mandatum
802 772 937 816 speciale
958 783 1016 816 pro
1037 772 1175 815 generali

436 823 571 868 capitulo
597 824 784 858 celebrando
809 825 921 865 habui,
937 825 974 858 sr.
993 826 1024 859 L.
1042 825 1083 858 du
1102 826 1174 866 Mas,

436 876 473 909 fr.
496 877 672 911 Ludovicus
695 878 810 918 Masse,
837 879 874 912 sr.
900 879 932 912 Β.
950 879 1097 920 Ambert3
1117 881 1177 913 fra-

437 935 483 962 ter
497 930 611 963 Paulus
631 931 721 963 Villat
736 931 864 964 nomine
882 942 953 965 meo
978 938 1008 965 et
1032 943 1176 966 reveren-

436 981 556 1015 dissimi
583 984 681 1027 patris
710 985 858 1018 Amabilis
879 985 1061 1029 Santignat,
1088 986 1176 1020 cuius

436 1037 691 1080 procuratorium
723 1038 906 1072 mandatum
941 1050 1000 1083 pro
1035 1040 1175 1083 generali

437 1089 572 1133 capitulo
593 1091 780 1124 celebrando
796 1092 906 1132 habui,
932 1093 1030 1126 frater
1051 1093 1072 1126 I.
1092 1093 1172 1127 Cha-

436 1143 525 1186 stain,
534 1145 661 1178 nomine
676 1156 746 1179 meo
759 1151 789 1178 et
803 1146 1029 1180 venerabilium
1042 1147 1176 1181 fratrum

436 1196 546 1230 Hilarii
571 1197 709 1239 Guiard,
740 1199 821 1231 Petri
852 1199 1023 1242 Marbaud,
1052 1200 1176 1234 Ioannis

436 1249 541 1283 Palem
567 1256 596 1284 et
620 1252 725 1284 Iacobi
750 1252 849 1285 Bellin
867 1253 1139 1297 presbyterorum,
1160 1265 1176 1287 a

436 1303 550 1346 quibus
573 1305 791 1348 procuratoria
815 1306 959 1339 mandata
985 1307 1093 1351 accepi
1118 1318 1176 1351 pro

436 1357 647 1392 celebratione
660 1360 787 1402 capituli
803 1360 974 1402 generalisg
996 1361 1032 1393 fr.
1051 1361 1177 1394 Alexius

437 1410 580 1452 Ravacol,
597 1412 634 1444 fr.
660 1412 836 1446 Ludoricus
857 1413 1017 1456 Cherenci,
1041 1414 1078 1447 fr.
1102 1415 1177 1448 Mar-

437 1474 491 1497 cus
522 1465 669 1506 Corvesi,
700 1466 737 1498 fr.
770 1466 882 1499 Paulus
915 1467 1040 1509 Tissot,
1073 1468 1110 1500 sr.
1141 1469 1174 1502 A.

436 1517 574 1560 Coccon,
607 1519 644 1551 fr.
678 1520 710 1551 A.
743 1520 991 1563 Guilhaumeau7
1033 1522 1069 1554 fr.
1096 1522 1116 1554 I.
1143 1522 1174 1554 B.

436 1570 584 1612 Carolois,
610 1571 646 1604 fr.
672 1574 705 1604 Α.
727 1572 798 1605 Sant
824 1574 920 1617 Ange.
948 1574 987 1606 fr.
1012 1575 1175 1608 Anselmus

438 1623 554 1664 Buffet,
590 1625 626 1657 fr.
653 1625 684 1657 B.
710 1626 752 1658 du
775 1627 885 1668 Mund,
919 1628 955 1659 sr.
989 1628 1175 1661 Athanasius

437 1677 475 1710 de
498 1678 652 1721 Codevill,
677 1680 713 1712 fr.
739 1680 902 1724 Dionysius
927 1681 1041 1725 Gayot‚
1068 1687 1097 1714 et
1117 1693 1176 1725 ego

437 1731 473 1764 fr.
498 1731 643 1765 Claudius
667 1733 794 1774 Allard,
825 1735 965 1767 eiusdem
997 1734 1122 1768 Ordinis
1147 1741 1175 1768 et

438 1786 690 1829 congregationis
711 1787 879 1830 presbyter
903 1788 1070 1830 religiosus
1095 1800 1172 1832 pro-

439 1839 546 1880 fessus,
565 1845 593 1872 et
613 1841 768 1882 generalis
794 1841 931 1884 capituli,
948 1852 965 1873 a
981 1853 1043 1885 quo
1061 1853 1175 1887 appro-

437 1891 527 1927 batae
552 1898 582 1926 et
605 1899 749 1937 receptae
765 1894 890 1928 fuerunt
907 1901 1086 1938 praesentes
1107 1907 1177 1930 con-

439 1946 624 1987 stitutiones,
650 1948 855 1989 secretarius,
880 1953 943 1980 tam
969 1959 1057 1990 meo,
1082 1960 1176 1993 quam

438 2000 663 2033 venerabilium
695 2001 828 2034 fratrum
861 2002 1009 2046 Stephani
1043 2003 1123 2047 Goyt
1147 2009 1177 2036 et

438 2052 565 2085 Fabiani
593 2054 630 2086 de
647 2054 769 2087 Lastich
790 2065 911 2087 necnon
928 2055 1034 2088 fratris
1050 2056 1175 2089 Antonii

438 2106 600 2140 Chalumni
619 2108 812 2149 nominibus,
830 2119 941 2142 eorum
956 2110 1175 2153 procuratorio

439 2160 578 2193 munitus
595 2160 741 2194 mandato
766 2162 803 2194 de
827 2162 876 2194 die
900 2172 956 2195 x111
980 2162 1128 2196 kalendas
1146 2174 1177 2196 o-

439 2212 555 2247 ctobris
580 2214 652 2246 anni
683 2215 848 2255 currentis,
874 2215 932 2248 sub
962 2216 1065 2258 sigillo
1089 2227 1177 2260 prae·

439 2267 595 2310 ceptoriae
609 2267 638 2300 S.
651 2268 776 2301 Antonii
790 2268 984 2310 parisiensis,
1002 2280 1175 2313 eorumque

439 2319 669 2364 chirographis,
683 2320 731 2353 his
754 2322 971 2365 praesentibus
985 2323 1177 2356 constitutio-

439 2373 531 2406 nibus
556 2374 731 2417 subscribo,
756 2375 826 2408 licet
853 2377 950 2409 altera
967 2377 1030 2410 sive
1048 2377 1176 2410 alterius

440 2436 534 2460 manu
566 2427 741 2471 descriptis.
774 2430 883 2462 Actum
916 2430 988 2468 die,
1017 2440 1123 2463 mense
1148 2435 1177 2463 et

439 2489 519 2514 anno
544 2481 743 2524 praenotatis.

648 2564 697 2597 Fr.
723 2563 753 2598 C.
771 2565 908 2607 ALLART,
935 2565 1130 2598 secretarius.

509 2644 682 2689 Hucusque
708 2651 796 2679 tenor
821 2647 1105 2681 Constitutionum.

1013 221 1193 266 BnLLAninM
1216 241 1371 266 Romnum

1962 241 2055 270 Arne.
2079 242 2146 272 163⁴

1254 289 1268 332 g
1292 288 1321 322 3.
1348 288 1425 322 Cum
1457 293 1583 330 autem,
1608 289 1687 324 sieut
1717 290 1818 324 dictus
1849 289 1945 324 abbas
2007 304 2064 326 mem
2079 305 2147 335 abias

1209 342 1299 375 nobis
1323 352 1425 386 nuper
1449 342 1564 386 exponi
1587 342 1669 383 fecit,
1693 343 1760 387 ipse
1775 354 1835 388 pro
1852 343 1946 377 dicta·
1960 331 2031 388 {iffi}
2041 334 2148 389 ἶῖἶῗίζὶἳῖ

1209 406 1281 428 rum
1298 395 1556 429 constitutionum
1574 395 1793 430 observatione
1806 407 1857 430 eas
1876 407 1947 442 apo·
1961 390 1987 432 1⁶13
2000 384 2148 441 ffiffi‘fl’g‘g&

1209 449 1335 482 stolicae
1347 453 1472 483 nostrae
1486 449 1734 483 confirmationis
1742 450 1857 484 robore
1866 461 1947 486 com-
1962 444 2014 460 ‘²¹¹'

1210 503 1325 536 muniri
1350 514 1553 548 summopere
1567 503 1740 537 desideret:
1764 504 1855 538 nobis
1873 515 1947 549 pro-

1208 561 1316 600 pterea
1334 557 1495 591 humiliter
1512 557 1683 601 supplicari
1699 557 1779 600 fecit,
1797 562 1832 591 ut
1855 556 1947 591 desu-

1208 620 1265 654 per
1290 615 1468 654 opportune
1498 610 1664 654 providere
1688 610 1726 644 de
1754 610 1948 654 benignitate

1208 665 1381 708 apostolica
1406 664 1617 708 dignaremur.

1254 718 1268 762 §
1292 717 1322 751 lt.
1347 719 1410 752 Nos
1433 718 1539 761 igitur,
1564 718 1682 752 dictum
1706 718 1850 753 abbatem
1875 729 1946 764 spe·
1989 731 2065 753 Annuit
2081 730 2148 753 orin-

1209 771 1340 805 cialibus
1363 771 1523 806 favoribus
1547 775 1577 806 et
1600 772 1708 816 gratiis
1731 773 1881 817 prosequi
1897 783 1947 806 vo-
1962 763 2006 778 ‘¹¹¹⁸‘

1209 826 1316 867 lentes,
1335 831 1394 859 eta
1418 826 1581 871 quibusvis
1602 820 1945 868 excommunicationis,

1209 879 1424 923 suspensionis
1448 884 1478 912 et
1501 879 1670 921 interdicti,
1695 879 1827 924 aliisque
1851 879 1947 913 eccle-

1209 932 1341 966 siasticis
1366 933 1544 975 sententiis,
1569 932 1710 967 censuris
1733 938 1764 966 et
1786 932 1905 978 poenis,
1931 943 1948 965 a

1209 986 1276 1020 iure
1294 987 1342 1020 vel
1368 987 1406 1020 ab
1429 987 1567 1030 homine,
1585 987 1695 1032 quavis
1711 987 1876 1021 occasione
1899 986 1947 1020 vel

1210 1042 1304 1073 causa
1320 1040 1399 1082 latis,
1421 1040 1446 1073 si
1469 1040 1584 1084 quibus
1600 1039 1836 1084 quomodolibet
1859 1039 1948 1075 inno-

1209 1093 1299 1127 datus
1331 1093 1454 1134 existit,
1486 1093 1525 1127 ad
1555 1093 1701 1128 effectum
1735 1092 1948 1138 praesentium

1209 1146 1368 1181 dumtaxat
1392 1147 1657 1192 consequendum,
1672 1147 1785 1181 harum
1801 1147 1883 1181 serie
1899 1146 1949 1180 ab·

1210 1200 1365 1234 solventes
1395 1205 1425 1233 et
1455 1201 1633 1234 absolutum
1664 1201 1731 1235 fore
1764 1203 1946 1239 censentes,

1210 1254 1390 1287 huiusmodi
1415 1254 1695 1298 supplicationibus
1724 1254 1884 1297 inclinati,
1910 1253 1948 1287 de

1210 1307 1437 1341 venerabilium
1461 1309 1594 1341 fratrum
1617 1313 1801 1346 nostrorum
1825 1313 1948 1342 sanctae

1210 1361 1368 1394 Romanae
1392 1361 1550 1395 Ecclesiae
1579 1361 1785 1395 cardinalium
1815 1361 1949 1404 negotiis

1210 1414 1403 1457 regularium
1428 1416 1684 1459 praepositorum
1709 1414 1850 1456 consilio,
1875 1425 1948 1448 con-

1211 1467 1386 1501 stitutiones
1411 1468 1630 1512 praeinsertas,
1655 1468 1828 1512 apostolica
1845 1472 1949 1502 aucto-

1211 1521 1318 1563 ritate,
1343 1527 1452 1555 tenore
1477 1522 1713 1566 praesentium,
1737 1521 1949 1566 approbamus

1211 1580 1241 1607 et
1265 1575 1498 1618 confirmamus,
1523 1576 1648 1619 illisque
1672 1575 1862 1608 inviolabilis
1879 1585 1951 1620 apo-

1211 1628 1337 1661 stolicae
1369 1628 1528 1662 firmitatis
1565 1628 1663 1661 robur
1699 1628 1880 1661 adiicimus:
1914 1637 1949 1660 ac

1211 1692 1319 1715 omnes
1344 1688 1373 1715 et
1393 1682 1534 1726 singulos
1563 1687 1626 1715 tam
1658 1682 1735 1715 iuris
1759 1692 1853 1726 quam
1877 1682 1948 1715 sacti

1210 1735 1367 1778 desectus,
1397 1736 1422 1768 si
1453 1736 1507 1779 qui
1539 1735 1675 1780 desuper
1713 1735 1949 1779 quomodolibet

1210 1788 1434 1822 intervenerint
1459 1789 1490 1821 in
1515 1789 1643 1831 eisdem,
1669 1789 1861 1833 supplemus.
1892 1789 1950 1822 De-

1211 1845 1373 1876 cernentes
1398 1842 1466 1875 illas
1483 1852 1606 1875 necnon
1633 1847 1813 1886 praesentes
1829 1841 1950 1876 litteras

1210 1895 1349 1935 validas,
1381 1895 1489 1928 sirmas
1521 1900 1551 1928 et
1585 1895 1726 1929 efficaces
1757 1895 1891 1930 existere
1922 1899 1951 1929 et

1210 1947 1287 1988 fore,
1313 1958 1449 1992 suosque
1472 1949 1633 1993 plenarios
1658 1954 1689 1982 et
1711 1949 1852 1992 integros
1875 1948 1950 1982 effe-

1211 2006 1278 2034 ctus
1302 2002 1408 2035 sortiri
1433 2005 1464 2035 et
1488 2002 1645 2045 obtinere,
1666 2012 1701 2035 ac
1725 2002 1764 2035 ab
1788 2001 1950 2043 omnibus,

1210 2054 1248 2087 ad
1268 2065 1347 2098 quos
1370 2060 1490 2099 spectat
1515 2061 1544 2088 et
1568 2056 1601 2088 in
1619 2056 1760 2089 futurum
1781 2055 1951 2100 quomodo-

1211 2108 1285 2142 libet
1313 2109 1484 2153 spectabit,
1509 2119 1633 2153 semper
1657 2115 1687 2142 et
1710 2114 1864 2154 perpetuo
1888 2109 1948 2142 ob-

1211 2163 1337 2195 servari.

1255 2216 1270 2259 g
1295 2215 1323 2249 5.
1341 2216 1378 2249 Et
1397 2217 1438 2249 ita
1454 2227 1512 2260 per
1529 2227 1746 2261 quoscumque
1765 2216 1884 2262 iudices
1901 2227 1951 2251 or·
1996 2229 2104 2260 Clausulas
2114 2236 2150 2252 ι..-

1211 2268 1349 2302 dinarios
1383 2275 1412 2302 et
1444 2269 1625 2314 delegatos,
1659 2271 1753 2304 etiam
1785 2281 1949 2304 causarum
1965 2262 2150 2305 iiii⁵³¹¹³⁵⁸⁹⁹m

1210 2322 1315 2366 palatii
1336 2323 1498 2366 apostolici
1516 2324 1686 2365 auditores,
1703 2324 1835 2358 iudicari
1856 2329 1886 2357 et
1901 2323 1951 2357 de-

1210 2375 1294 2408 finiri
1319 2376 1444 2418 debere,
1461 2387 1496 2410 ac
1513 2377 1638 2411 irritum
1656 2383 1686 2411 et
1702 2378 1802 2420 inane,
1821 2377 1847 2410 si
1859 2387 1950 2411 secus

1211 2439 1306 2473 super
1329 2430 1377 2463 his
1395 2441 1412 2463 a
1432 2441 1602 2477 quoquam,
1625 2431 1734 2476 quavis
1753 2430 1948 2471 auctoritate,

1212 2483 1346 2517 scienter
1369 2485 1416 2518 vel
1442 2485 1633 2529 ignoranter,
1653 2485 1820 2529 contigerit
1843 2489 1945 2518 atten-

1213 2537 1280 2569 tari.
1460 2538 1467 2542 ”

1256 2591 1270 2633 ἓ
1295 2591 1323 2624 6.
1349 2592 1416 2625 Non
1447 2593 1642 2626 obstantibus
1674 2593 1950 2627 constitutionibus
1966 2602 2075 2625 obstantia
2086 2602 2146 2625 toltit.

1212 2650 1239 2677 et
1265 2644 1514 2680 ordinationibus
1538 2646 1726 2690 apostolicis
1752 2656 1874 2683 necnon
1894 2646 1948 2681 Or-
