2248 3229
924 228 1019 254 ramex
1045 228 1148 253 iii-:nex
1693 216 1758 251 7⁸13

352 281 414 315 464
439 281 464 315 b.
491 281 524 316 ln
545 291 674 317 romana
690 284 853 327 provincia
871 285 997 317 nonnisi
1013 284 1125 326 viginti
1141 280 1283 324 magistri
1314 277 1593 323 ‹lesignandi,723
1618 288 1648 312 α.
1673 277 1800 312 Priores

352 345 429 369 vero
455 335 621 370 biennales
647 337 862 371 tantummodo
886 346 957 375 esse,
980 335 1108 376 debent,
1134 335 1197 369 724
1223 345 1251 368 α.

263 387 428 432 Pragellae
455 389 545 422 valtis
573 389 779 423 Taurinensis
812 389 969 423 dioecesis
995 389 1194 423 diversarum
1220 388 1389 421 haeresum
1414 386 1485 420 labe
1510 386 1646 428 infecta,
1671 385 1734 420 {33
1759 395 1799 424 α,·

353 450 370 475 a
395 452 470 483 rege
496 443 686 477 Francorum
712 445 885 487 expurgari
910 447 940 477 et
965 443 1004 477 ad
1032 442 1125 476 tidem
1150 442 1336 476 catholicam
1361 441 1482 474 restitui
1507 443 1649 481 curatur,
1676 438 1758 473 ibid.

264 493 359 529 Primi
390 495 526 530 lnstituti
559 497 669 531 fratres
706 497 894 531 Car-melitae
926 506 983 530 seu
1015 497 1179 530 seminarii
1209 495 1249 529 de
1279 494 1489 538 Propaganda
1526 493 1602 527 Fide
1632 492 1730 537 vulgo
1761 492 1802 526 de

353 547 458 582 Monte
483 549 597 584 Sancto
623 555 824 594 nuncupato,
850 550 1013 594 quomodo
1046 559 1064 582 a
1093 548 1243 582 fratribus
1275 547 1481 582 Discaleeatis
1505 547 1535 580 S.
1560 546 1730 581 Theresiae
1754 545 1803 579 di-

354 602 565 645 stinguantur,
592 603 654 636 472
679 615 707 642 a,
734 603 805 637 eide
829 603 1071 637 Carmelitarum
1096 601 1195 637 Ordo.

266 654 510 699 PririIegiorum
536 658 842 691 communicationes
866 656 1084 700 amplissimae
1109 659 1307 696 revocantur,
1334 655 1371 688 11
1399 666 1427 688 α.

267 707 492 743 processiones
509 710 644 744 faciendi
663 711 829 744 methodus
845 709 1074 754 praescribitur
1091 708 1292 751 regularibus
1310 712 1339 742 et
1357 706 1679 748 confraternitatibus,
1698 706 1758 740 454
1777 705 1803 739 b.

266 760 443 797 Prohibitio
469 763 596 807 tegendi
623 763 731 806 libros,
758 763 819 798 217
845 775 881 802 a:
907 763 1053 797 licentiae
1078 762 1217 806 desuper
1240 761 1332 796 datae
1357 764 1563 804 revocantur,
1590 759 1652 794 217
1677 770 1697 793 α
1721 763 1753 794 et
1776 759 1802 793 b.

265 813 478 859 Propaganda
503 815 576 859 (De)
602 816 678 851 Fide
703 817 884 860 collegium,
904 815 976 850 vide
992 815 1178 858 Collegium.

1019 975 1045 1010 R

268 1082 509 1127 Redemptionis
533 1083 730 1126 captivorum
755 1080 844 1117 Ordo
867 1080 901 1116 B.
922 1081 1053 1123 Mariae,
1079 1081 1151 1115 vide
1174 1080 1264 1117 Ordo
1288 1081 1322 1116 B.
1346 1081 1475 1115 Mariae.

267 1135 505 1180 Redemptionis
529 1138 725 1179 captivorum
750 1134 837 1170 Ordo
862 1136 915 1169 SS.
941 1135 1118 1177 Trinitatis,
1144 1134 1216 1169 eide
1239 1134 1326 1171 Ordo
1351 1135 1403 1169 SS.
1428 1135 1597 1169 Trinitatis.

264 1188 455 1234 Registratio
480 1191 510 1223 in
537 1189 662 1223 camera
688 1189 859 1234 apostoliea
884 1191 1058 1232 gratiarum
1083 1190 1234 1223 interesse
1260 1190 1360 1233 ipsius
1385 1188 1512 1223 camera
1537 1189 1804 1229 concernentiani,

355 1243 417 1276 155
443 1242 476 1282 ὁ,-
502 1244 654 1277 limitatur
679 1247 707 1276 et
733 1242 921 1284 declaratur,
948 1243 1010 1276 136
1036 1254 1065 1276 a.

266 1295 441 1342 Regulares
465 1297 577 1331 audire
603 1302 787 1342 nequeuunt
813 1298 1031 1331 confessiones
1056 1295 1301 1330 sacramentales
1321 1294 1512 1330 secularium
1533 1297 1601 1329 sine
1623 1294 1804 1330 Ordinario-

354 1361 422 1384 rum
441 1351 576 1392 licentia,
596 1352 632 1384 11
658 1362 675 1384 a
693 1356 723 1385 et
749 1351 786 1385 b:
812 1350 984 1384 abutuntur
1000 1349 1147 1382 facultate
1173 1349 1277 1383 bullae
1302 1351 1460 1383 cruciatae
1484 1348 1625 1392 eligendi
1650 1348 1805 1382 confessa-

354 1406 458 1444 rium,
486 1405 547 1438 1415
573 1405 611 1441 b:
637 1405 816 1438 declaratur
849 1404 929 1437 liane
959 1403 1137 1436 facultatem
1168 1403 1207 1436 ad
1241 1405 1326 1446 ipsos
1351 1403 1480 1435 minime
1506 1401 1639 1442 extr-adi,
1666 1400 1754 1441 ibid,
1779 1402 1804 1433 si

356 1460 540 1491 novitiatuni
568 1462 655 1491 extra
682 1458 749 1491 loca
775 1467 792 1491 a
817 1456 1094 1490 constitutionibus
1112 1456 1293 1499 apostolicis
1318 1456 1484 1499 designata
1510 1456 1650 1496 fecerint,
1677 1454 1805 1498 profes—

355 1513 475 1545 sionem
495 1510 612 1544 dehent
640 1521 802 1552 renovare,
826 1512 888 1544 213
906 1511 932 1544 Ιι,
958 1509 1242 1544 constitutionibus
1259 1509 1439 1553 apostolicis
1458 1520 1513 1552 pro
1530 1507 1679 1542 tribunali
1697 1515 1805 1540 sacrae

354 1565 573 1609 inquisitionis
591 1565 684 1598 editis
701 1565 1022 1609 coinprclicnduntur,
1049 1566 1108 1597 nisi
1129 1563 1312 1607 specialiter
1339 1565 1397 1606 ipsi
1420 1564 1630 1606 excipiantur,
1652 1561 1712 1594 ‘249
1734 1560 1750 1593 b
1774 1565 1804 1594 et

355 1628 416 1661 seq.
436 1617 482 1650 De
508 1627 617 1651 earum
643 1618 843 1652 observantia
868 1628 963 1662 saepe
989 1622 1060 1651 sunt
1086 1619 1152 1651 suis
1177 1624 1194 1648 a
1219 1614 1438 1658 superioribus
1462 1613 1664 1653 admonendi,
1686 1612 1804 1654 3511»

355 1669 422 1703 Non
449 1674 578 1713 possunt
603 1671 761 1713 impediri.
788 1672 957 1715 quominus
983 1671 1203 1704 defunctorum
1229 1668 1387 1701 cadmei-a
1412 1668 1616 1707 associentur,
1637 1665 1710 1706 349,
1731 1675 1760 1698 a.

255 1722 479 1766 .Regularibus
504 1733 565 1756 non
593 1725 665 1757 lieet
691 1727 911 1767 processiones
937 1729 1024 1757 extra
1050 1724 1186 1756 claustra
1222 1723 1272 1754 ret
1299 1720 1452 1754 ambitum
1478 1721 1625 1764 propriae
1651 1718 1804 1752 ecclesiae

355 1776 459 1809 facere
484 1778 551 1809 sine
577 1776 701 1810 licentia
721 1777 859 1820 parochi,
887 1776 1058 1810 dummodo
1082 1786 1142 1808 non
1162 1775 1300 1809 habeant
1322 1774 1463 1819 speciale
1489 1773 1645 1807 indultum
1663 1782 1679 1806 a
1697 1777 1805 1807 saneta

356 1829 437 1863 Sede
450 1830 640 1873 Apostolica⁷
659 1831 720 1864 4:54
736 1830 761 1863 b.
780 1830 841 1871 Qui
861 1834 966 1863 votum
984 1831 1128 1863 emittunt
1147 1829 1186 1862 de
1204 1839 1265 1862 non
1284 1828 1497 1872 petenda,seu
1514 1826 1700 1870 accipienda
1717 1829 1805 1860 extra

355 1893 446 1917 suum
461 1883 616 1917 Ordinem
633 1893 833 1928 quacumque
851 1883 1014 1926 dignitate,
1034 1892 1090 1926 per
1106 1881 1352 1923 translationem,
1371 1880 1560 1915 authabitus
1577 1879 1803 1920 dimissionem,

356 1936 538 1970 huiusmodi
565 1937 691 1969 vinculo
717 1947 777 1970 non
801 1937 1026 1977 dissolvuntur,
1056 1937 1116 1969 4723
1142 1936 1167 1968 Ιι.

269 1989 450 2024 Residentia
477 1992 698 2034 episcoporum
725 1992 755 2023 in
782 1992 847 2023 suis
865 1990 1008 2023 eeclesiis
1029 1991 1137 2022 stricte
1157 1990 1351 2032 praecipitur
1368 1989 1461 2021 etiam
1480 1986 1706 2027 cardinalibus,
1721 1987 1805 2019 omni

357 2052 451 2077 causa
477 2048 632 2085 cessante,
652 2047 872 2088 praeterquam
888 2054 943 2087 pro
959 2044 1136 2076 visitatione
1163 2042 1306 2075 liminum
1331 2041 1586 2085 apostolicorum,
1609 2044 1640 2073 et
1664 2039 1804 2073 cardina-

354 2096 436 2130 libus
461 2098 492 2130 in
519 2098 715 2130 vacationem
741 2096 833 2130 Sedis
858 2095 1072 2139 Apostolicae.
1092 2095 1154 2128 ⁴337
1181 2095 1198 2126 b
1225 2099 1254 2129 et
1280 2095 1337 2128 tot
1360 2106 1399 2134 a,·
1423 2094 1494 2127 cide
1518 2093 1806 2137 Episcopi.Conti·a

355 2152 523 2194 episcopos
548 2160 608 2184 nou
634 2150 811 2184 residentes
836 2149 908 2183 data
935 2149 1066 2182 facultas
1091 2147 1285 2192 procedendi
1313 2149 1428 2181 nuncIo
1448 2146 1654 2190 Neapolitano
1675 2155 1731 2190 pro
1752 2145 1804 2178 illo

356 2214 466 2248 regno,
494 2204 555 2237 478
580 2215 619 2238 a:
645 2207 675 2237 et
700 2203 835 2237 auditori
861 2212 1007 2236 camerae
1033 2213 1089 2245 pro
1115 2201 1274 2243 omnibus,
1301 2201 1362 2234 527
1390 2202 1417 2233 b.

269 2257 368 2291 Rheni
393 2258 510 2291 flumen
536 2259 567 2290 in
593 2258 760 2291 territoriis
787 2256 978 2290 Bononiensi
1003 2260 1033 2289 et
1059 2255 1263 2295 Ferrariensi,
1288 2256 1328 2288 28
1349 2255 1384 2294 b;
1406 2253 1496 2297 plura
1520 2262 1617 2298 opera
1642 2253 1722 2287 faeta
1747 2262 1803 2296 pro

358 2311 440 2345 illius
466 2311 664 2345 derivatione
701 2315 731 2344 et
763 2312 1012 2355 expurgatione,
1041 2309 1115 2342 ibid.
1146 2312 1176 2342 ct
1206 2320 1267 2353 seq.
1294 2307 1481 2342 Huiusmodi
1509 2307 1647 2343 fluminis
1672 2306 1804 2339 remotio

357 2369 510 2409 perpetua
536 2367 604 2406 erit,
630 2365 668 2398 46
696 2376 724 2397 a.

267 2418 438 2453 Riceardus
479 2418 593 2452 Paulus
631 2419 783 2458 Simulus,
808 2417 1049 2451 archidiaconus
1075 2416 1303 2457 Atrebatensis,
1322 2415 1512 2449 monasteria
1544 2413 1804 2457 congregationis

357 2473 545 2505 sanctissimi
572 2471 752 2510 Salvator-is,
778 2481 834 2503 seu
865 2472 894 2502 S.
921 2470 1070 2514 Birgittae
1097 2471 1210 2510 visitat,
1238 2470 1298 2502 667
1326 2470 1361 2509 b;
1387 2469 1565 2513 praefectus
1596 2466 1725 2511 capituli
1749 2476 1803 2510 ge-

358 2526 475 2560 neralis
500 2527 670 2565 institutus,
697 2526 759 2558 668
785 2536 813 2558 (ι.

271 2579 426 2614 Robertus
452 2578 531 2612 tituli
559 2580 588 2611 S.
616 2578 766 2612 t’raxeitis
792 2578 963 2611 cardinatis
991 2577 1162 2610 ljhaldinns·
1192 2576 1417 2611 inonachoruni
1446 2576 1705 2611 Cisterciensium
1731 2583 1802 2618 pro-

358 2637 470 2671 tector,
498 2633 568 2669 279.
595 2643 622 2664 a.
