2248 3229
203 222 252 249 An.
270 221 299 250 c.
316 220 385 248 1638
432 211 494 245 682

977 214 1155 238 BULLARIUM

402 269 484 312 ipsas
501 266 645 300 omnibus
659 270 688 297 et
702 264 963 307 quibuscumque,
976 271 1084 293 earum
1096 261 1140 292 lit·
1156 268 1158 278 ’

402 327 539 354 terarum
559 325 586 351 et
604 317 868 360 cxpectativarum
885 315 938 347 ac'
958 313 1140 346 reservatio—

402 384 476 407 num
503 369 681 404 huiusmodi
706 369 825 411 vigore,
842 372 872 399 et
888 377 959 399 cum
976 365 1140 409 quibusvis

403 425 626 459 antelationum
662 420 890 465 praerogativis
919 419 1026 462 (ctiam
1056 418 1138 459 iltis,

403 489 479 522 quas
503 476 596 510 certis
620 474 734 508 nostris
760 472 966 505 familiaribus
984 471 1140 504 continuis

404 529 666 564 commensalibus
684 528 714 559 in
732 524 938 558 cancellarii(Z
957 524 1140 568 apostolica,

403 595 438 616 ae
463 583 530 615 aliis
547 581 661 613 nostris
679 580 800 618 litteris,
818 579 856 610 ad
873 577 1017 611 effectum
1032 582 1061 610 et
1074 577 1141 609 aliis

403 637 435 668 in
459 634 679 678 asscquutione
697 631 926 664 beneficiorum
944 629 1142 663 conserendis

403 689 588 721 nominatim
625 685 822 729 descriptis&
851 684 1078 726 concessimus)
1113 688 1142 715 ct

405 752 475 774 cum
497 740 650 774 similibus
665 739 873 781 derogatoriis
886 737 1034 771 clausulis
1049 738 1141 780 (quae

403 795 490 834 nulli,
516 794 683 837 quominus
707 792 920 835 praesentium
941 790 1087 823 succedat
1103 790 1142 822 es-

404 848 513 885 semus,
527 845 693 888 suffragari
708 844 873 887 debeant&
888 843 1124 887 expectantibus
1136 869 1143 882 ,

405 901 525 934 etiamsi
551 900 674 932 illarum
701 898 830 931 obtentu
855 898 886 929 in
910 897 1071 940 quibusvis
1099 907 1144 928 ec-

406 954 508 987 clesiis
533 953 565 985 in
585 952 752 985 canonicos
768 951 886 994 recepti
905 962 939 983 ac
956 950 994 983 de
1011 960 1144 982 numero

406 1009 547 1051 ipsorum
576 1005 777 1038 familiarium
811 1004 1033 1037 continuorum
1058 1013 1144 1036 com-

406 1060 591 1093 mensalium
625 1058 826 1101 antiquorum
857 1057 992 1097 suerint,
1024 1066 1145 1088 necnon

407 1113 523 1156 gratias
546 1113 576 1144 in
601 1111 760 1145 communi
782 1111 881 1142 forma
903 1119 1079 1152 pauperum
1096 1108 1147 1140 ha—

406 1167 563 1205 bentibus,
581 1176 616 1197 ac
641 1164 827 1197 officialilms
852 1168 881 1195 ct
906 1162 1092 1200 illustribus,
1113 1171 1148 1193 ac

408 1220 484 1252 alias
517 1228 732 1262 quascumque
758 1217 919 1248 facultates
943 1214 1148 1253 habentibus,

408 1273 499 1306 etiam
520 1271 637 1303 nostris
658 1270 862 1302 familiaribus
882 1268 1038 1301 continuis
1063 1277 1150 1300 com-

408 1325 599 1358 mensalibus
623 1323 758 1366 antiquis
783 1328 813 1354 et
838 1321 1003 1364 descriptis
1034 1325 1061 1352 et
1092 1320 1148 1351 im-

409 1385 574 1422 posterum
593 1375 806 1408 describendis
822 1375 926 1417 <dictis
939 1373 1151 1407 cardinalibus

410 1433 571 1465 dumtaxat
588 1429 738 1472 exceptis)
759 1428 905 1460 anteferri
921 1427 1080 1465 voluinus;
1098 1425 1150 1458 sed

410 1486 531 1518 nullum
557 1494 613 1527 per
638 1484 698 1515 boc
723 1481 961 1525 expectantibus
985 1479 1150 1523 praefatis,

412 1538 514 1582 quoad
539 1536 793 1577 assequutiouem
818 1533 1044 1566 beneficiorum
1075 1532 1151 1564 alio-

412 1601 493 1631 rum,
509 1588 736 1633 praeiudicium
755 1586 914 1629 generari:
933 1586 1002 1618 seu5
1020 1585 1045 1616 si
1062 1584 1152 1616 dictis

413 1643 627 1681 collatoribus,
639 1642 684 1674 vel
697 1640 918 1678 collatricibus,
928 1639 976 1671 vel
991 1637 1153 1680 quibusvis

414 1697 493 1735 aliis,
511 1694 721 1728 comi'nunitcr
746 1696 798 1726 aut
828 1691 962 1730 divisim,
980 1690 1018 1722 ab
1044 1689 1152 1722 eadem

415 1751 454 1783 sit
478 1749 555 1787 Sede
580 1748 745 1787 indultum,
767 1745 851 1789 quod
879 1744 916 1776 ad
942 1743 1153 1786 receptionem

416 1804 464 1835 vel
489 1801 701 1846 provisionem
727 1799 858 1831 alicuius
883 1798 1013 1830 minime
1032 1802 1156 1828 tenean-

416 1861 477 1895 tur,
502 1860 532 1886 et
556 1854 592 1886 ad
614 1853 643 1885 id
669 1852 891 1894 compelli,aut
904 1849 987 1893 quod
1002 1848 1155 1888 interdici,

417 1908 565 1951 suspendi
590 1907 636 1938 vel
662 1896 927 1938 excommunicari
945 1901 1155 1945 nonpossint,

418 1961 565 2005 quodque
590 1960 627 1992 de
648 1958 829 1992 huiusmodi
848 1958 893 1990 rel
911 1957 979 1989 aliis
996 1955 1156 1988 beneficiis

419 2013 646 2053 ecclesiasticis,
664 2012 701 2044 ad
723 2022 831 2044 eorum
859 2009 1068 2048 collationem,
1086 2018 1158 2051 pro-

418 2068 580 2107 visionem,
592 2064 886 2110 praesentationem,
898 2063 1093 2101 electionem,
1105 2071 1158 2094 seu

421 2121 562 2166 quamvis
587 2121 678 2152 aliam
700 2119 949 2162 dispositionem,
967 2115 1158 2162 coniunctim

420 2177 469 2209 vel
494 2175 680 2220 separatim,
702 2173 933 2218 spectantibus,
958 2171 1035 2203 nulli
1061 2169 1160 2202 valeat

459 2256 623 2284 1C0niunct.
637 2265 669 2282 ac
680 2264 728 2281 nos
740 2254 862 2281 addimus
872 2262 902 2280 ex
914 2253 966 2280 loc.
979 2253 1073 2289 parall.
1083 2252 1158 2287 (nst).

457 2303 474 2329 2
491 2303 517 2328 ln
535 2302 584 2328 loc.
603 2301 696 2336 parall.
714 2300 811 2334 legitur
827 2300 938 2335 eminent
957 2299 992 2333 (n.
1011 2298 1059 2331 T.).

457 2348 474 2374 3
488 2347 633 2380 Legerem:
655 2346 691 2371 ad
711 2345 838 2379 effictum
855 2346 885 2370 ut
901 2344 968 2370 attis
984 2344 1013 2369 ἰη
1029 2350 1162 2376 assequu-

424 2393 500 2420 tz'one
513 2391 714 2424 beneficiorum
731 2388 969 2423 conferendorum
987 2387 1161 2413 nominatim

425 2436 574 2469 stes-criptis
592 2435 811 2468 praeferantur,
834 2437 862 2459 ut
881 2432 971 2459 notavi
990 2432 1016 2458 in
1036 2431 1094 2458 loco
1114 2439 1162 2466 pa-

425 2481 527 2511 rallelo,
545 2483 607 2505 tom.
625 2485 674 2510 xii,
692 2486 750 2513 pig.
769 2478 818 2504 475
834 2486 851 2503 a
865 2478 903 2510 (tt.
920 2478 966 2511 Ti).

460 2525 474 2549 4
491 2524 567 2556 Male,
583 2526 611 2548 ut
627 2527 701 2557 puto,
719 2522 761 2548 ed.
780 2521 859 2548 lllain.
876 2522 939 2555 legit
954 2521 1054 2547 debeat
1069 2520 1105 2551 (R.
1118 2520 1162 2553 T).

462 2567 478 2594 5
493 2567 633 2594 Continuat
651 2566 768 2592 tlausula
787 2574 845 2591 non
861 2566 1046 2599 obstantibus,
1063 2565 1166 2592 scilicet

427 2620 475 2639 seu
496 2621 550 2639 aon
570 2612 696 2640 obstante
712 2611 737 2639 si
754 2611 789 2646 (R.
804 2612 851 2643 T.)-

1176 212 1331 236 ROMANUM

1173 259 1332 302 provideri
1357 268 1413 301 per
1436 259 1557 290 litteras
1580 258 1766 301 apostolicas
1790 268 1853 291 non
1870 259 1910 291 sa-

1174 312 1289 345 cientes
1314 312 1439 355 plenam
1460 317 1489 344 et
1509 321 1688 354 expressam
1706 322 1741 344 ac
1758 312 1795 345 de
1813 311 1909 344 verbo

1173 365 1211 397 ad
1235 365 1366 397 verbum
1391 365 1429 397 de
1449 364 1570 396 indulto
1586 364 1768 396 huiusmodi
1782 365 1911 396 mentio-

1173 428 1262 450 nem:
1281 417 1327 450 et¹
1346 417 1486 462 qualibet
1502 417 1562 449 alia
1586 416 1687 449 dictae
1708 416 1794 449 Sedis
1814 416 1911 448 indul-

1174 468 1287 511 gentia,
1305 470 1444 513 generali
1463 469 1511 502 vel
1532 469 1668 512 speciali,
1687 468 1912 511 cuiuscumque

1174 523 1293 556 tenoris
1323 523 1453 562 existat,
1483 533 1540 565 per
1572 532 1666 564 quam
1696 521 1913 565 praesentibus

1174 587 1237 609 non
1263 586 1444 619 expressam
1461 575 1509 608 vel
1530 575 1666 608 totaliter
1682 584 1745 607 non
1764 574 1913 606 insertam

1175 629 1304 662 effectus
1336 639 1445 661 earum
1477 627 1624 671 impediri
1655 627 1755 659 valcat
1785 636 1915 669 quomo-

1176 683 1294 715 dolibet
1318 682 1366 714 vel
1394 681 1534 721 differri,
1557 686 1587 713 et
1611 680 1649 713 de
1672 690 1734 723 qua
1765 672 1915 722 cuiusque

1176 739 1241 768 toto
1266 740 1375 767 tenore
1400 733 1545 766 habenda
1569 733 1607 766 sit
1626 733 1656 764 in
1673 732 1788 765 nostris
1805 732 1915 765 litteris

1178 787 1293 821 mentio
1311 785 1563 830 specialis:,aut²
1580 785 1604 817 si
1621 795 1775 828 personae
1796 785 1917 828 praesa-

1177 846 1225 873 tae
1242 845 1423 884 praesentes
1448 849 1511 871 non
1534 838 1652 871 suerint
1676 838 1713 870 ad
1732 838 1918 881 praestanda

1178 893 1215 926 de
1233 893 1436 926 observandis
1455 892 1577 926 statutis
1594 897 1623 924 et
1639 891 1918 924 consuetudinibus

1179 948 1392 988 ecclesiarum,
1414 946 1445 978 in
1464 946 1579 989 quibus
1599 945 1780 978 huiusmodi
1800 945 1918 978 benesi-

1179 1001 1226 1034 cia
1243 1001 1368 1040 suerint,
1382 1005 1415 1032 ut
1431 1000 1617 1043 praefertur,
1631 999 1721 1032 solita
1734 999 1920 1039 iuramenta,

1179 1054 1352 1087 dummodo
1378 1053 1408 1085 in
1432 1053 1572 1085 absentia
1597 1054 1653 1084 sua
1685 1062 1742 1095 per
1772 1062 1921 1096 procura-

1182 1111 1265 1140 tores
1289 1107 1430 1146 idoneos,
1449 1111 1487 1147 et,
1509 1116 1580 1138 cum
1607 1105 1645 1138 ad
1669 1105 1816 1138 ecclesias
1839 1105 1922 1148 ipsas

1181 1160 1391 1200 accesserint,
1421 1159 1628 1202 corporaliter
1658 1159 1710 1191 illa
1741 1164 1921 1202 praestent:

1182 1223 1303 1246 necnon
1329 1212 1542 1246 concordatis³
1556 1212 1691 1245 nationis
1708 1211 1922 1252 Germanicae,

1183 1266 1233 1298 ac⁴
1258 1265 1442 1298 eorumdem
1467 1265 1730 1297 concordatorum
1756 1264 1924 1297 confirma-

1185 1318 1278 1357 tione,
1293 1328 1328 1349 ac
1341 1317 1520 1361 praedictis,
1534 1327 1569 1349 ac
1585 1317 1838 1360 quibuscumque
1855 1316 1924 1349 aliis

1185 1371 1449 1415 quandocumque
1470 1371 1564 1403 veditis
1595 1376 1625 1402 et
1656 1369 1784 1402 edendis
1809 1370 1924 1402 consti-

1186 1424 1368 1464 tutionibus,
1383 1429 1413 1456 et
1426 1423 1544 1466 regulis
1556 1423 1681 1462 nostris,
1696 1428 1725 1454 et
1742 1422 1843 1455 dictae
1856 1433 1926 1456 can-

1186 1479 1348 1516 cellariac;
1373 1477 1411 1509 ad
1436 1487 1572 1520 quarum
1596 1476 1847 1521 solemnitatem,
1872 1475 1927 1508 ad-

1187 1531 1390 1571 strictionem,
1416 1530 1579 1571 soi·ina1n⁵,
1605 1530 1653 1562 vel
1673 1529 1926 1570 satisfactionem,

1188 1595 1243 1616 scu
1273 1583 1526 1624 observantiam,
1552 1582 1702 1615 habentes
1734 1592 1844 1625 preces
1873 1592 1927 1614 seu

1188 1637 1435 1670 nominationem
1460 1635 1640 1668 huiusmodi
1661 1635 1791 1667 minime
1807 1640 1929 1667 tenean—

1189 1695 1248 1731 tur,
1263 1700 1320 1722 nec
1337 1690 1423 1733 ipsae
1438 1699 1548 1732 preces
1566 1688 1623 1720 sub
1642 1688 1702 1731 illis
1719 1688 1928 1731 comprehen-

1190 1743 1304 1775 dantur
1327 1752 1454 1785 quoquo
1475 1741 1583 1774 modo:
1608 1750 1730 1773 necnon
1750 1740 1930 1783 quibusvis⁶

1190 1796 1373 1839 privilegiis,
1388 1795 1515 1827 indultis
1529 1800 1558 1827 et
1571 1795 1683 1827 litteris
1697 1794 1886 1838 apostolicis,
1901 1799 1931 1826 et

1189 1849 1351 1893 quibusvis
1372 1848 1491 1889 gratiis,
1511 1848 1722 1891 expectativis‚
1742 1847 1930 1890 specialibus

1192 1903 1237 1935 vel
1256 1902 1466 1945 generalibus,
1487 1901 1580 1934 etiam
1599 1900 1818 1941 nientalit›us⁷‚
1834 1910 1932 1933 reser-

1191 1955 1390 1994 vationibuss,
1404 1953 1679 1997 suppressionibus
1696 1958 1726 1986 et.
1739 1952 1933 1985 extinctioni-

1192 2010 1258 2051 bus,
1274 2008 1436 2053 perpetuis
1451 2013 1479 2040 et
1494 2007 1729 2051 temporalibus,
1749 2006 1933 2039 nominatio-

1192 2063 1296 2105 nibus,
1311 2073 1347 2096 ac
1364 2061 1555 2104 reservandi,
1576 2060 1716 2101 uniendi,
1737 2059 1932 2100 annectendi,

1233 2165 1242 2189 1
1269 2161 1363 2188 Adhuc
1387 2160 1561 2196 prosequitur
1584 2159 1704 2186 clausula
1728 2167 1784 2186 non
1808 2159 1934 2186 obstante

1195 2208 1231 2242 (a.
1244 2208 1292 2238 τ.).

1230 2253 1246 2279 ν2
1261 2253 1371 2286 Semper
1386 2250 1558 2284 subintellige
1574 2252 1624 2277 aut
1640 2257 1696 2276 non
1707 2250 1834 2277 obstante
1844 2249 1934 2284 (am).

1231 2297 1246 2323 3
1262 2296 1438 2330 Subintellige
1454 2303 1512 2321 non
1527 2295 1703 2321 obs-lantibus
1719 2295 1755 2332 (n.
1773 2294 1820 2327 T.).

1233 2342 1247 2368 4
1263 2341 1387 2376 Legimus
1402 2349 1435 2367 ac
1450 2347 1498 2374 pro
1514 2339 1553 2372 i»,
1571 2346 1604 2365 ex
1618 2339 1669 2366 loc.
1685 2339 1780 2374 parall.
1796 2343 1836 2372 (n.
1852 2339 1900 2372 T.).

1231 2386 1367 2414 511110c0
1389 2385 1516 2421 parallelo
1537 2384 1636 2417 legitur
1654 2385 1693 2410 ad
1718 2392 1843 2419 quarum
1865 2383 1936 2410 sole—

1198 2433 1357 2459 mnitatum
1373 2430 1589 2457 adstri'ctiorem
1604 2431 1731 2464 sormam
1743 2433 1782 2462 (R⁴
1797 2431 1845 2460 T.).

1233 2476 1248 2501 ὓ
1264 2475 1359 2501 Adbuc
1374 2475 1544 2507 subintellige
1561 2482 1617 2500 non
1634 2473 1809 2501 obstantibus
1820 2474 1858 2507 (n.
1870 2473 1918 2506 T.).

1234 2521 1248 2547 7
1266 2521 1413 2555 Perperam
1429 2518 1470 2545 ed.
1485 2518 1564 2544 Maia.
1580 2517 1645 2552 legit
1661 2517 1835 2544 mensalibus
1846 2516 1936 2550 σωκ),

1234 2565 1249 2591 8
1267 2564 1294 2590 1η
1310 2563 1368 2590 loco
1385 2562 1514 2598 parallelo
1529 2561 1637 2588 additur
1661 2561 1824 2594 unionibus,
1845 2567 1936 2587 anne-

1199 2608 1334 2636 xionibus
1347 2611 1373 2634 et
1389 2606 1670 2641 incorporationibus
1685 2605 1781 2640 (nm).

1922 209 1971 237 An.
1989 210 2016 237 C.
2038 209 2105 238 1638
