2248 3229
955 230 1098 256 URBANUS
1122 230 1179 256 vni
1202 231 1251 256 ιη’.
1434 254 1460 287 ᾖ
1772 222 1835 255 105
1881 232 1929 259 An.
1946 232 1974 258 c.
1995 231 2058 259 1631

345 276 467 321 integre
493 276 638 321 exigendi
664 279 824 322 optionem
843 278 1087 324 facultatemque
1120 290 1154 313 ac
1180 280 1305 312 irritum
1331 282 1361 313 et
1380 278 1480 321 inane,
1500 278 1524 312 si
1545 278 1621 323 quid
1647 288 1737 312 secus
1769 290 1863 323 super

345 329 472 371 hahere3
492 340 595 375 neque
608 331 687 365 ullas
704 332 918 366 immunitates
936 338 965 366 et
983 343 1087 366 exem-
1121 333 1169 366 his
1186 343 1202 365 a
1220 343 1390 377 quoquam,
1408 333 1517 377 quavis
1545 333 1746 374 auctoritate,
1768 333 1865 366 scien-

345 383 467 428 ptiones
485 384 592 428 (etiam
610 395 646 418 ex
667 387 759 419 causa
775 386 1006 430 resignationis,
1024 397 1088 419 ces·
1103 372 1105 414 l
1121 391 1168 419 ter
1197 387 1244 419 vel
1275 386 1467 429 ignoranter,
1493 386 1658 430 contigerit
1684 386 1839 420 attentari.

346 437 443 471 sionis
467 438 555 481 iuris,
577 439 774 481 concordiae,
792 439 1018 480 conventionis,
1035 429 1105 480 aut}
1166 440 1180 481 ἓ
1206 440 1233 472 7.
1261 440 1299 473 Ut
1323 446 1425 473 autem
1452 441 1557 474 omnia
1581 440 1759 485 praedicta,
1784 440 1865 473 sicut
1880 441 2001 479 simulem.

345 502 546 536 quacumque
578 493 638 525 alia
671 493 758 536 gravi
784 499 813 526 et
838 495 971 527 onerosa
996 504 1087 527 occa·
1104 483 1105 536 ]
1123 502 1217 526 causa
1241 503 1358 536 urgens
1382 495 1528 537 postulat,
1547 494 1713 537 diligenter
1733 500 1764 527 et
1792 493 1865 527 fide-

347 544 434 578 sione
458 556 659 589 quocumque
684 546 779 580 modo
804 557 978 587 concessas,
996 551 1026 579 et
1043 546 1089 578 in·
1123 545 1193 578 liter
1226 546 1427 589 exequutioni
1463 547 1701 589 demandentur,
1734 547 1861 592 praedi-

347 598 439 631 terim
464 599 693 642 concedendas)
719 599 873 643 integram
899 600 1086 634 solutionem
1104 598 1106 649 ³,
1122 602 1206 632 ctum
1221 599 1422 643 Hyppolitum
1440 601 1630 634 cardinalem
1645 601 1863 636 camerarium.

346 651 528 686 huiusmodi
546 653 700 694 minuere,
726 654 773 687 vel
798 654 969 698 impedire;
987 651 1212 698 neque³cuius
1249 652 1411 696 integritas
1455 659 1548 698 atque
1581 655 1772 699 experientia
1804 655 1864 687 iam

346 715 556 749 possessores,
578 707 839 748 ususructuarios,
856 713 907 740 aut
925 708 1002 741 alios
1017 717 1090 751 pen·
1105 719 1106 741 t
1122 706 1245 750 pridem
1283 707 1373 740 nobis
1406 714 1570 752 perspecta
1595 714 1660 749 est,
1686 709 1865 751 generalem

345 758 449 792 siones
462 759 642 793 huiusmodi
657 761 778 794 solvere
791 761 940 795 debentes
954 760 1088 804 (etiamsi
1105 751 1107 787 ἶ
1123 760 1265 793 omnium
1292 761 1489 794 decimarum
1513 762 1745 805 praedictarum
1770 763 1865 796 eolle-

346 812 404 856 ipsi
429 812 490 846 iuri
520 818 547 847 et
573 814 687 847 actioni
712 814 885 858 petendae,
913 814 961 846 vel
986 802 1243 859 detra-{ctorem
1268 814 1299 847 in
1324 814 1471 848 universa
1497 815 1597 856 ltalia,
1623 826 1694 849 cum
1720 816 1866 849 omnibus

347 865 478 910 hendae,
496 867 543 900 vel
569 868 751 902 retinendae
776 867 932 912 portionis
957 872 987 901 et
1004 873 1090 901 ratae
1105 861 1107 902 ζ
1123 872 1153 901 et
1177 868 1429 912 quibuscumque
1452 868 1647 913 privilegiis,
1674 870 1865 902 iurisdictio-

346 920 444 964 partis
477 921 696 965 pensionarios
728 921 937 965 contingentis
971 921 1089 954 iureiu-
1105 910 1107 976 ἶ
1124 922 1227 964 nibus,
1243 932 1279 955 ac
1300 922 1430 963 iuribus,
1445 933 1523 966 quae
1541 933 1649 956 omnes
1667 923 1718 955 alii
1736 923 1865 956 antehac

346 974 446 1008 rando
470 975 733 1015 renunciaverint,
750 980 843 1018 atque
860 985 895 1008 ex
921 975 1023 1009 forma
1049 975 1090 1008 di·
1106 982 1108 1029 ᾗ
1124 975 1307 1009 huiusmodi
1333 976 1518 1010 collectores
1541 976 1734 1018 habuerunt,
1759 982 1866 1010 aucto-

346 1032 414 1061 etae
438 1038 581 1061 camerae
605 1028 800 1072 amplissima
823 1028 979 1069 caverint)
997 1029 1090 1062 modo
1107 1030 1108 1035 ’
1125 1029 1215 1063 ritate
1240 1029 1410 1074 praedicta,
1435 1036 1544 1064 tenore
1569 1031 1773 1074 presentium,
1796 1041 1867 1064 eon-

346 1081 451 1126 aliquo
476 1082 631 1126 obligari,
663 1093 767 1127 neque
801 1083 839 1116 ad
865 1083 895 1115 id
925 1094 982 1127 pro
1008 1083 1090 1117 dicto
1125 1083 1283 1117 stituimus
1303 1089 1332 1117 et
1350 1084 1550 1128 deputamus,
1568 1084 1657 1128 eique
1677 1085 1816 1128 plenam:
1835 1085 1867 1117 li<

144 229 199 258 An.
215 229 245 257 C.
266 228 330 258 1631

1925 400 2063 422 collectorem

1881 426 1937 448 ficit.
1954 430 1973 446 et
1993 428 2029 448 dat
2044 434 2063 449 et

194 1199 331 1224 Quietantiae

147 1226 209 1247 fidem
224 1226 310 1248 faciunt.

346 1138 491 1180 tempore
515 1136 666 1179 costi-iugi
691 1147 784 1180 posse
793 1148 801 1177 ;

391 1189 406 1232 ἓ
431 1187 459 1221 6.
483 1188 598 1223 Omnes
623 1199 698 1223 vero
723 1190 933 1224 consessiones
958 1195 987 1223 et
1004 1190 1091 1234 quie-

348 1242 459 1276 tantias
488 1243 677 1287 receptionis
710 1244 905 1277 decimarum
930 1254 947 1277 a
975 1255 1091 1288 procu-

349 1404 439 1438 ribus
450 1404 580 1438 nomine
597 1415 726 1439 suorum
744 1406 978 1450 principalium,
995 1416 1089 1450 quam

348 1457 442 1490 etiam
459 1458 545 1502 ipsis,
562 1468 685 1492 necnon
704 1460 950 1503 possessoribus
967 1460 1091 1493 usufru-

333 1511 488 1553 .etuariis‚
506 1517 535 1545 et
551 1512 619 1546 aliis
632 1513 800 1557 pensiones
814 1513 936 1546 solvere
949 1512 1090 1546 debenti·
1106 1512 1108 1530 ³

348 1565 417 1606 bus,
427 1565 556 1599 nomine
564 1566 842 1610 pensionariorum
855 1565 1011 1599 faciendas
1021 1576 1091 1609 per-

347 1618 419 1652 inde
439 1619 552 1662 valere,
567 1625 660 1664 atque
675 1620 707 1652 in
721 1619 837 1653 iudicio
855 1624 885 1652 et
906 1625 994 1653 extra
1011 1619 1088 1652 illud

346 1671 463 1716 ubique
479 1673 623 1706 locorum
644 1673 738 1706 sidem
758 1673 885 1716 habere,
903 1683 939 1706 ac
956 1672 981 1706 si
992 1673 1089 1717 -ipsis-
1106 1694 1107 1704 t

347 1726 427 1760 met¹
455 1727 682 1772 principalibus
706 1732 736 1762 et
763 1728 972 1772 pensionariis
1000 1738 1089 1772 prae-

347 1780 487 1815 sentibus
500 1787 530 1815 et
545 1782 738 1815 solventibus
758 1782 855 1816 sactae
869 1781 918 1816 et²
931 1782 1088 1815 exhibitae

347 1834 491 1875 fuissent,
508 1835 717 1870 conductores
741 1841 858 1877 autem,
879 1836 931 1880 qui
948 1836 1087 1880 pretium

347 1888 511 1922 locationis
527 1889 664 1923 dominis
679 1889 820 1932 legitime
837 1889 1087 1934 anticipaverint,

346 1942 535 1977 locationem
549 1954 637 1977 suam
650 1943 843 1985 huiusmodi,
862 1954 955 1987 quam
973 1943 1011 1976 ad
1028 1943 1089 1977 hoe

346 2006 577 2040 prorogamus,
601 2007 702 2041 usque
726 1997 764 2030 ad
789 1997 944 2040 integram
969 1997 1089 2030 satissa-

347 2050 494 2091 ctionem,
519 2055 553 2083 ut
576 2050 675 2094 prius,
694 2050 787 2083 etiam
809 2050 993 2083 adveniente
1017 2061 1088 2083 suc-

348 2114 489 2146 cessore,
514 2105 699 2138 continuare
723 2104 855 2144 debere;
890 2105 997 2148 sicque
1033 2115 1107 2148 per¹

348 2169 564 2203 quoscumque
580 2158 700 2192 iudices
717 2158 895 2192 ordinarios
919 2164 948 2192 et
969 2158 1090 2201 delega-

348 2217 417 2253 tos,
441 2212 550 2256 quavis
574 2212 758 2246 auctoritate
782 2212 968 2256 fungentes,
996 2212 1107 2245 etiam*

349 2276 515 2299 causarum
540 2266 647 2310 palatii
671 2266 835 2310 apostolici
863 2266 1032 2308 auditores,
1054 2276 1089 2299 ac

349 2324 473 2353 sanctae
508 2320 666 2353 Romanae
700 2319 857 2353 Ecclesiae
893 2319 1088 2360 cardinales,

349 2374 442 2407 etiam
462 2373 501 2406 de
515 2373 614 2407 latere
625 2374 744 2416 legatos
761 2378 791 2407 et
806 2374 948 2414 nuncios,
967 2373 1088 2407 sublata

349 2426 404 2467 eis,
421 2432 451 2460 et
475 2437 586 2460 eorum
612 2426 750 2467 cuilibet,
774 2426 883 2470 quavis
899 2426 988 2459 aliter
1012 2427 1090 2459 iudi-

349 2480 438 2513 candi
464 2486 495 2514 et
519 2480 744 2524 interpretandi
768 2480 912 2514 facultate
932 2486 963 2513 et
985 2476 1090 2514 aucto-

348 2533 450 2576 ritate,
467 2533 583 2578 ubique
609 2533 741 2567 iudicari
759 2543 794 2567 ac
814 2533 938 2566 definiri
963 2533 1088 2574 dehere,

388 2607 396 2632 1
415 2605 481 2633 Male
496 2605 560 2633 edit.
578 2605 657 2633 Main.
675 2605 739 2640 tegit
753 2605 871 2641 ipsimet
889 2605 927 2640 (a.
939 2609 987 2639 τε).

384 2651 401 2677 2
416 2650 557 2679 Coniunct.
574 2654 601 2679 et
616 2659 664 2680 nos
680 2650 803 2679 addimus
821 2652 858 2685 (n.
876 2652 924 2684 T.).

1106 1136 1233 1175 {beram
1259 1142 1288 1170 et
1314 1137 1489 1171 absolutam
1515 1143 1702 1182 potestatem
1724 1144 1753 1171 et
1768 1139 1866 1171 facul-

1125 1193 1219 1224 tatem
1253 1196 1281 1223 et
1307 1191 1525 1224 auctoritatem
1559 1191 1726 1225 tribuimus
1759 1202 1867 1225 omnes

1106 1239 1108 1279 ἶ
1125 1243 1206 1287 ipsas
1220 1243 1369 1284 decimas,
1383 1254 1526 1278 camerae
1540 1244 1717 1288 praedictae
1729 1246 1866 1283 nomine,

347 1296 508 1330 ratoribus
525 1302 555 1330 et
571 1297 724 1331 ministris
738 1308 882 1331 camerae
900 1298 1090 1342 praedictae,
1106 1295 1108 1309 ³

348 1356 412 1384 tam
436 1351 695 1393 conductoribus,
716 1352 887 1385 censuariis
913 1357 943 1385 et
966 1352 1087 1386 locato·
1107 1389 1108 1396 ἵ

1106 1400 1108 1410 ‘
1124 1409 1245 1447 tegram
1263 1404 1462 1446 solutionem,
1480 1409 1514 1437 ut
1531 1405 1727 1449 praedictum
1753 1411 1809 1446 est,
1826 1406 1868 1438 sa-

1124 1297 1240 1341 ubique
1253 1297 1455 1341 procurandi,
1472 1297 1650 1341 praedictos
1667 1309 1785 1341 omnes,
1803 1304 1867 1332 tam

1124 1350 1317 1384 coniunctim
1335 1361 1429 1395 quam
1455 1351 1590 1394 divisim,
1616 1351 1654 1384 ad
1678 1351 1802 1385 illarum
1825 1352 1867 1385 in-

1124 1457 1276 1498 ciendam,
1294 1458 1388 1491 etiam
1406 1468 1463 1501 per
1480 1457 1616 1491 edictum
1638 1458 1715 1492 locis
1731 1459 1866 1502 publicis

1123 1511 1324 1554 affigendum,
1352 1511 1502 1545 monendi
1524 1517 1554 1545 et
1579 1512 1778 1555 requirendi,
1804 1523 1866 1545 non

1123 1569 1279 1607 parentes,
1305 1564 1485 1598 fraudantes
1510 1571 1540 1598 et
1565 1570 1686 1599 ceteros
1711 1571 1868 1599 contuma-

1124 1628 1175 1650 ces
1199 1618 1230 1650 in
1256 1628 1405 1651 censuras
1430 1624 1459 1651 et
1483 1629 1600 1662 poenas
1629 1618 1786 1660 incidisse,
1805 1629 1868 1652 ser-

1123 1673 1193 1704 vata
1212 1671 1315 1704 forma
1332 1671 1460 1705 Concilii
1474 1672 1657 1714 Tridentini,
1676 1672 1866 1706 declarandi:

1123 1726 1351 1769 proprietates,
1376 1736 1448 1767 res,
1479 1726 1599 1760 fruetus
1631 1730 1660 1760 et
1693 1726 1752 1760 alia
1785 1727 1866 1760 bona

1123 1778 1266 1822 ipsorum
1302 1779 1395 1812 etiam
1432 1790 1527 1813 manu
1561 1780 1649 1823 regia
1683 1781 1866 1824 apprehen—

1122 1833 1225 1875 dendi,
1243 1839 1273 1866 et
1297 1844 1396 1878 usque
1413 1834 1451 1867 ad
1472 1834 1661 1878 condignam
1686 1835 1867 1868 satisfactio-

1122 1897 1193 1920 nem
1214 1887 1388 1925 retinendi;
1682 1900 1685 1901 ⁷

1167 1942 1181 1984 g
1206 1940 1235 1974 8.
1261 1941 1514 1976 Contradictores
1547 1947 1576 1975 et
1606 1943 1864 1987 perturbatores,
1908 1952 2065 1973 Cunzrasaciew

1830 1997 1835 2001 ,
1881 1979 1937 1999 tibus

1122 1996 1342 2029 molestatores
1359 2000 1389 2030 et
1409 1995 1540 2029 rebelles
1561 2007 1788 2040 quoscumque,
1809 2007 1866 2029 eis·
1880 2009 1945 2031 ponti.

1122 2058 1182 2092 que
1207 2048 1374 2082 eonsilium
1399 2049 1447 2082 vel
1479 2049 1634 2090 savorem,
1665 2049 1791 2093 publice
1817 2050 1864 2082 vel

1122 2102 1253 2144 occulte,
1263 2102 1373 2146 quovis
1386 2102 1527 2146 quaesito
1541 2103 1646 2136 colore
1659 2107 1863 2147 praestantes,

1123 2156 1351 2200 cuiuscumque
1371 2156 1540 2199 dignitatis,
1559 2157 1675 2200 gradus
1693 2162 1721 2190 et
1746 2157 1865 2191 ordinis

1123 2210 1248 2252 suerint,
1262 2211 1433 2255 praedictis
1454 2216 1483 2245 et
1504 2212 1572 2245 aliis
1589 2212 1730 2245 censuris
1744 2217 1771 2245 et
1793 2222 1865 2256 poe-

1123 2265 1171 2297 nis
1195 2265 1425 2308 ecclesiasticis,
1450 2275 1574 2299 necnon
1598 2265 1798 2309 pecuniariis,
1820 2276 1865 2298 ce-

1124 2318 1260 2362 terisque
1285 2319 1363 2352 iuris
1389 2324 1418 2352 et
1445 2319 1516 2353 sacti
1546 2319 1692 2352 remediis
1718 2319 1861 2363 compel-

1123 2371 1223 2411 lendi;
1248 2372 1379 2416 illasque
1404 2372 1497 2405 etiam
1523 2373 1641 2406 iteratis
1665 2372 1785 2405 vicibus
1813 2383 1866 2415 ag-

1123 2425 1293 2468 gravandi;
1318 2426 1534 2469 dignitatibus,
1559 2426 1721 2459 beneficiis
1746 2432 1775 2459 et
1799 2427 1865 2459 offi-

1123 2479 1178 2512 ciis
1203 2479 1349 2512 omnibus
1373 2480 1516 2524 privandi
1537 2484 1566 2514 et
1583 2480 1758 2521 amovendi,
1777 2485 1806 2513 et
1825 2480 1863 2512 ad

1122 2533 1227 2566 futura
1250 2533 1405 2566 inhabiles
1424 2533 1572 2573 faciendi,
1593 2533 1795 2566 interdictum
1816 2544 1864 2566 ec-

1123 2587 1330 2621 clesiasticum
1355 2587 1544 2632 apponendi,
1562 2587 1776 2631 auxiliumque
1796 2587 1864 2620 bra

1123 2640 1183 2673 chii
1201 2641 1358 2684 secularis,
1377 2641 1639 2684 quandocumque
1656 2651 1735 2685 opus
1760 2641 1862 2675 suerit.

1985 1984 2065 2004 poenas
