2248 3229
190 218 238 245 Ani
256 219 283 246 c.
305 219 374 248 1630
419 210 484 245 184
971 219 1149 245 numanum
1174 219 1327 244 nonAnuu
1914 221 1963 248 An.
1979 220 2008 249 α’.
2029 220 2098 249 1630

388 268 457 301 navi
468 268 579 303 maiori
590 269 742 302 viridibus
758 268 921 302 frondibus
931 272 961 301 et
975 267 1130 301 similibus
1164 268 1265 302 solent
1288 268 1434 312 accendi,
1459 270 1569 303 eodem
1594 271 1687 304 modo
1711 281 1768 315 per
1792 279 1898 304 mona-

389 327 488 355 ornet.
513 322 694 366 Lampades,
716 321 837 364 aliaque
858 321 1036 361 luminaria,
1063 331 1131 354 san·
1165 321 1240 355 chos
1257 321 1462 365 celebrantes,
1483 322 1621 366 prdpriis
1645 329 1748 357 tamen
1767 323 1901 368 sumpti-

390 381 511 408 ctorum
537 375 734 418 imaginibus,
763 380 826 407 tam
855 374 886 407 in
918 374 989 407 navi
1018 374 1128 408 maiori
1146 384 1148 386 ·
1165 374 1232 416 bus,
1246 380 1447 419 apponantur
1459 380 1489 408 et
1502 375 1720 410 accendantur.
1734 377 1900 411 Monachos

389 439 483 473 quam
508 428 623 461 minori
655 438 671 461 e
704 438 760 460 suo
785 428 881 461 latere
907 427 1129 469 existentibus,
1163 428 1352 471 religionem
1368 428 1606 462 Cisterciensem
1624 429 1834 472 ingredientes
1851 430 1901 463 ab·

391 481 533 514 inonacbi
548 481 666 524 absque
684 480 932 514 contradictione
948 481 1128 514 accendant.
1146 504 1148 510 >
1164 481 1218 514 bas
1243 480 1282 513 ad
1305 481 1403 514 altare
1435 481 1536 515 maius
1568 481 1657 514 novis
1682 482 1818 516 vestibus
1842 495 1900 528 pro

390 534 567 577 Antiphona
604 534 669 567 Sub
706 537 799 565 tuum
833 533 1040 577 praesidium
1074 544 1130 577 per
1146 544 1148 578 j
1164 534 1252 567 libito
1266 534 1391 575 induat,
1407 534 1514 578 ibique
1528 534 1755 579 professionem
1772 546 1900 569 suorum

391 587 570 627 monachos,
587 586 862 630 processionaliter
882 585 992 620 diebus
1013 586 1130 621 festivis
1146 604 1148 612 π
1164 587 1394 621 monachorum
1415 592 1445 622 et
1468 589 1610 633 equitum
1637 589 1685 622 sui
1709 589 1833 623 Ordinis
1857 601 1902 623 re-

390 639 589 683 procedendo
620 650 677 683 per
708 649 820 672 navem
852 640 1076 674 canonicorum
1101 645 1131 673 et
1164 641 1267 685 cipiat.

391 692 462 725 inde
485 703 542 736 per
563 692 701 725 medium
726 692 887 733 ecclesiae,
905 693 943 726 ad
963 703 1073 726 eorum
1098 693 1148 737 11-Ξ
1208 695 1315 728 Officia
1339 700 1539 729 mortuorum
1572 696 1665 729 etiam
1694 708 1765 730 cum
1802 698 1902 732 solitis

390 745 488 778 bitum
515 746 634 778 cantari
658 745 765 789 possit.
792 746 868 779 Item
901 746 1012 780 eodem
1036 746 1130 780 modo
1147 743 1148 794 1
1165 748 1357 782 ornamentis
1382 748 1420 781 ab
1446 753 1578 793 utroque
1598 750 1731 794 collegio
1748 751 1779 783 in
1799 751 1902 785 medio

392 798 422 831 in
440 798 656 832 festivitatibus
673 799 913 840 Purificationis,
927 800 1085 834 Olivarum
1101 805 1131 834 et
1147 796 1149 810 '
1165 802 1314 836 ecclesiae
1332 803 1416 837 iuxta
1433 803 1559 836 solitum
1577 803 1661 836 fiant.
1692 804 1749 837 Ubi
1769 808 1902 848 corpora

393 851 600 885 Dedicationis
621 853 769 886 ecclcsiae
794 853 902 896 egredi
927 864 944 886 a
968 853 1061 886 ianua
1086 854 1131 886 la·
1147 844 1149 877 ἶ
1166 854 1212 886 rel
1237 853 1387 897 reliquiae
1411 859 1591 887 sanctorum
1621 855 1668 887 vel
1689 854 1741 887 alii
1764 855 1903 888 thesauri

391 906 480 938 lerali
494 906 730 947 canonicorum,
746 906 875 950 procedi
892 916 948 950 per
966 907 1130 948 cortinam,
1147 918 1149 926 2
1166 907 1195 939 in
1213 906 1344 940 ecclesia
1368 907 1397 940 S.
1414 907 1573 941 Ambrosii
1596 907 1804 952 reperiantur,
1821 908 1847 941 si
1872 908 1903 942 in

336 989 340 996 A
391 964 558 1003 etportam
584 959 736 993 maiorem
756 959 878 1002 ingredi
895 959 1012 993 eisdem
1030 960 1130 1003 liceat,
1164 960 1235 992 navi
1255 960 1378 1001 maiori,
1398 960 1515 994 liberae
1543 961 1775 1005 archiepiscopi
1803 961 1904 1006 dispo-

392 1013 658 1056 quemadmodum
691 1024 707 1045 a
740 1014 876 1057 capitulo
905 1013 1130 1047 canonicorum
1148 1020 1149 1040 1
1166 1013 1270 1047 sitioni
1295 1018 1493 1054 remaneant,
1514 1013 1539 1047 si
1565 1024 1639 1047 vero
1666 1014 1699 1047 in
1723 1015 1819 1047 latere
1835 1014 1904 1048 dex-

393 1066 551 1100 viceversa
576 1068 662 1100 solet.
1148 1079 1150 1114 1
1166 1071 1243 1109 tero,
1258 1067 1392 1111 collegio
1406 1067 1641 1108 canonicorum
1652 1067 1743 1101 sicuti
1762 1068 1791 1101 in
1808 1068 1904 1102 latere

436 1121 469 1154 In
495 1120 608 1164 vigiliis
639 1120 735 1153 sancti
761 1120 919 1154 Ambrosii
949 1132 984 1154 ac
1009 1126 1132 1154 sancto·
1148 1116 1150 1129 '
1167 1120 1293 1154 sinistro
1308 1120 1536 1155 monachorum
1550 1121 1683 1164 collegio
1700 1121 1823 1154 cedant:
1840 1131 1905 1155 non

392 1185 463 1207 rum
488 1174 628 1208 Gervasii
653 1178 683 1206 et
707 1173 837 1207 Protasii
855 1174 950 1206 abbas
970 1174 1132 1207 celebrans
1167 1178 1270 1207 tamen
1296 1184 1430 1218 corpora
1462 1175 1510 1207 vel
1540 1174 1694 1219 reliquiae
1723 1179 1904 1208 sanctorum

393 1238 463 1260 cum
490 1227 652 1274 monacbis
672 1227 710 1259 ad
735 1227 831 1261 altare
853 1226 951 1260 sancti
976 1226 1133 1260 Micba'e'lis
1167 1237 1204 1259 ex
1229 1227 1340 1260 eadem
1370 1227 1440 1260 navi
1471 1238 1525 1261 seu
1556 1228 1654 1260 latere
1682 1228 1904 1268 extrahantur,

393 1292 409 1313 a
426 1281 523 1314 latere
541 1280 764 1313 canonicorum
783 1279 918 1313 existens
935 1279 1077 1312 antelatis
1090 1279 1133 1311 in·
1167 1280 1221 1313 sed
1245 1280 1277 1312 in
1293 1290 1341 1321 eo,
1359 1281 1406 1314 vel
1430 1282 1477 1321 ea,
1494 1280 1599 1315 debita
1618 1282 1820 1315 veneratione
1839 1292 1904 1315 ser-

393 1334 534 1377 signibus
553 1333 761 1366 abbatialibus
783 1333 942 1377 procedat,
956 1333 1061 1377 ibique
1073 1343 1133 1376 pro
1169 1338 1292 1374 ventui-3
1310 1344 1346 1368 ea
1365 1339 1470 1368 tamen
1486 1334 1647 1378 inquirere
1666 1335 1784 1368 nemini
1804 1330 1904 1378 liceat,

393 1387 483 1421 solita
507 1386 639 1420 statione
664 1386 861 1427 immoretur,
875 1392 905 1419 et
929 1386 1001 1419 inde
1026 1385 1130 1419 disce--
1167 1387 1286 1431 absque
1304 1390 1452 1432 expressa
1471 1388 1701 1432 archiepiscopi
1718 1388 1854 1422 licentia.

393 1440 478 1483 dens,
496 1445 683 1484 portamque
702 1439 853 1473 maiorem
875 1439 1025 1473 ecclesiae
1042 1450 1133 1482 egre·
1150 1441 1152 1471 ἰ
1211 1440 1244 1473 In
1269 1441 1402 1474 ecclesia
1426 1441 1454 1474 S.
1471 1441 1629 1475 Ambrosii
1646 1449 1709 1475 non
1733 1441 1907 1485 intelligan-

393 1493 491 1534 diens,
506 1504 562 1537 per
577 1494 712 1537 plateam
729 1493 906 1537 proximam
918 1493 956 1526 ad
969 1492 1132 1526 ecclesiam
1150 1504 1151 1537 1
1166 1499 1218 1527 tur
1234 1495 1482 1539 comprehensae
1505 1495 1637 1529 ecclesia
1659 1495 1687 1528 S.
1713 1495 1905 1538 sigismundi

392 1547 454 1580 divi
478 1547 637 1580 Francisci
661 1551 783 1590 pergat,
801 1547 960 1580 redeundo
984 1557 1041 1590 per
1064 1557 1134 1590 por·
1167 1558 1202 1580 ac
1227 1548 1369 1592 cappella
1393 1548 1422 1581 S.
1449 1548 1550 1592 Satyri
1574 1553 1605 1581 et
1621 1548 1650 1581 S.
1672 1549 1805 1581 Ioannis.

394 1606 456 1633 tam
489 1599 702 1633 canonicalem
739 1600 934 1643 ingrediatur
969 1600 1132 1633 ecclesiam
1211 1601 1298 1642 Item,
1319 1601 1356 1634 ad
1374 1601 1527 1634 tollendas
1547 1601 1758 1635 dissensiones
1775 1612 1811 1635 ac
1837 1601 1907 1636 lites

393 1654 421 1688 S.
447 1655 617 1695 Ambrosii,
636 1659 665 1687 et
690 1664 799 1688 omnes
824 1654 948 1687 easdem
975 1654 1134 1687 ecclesias·
1167 1665 1246 1699 quae
1271 1655 1422 1688 hactenus
1446 1665 1554 1688 versae
1579 1646 1705 1689 fuerunt
1724 1666 1760 1689 ac
1784 1660 1907 1689 vertun-

393 1707 469 1741 ticas
484 1707 706 1749 caeremonias,
724 1707 925 1751 praecedenti
941 1707 991 1740 die
1009 1718 1066 1751 per
1085 1718 1133 1740 ca·
1167 1713 1218 1741 tur
1231 1708 1312 1741 inter
1324 1708 1486 1741 dominum
1501 1708 1776 1752 archiepiscopum
1790 1718 1825 1741 ac
1844 1708 1906 1743 duo

392 1761 527 1806 pitulum
554 1762 778 1794 canonicorum
804 1762 917 1801 factas,
943 1761 1010 1804 ipse
1034 1760 1133 1793 abbas
1167 1761 1300 1804 collegia
1320 1761 1544 1795 canonicorum
1561 1767 1590 1794 et
1606 1762 1835 1795 monachorum
1855 1772 1907 1795 su-

393 1825 465 1848 cum
479 1815 543 1848 suis
556 1814 870 1858 proportionabiliter
884 1814 1063 1858 adimpleat.
1074 1814 1134 1847 Μο-
1165 1825 1223 1858 per
1246 1814 1434 1858 pertinentia
1458 1814 1590 1848 dominii
1614 1815 1764 1848 ecclesiae
1787 1814 1816 1848 S.
1834 1815 1908 1848 Am-

392 1868 483 1901 nachi
514 1869 546 1901 in
577 1879 634 1902 suo
665 1869 760 1901 latere
793 1867 939 1901 subsellia
972 1867 1010 1900 ad
1041 1867 1264 1901 usumbrosii
1288 1867 1543 1908 Mediolanensis‚
1571 1867 1679 1901 eadem
1704 1868 1845 1912 collegia,
1870 1878 1907 1902 ex

394 1922 668 1961 confessariorum,
686 1932 766 1965 quae
784 1921 877 1964 vulgo
895 1921 1133 1954 confessionalia
1150 1952 1151 1967 1
1168 1922 1260 1954 causa
1293 1921 1453 1965 praedicta
1485 1926 1513 1954 et
1547 1931 1605 1965 pro
1630 1921 1712 1955 bono
1736 1921 1821 1965 pacis
1835 1949 1842 1963 ,
1873 1927 1908 1955 ut

393 1980 614 2019 nuncupantur
630 2003 636 2015 ‚
661 1975 814 2015 babeant,
839 1985 918 2018 quae
943 1979 1048 2008 tamen
1072 1975 1134 2007 sint
1150 1972 1151 2003 ἶ
1167 1974 1388 2008 evulsaradice
1399 1974 1577 2008 communis
1589 1974 1821 2008 controversiae
1834 1985 1906 2008 cum

393 2029 565 2062 conformia
584 2039 655 2061 cum
673 2028 741 2061 aliis
758 2039 775 2061 a
792 2028 887 2061 latere
908 2028 1133 2061 canonicorum
1150 2024 1152 2061 ἒ
1167 2028 1262 2060 divini
1287 2029 1390 2061 cultus
1418 2032 1586 2070 augmento
1611 2027 1715 2072 quiete
1744 2037 1780 2061 ac
1809 2027 1907 2061 libere

393 2082 606 2116 existentibus.
1151 2081 1551 2125 truantu1,imposte1um
1577 2080 1661 2113 omni
1682 2080 1849 2114 commodo
1865 2080 1908 2114 di-

436 2135 538 2169 Finito
562 2136 671 2169 sunere
696 2136 726 2168 in
752 2135 854 2169 medio
880 2135 1039 2175 ecclesiae,
1062 2143 1153 2167 cum
1151 2136 1235 2164 ctae
1249 2131 1399 2164 ecclesiae
1416 2136 1578 2164 cesseiunt
1601 2141 1636 2164 ac
1652 2131 1766 2164 cedunt
1779 2131 1907 2166 domino

393 2189 569 2223 assistentia
587 2189 662 2222 01011
680 2188 829 2222 secularis
846 2188 1017 2222 secundum
1035 2188 1135 2221 deter-
1151 2149 1406 2228 1000111ορ1εο0ρο
1426 2184 1591 2218 Mediolani
1609 2195 1668 2228 pro
1694 2190 1836 2228 tempore
1852 2185 1907 2218 do-

394 2243 597 2276 minationem
623 2242 769 2287 superius
792 2243 916 2283 fictam
941 2253 1051 2276 eoium
1080 2242 1133 2286 qui
1168 2239 1299 2272 minium
1330 2238 1469 2272 eiusdem
1503 2238 1674 2279 ecclesiae,
1699 2238 1783 2282 quod
1812 2238 1906 2273 ambo

393 2297 686 2341 debentsepeliriin
700 2296 798 2329 latere
810 2296 1048 2337 monachorum,
1066 2305 1135 2354 pos·
1166 2292 1374 2337 praetendunt
1400 2292 1527 2334 habere,
1546 2294 1582 2326 ea
1602 2297 1706 2326 tamen
1730 2292 1907 2327 conditione

394 2351 455 2384 sint
474 2350 631 2391 monachi,
649 2350 768 2394 absque
786 2350 850 2383 ullo
865 2349 1043 2383 inteixentu
1056 2349 1135 2382 eius·
1150 2351 1202 2407 100
1226 2346 1306 2389 lege,
1324 2350 1354 2379 et
1376 2356 1439 2380 non
1458 2346 1543 2389 alias,
1565 2352 1597 2379 ut
1621 2346 1732 2379 debeat
1754 2349 1907 2390 perpetuo

393 2404 464 2438 dem
483 2404 568 2446 cleti,
590 2409 753 2448 asportare
778 2403 929 2436 cadaweia
945 2402 983 2436 ad
1001 2400 1153 2460 sepultii-l,
1167 2410 1262 2444 penes
1286 2410 1358 2433 eum
1382 2400 1530 2442 iesideie,
1554 2410 1612 2434 nec
1636 2400 1702 2444 ipse
1725 2400 1823 2444 possit
1840 2399 1906 2433 ullo

395 2468 461 2490 ram
478 2432 663 2491 destinatam
683 2457 813 2501 propria
835 2456 1028 2490 auctoiitate.
1042 2456 1104 2490 Cei
1107 2462 1152 2489 ei
1167 2463 1306 2498 unquam
1331 2458 1475 2498 tempore
1499 2453 1593 2494 illud,
1625 2454 1673 2487 vel
1702 2453 1838 2497 aliquam
1862 2452 1902 2486 il-

395 2521 450 2544 seu
467 2511 624 2552 candelae
641 2522 720 2555 quae
738 2511 839 2544 solent
857 2510 1003 2544 sustineri
1019 2520 1076 2554 per
1092 2509 1135 2542 bi-
1167 2507 1227 2540 lius
1244 2518 1300 2551 p‘u
1304 2511 1376 2550 tem
1397 2511 1449 2542 aut
1468 2508 1621 2541 maioiem
1641 2507 1905 2547 commoditatem,

394 2574 452 2598 nos
461 2566 589 2607 angelos
603 2565 675 2599 hinc
689 2565 799 2599 ethinc
809 2576 903 2609 super
916 2564 1006 2597 altari
1016 2563 1135 2597 maiore
1167 2572 1261 2605 quam
1286 2561 1324 2594 de
1347 2561 1505 2605 praesenti
1529 2561 1674 2601 habeant,
1699 2560 1753 2601 eis,
1774 2564 1827 2593 aut
1850 2569 1905 2593 eo-

395 2618 576 2660 existentes,
602 2624 630 2652 et
663 2629 719 2663 per
739 2618 918 2652 'canonicos
939 2617 1132 2652 celebrantes
1167 2625 1238 2650 rum
1252 2615 1352 2657 alteri,
1367 2625 1422 2649 seu
1436 2614 1504 2648 aliis
1521 2614 1771 2659 quibuscumque
1783 2613 1905 2656 cedere,
