<?xml version="1.0" encoding="UTF-8"?>
<!DOCTYPE html PUBLIC "-//W3C//DTD XHTML 1.0 Transitional//EN"
    "http://www.w3.org/TR/xhtml1/DTD/xhtml1-transitional.dtd">
<html xmlns="http://www.w3.org/1999/xhtml" xml:lang="en" lang="en">
 <head>
  <title>
</title>
<meta http-equiv="Content-Type" content="text/html;charset=utf-8" />
  <meta name='ocr-system' content='tesseract 3.04.00' />
  <meta name='ocr-capabilities' content='ocr_page ocr_carea ocr_par ocr_line ocrx_word'/>
</head>
<body>
  <div class='ocr_page' id='page_1' title='image "./bullarumdiplomat14cath_0614.png"; bbox 0 0 2248 3229; ppageno 0'>
   <div class='ocr_carea' id='block_1_1' title="bbox 235 223 1375 483">
    <p class='ocr_par' dir='ltr' id='par_1_1' title="bbox 235 223 1375 483">
     <span class='ocr_line' id='line_1_1' title="bbox 235 223 1375 258; baseline -0.002 -2"><span class='ocrx_word' id='word_1_1' title='bbox 235 230 282 257; x_wconf 80' lang='lat' dir='ltr'>An.</span> <span class='ocrx_word' id='word_1_2' title='bbox 302 230 328 258; x_wconf 80' lang='lat' dir='ltr'>C.</span> <span class='ocrx_word' id='word_1_3' title='bbox 350 230 419 258; x_wconf 62' lang='grc'><strong>11136</strong></span> <span class='ocrx_word' id='word_1_4' title='bbox 466 223 529 257; x_wconf 76' lang='grc' dir='ltr'>5Ξο</span> <span class='ocrx_word' id='word_1_5' title='bbox 1017 230 1196 254; x_wconf 48' lang='lat' dir='ltr'>certamen</span> <span class='ocrx_word' id='word_1_6' title='bbox 1221 230 1375 254; x_wconf 70' lang='lat' dir='ltr'>noiiAnnM</span> 
     </span>
     <span class='ocr_line' id='line_1_2' title="bbox 433 279 1172 324; baseline -0.003 -11"><span class='ocrx_word' id='word_1_7' title='bbox 433 286 506 313; x_wconf 90' lang='lat' dir='ltr'>tunc</span> <span class='ocrx_word' id='word_1_8' title='bbox 532 291 598 313; x_wconf 86' lang='lat' dir='ltr'>esse</span> <span class='ocrx_word' id='word_1_9' title='bbox 622 286 828 324; x_wconf 85' lang='lat' dir='ltr'>propagatam</span> <span class='ocrx_word' id='word_1_10' title='bbox 854 291 924 312; x_wconf 86' lang='lat' dir='ltr'>cum</span> <span class='ocrx_word' id='word_1_11' title='bbox 952 280 1053 312; x_wconf 87' lang='lat' dir='ltr'>bonae</span> <span class='ocrx_word' id='word_1_12' title='bbox 1072 279 1172 311; x_wconf 80' lang='lat' dir='ltr'>famae</span> 
     </span>
     <span class='ocr_line' id='line_1_3' title="bbox 434 331 1174 376; baseline -0.003 -10"><span class='ocrx_word' id='word_1_13' title='bbox 434 334 539 375; x_wconf 76' lang='lat' dir='ltr'>odore,</span> <span class='ocrx_word' id='word_1_14' title='bbox 563 344 620 366; x_wconf 88' lang='lat' dir='ltr'>nec</span> <span class='ocrx_word' id='word_1_15' title='bbox 644 343 705 365; x_wconf 90' lang='lat' dir='ltr'>non</span> <span class='ocrx_word' id='word_1_16' title='bbox 731 333 941 376; x_wconf 87' lang='lat' dir='ltr'>spiritualium</span> <span class='ocrx_word' id='word_1_17' title='bbox 966 342 1099 376; x_wconf 89' lang='lat' dir='ltr'>operum</span> <span class='ocrx_word' id='word_1_18' title='bbox 1125 331 1174 364; x_wconf 90' lang='lat' dir='ltr'>in-</span> 
     </span>
     <span class='ocr_line' id='line_1_4' title="bbox 434 384 1173 429; baseline -0.004 -10"><span class='ocrx_word' id='word_1_19' title='bbox 434 391 616 426; x_wconf 84' lang='lat' dir='ltr'>cremento,</span> <span class='ocrx_word' id='word_1_20' title='bbox 642 386 732 429; x_wconf 89' lang='lat' dir='ltr'>eique</span> <span class='ocrx_word' id='word_1_21' title='bbox 759 386 849 429; x_wconf 88' lang='lat' dir='ltr'>plura</span> <span class='ocrx_word' id='word_1_22' title='bbox 875 385 958 418; x_wconf 86' lang='lat' dir='ltr'>illius</span> <span class='ocrx_word' id='word_1_23' title='bbox 983 384 1173 417; x_wconf 83' lang='lat' dir='ltr'>monasteria</span> 
     </span>
     <span class='ocr_line' id='line_1_5' title="bbox 433 438 1174 483; baseline 0 -14"><span class='ocrx_word' id='word_1_24' title='bbox 433 450 488 483; x_wconf 79' lang='lat' dir='ltr'>per</span> <span class='ocrx_word' id='word_1_25' title='bbox 514 449 610 471; x_wconf 90' lang='lat' dir='ltr'>unum</span> <span class='ocrx_word' id='word_1_26' title='bbox 637 439 814 471; x_wconf 86' lang='lat' dir='ltr'>ministrum</span> <span class='ocrx_word' id='word_1_27' title='bbox 840 438 1067 482; x_wconf 83' lang='lat' dir='ltr'>provincialem</span> <span class='ocrx_word' id='word_1_28' title='bbox 1093 448 1174 470; x_wconf 88' lang='lat' dir='ltr'>com-</span> 
     </span>
    </p>
   </div>
   <div class='ocr_carea' id='block_1_2' title="bbox 1252 231 2145 322">
    <p class='ocr_par' dir='ltr' id='par_1_2' title="bbox 1252 231 2145 322">
     <span class='ocr_line' id='line_1_6' title="bbox 1962 231 2144 260; baseline 0.016 -2"><span class='ocrx_word' id='word_1_29' title='bbox 1962 232 2010 258; x_wconf 82' lang='lat' dir='ltr'>An.</span> <span class='ocrx_word' id='word_1_30' title='bbox 2027 231 2054 259; x_wconf 85' lang='lat' dir='ltr'>C.</span> <span class='ocrx_word' id='word_1_31' title='bbox 2075 231 2144 260; x_wconf 78' lang='lat'><strong>1636</strong></span> 
     </span>
     <span class='ocr_line' id='line_1_7' title="bbox 1252 278 2145 322; baseline 0.003 -10"><span class='ocrx_word' id='word_1_32' title='bbox 1252 279 1266 321; x_wconf 62' lang='grc' dir='ltr'><strong>ἓ</strong></span> <span class='ocrx_word' id='word_1_33' title='bbox 1291 278 1319 312; x_wconf 85' lang='grc'>5.</span> <span class='ocrx_word' id='word_1_34' title='bbox 1345 278 1501 321; x_wconf 81' lang='lat' dir='ltr'><strong>Cumque,</strong></span> <span class='ocrx_word' id='word_1_35' title='bbox 1531 284 1601 322; x_wconf 85' lang='lat' dir='ltr'>post</span> <span class='ocrx_word' id='word_1_36' title='bbox 1625 279 1859 313; x_wconf 64' lang='lat' dir='ltr'>concessionem</span> <span class='ocrx_word' id='word_1_37' title='bbox 1883 290 1943 313; x_wconf 86' lang='lat' dir='ltr'>no·</span> <span class='ocrx_word' id='word_1_38' title='bbox 1984 294 2145 315; x_wconf 69' lang='lat' dir='ltr'>Auctoritatem-</span> 
     </span>
    </p>
   </div>
   <div class='ocr_carea' id='block_1_3' title="bbox 1208 320 2146 375">
    <p class='ocr_par' dir='ltr' id='par_1_3' title="bbox 1208 320 2146 375">
     <span class='ocr_line' id='line_1_8' title="bbox 1208 320 2146 375; baseline 0.005 -11"><span class='ocrx_word' id='word_1_39' title='bbox 1208 337 1304 364; x_wconf 87' lang='lat' dir='ltr'>stram</span> <span class='ocrx_word' id='word_1_40' title='bbox 1336 331 1535 371; x_wconf 86' lang='lat' dir='ltr'>huiusmodi,</span> <span class='ocrx_word' id='word_1_41' title='bbox 1560 331 1702 364; x_wconf 76' lang='lat' dir='ltr'>minister</span> <span class='ocrx_word' id='word_1_42' title='bbox 1726 333 1881 375; x_wconf 83' lang='lat' dir='ltr'>generalis</span> <span class='ocrx_word' id='word_1_43' title='bbox 1909 343 1946 366; x_wconf 85' lang='lat' dir='ltr'>ex</span> <span class='ocrx_word' id='word_1_44' title='bbox 1962 320 2080 368; x_wconf 58' lang='lat' dir='ltr'>ffiaiifiim</span> <span class='ocrx_word' id='word_1_45' title='bbox 2097 327 2146 369; x_wconf 60' lang='grc' dir='ltr'>ρἕίἷέἶ</span> 
     </span>
    </p>
   </div>
   <div class='ocr_carea' id='block_1_4' title="bbox 1976 376 2145 401">
    <p class='ocr_par' dir='ltr' id='par_1_4' title="bbox 1976 376 2145 401">
     <span class='ocr_line' id='line_1_9' title="bbox 1976 376 2145 401; baseline 0.018 -8"><span class='ocrx_word' id='word_1_46' title='bbox 1976 378 2051 395; x_wconf 68' lang='lat' dir='ltr'>tionem</span> <span class='ocrx_word' id='word_1_47' title='bbox 2062 376 2145 401; x_wconf 76' lang='lat' dir='ltr'>praedi-</span> 
     </span>
    </p>
   </div>
   <div class='ocr_carea' id='block_1_5' title="bbox 1208 380 2146 483">
    <p class='ocr_par' dir='ltr' id='par_1_5' title="bbox 1208 380 2146 483">
     <span class='ocr_line' id='line_1_10' title="bbox 1208 380 2095 428; baseline 0.005 -11"><span class='ocrx_word' id='word_1_48' title='bbox 1208 385 1283 428; x_wconf 88' lang='lat' dir='ltr'>ipsis</span> <span class='ocrx_word' id='word_1_49' title='bbox 1297 385 1483 418; x_wconf 84' lang='lat' dir='ltr'>Reformatis</span> <span class='ocrx_word' id='word_1_50' title='bbox 1508 385 1630 417; x_wconf 80' lang='lat' dir='ltr'>noviter</span> <span class='ocrx_word' id='word_1_51' title='bbox 1649 385 1765 418; x_wconf 86' lang='lat' dir='ltr'>electus</span> <span class='ocrx_word' id='word_1_52' title='bbox 1782 387 1948 419; x_wconf 81' lang='lat' dir='ltr'>confirma-</span> <span class='ocrx_word' id='word_1_53' title='bbox 1962 380 1989 421; x_wconf 56' lang='lat'>{311</span> <span class='ocrx_word' id='word_1_54' title='bbox 2007 405 2095 422; x_wconf 54' lang='lat' dir='ltr'>„aman</span> 
     </span>
     <span class='ocr_line' id='line_1_11' title="bbox 1209 429 2146 483; baseline 0.002 -13"><span class='ocrx_word' id='word_1_55' title='bbox 1209 438 1325 470; x_wconf 88' lang='lat' dir='ltr'>tionem</span> <span class='ocrx_word' id='word_1_56' title='bbox 1337 448 1409 470; x_wconf 88' lang='lat' dir='ltr'>suae</span> <span class='ocrx_word' id='word_1_57' title='bbox 1422 438 1589 471; x_wconf 73' lang='lat' dir='ltr'>canonicae</span> <span class='ocrx_word' id='word_1_58' title='bbox 1605 439 1775 480; x_wconf 76' lang='lat' dir='ltr'>electionis,</span> <span class='ocrx_word' id='word_1_59' title='bbox 1788 444 1946 483; x_wconf 84' lang='lat' dir='ltr'>tamquam</span> <span class='ocrx_word' id='word_1_60' title='bbox 1963 429 2041 448; x_wconf 46' lang='lat' dir='ltr'>nem*</span> <span class='ocrx_word' id='word_1_61' title='bbox 2057 435 2095 455; x_wconf 56' lang='lat'>¹¹&#39;&#39;‘¹</span> <span class='ocrx_word' id='word_1_62' title='bbox 2111 435 2146 448; x_wconf 51' lang='grc' dir='ltr'>ω’</span> 
     </span>
    </p>
   </div>
   <div class='ocr_carea' id='block_1_6' title="bbox 1964 455 2146 481">
    <p class='ocr_par' dir='ltr' id='par_1_6' title="bbox 1964 455 2146 481">
     <span class='ocr_line' id='line_1_12' title="bbox 1964 455 2146 481; baseline 0.005 -6"><span class='ocrx_word' id='word_1_63' title='bbox 1964 456 2029 481; x_wconf 76' lang='lat' dir='ltr'>pitulo</span> <span class='ocrx_word' id='word_1_64' title='bbox 2048 455 2146 480; x_wconf 56' lang='lat' dir='ltr'>generale</span> 
     </span>
    </p>
   </div>
   <div class='ocr_carea' id='block_1_7' title="bbox 239 1625 423 1781">
    <p class='ocr_par' dir='ltr' id='par_1_7' title="bbox 239 1625 423 1781">
     <span class='ocr_line' id='line_1_13' title="bbox 265 1625 421 1647; baseline 0.006 -1"><span class='ocrx_word' id='word_1_65' title='bbox 265 1625 361 1647; x_wconf 71' lang='lat' dir='ltr'>L&#39;rbauus</span> <span class='ocrx_word' id='word_1_66' title='bbox 374 1633 421 1647; x_wconf 72' lang='lat' dir='ltr'>eon-</span> 
     </span>
     <span class='ocr_line' id='line_1_14' title="bbox 239 1655 422 1675; baseline 0.005 -3"><span class='ocrx_word' id='word_1_67' title='bbox 239 1657 302 1673; x_wconf 68' lang='lat' dir='ltr'>cessit</span> <span class='ocrx_word' id='word_1_68' title='bbox 335 1655 422 1675; x_wconf 37' lang='lat' dir='ltr'>izv-ultri-</span> 
     </span>
     <span class='ocr_line' id='line_1_15' title="bbox 239 1680 422 1705; baseline 0.011 -6"><span class='ocrx_word' id='word_1_69' title='bbox 239 1682 279 1700; x_wconf 79' lang='lat' dir='ltr'>teui</span> <span class='ocrx_word' id='word_1_70' title='bbox 291 1680 381 1705; x_wconf 68' lang='lat' dir='ltr'>eligendi</span> <span class='ocrx_word' id='word_1_71' title='bbox 399 1688 422 1701; x_wconf 73' lang='lat' dir='ltr'>ex</span> 
     </span>
     <span class='ocr_line' id='line_1_16' title="bbox 239 1706 423 1728; baseline 0.011 -2"><span class='ocrx_word' id='word_1_72' title='bbox 239 1706 378 1728; x_wconf 50' lang='lat' dir='ltr'>Itiscalceatis</span> <span class='ocrx_word' id='word_1_73' title='bbox 387 1713 423 1728; x_wconf 76' lang='lat' dir='ltr'>mi-</span> 
     </span>
     <span class='ocr_line' id='line_1_17' title="bbox 239 1736 422 1758; baseline 0.016 -6"><span class='ocrx_word' id='word_1_74' title='bbox 239 1736 324 1754; x_wconf 62' lang='lat' dir='ltr'>tit-&lt;trum</span> <span class='ocrx_word' id='word_1_75' title='bbox 336 1740 422 1758; x_wconf 60' lang='lat' dir='ltr'>genera-</span> 
     </span>
     <span class='ocr_line' id='line_1_18' title="bbox 239 1761 286 1781; baseline 0.021 -1"><span class='ocrx_word' id='word_1_76' title='bbox 239 1761 286 1781; x_wconf 69' lang='lat' dir='ltr'>leun.</span> 
     </span>
    </p>
   </div>
   <div class='ocr_carea' id='block_1_8' title="bbox 433 491 1179 2462">
    <p class='ocr_par' dir='ltr' id='par_1_8' title="bbox 433 491 1178 1596">
     <span class='ocr_line' id='line_1_19' title="bbox 434 491 1174 536; baseline -0.003 -11"><span class='ocrx_word' id='word_1_77' title='bbox 434 492 524 525; x_wconf 87' lang='lat' dir='ltr'>mode</span> <span class='ocrx_word' id='word_1_78' title='bbox 542 492 617 535; x_wconf 63' lang='lat' dir='ltr'>&gt;regi</span> <span class='ocrx_word' id='word_1_79' title='bbox 649 497 678 525; x_wconf 90' lang='lat' dir='ltr'>et</span> <span class='ocrx_word' id='word_1_80' title='bbox 710 493 881 535; x_wconf 86' lang='lat' dir='ltr'>gubernari</span> <span class='ocrx_word' id='word_1_81' title='bbox 915 503 978 525; x_wconf 92' lang='lat' dir='ltr'>non</span> <span class='ocrx_word' id='word_1_82' title='bbox 1007 502 1099 536; x_wconf 88' lang='lat' dir='ltr'>posse</span> <span class='ocrx_word' id='word_1_83' title='bbox 1128 491 1174 524; x_wconf 88' lang='lat' dir='ltr'>in-</span> 
     </span>
     <span class='ocr_line' id='line_1_20' title="bbox 433 545 1173 590; baseline -0.001 -12"><span class='ocrx_word' id='word_1_84' title='bbox 433 551 612 587; x_wconf 87' lang='lat' dir='ltr'>notescens,</span> <span class='ocrx_word' id='word_1_85' title='bbox 639 546 732 578; x_wconf 88' lang='lat' dir='ltr'>etiam</span> <span class='ocrx_word' id='word_1_86' title='bbox 765 552 852 579; x_wconf 90' lang='lat' dir='ltr'>motu</span> <span class='ocrx_word' id='word_1_87' title='bbox 883 557 939 579; x_wconf 89' lang='lat' dir='ltr'>suo</span> <span class='ocrx_word' id='word_1_88' title='bbox 972 545 1106 590; x_wconf 90' lang='lat' dir='ltr'>proprio</span> <span class='ocrx_word' id='word_1_89' title='bbox 1137 555 1173 577; x_wconf 88' lang='lat' dir='ltr'>ex</span> 
     </span>
     <span class='ocr_line' id='line_1_21' title="bbox 434 598 1175 643; baseline 0 -12"><span class='ocrx_word' id='word_1_90' title='bbox 434 599 579 632; x_wconf 87' lang='lat' dir='ltr'>omnibus</span> <span class='ocrx_word' id='word_1_91' title='bbox 598 600 795 633; x_wconf 86' lang='lat' dir='ltr'>monasteriis</span> <span class='ocrx_word' id='word_1_92' title='bbox 812 606 841 633; x_wconf 88' lang='lat' dir='ltr'>et</span> <span class='ocrx_word' id='word_1_93' title='bbox 858 599 1057 643; x_wconf 77' lang='lat' dir='ltr'>regularibus</span> <span class='ocrx_word' id='word_1_94' title='bbox 1078 598 1175 632; x_wconf 88' lang='lat' dir='ltr'>domi-</span> 
     </span>
     <span class='ocr_line' id='line_1_22' title="bbox 434 651 1176 696; baseline 0.001 -13"><span class='ocrx_word' id='word_1_95' title='bbox 434 652 492 684; x_wconf 85' lang='lat' dir='ltr'>bus</span> <span class='ocrx_word' id='word_1_96' title='bbox 509 651 610 685; x_wconf 89' lang='lat' dir='ltr'>dictae</span> <span class='ocrx_word' id='word_1_97' title='bbox 626 653 885 696; x_wconf 79' lang='lat' dir='ltr'>Congregationis</span> <span class='ocrx_word' id='word_1_98' title='bbox 902 653 979 685; x_wconf 84' lang='lat' dir='ltr'>duas</span> <span class='ocrx_word' id='word_1_99' title='bbox 997 652 1176 696; x_wconf 80' lang='lat' dir='ltr'>provincias</span> 
     </span>
     <span class='ocr_line' id='line_1_23' title="bbox 434 707 1175 750; baseline -0.001 -12"><span class='ocrx_word' id='word_1_100' title='bbox 434 711 611 749; x_wconf 86' lang='lat' dir='ltr'>separatas,</span> <span class='ocrx_word' id='word_1_101' title='bbox 638 717 771 749; x_wconf 88' lang='lat' dir='ltr'>quarum</span> <span class='ocrx_word' id='word_1_102' title='bbox 805 707 964 750; x_wconf 85' lang='lat' dir='ltr'>quaelibet</span> <span class='ocrx_word' id='word_1_103' title='bbox 996 716 1054 749; x_wconf 84' lang='lat' dir='ltr'>per</span> <span class='ocrx_word' id='word_1_104' title='bbox 1079 716 1175 738; x_wconf 89' lang='lat' dir='ltr'>unum</span> 
     </span>
     <span class='ocr_line' id='line_1_24' title="bbox 435 759 1175 803; baseline 0 -12"><span class='ocrx_word' id='word_1_105' title='bbox 435 759 611 792; x_wconf 86' lang='lat' dir='ltr'>ministrum</span> <span class='ocrx_word' id='word_1_106' title='bbox 630 761 855 803; x_wconf 83' lang='lat' dir='ltr'>proxincialem</span> <span class='ocrx_word' id='word_1_107' title='bbox 874 772 909 793; x_wconf 84' lang='lat' dir='ltr'>ex</span> <span class='ocrx_word' id='word_1_108' title='bbox 930 759 1098 803; x_wconf 88' lang='lat' dir='ltr'>praedictis</span> <span class='ocrx_word' id='word_1_109' title='bbox 1115 760 1175 792; x_wconf 88' lang='lat' dir='ltr'>sra-</span> 
     </span>
     <span class='ocr_line' id='line_1_25' title="bbox 433 813 1175 857; baseline -0.001 -11"><span class='ocrx_word' id='word_1_110' title='bbox 433 813 532 846; x_wconf 85' lang='lat' dir='ltr'>tribus</span> <span class='ocrx_word' id='word_1_111' title='bbox 564 814 761 847; x_wconf 80' lang='lat' dir='ltr'>Discalceatis</span> <span class='ocrx_word' id='word_1_112' title='bbox 797 814 976 857; x_wconf 84' lang='lat' dir='ltr'>eligendum</span> <span class='ocrx_word' id='word_1_113' title='bbox 1013 813 1175 856; x_wconf 84' lang='lat' dir='ltr'>guberna—</span> 
     </span>
     <span class='ocr_line' id='line_1_26' title="bbox 434 866 1176 907; baseline -0.001 -8"><span class='ocrx_word' id='word_1_114' title='bbox 434 871 531 907; x_wconf 87' lang='lat' dir='ltr'>retur,</span> <span class='ocrx_word' id='word_1_115' title='bbox 557 867 742 907; x_wconf 75' lang='lat' dir='ltr'>instituerit,</span> <span class='ocrx_word' id='word_1_116' title='bbox 768 872 797 901; x_wconf 85' lang='lat' dir='ltr'>et</span> <span class='ocrx_word' id='word_1_117' title='bbox 822 867 934 900; x_wconf 84' lang='lat' dir='ltr'>deinde</span> <span class='ocrx_word' id='word_1_118' title='bbox 959 867 1041 900; x_wconf 87' lang='lat' dir='ltr'>idem</span> <span class='ocrx_word' id='word_1_119' title='bbox 1063 866 1176 899; x_wconf 87' lang='lat' dir='ltr'>Paulus</span> 
     </span>
     <span class='ocr_line' id='line_1_27' title="bbox 435 919 1172 963; baseline -0.001 -10"><span class='ocrx_word' id='word_1_120' title='bbox 435 920 670 963; x_wconf 84' lang='lat' dir='ltr'>praedecessor·</span> <span class='ocrx_word' id='word_1_121' title='bbox 693 921 869 954; x_wconf 71' lang='lat' dir='ltr'>facultatem</span> <span class='ocrx_word' id='word_1_122' title='bbox 900 920 1090 954; x_wconf 76' lang='lat' dir='ltr'>concesserit</span> <span class='ocrx_word' id='word_1_123' title='bbox 1115 919 1172 952; x_wconf 91' lang='lat' dir='ltr'>eli-</span> 
     </span>
     <span class='ocr_line' id='line_1_28' title="bbox 434 974 1177 1017; baseline -0.001 -11"><span class='ocrx_word' id='word_1_124' title='bbox 434 974 527 1016; x_wconf 80' lang='lat' dir='ltr'>gendi</span> <span class='ocrx_word' id='word_1_125' title='bbox 553 985 588 1006; x_wconf 84' lang='lat' dir='ltr'>ex</span> <span class='ocrx_word' id='word_1_126' title='bbox 614 974 692 1017; x_wconf 87' lang='lat' dir='ltr'>ipsis</span> <span class='ocrx_word' id='word_1_127' title='bbox 712 974 912 1007; x_wconf 84' lang='lat' dir='ltr'>Disealceatis</span> <span class='ocrx_word' id='word_1_128' title='bbox 936 984 1034 1006; x_wconf 88' lang='lat' dir='ltr'>unum</span> <span class='ocrx_word' id='word_1_129' title='bbox 1059 974 1177 1017; x_wconf 85' lang='lat' dir='ltr'>praela-</span> 
     </span>
     <span class='ocr_line' id='line_1_29' title="bbox 435 1027 1175 1071; baseline 0.001 -12"><span class='ocrx_word' id='word_1_130' title='bbox 435 1033 511 1068; x_wconf 90' lang='lat' dir='ltr'>tum,</span> <span class='ocrx_word' id='word_1_131' title='bbox 536 1027 688 1060; x_wconf 83' lang='lat' dir='ltr'>vicarium</span> <span class='ocrx_word' id='word_1_132' title='bbox 714 1029 893 1071; x_wconf 72' lang='lat' dir='ltr'>generalem</span> <span class='ocrx_word' id='word_1_133' title='bbox 920 1028 1175 1071; x_wconf 84' lang='lat' dir='ltr'>nuncupandum,</span> 
     </span>
     <span class='ocr_line' id='line_1_30' title="bbox 435 1081 1177 1126; baseline 0 -12"><span class='ocrx_word' id='word_1_134' title='bbox 435 1081 524 1114; x_wconf 82' lang='lat' dir='ltr'>cuius</span> <span class='ocrx_word' id='word_1_135' title='bbox 549 1082 686 1115; x_wconf 84' lang='lat' dir='ltr'>osticium</span> <span class='ocrx_word' id='word_1_136' title='bbox 710 1086 739 1116; x_wconf 91' lang='lat' dir='ltr'>et</span> <span class='ocrx_word' id='word_1_137' title='bbox 764 1087 901 1126; x_wconf 86' lang='lat' dir='ltr'>potestas</span> <span class='ocrx_word' id='word_1_138' title='bbox 920 1093 977 1126; x_wconf 84' lang='lat' dir='ltr'>per</span> <span class='ocrx_word' id='word_1_139' title='bbox 1002 1092 1054 1115; x_wconf 87' lang='lat' dir='ltr'>sex</span> <span class='ocrx_word' id='word_1_140' title='bbox 1079 1092 1177 1114; x_wconf 90' lang='lat' dir='ltr'>annos</span> 
     </span>
     <span class='ocr_line' id='line_1_31' title="bbox 436 1135 1176 1179; baseline 0.001 -12"><span class='ocrx_word' id='word_1_141' title='bbox 436 1136 561 1175; x_wconf 86' lang='lat' dir='ltr'>durare,</span> <span class='ocrx_word' id='word_1_142' title='bbox 579 1136 696 1179; x_wconf 88' lang='lat' dir='ltr'>quique</span> <span class='ocrx_word' id='word_1_143' title='bbox 714 1135 971 1179; x_wconf 84' lang='lat' dir='ltr'>Congregationis</span> <span class='ocrx_word' id='word_1_144' title='bbox 989 1135 1176 1179; x_wconf 75' lang='lat' dir='ltr'>praedictae,</span> 
     </span>
     <span class='ocr_line' id='line_1_32' title="bbox 437 1189 1175 1232; baseline 0 -12"><span class='ocrx_word' id='word_1_145' title='bbox 437 1189 580 1232; x_wconf 86' lang='lat' dir='ltr'>illiusque</span> <span class='ocrx_word' id='word_1_146' title='bbox 610 1189 846 1232; x_wconf 69' lang='lat' dir='ltr'>provinciarum</span> <span class='ocrx_word' id='word_1_147' title='bbox 879 1195 906 1221; x_wconf 84' lang='lat' dir='ltr'>et</span> <span class='ocrx_word' id='word_1_148' title='bbox 938 1189 1175 1230; x_wconf 83' lang='lat' dir='ltr'>ministrorum⁷</span> 
     </span>
     <span class='ocr_line' id='line_1_33' title="bbox 436 1242 1176 1285; baseline -0.001 -10"><span class='ocrx_word' id='word_1_149' title='bbox 436 1247 496 1275; x_wconf 85' lang='lat' dir='ltr'>tam</span> <span class='ocrx_word' id='word_1_150' title='bbox 523 1242 763 1285; x_wconf 71' lang='lat' dir='ltr'>provincialium</span> <span class='ocrx_word' id='word_1_151' title='bbox 790 1253 884 1285; x_wconf 85' lang='lat' dir='ltr'>quam</span> <span class='ocrx_word' id='word_1_152' title='bbox 910 1242 1176 1281; x_wconf 72' lang='lat' dir='ltr'>conventualium,</span> 
     </span>
     <span class='ocr_line' id='line_1_34' title="bbox 436 1296 1178 1339; baseline -0.001 -11"><span class='ocrx_word' id='word_1_153' title='bbox 436 1296 584 1339; x_wconf 72' lang='lat' dir='ltr'>superior</span> <span class='ocrx_word' id='word_1_154' title='bbox 608 1296 764 1335; x_wconf 79' lang='lat' dir='ltr'>existeret,</span> <span class='ocrx_word' id='word_1_155' title='bbox 785 1302 878 1338; x_wconf 86' lang='lat' dir='ltr'>atque</span> <span class='ocrx_word' id='word_1_156' title='bbox 895 1296 1019 1339; x_wconf 83' lang='lat' dir='ltr'>plenam</span> <span class='ocrx_word' id='word_1_157' title='bbox 1045 1300 1178 1339; x_wconf 86' lang='lat' dir='ltr'>potesta-</span> 
     </span>
     <span class='ocr_line' id='line_1_35' title="bbox 435 1349 1177 1392; baseline 0.001 -12"><span class='ocrx_word' id='word_1_158' title='bbox 435 1355 497 1381; x_wconf 88' lang='lat' dir='ltr'>tem</span> <span class='ocrx_word' id='word_1_159' title='bbox 523 1349 719 1391; x_wconf 84' lang='lat' dir='ltr'>gubernandi</span> <span class='ocrx_word' id='word_1_160' title='bbox 740 1349 854 1381; x_wconf 84' lang='lat' dir='ltr'>dietam</span> <span class='ocrx_word' id='word_1_161' title='bbox 883 1349 1177 1392; x_wconf 80' lang='lat' dir='ltr'>Congregationem,</span> 
     </span>
     <span class='ocr_line' id='line_1_36' title="bbox 437 1402 1177 1446; baseline 0.003 -12"><span class='ocrx_word' id='word_1_162' title='bbox 437 1402 519 1435; x_wconf 88' lang='lat' dir='ltr'>dicto</span> <span class='ocrx_word' id='word_1_163' title='bbox 537 1402 668 1435; x_wconf 83' lang='lat' dir='ltr'>durante</span> <span class='ocrx_word' id='word_1_164' title='bbox 694 1407 844 1446; x_wconf 86' lang='lat' dir='ltr'>tempore,</span> <span class='ocrx_word' id='word_1_165' title='bbox 859 1403 998 1443; x_wconf 84' lang='lat' dir='ltr'>haberet,</span> <span class='ocrx_word' id='word_1_166' title='bbox 1017 1403 1177 1436; x_wconf 87' lang='lat' dir='ltr'>ministro-</span> 
     </span>
     <span class='ocr_line' id='line_1_37' title="bbox 438 1455 1178 1499; baseline 0 -11"><span class='ocrx_word' id='word_1_167' title='bbox 438 1466 499 1499; x_wconf 89' lang='lat' dir='ltr'>que</span> <span class='ocrx_word' id='word_1_168' title='bbox 525 1456 664 1498; x_wconf 82' lang='lat' dir='ltr'>generali</span> <span class='ocrx_word' id='word_1_169' title='bbox 699 1456 793 1488; x_wconf 87' lang='lat' dir='ltr'>totius</span> <span class='ocrx_word' id='word_1_170' title='bbox 825 1456 949 1489; x_wconf 79' lang='lat' dir='ltr'>Ordinis</span> <span class='ocrx_word' id='word_1_171' title='bbox 973 1455 1123 1496; x_wconf 76' lang='lat' dir='ltr'>subesset,</span> <span class='ocrx_word' id='word_1_172' title='bbox 1149 1462 1178 1488; x_wconf 90' lang='lat' dir='ltr'>et</span> 
     </span>
     <span class='ocr_line' id='line_1_38' title="bbox 438 1510 1177 1554; baseline 0.001 -12"><span class='ocrx_word' id='word_1_173' title='bbox 438 1510 711 1543; x_wconf 81' lang='lat' dir='ltr'>confirmationem</span> <span class='ocrx_word' id='word_1_174' title='bbox 744 1521 817 1543; x_wconf 84' lang='lat' dir='ltr'>suae</span> <span class='ocrx_word' id='word_1_175' title='bbox 849 1510 1009 1543; x_wconf 85' lang='lat' dir='ltr'>electionis</span> <span class='ocrx_word' id='word_1_176' title='bbox 1039 1511 1077 1543; x_wconf 86' lang='lat' dir='ltr'>ab</span> <span class='ocrx_word' id='word_1_177' title='bbox 1109 1511 1177 1554; x_wconf 89' lang='lat' dir='ltr'>ipso</span> 
     </span>
     <span class='ocr_line' id='line_1_39' title="bbox 439 1563 637 1596; baseline -0.005 0"><span class='ocrx_word' id='word_1_178' title='bbox 439 1563 595 1596; x_wconf 87' lang='lat' dir='ltr'>obtineret</span> <span class='ocrx_word' id='word_1_179' title='bbox 609 1563 615 1579; x_wconf 96' lang='lat'>¹</span> <span class='ocrx_word' id='word_1_180' title='bbox 633 1575 637 1595; x_wconf 81' lang='lat' dir='ltr'>z</span> 
     </span>
    </p>

    <p class='ocr_par' dir='ltr' id='par_1_9' title="bbox 437 1617 1179 2462">
     <span class='ocr_line' id='line_1_40' title="bbox 483 1617 1177 1660; baseline 0 -10"><span class='ocrx_word' id='word_1_181' title='bbox 483 1618 497 1660; x_wconf 64' lang='grc' dir='ltr'><strong>ξ</strong></span> <span class='ocrx_word' id='word_1_182' title='bbox 522 1618 550 1650; x_wconf 75' lang='lat'>4.</span> <span class='ocrx_word' id='word_1_183' title='bbox 577 1617 736 1659; x_wconf 81' lang='lat' dir='ltr'>Subinde,</span> <span class='ocrx_word' id='word_1_184' title='bbox 762 1629 833 1651; x_wconf 84' lang='lat' dir='ltr'>cum</span> <span class='ocrx_word' id='word_1_185' title='bbox 871 1618 985 1651; x_wconf 81' lang='lat' dir='ltr'>rationi</span> <span class='ocrx_word' id='word_1_186' title='bbox 1015 1623 1177 1652; x_wconf 85' lang='lat' dir='ltr'>consenta-</span> 
     </span>
     <span class='ocr_line' id='line_1_41' title="bbox 439 1672 1178 1715; baseline 0.001 -12"><span class='ocrx_word' id='word_1_187' title='bbox 439 1682 532 1704; x_wconf 86' lang='lat' dir='ltr'>neum</span> <span class='ocrx_word' id='word_1_188' title='bbox 558 1681 620 1704; x_wconf 89' lang='lat' dir='ltr'>non</span> <span class='ocrx_word' id='word_1_189' title='bbox 646 1677 736 1712; x_wconf 83' lang='lat' dir='ltr'>esset,</span> <span class='ocrx_word' id='word_1_190' title='bbox 754 1677 787 1704; x_wconf 89' lang='lat' dir='ltr'>ut</span> <span class='ocrx_word' id='word_1_191' title='bbox 808 1672 861 1715; x_wconf 89' lang='lat' dir='ltr'>qui</span> <span class='ocrx_word' id='word_1_192' title='bbox 886 1672 1030 1705; x_wconf 85' lang='lat' dir='ltr'>arctioris</span> <span class='ocrx_word' id='word_1_193' title='bbox 1051 1672 1178 1714; x_wconf 84' lang='lat' dir='ltr'>regulae</span> 
     </span>
     <span class='ocr_line' id='line_1_42' title="bbox 439 1725 1178 1768; baseline -0.001 -11"><span class='ocrx_word' id='word_1_194' title='bbox 439 1728 596 1758; x_wconf 87' lang='lat' dir='ltr'>sectantur</span> <span class='ocrx_word' id='word_1_195' title='bbox 620 1725 862 1765; x_wconf 68' lang='lat' dir='ltr'>observantiam,</span> <span class='ocrx_word' id='word_1_196' title='bbox 882 1725 1110 1768; x_wconf 84' lang='lat' dir='ltr'>superioribus,</span> <span class='ocrx_word' id='word_1_197' title='bbox 1126 1725 1178 1768; x_wconf 88' lang='lat' dir='ltr'>qui</span> 
     </span>
     <span class='ocr_line' id='line_1_43' title="bbox 438 1778 1179 1822; baseline 0.001 -12"><span class='ocrx_word' id='word_1_198' title='bbox 438 1778 469 1810; x_wconf 91' lang='lat' dir='ltr'>in</span> <span class='ocrx_word' id='word_1_199' title='bbox 494 1778 606 1811; x_wconf 79' lang='lat' dir='ltr'>laxiori</span> <span class='ocrx_word' id='word_1_200' title='bbox 631 1778 762 1821; x_wconf 81' lang='lat' dir='ltr'>degunt,</span> <span class='ocrx_word' id='word_1_201' title='bbox 788 1779 984 1819; x_wconf 87' lang='lat' dir='ltr'>subiaceant,</span> <span class='ocrx_word' id='word_1_202' title='bbox 1009 1778 1062 1811; x_wconf 81' lang='lat' dir='ltr'>sed</span> <span class='ocrx_word' id='word_1_203' title='bbox 1087 1789 1179 1822; x_wconf 87' lang='lat' dir='ltr'>supe-</span> 
     </span>
     <span class='ocr_line' id='line_1_44' title="bbox 437 1831 1178 1875; baseline 0.001 -12"><span class='ocrx_word' id='word_1_204' title='bbox 437 1831 538 1864; x_wconf 86' lang='lat' dir='ltr'>riores</span> <span class='ocrx_word' id='word_1_205' title='bbox 563 1831 697 1864; x_wconf 83' lang='lat' dir='ltr'>liabeant</span> <span class='ocrx_word' id='word_1_206' title='bbox 721 1832 840 1875; x_wconf 84' lang='lat' dir='ltr'>proprii</span> <span class='ocrx_word' id='word_1_207' title='bbox 871 1832 917 1864; x_wconf 86' lang='lat' dir='ltr'>sui</span> <span class='ocrx_word' id='word_1_208' title='bbox 943 1832 1093 1872; x_wconf 86' lang='lat' dir='ltr'>instituti,</span> <span class='ocrx_word' id='word_1_209' title='bbox 1121 1842 1178 1864; x_wconf 89' lang='lat' dir='ltr'>nos</span> 
     </span>
     <span class='ocr_line' id='line_1_45' title="bbox 437 1885 1178 1929; baseline 0 -11"><span class='ocrx_word' id='word_1_210' title='bbox 437 1890 605 1929; x_wconf 85' lang='lat' dir='ltr'>propterea</span> <span class='ocrx_word' id='word_1_211' title='bbox 623 1890 711 1918; x_wconf 88' lang='lat' dir='ltr'>motu</span> <span class='ocrx_word' id='word_1_212' title='bbox 724 1891 832 1918; x_wconf 85' lang='lat' dir='ltr'>nostro</span> <span class='ocrx_word' id='word_1_213' title='bbox 845 1885 976 1929; x_wconf 81' lang='lat' dir='ltr'>proprio</span> <span class='ocrx_word' id='word_1_214' title='bbox 994 1891 1021 1917; x_wconf 87' lang='lat' dir='ltr'>et</span> <span class='ocrx_word' id='word_1_215' title='bbox 1040 1896 1076 1917; x_wconf 83' lang='lat' dir='ltr'>ex</span> <span class='ocrx_word' id='word_1_216' title='bbox 1095 1888 1178 1918; x_wconf 78' lang='lat' dir='ltr'>certa</span> 
     </span>
     <span class='ocr_line' id='line_1_46' title="bbox 437 1939 1179 1982; baseline 0.001 -12"><span class='ocrx_word' id='word_1_217' title='bbox 437 1939 566 1971; x_wconf 76' lang='lat' dir='ltr'>scientia</span> <span class='ocrx_word' id='word_1_218' title='bbox 591 1941 714 1981; x_wconf 75' lang='lat' dir='ltr'>nostra,</span> <span class='ocrx_word' id='word_1_219' title='bbox 741 1939 839 1982; x_wconf 83' lang='lat' dir='ltr'>deque</span> <span class='ocrx_word' id='word_1_220' title='bbox 865 1939 1053 1982; x_wconf 85' lang='lat' dir='ltr'>apostolicae</span> <span class='ocrx_word' id='word_1_221' title='bbox 1078 1945 1179 1982; x_wconf 87' lang='lat' dir='ltr'>potes-</span> 
     </span>
     <span class='ocr_line' id='line_1_47' title="bbox 439 1991 1177 2035; baseline -0.001 -10"><span class='ocrx_word' id='word_1_222' title='bbox 439 1992 507 2026; x_wconf 86' lang='lat' dir='ltr'>tatis</span> <span class='ocrx_word' id='word_1_223' title='bbox 532 1991 747 2035; x_wconf 83' lang='lat' dir='ltr'>plenitudine,</span> <span class='ocrx_word' id='word_1_224' title='bbox 772 1991 1013 2034; x_wconf 75' lang='lat' dir='ltr'>Congregationi</span> <span class='ocrx_word' id='word_1_225' title='bbox 1046 1992 1177 2024; x_wconf 83' lang='lat' dir='ltr'>fratrum</span> 
     </span>
     <span class='ocr_line' id='line_1_48' title="bbox 438 2045 1178 2078; baseline 0 0"><span class='ocrx_word' id='word_1_226' title='bbox 438 2045 701 2078; x_wconf 81' lang='lat' dir='ltr'>Discalceatorum</span> <span class='ocrx_word' id='word_1_227' title='bbox 745 2045 923 2077; x_wconf 85' lang='lat' dir='ltr'>huiusmodi</span> <span class='ocrx_word' id='word_1_228' title='bbox 965 2045 1178 2078; x_wconf 71' lang='lat' dir='ltr'>concessimus</span> 
     </span>
     <span class='ocr_line' id='line_1_49' title="bbox 438 2099 1178 2142; baseline 0.001 -11"><span class='ocrx_word' id='word_1_229' title='bbox 438 2099 615 2131; x_wconf 81' lang='lat' dir='ltr'>facultatem</span> <span class='ocrx_word' id='word_1_230' title='bbox 642 2099 777 2141; x_wconf 81' lang='lat' dir='ltr'>eligendi</span> <span class='ocrx_word' id='word_1_231' title='bbox 800 2109 896 2131; x_wconf 89' lang='lat' dir='ltr'>unum</span> <span class='ocrx_word' id='word_1_232' title='bbox 923 2099 1102 2131; x_wconf 83' lang='lat' dir='ltr'>ministrum</span> <span class='ocrx_word' id='word_1_233' title='bbox 1129 2110 1178 2142; x_wconf 83' lang='lat' dir='ltr'>ge-</span> 
     </span>
     <span class='ocr_line' id='line_1_50' title="bbox 438 2153 1177 2196; baseline 0 -11"><span class='ocrx_word' id='word_1_234' title='bbox 438 2153 576 2186; x_wconf 86' lang='lat' dir='ltr'>neralem</span> <span class='ocrx_word' id='word_1_235' title='bbox 603 2163 638 2185; x_wconf 83' lang='lat' dir='ltr'>ex</span> <span class='ocrx_word' id='word_1_236' title='bbox 664 2153 740 2196; x_wconf 85' lang='lat' dir='ltr'>ipsis</span> <span class='ocrx_word' id='word_1_237' title='bbox 758 2153 977 2191; x_wconf 73' lang='lat' dir='ltr'>Discalceatis3</span> <span class='ocrx_word' id='word_1_238' title='bbox 999 2157 1177 2193; x_wconf 76' lang='lat' dir='ltr'>statuentes,</span> 
     </span>
     <span class='ocr_line' id='line_1_51' title="bbox 437 2205 1177 2249; baseline 0 -11"><span class='ocrx_word' id='word_1_239' title='bbox 437 2207 517 2240; x_wconf 87' lang='lat' dir='ltr'>inter</span> <span class='ocrx_word' id='word_1_240' title='bbox 535 2206 603 2246; x_wconf 85' lang='lat' dir='ltr'>alia,</span> <span class='ocrx_word' id='word_1_241' title='bbox 618 2206 701 2249; x_wconf 88' lang='lat' dir='ltr'>quod</span> <span class='ocrx_word' id='word_1_242' title='bbox 719 2206 829 2239; x_wconf 87' lang='lat' dir='ltr'>electio</span> <span class='ocrx_word' id='word_1_243' title='bbox 854 2205 1033 2239; x_wconf 89' lang='lat' dir='ltr'>huiusmodi</span> <span class='ocrx_word' id='word_1_244' title='bbox 1048 2206 1177 2239; x_wconf 85' lang='lat' dir='ltr'>maioris</span> 
     </span>
     <span class='ocr_line' id='line_1_52' title="bbox 437 2260 1176 2303; baseline 0 -11"><span class='ocrx_word' id='word_1_245' title='bbox 437 2271 472 2293; x_wconf 84' lang='lat' dir='ltr'>ac</span> <span class='ocrx_word' id='word_1_246' title='bbox 497 2260 652 2303; x_wconf 84' lang='lat' dir='ltr'>generalis</span> <span class='ocrx_word' id='word_1_247' title='bbox 678 2260 813 2293; x_wconf 87' lang='lat' dir='ltr'>ministri</span> <span class='ocrx_word' id='word_1_248' title='bbox 837 2260 875 2293; x_wconf 89' lang='lat' dir='ltr'>de</span> <span class='ocrx_word' id='word_1_249' title='bbox 899 2260 1048 2293; x_wconf 83' lang='lat' dir='ltr'>sexennio</span> <span class='ocrx_word' id='word_1_250' title='bbox 1074 2261 1104 2292; x_wconf 90' lang='lat' dir='ltr'>in</span> <span class='ocrx_word' id='word_1_251' title='bbox 1129 2270 1176 2292; x_wconf 84' lang='lat' dir='ltr'>sc-</span> 
     </span>
     <span class='ocr_line' id='line_1_53' title="bbox 437 2314 1178 2358; baseline 0 -11"><span class='ocrx_word' id='word_1_252' title='bbox 437 2315 583 2348; x_wconf 81' lang='lat' dir='ltr'>xenniuin</span> <span class='ocrx_word' id='word_1_253' title='bbox 610 2315 640 2347; x_wconf 88' lang='lat' dir='ltr'>in</span> <span class='ocrx_word' id='word_1_254' title='bbox 665 2315 802 2358; x_wconf 85' lang='lat' dir='ltr'>capitulo</span> <span class='ocrx_word' id='word_1_255' title='bbox 820 2314 958 2358; x_wconf 87' lang='lat' dir='ltr'>generali</span> <span class='ocrx_word' id='word_1_256' title='bbox 983 2325 1039 2358; x_wconf 89' lang='lat' dir='ltr'>per</span> <span class='ocrx_word' id='word_1_257' title='bbox 1060 2317 1178 2348; x_wconf 83' lang='lat' dir='ltr'>secreta</span> 
     </span>
     <span class='ocr_line' id='line_1_54' title="bbox 439 2367 1178 2411; baseline -0.001 -10"><span class='ocrx_word' id='word_1_258' title='bbox 439 2368 587 2411; x_wconf 72' lang='lat' dir='ltr'>sutfragia</span> <span class='ocrx_word' id='word_1_259' title='bbox 632 2369 714 2401; x_wconf 83' lang='lat' dir='ltr'>iuxta</span> <span class='ocrx_word' id='word_1_260' title='bbox 757 2368 925 2401; x_wconf 84' lang='lat' dir='ltr'>concilium</span> <span class='ocrx_word' id='word_1_261' title='bbox 962 2367 1178 2401; x_wconf 86' lang='lat' dir='ltr'>Tridentinurn</span> 
     </span>
     <span class='ocr_line' id='line_1_55' title="bbox 439 2422 562 2462; baseline 0.008 -8"><span class='ocrx_word' id='word_1_262' title='bbox 439 2422 562 2462; x_wconf 40' lang='lat' dir='ltr'>fieret&amp;</span> 
     </span>
    </p>
   </div>
   <div class='ocr_carea' id='block_1_9' title="bbox 439 2510 1179 2680">
    <p class='ocr_par' dir='ltr' id='par_1_10' title="bbox 440 2510 1179 2627">
     <span class='ocr_line' id='line_1_56' title="bbox 475 2510 1178 2546; baseline 0 -9"><span class='ocrx_word' id='word_1_263' title='bbox 475 2514 485 2538; x_wconf 86' lang='grc'><strong>1</strong></span> <span class='ocrx_word' id='word_1_264' title='bbox 505 2511 569 2539; x_wconf 89' lang='lat' dir='ltr'>Vide</span> <span class='ocrx_word' id='word_1_265' title='bbox 584 2512 656 2540; x_wconf 84' lang='lat' dir='ltr'>Pauli</span> <span class='ocrx_word' id='word_1_266' title='bbox 674 2512 703 2546; x_wconf 94' lang='lat' dir='ltr'>V,</span> <span class='ocrx_word' id='word_1_267' title='bbox 719 2513 811 2539; x_wconf 86' lang='lat' dir='ltr'>Const.</span> <span class='ocrx_word' id='word_1_268' title='bbox 828 2518 870 2544; x_wconf 81' lang='lat' dir='ltr'>CL,</span> <span class='ocrx_word' id='word_1_269' title='bbox 888 2512 934 2539; x_wconf 70' lang='lat' dir='ltr'>Ex</span> <span class='ocrx_word' id='word_1_270' title='bbox 954 2512 1045 2539; x_wconf 82' lang='lat' dir='ltr'>debito</span> <span class='ocrx_word' id='word_1_271' title='bbox 1062 2515 1088 2539; x_wconf 87' lang='lat' dir='ltr'>et</span> <span class='ocrx_word' id='word_1_272' title='bbox 1102 2510 1178 2538; x_wconf 84' lang='lat' dir='ltr'>adie-</span> 
     </span>
     <span class='ocr_line' id='line_1_57' title="bbox 440 2556 1179 2592; baseline -0.003 -8"><span class='ocrx_word' id='word_1_273' title='bbox 440 2562 507 2584; x_wconf 82' lang='lat' dir='ltr'>ctam</span> <span class='ocrx_word' id='word_1_274' title='bbox 521 2578 527 2590; x_wconf 93' lang='lat'>,</span> <span class='ocrx_word' id='word_1_275' title='bbox 552 2558 586 2584; x_wconf 83' lang='lat' dir='ltr'>In</span> <span class='ocrx_word' id='word_1_276' title='bbox 610 2565 755 2592; x_wconf 77' lang='lat' dir='ltr'>supremo,</span> <span class='ocrx_word' id='word_1_277' title='bbox 778 2560 842 2584; x_wconf 88' lang='lat' dir='ltr'>tom.</span> <span class='ocrx_word' id='word_1_278' title='bbox 868 2564 906 2590; x_wconf 83' lang='lat' dir='ltr'>x1,</span> <span class='ocrx_word' id='word_1_279' title='bbox 930 2564 989 2592; x_wconf 82' lang='lat' dir='ltr'>pag.</span> <span class='ocrx_word' id='word_1_280' title='bbox 1011 2556 1062 2583; x_wconf 70' lang='lat'>61⁹2</span> <span class='ocrx_word' id='word_1_281' title='bbox 1083 2560 1109 2583; x_wconf 92' lang='lat' dir='ltr'>et</span> <span class='ocrx_word' id='word_1_282' title='bbox 1127 2556 1179 2582; x_wconf 74' lang='lat'>614</span> 
     </span>
     <span class='ocr_line' id='line_1_58' title="bbox 453 2607 540 2627; baseline 0.011 -1"><span class='ocrx_word' id='word_1_283' title='bbox 453 2607 477 2626; x_wconf 71' lang='lat' dir='ltr'>a.</span> <span class='ocrx_word' id='word_1_284' title='bbox 493 2608 517 2627; x_wconf 79' lang='lat' dir='ltr'>T.</span> <span class='ocrx_word' id='word_1_285' title='bbox 534 2621 540 2627; x_wconf 88' lang='lat'>.</span> 
     </span>
    </p>

    <p class='ocr_par' dir='ltr' id='par_1_11' title="bbox 439 2602 1176 2680">
     <span class='ocr_line' id='line_1_59' title="bbox 439 2602 1176 2680; baseline 0.001 -10"><span class='ocrx_word' id='word_1_286' title='bbox 439 2607 447 2633; x_wconf 33' lang='lat' dir='ltr'>i</span> <span class='ocrx_word' id='word_1_287' title='bbox 473 2644 490 2670; x_wconf 61' lang='grc' dir='ltr'><strong><em>ἓ</em></strong></span> <span class='ocrx_word' id='word_1_288' title='bbox 506 2602 621 2672; x_wconf 70' lang='lat' dir='ltr'>Litterae</span> <span class='ocrx_word' id='word_1_289' title='bbox 633 2644 732 2673; x_wconf 78' lang='lat' dir='ltr'>Urbani</span> <span class='ocrx_word' id='word_1_290' title='bbox 745 2645 801 2673; x_wconf 75' lang='lat' dir='ltr'>Vttl</span> <span class='ocrx_word' id='word_1_291' title='bbox 812 2645 968 2673; x_wconf 87' lang='lat' dir='ltr'>huiusmodi</span> <span class='ocrx_word' id='word_1_292' title='bbox 979 2645 1077 2673; x_wconf 87' lang='lat' dir='ltr'>desunt</span> <span class='ocrx_word' id='word_1_293' title='bbox 1086 2645 1176 2680; x_wconf 51' lang='lat' dir='ltr'>(Fue).</span> 
     </span>
    </p>
   </div>
   <div class='ocr_carea' id='block_1_10' title="bbox 1191 307 1198 2605">
    <p class='ocr_par' dir='ltr' id='par_1_12' title="bbox 1191 307 1198 2605">
     <span class='ocr_line' id='line_1_60' title="bbox 1191 307 1198 2605; baseline 0 0"><span class='ocrx_word' id='word_1_294' title='bbox 1191 307 1198 2605; x_wconf 95' lang='lat' dir='ltr'> </span> 
     </span>
    </p>
   </div>
   <div class='ocr_carea' id='block_1_11' title="bbox 1209 490 1953 2680">
    <p class='ocr_par' dir='ltr' id='par_1_13' title="bbox 1209 490 1953 1393">
     <span class='ocr_line' id='line_1_61' title="bbox 1209 490 1948 535; baseline 0.003 -12"><span class='ocrx_word' id='word_1_295' title='bbox 1209 491 1368 534; x_wconf 87' lang='lat' dir='ltr'>praelatus</span> <span class='ocrx_word' id='word_1_296' title='bbox 1385 491 1459 523; x_wconf 89' lang='lat' dir='ltr'>dicti</span> <span class='ocrx_word' id='word_1_297' title='bbox 1480 490 1604 524; x_wconf 83' lang='lat' dir='ltr'>Ordinis</span> <span class='ocrx_word' id='word_1_298' title='bbox 1624 502 1641 523; x_wconf 85' lang='lat' dir='ltr'>a</span> <span class='ocrx_word' id='word_1_299' title='bbox 1666 491 1743 524; x_wconf 82' lang='lat' dir='ltr'>Sede</span> <span class='ocrx_word' id='word_1_300' title='bbox 1771 492 1948 535; x_wconf 72' lang='lat' dir='ltr'>Apostolica</span> 
     </span>
     <span class='ocr_line' id='line_1_62' title="bbox 1210 544 1948 588; baseline 0 -11"><span class='ocrx_word' id='word_1_301' title='bbox 1210 544 1388 578; x_wconf 88' lang='lat' dir='ltr'>immediate</span> <span class='ocrx_word' id='word_1_302' title='bbox 1405 544 1594 588; x_wconf 88' lang='lat' dir='ltr'>dependens,</span> <span class='ocrx_word' id='word_1_303' title='bbox 1613 555 1630 576; x_wconf 86' lang='lat' dir='ltr'>a</span> <span class='ocrx_word' id='word_1_304' title='bbox 1646 544 1737 577; x_wconf 88' lang='lat' dir='ltr'>nobis</span> <span class='ocrx_word' id='word_1_305' title='bbox 1753 544 1948 586; x_wconf 83' lang='lat' dir='ltr'>obtinuisset,</span> 
     </span>
     <span class='ocr_line' id='line_1_63' title="bbox 1210 597 1949 642; baseline 0 -12"><span class='ocrx_word' id='word_1_306' title='bbox 1210 602 1370 642; x_wconf 87' lang='lat' dir='ltr'>postremo</span> <span class='ocrx_word' id='word_1_307' title='bbox 1387 597 1481 630; x_wconf 84' lang='lat' dir='ltr'>etiam</span> <span class='ocrx_word' id='word_1_308' title='bbox 1502 607 1559 630; x_wconf 86' lang='lat' dir='ltr'>nos</span> <span class='ocrx_word' id='word_1_309' title='bbox 1576 597 1677 630; x_wconf 86' lang='lat' dir='ltr'>eidem</span> <span class='ocrx_word' id='word_1_310' title='bbox 1698 597 1949 640; x_wconf 81' lang='lat' dir='ltr'>Congregationi,</span> 
     </span>
     <span class='ocr_line' id='line_1_64' title="bbox 1211 650 1951 695; baseline 0.001 -12"><span class='ocrx_word' id='word_1_311' title='bbox 1211 656 1243 683; x_wconf 93' lang='lat' dir='ltr'>ut</span> <span class='ocrx_word' id='word_1_312' title='bbox 1261 651 1433 695; x_wconf 86' lang='lat' dir='ltr'>capitulum</span> <span class='ocrx_word' id='word_1_313' title='bbox 1453 651 1600 693; x_wconf 83' lang='lat' dir='ltr'>generale</span> <span class='ocrx_word' id='word_1_314' title='bbox 1617 650 1881 684; x_wconf 84' lang='lat' dir='ltr'>Discalceatorum</span> <span class='ocrx_word' id='word_1_315' title='bbox 1899 651 1951 684; x_wconf 90' lang='lat' dir='ltr'>Or-</span> 
     </span>
     <span class='ocr_line' id='line_1_65' title="bbox 1211 703 1950 748; baseline 0.001 -12"><span class='ocrx_word' id='word_1_316' title='bbox 1211 704 1290 736; x_wconf 89' lang='lat' dir='ltr'>dinis</span> <span class='ocrx_word' id='word_1_317' title='bbox 1315 709 1345 736; x_wconf 89' lang='lat' dir='ltr'>et</span> <span class='ocrx_word' id='word_1_318' title='bbox 1373 704 1631 746; x_wconf 83' lang='lat' dir='ltr'>Congregationis</span> <span class='ocrx_word' id='word_1_319' title='bbox 1662 703 1867 745; x_wconf 87' lang='lat' dir='ltr'>huiusmodi,</span> <span class='ocrx_word' id='word_1_320' title='bbox 1893 715 1950 748; x_wconf 89' lang='lat' dir='ltr'>pro</span> 
     </span>
     <span class='ocr_line' id='line_1_66' title="bbox 1211 757 1951 799; baseline -0.001 -9"><span class='ocrx_word' id='word_1_321' title='bbox 1211 757 1294 790; x_wconf 88' lang='lat' dir='ltr'>illius</span> <span class='ocrx_word' id='word_1_322' title='bbox 1311 757 1446 790; x_wconf 88' lang='lat' dir='ltr'>ministri</span> <span class='ocrx_word' id='word_1_323' title='bbox 1465 757 1620 799; x_wconf 85' lang='lat' dir='ltr'>generalis</span> <span class='ocrx_word' id='word_1_324' title='bbox 1637 757 1789 790; x_wconf 84' lang='lat' dir='ltr'>electione</span> <span class='ocrx_word' id='word_1_325' title='bbox 1810 757 1951 790; x_wconf 76' lang='lat' dir='ltr'>facienda</span> 
     </span>
     <span class='ocr_line' id='line_1_67' title="bbox 1210 811 1952 854; baseline -0.001 -10"><span class='ocrx_word' id='word_1_326' title='bbox 1210 811 1348 854; x_wconf 82' lang='lat' dir='ltr'>legitime</span> <span class='ocrx_word' id='word_1_327' title='bbox 1361 816 1599 853; x_wconf 79' lang='lat' dir='ltr'>congregatum,</span> <span class='ocrx_word' id='word_1_328' title='bbox 1613 811 1650 843; x_wconf 88' lang='lat' dir='ltr'>de</span> <span class='ocrx_word' id='word_1_329' title='bbox 1665 816 1778 851; x_wconf 84' lang='lat' dir='ltr'>cetero,</span> <span class='ocrx_word' id='word_1_330' title='bbox 1792 811 1952 854; x_wconf 87' lang='lat' dir='ltr'>perpetuis</span> 
     </span>
     <span class='ocr_line' id='line_1_68' title="bbox 1211 863 1952 907; baseline -0.001 -11"><span class='ocrx_word' id='word_1_331' title='bbox 1211 864 1322 896; x_wconf 85' lang='lat' dir='ltr'>futuris</span> <span class='ocrx_word' id='word_1_332' title='bbox 1354 863 1573 907; x_wconf 85' lang='lat' dir='ltr'>temporibus,</span> <span class='ocrx_word' id='word_1_333' title='bbox 1599 863 1784 896; x_wconf 85' lang='lat' dir='ltr'>electionem</span> <span class='ocrx_word' id='word_1_334' title='bbox 1817 863 1952 895; x_wconf 86' lang='lat' dir='ltr'>ministri</span> 
     </span>
     <span class='ocr_line' id='line_1_69' title="bbox 1211 916 1950 963; baseline -0.003 -13"><span class='ocrx_word' id='word_1_335' title='bbox 1211 918 1367 960; x_wconf 83' lang='lat' dir='ltr'>generalis</span> <span class='ocrx_word' id='word_1_336' title='bbox 1381 918 1411 950; x_wconf 90' lang='lat' dir='ltr'>in</span> <span class='ocrx_word' id='word_1_337' title='bbox 1428 917 1511 950; x_wconf 88' lang='lat' dir='ltr'>dicto</span> <span class='ocrx_word' id='word_1_338' title='bbox 1537 918 1672 962; x_wconf 86' lang='lat' dir='ltr'>capitulo</span> <span class='ocrx_word' id='word_1_339' title='bbox 1685 916 1824 963; x_wconf 84' lang='lat' dir='ltr'>generali</span> <span class='ocrx_word' id='word_1_340' title='bbox 1839 917 1950 949; x_wconf 82' lang='lat' dir='ltr'>factam</span> 
     </span>
     <span class='ocr_line' id='line_1_70' title="bbox 1211 971 1948 1015; baseline -0.003 -11"><span class='ocrx_word' id='word_1_341' title='bbox 1211 971 1401 1004; x_wconf 80' lang='lat' dir='ltr'>confirmare</span> <span class='ocrx_word' id='word_1_342' title='bbox 1426 971 1524 1004; x_wconf 85' lang='lat' dir='ltr'>libere</span> <span class='ocrx_word' id='word_1_343' title='bbox 1549 975 1578 1005; x_wconf 89' lang='lat' dir='ltr'>et</span> <span class='ocrx_word' id='word_1_344' title='bbox 1602 971 1685 1004; x_wconf 86' lang='lat' dir='ltr'>licite</span> <span class='ocrx_word' id='word_1_345' title='bbox 1710 976 1816 1015; x_wconf 89' lang='lat' dir='ltr'>posset</span> <span class='ocrx_word' id='word_1_346' title='bbox 1839 973 1869 1004; x_wconf 87' lang='lat' dir='ltr'>et</span> <span class='ocrx_word' id='word_1_347' title='bbox 1893 980 1948 1002; x_wconf 79' lang='lat' dir='ltr'>va-</span> 
     </span>
     <span class='ocr_line' id='line_1_71' title="bbox 1212 1023 1951 1068; baseline -0.001 -11"><span class='ocrx_word' id='word_1_348' title='bbox 1212 1026 1289 1058; x_wconf 88' lang='lat' dir='ltr'>leret</span> <span class='ocrx_word' id='word_1_349' title='bbox 1310 1025 1368 1068; x_wconf 82' lang='lat' dir='ltr'>(ita</span> <span class='ocrx_word' id='word_1_350' title='bbox 1393 1025 1477 1068; x_wconf 86' lang='lat' dir='ltr'>quod</span> <span class='ocrx_word' id='word_1_351' title='bbox 1498 1024 1639 1058; x_wconf 86' lang='lat' dir='ltr'>minister</span> <span class='ocrx_word' id='word_1_352' title='bbox 1659 1024 1814 1068; x_wconf 82' lang='lat' dir='ltr'>generalis</span> <span class='ocrx_word' id='word_1_353' title='bbox 1838 1023 1951 1058; x_wconf 82' lang='lat' dir='ltr'>Discal-</span> 
     </span>
     <span class='ocr_line' id='line_1_72' title="bbox 1211 1078 1951 1119; baseline 0 -9"><span class='ocrx_word' id='word_1_354' title='bbox 1211 1084 1370 1111; x_wconf 87' lang='lat' dir='ltr'>ceatorum</span> <span class='ocrx_word' id='word_1_355' title='bbox 1389 1078 1569 1111; x_wconf 86' lang='lat' dir='ltr'>huiusmodi</span> <span class='ocrx_word' id='word_1_356' title='bbox 1594 1079 1716 1112; x_wconf 89' lang='lat' dir='ltr'>noviter</span> <span class='ocrx_word' id='word_1_357' title='bbox 1741 1079 1868 1119; x_wconf 82' lang='lat' dir='ltr'>electus,</span> <span class='ocrx_word' id='word_1_358' title='bbox 1885 1082 1915 1112; x_wconf 88' lang='lat' dir='ltr'>et</span> <span class='ocrx_word' id='word_1_359' title='bbox 1935 1088 1951 1110; x_wconf 88' lang='lat' dir='ltr'>a</span> 
     </span>
     <span class='ocr_line' id='line_1_73' title="bbox 1211 1132 1951 1177; baseline 0.001 -12"><span class='ocrx_word' id='word_1_360' title='bbox 1211 1133 1349 1177; x_wconf 85' lang='lat' dir='ltr'>capitulo</span> <span class='ocrx_word' id='word_1_361' title='bbox 1370 1133 1509 1176; x_wconf 81' lang='lat' dir='ltr'>generali</span> <span class='ocrx_word' id='word_1_362' title='bbox 1535 1133 1756 1173; x_wconf 81' lang='lat' dir='ltr'>confirmatus,</span> <span class='ocrx_word' id='word_1_363' title='bbox 1781 1133 1867 1166; x_wconf 71' lang='lat' dir='ltr'>nulla</span> <span class='ocrx_word' id='word_1_364' title='bbox 1891 1132 1951 1166; x_wconf 73' lang='lat' dir='ltr'>alia</span> 
     </span>
     <span class='ocr_line' id='line_1_74' title="bbox 1212 1186 1951 1230; baseline -0.001 -10"><span class='ocrx_word' id='word_1_365' title='bbox 1212 1186 1450 1220; x_wconf 77' lang='lat' dir='ltr'>confirmatione</span> <span class='ocrx_word' id='word_1_366' title='bbox 1467 1197 1605 1230; x_wconf 84' lang='lat' dir='ltr'>unquam</span> <span class='ocrx_word' id='word_1_367' title='bbox 1627 1187 1808 1230; x_wconf 76' lang='lat' dir='ltr'>indigeret),</span> <span class='ocrx_word' id='word_1_368' title='bbox 1827 1193 1951 1230; x_wconf 86' lang='lat' dir='ltr'>aposto-</span> 
     </span>
     <span class='ocr_line' id='line_1_75' title="bbox 1212 1241 1952 1284; baseline -0.003 -10"><span class='ocrx_word' id='word_1_369' title='bbox 1212 1242 1269 1274; x_wconf 78' lang='lat' dir='ltr'>lica</span> <span class='ocrx_word' id='word_1_370' title='bbox 1300 1242 1484 1275; x_wconf 84' lang='lat' dir='ltr'>auctoritate</span> <span class='ocrx_word' id='word_1_371' title='bbox 1516 1241 1767 1281; x_wconf 77' lang='lat' dir='ltr'>concessimus&#39;,</span> <span class='ocrx_word' id='word_1_372' title='bbox 1798 1246 1890 1284; x_wconf 87' lang='lat' dir='ltr'>prout</span> <span class='ocrx_word' id='word_1_373' title='bbox 1921 1241 1952 1272; x_wconf 90' lang='lat' dir='ltr'>in</span> 
     </span>
     <span class='ocr_line' id='line_1_76' title="bbox 1212 1286 1953 1339; baseline -0.001 -12"><span class='ocrx_word' id='word_1_374' title='bbox 1212 1295 1343 1328; x_wconf 71' lang='lat' dir='ltr'>diversis</span> <span class='ocrx_word' id='word_1_375' title='bbox 1364 1286 1474 1329; x_wconf 84' lang='lat' dir='ltr'>litteris</span> <span class='ocrx_word' id='word_1_376' title='bbox 1499 1295 1679 1339; x_wconf 77' lang='lat' dir='ltr'>apostolicis</span> <span class='ocrx_word' id='word_1_377' title='bbox 1704 1295 1839 1338; x_wconf 83' lang='lat' dir='ltr'>desuper</span> <span class='ocrx_word' id='word_1_378' title='bbox 1863 1305 1953 1338; x_wconf 79' lang='lat' dir='ltr'>expe-</span> 
     </span>
     <span class='ocr_line' id='line_1_77' title="bbox 1211 1349 1626 1393; baseline -0.005 -11"><span class='ocrx_word' id='word_1_379' title='bbox 1211 1349 1283 1382; x_wconf 91' lang='lat' dir='ltr'>ditis</span> <span class='ocrx_word' id='word_1_380' title='bbox 1300 1349 1422 1393; x_wconf 83' lang='lat' dir='ltr'>plenius</span> <span class='ocrx_word' id='word_1_381' title='bbox 1440 1349 1626 1382; x_wconf 85' lang='lat' dir='ltr'>continetur.</span> 
     </span>
    </p>

    <p class='ocr_par' dir='ltr' id='par_1_14' title="bbox 1211 1402 1953 2571">
     <span class='ocr_line' id='line_1_78' title="bbox 1256 1402 1952 1449; baseline -0.006 -11"><span class='ocrx_word' id='word_1_382' title='bbox 1256 1406 1270 1449; x_wconf 62' lang='grc' dir='ltr'><strong>ἕ</strong></span> <span class='ocrx_word' id='word_1_383' title='bbox 1284 1405 1312 1438; x_wconf 82' lang='grc'>6.</span> <span class='ocrx_word' id='word_1_384' title='bbox 1331 1404 1407 1437; x_wconf 85' lang='lat' dir='ltr'>Cum</span> <span class='ocrx_word' id='word_1_385' title='bbox 1421 1408 1534 1443; x_wconf 84' lang='lat' dir='ltr'>autem,</span> <span class='ocrx_word' id='word_1_386' title='bbox 1552 1403 1631 1436; x_wconf 87' lang='lat' dir='ltr'>sicut</span> <span class='ocrx_word' id='word_1_387' title='bbox 1644 1402 1831 1446; x_wconf 81' lang='lat' dir='ltr'>accepimus,</span> <span class='ocrx_word' id='word_1_388' title='bbox 1846 1413 1952 1445; x_wconf 89' lang='lat' dir='ltr'>quam-</span> 
     </span>
     <span class='ocr_line' id='line_1_79' title="bbox 1212 1453 1951 1499; baseline -0.004 -10"><span class='ocrx_word' id='word_1_389' title='bbox 1212 1457 1256 1489; x_wconf 70' lang='lat' dir='ltr'>vis</span> <span class='ocrx_word' id='word_1_390' title='bbox 1276 1455 1434 1499; x_wconf 84' lang='lat' dir='ltr'>praedicta</span> <span class='ocrx_word' id='word_1_391' title='bbox 1458 1454 1722 1487; x_wconf 85' lang='lat' dir='ltr'>Discalceatorum</span> <span class='ocrx_word' id='word_1_392' title='bbox 1743 1453 1951 1496; x_wconf 79' lang='lat' dir='ltr'>Congregatio</span> 
     </span>
     <span class='ocr_line' id='line_1_80' title="bbox 1213 1507 1951 1554; baseline -0.005 -11"><span class='ocrx_word' id='word_1_393' title='bbox 1213 1511 1319 1553; x_wconf 75' lang='lat' dir='ltr'>v1gore</span> <span class='ocrx_word' id='word_1_394' title='bbox 1348 1509 1523 1554; x_wconf 83' lang='lat' dir='ltr'>litterarum</span> <span class='ocrx_word' id='word_1_395' title='bbox 1555 1513 1734 1541; x_wconf 86' lang='lat' dir='ltr'>nostrarum</span> <span class='ocrx_word' id='word_1_396' title='bbox 1770 1507 1951 1540; x_wconf 86' lang='lat' dir='ltr'>huiusmodi</span> 
     </span>
     <span class='ocr_line' id='line_1_81' title="bbox 1212 1561 1952 1604; baseline -0.004 -8"><span class='ocrx_word' id='word_1_397' title='bbox 1212 1564 1387 1597; x_wconf 84' lang='lat' dir='ltr'>facultatem</span> <span class='ocrx_word' id='word_1_398' title='bbox 1413 1562 1524 1595; x_wconf 86' lang='lat' dir='ltr'>habeat</span> <span class='ocrx_word' id='word_1_399' title='bbox 1549 1561 1684 1604; x_wconf 88' lang='lat' dir='ltr'>eligendi</span> <span class='ocrx_word' id='word_1_400' title='bbox 1709 1571 1800 1594; x_wconf 87' lang='lat' dir='ltr'>suum</span> <span class='ocrx_word' id='word_1_401' title='bbox 1825 1571 1952 1604; x_wconf 89' lang='lat' dir='ltr'>genera-</span> 
     </span>
     <span class='ocr_line' id='line_1_82' title="bbox 1212 1613 1952 1657; baseline -0.005 -8"><span class='ocrx_word' id='word_1_402' title='bbox 1212 1618 1273 1650; x_wconf 89' lang='lat' dir='ltr'>lem</span> <span class='ocrx_word' id='word_1_403' title='bbox 1291 1616 1469 1649; x_wconf 89' lang='lat' dir='ltr'>ministrum</span> <span class='ocrx_word' id='word_1_404' title='bbox 1481 1615 1576 1648; x_wconf 85' lang='lat' dir='ltr'>totius</span> <span class='ocrx_word' id='word_1_405' title='bbox 1592 1613 1849 1657; x_wconf 82' lang='lat' dir='ltr'>Congregationis</span> <span class='ocrx_word' id='word_1_406' title='bbox 1866 1624 1952 1657; x_wconf 86' lang='lat' dir='ltr'>prae-</span> 
     </span>
     <span class='ocr_line' id='line_1_83' title="bbox 1212 1667 1951 1710; baseline -0.005 -8"><span class='ocrx_word' id='word_1_407' title='bbox 1212 1670 1333 1710; x_wconf 80' lang='lat' dir='ltr'>dictae,</span> <span class='ocrx_word' id='word_1_408' title='bbox 1359 1675 1386 1702; x_wconf 89' lang='lat' dir='ltr'>et</span> <span class='ocrx_word' id='word_1_409' title='bbox 1417 1669 1499 1708; x_wconf 87' lang='lat' dir='ltr'>iam,</span> <span class='ocrx_word' id='word_1_410' title='bbox 1525 1672 1663 1701; x_wconf 81' lang='lat' dir='ltr'>cessante</span> <span class='ocrx_word' id='word_1_411' title='bbox 1690 1667 1817 1700; x_wconf 88' lang='lat' dir='ltr'>nomine</span> <span class='ocrx_word' id='word_1_412' title='bbox 1845 1667 1951 1699; x_wconf 80' lang='lat' dir='ltr'>vicarii</span> 
     </span>
     <span class='ocr_line' id='line_1_84' title="bbox 1213 1721 1950 1766; baseline -0.003 -10"><span class='ocrx_word' id='word_1_413' title='bbox 1213 1723 1390 1766; x_wconf 83' lang='lat' dir='ltr'>generalis,</span> <span class='ocrx_word' id='word_1_414' title='bbox 1415 1722 1488 1755; x_wconf 86' lang='lat' dir='ltr'>satis</span> <span class='ocrx_word' id='word_1_415' title='bbox 1518 1726 1668 1765; x_wconf 83' lang='lat' dir='ltr'>appareat</span> <span class='ocrx_word' id='word_1_416' title='bbox 1700 1731 1837 1754; x_wconf 85' lang='lat' dir='ltr'>cessasse</span> <span class='ocrx_word' id='word_1_417' title='bbox 1866 1721 1950 1754; x_wconf 89' lang='lat' dir='ltr'>illam</span> 
     </span>
     <span class='ocr_line' id='line_1_85' title="bbox 1213 1774 1952 1817; baseline -0.005 -7"><span class='ocrx_word' id='word_1_418' title='bbox 1213 1776 1502 1810; x_wconf 69' lang='lat' dir='ltr'>subordinationem</span> <span class='ocrx_word' id='word_1_419' title='bbox 1529 1775 1636 1808; x_wconf 78' lang='lat' dir='ltr'>vicarii</span> <span class='ocrx_word' id='word_1_420' title='bbox 1661 1774 1816 1817; x_wconf 82' lang='lat' dir='ltr'>generalis</span> <span class='ocrx_word' id='word_1_421' title='bbox 1849 1774 1952 1807; x_wconf 88' lang='lat' dir='ltr'>minis-</span> 
     </span>
     <span class='ocr_line' id='line_1_86' title="bbox 1214 1828 1952 1873; baseline -0.004 -9"><span class='ocrx_word' id='word_1_422' title='bbox 1214 1837 1261 1864; x_wconf 84' lang='lat' dir='ltr'>tro</span> <span class='ocrx_word' id='word_1_423' title='bbox 1286 1830 1424 1873; x_wconf 83' lang='lat' dir='ltr'>generali</span> <span class='ocrx_word' id='word_1_424' title='bbox 1458 1829 1551 1862; x_wconf 84' lang='lat' dir='ltr'>totius</span> <span class='ocrx_word' id='word_1_425' title='bbox 1582 1828 1727 1868; x_wconf 85' lang='lat' dir='ltr'>Ordinis,</span> <span class='ocrx_word' id='word_1_426' title='bbox 1752 1828 1840 1861; x_wconf 87' lang='lat' dir='ltr'>cuius</span> <span class='ocrx_word' id='word_1_427' title='bbox 1869 1828 1952 1862; x_wconf 88' lang='lat' dir='ltr'>vices</span> 
     </span>
     <span class='ocr_line' id='line_1_87' title="bbox 1212 1881 1953 1927; baseline -0.001 -11"><span class='ocrx_word' id='word_1_428' title='bbox 1212 1884 1351 1927; x_wconf 75' lang='lat' dir='ltr'>gerebat,</span> <span class='ocrx_word' id='word_1_429' title='bbox 1366 1883 1447 1916; x_wconf 84' lang='lat' dir='ltr'>etad</span> <span class='ocrx_word' id='word_1_430' title='bbox 1460 1893 1554 1926; x_wconf 87' lang='lat' dir='ltr'>quem</span> <span class='ocrx_word' id='word_1_431' title='bbox 1572 1882 1654 1914; x_wconf 88' lang='lat' dir='ltr'>illius</span> <span class='ocrx_word' id='word_1_432' title='bbox 1671 1881 1868 1915; x_wconf 79' lang='lat' dir='ltr'>confirmatio</span> <span class='ocrx_word' id='word_1_433' title='bbox 1885 1893 1953 1926; x_wconf 89' lang='lat' dir='ltr'>per-</span> 
     </span>
     <span class='ocr_line' id='line_1_88' title="bbox 1214 1936 1952 1980; baseline -0.004 -9"><span class='ocrx_word' id='word_1_434' title='bbox 1214 1938 1345 1978; x_wconf 83' lang='lat' dir='ltr'>tinebat,</span> <span class='ocrx_word' id='word_1_435' title='bbox 1369 1948 1425 1970; x_wconf 87' lang='lat' dir='ltr'>nec</span> <span class='ocrx_word' id='word_1_436' title='bbox 1450 1948 1506 1980; x_wconf 84' lang='lat' dir='ltr'>par</span> <span class='ocrx_word' id='word_1_437' title='bbox 1531 1937 1561 1968; x_wconf 85' lang='lat' dir='ltr'>in</span> <span class='ocrx_word' id='word_1_438' title='bbox 1585 1947 1693 1980; x_wconf 87' lang='lat' dir='ltr'>parem</span> <span class='ocrx_word' id='word_1_439' title='bbox 1719 1936 1831 1970; x_wconf 84' lang='lat' dir='ltr'>habeat</span> <span class='ocrx_word' id='word_1_440' title='bbox 1854 1936 1952 1980; x_wconf 87' lang='lat' dir='ltr'>impe-</span> 
     </span>
     <span class='ocr_line' id='line_1_89' title="bbox 1212 1989 1951 2033; baseline -0.004 -9"><span class='ocrx_word' id='word_1_441' title='bbox 1212 1992 1309 2030; x_wconf 68' lang='lat' dir='ltr'>rium,</span> <span class='ocrx_word' id='word_1_442' title='bbox 1335 1990 1551 2030; x_wconf 84' lang='lat' dir='ltr'>nibilominus,</span> <span class='ocrx_word' id='word_1_443' title='bbox 1575 2000 1633 2033; x_wconf 89' lang='lat' dir='ltr'>pro</span> <span class='ocrx_word' id='word_1_444' title='bbox 1659 1989 1771 2022; x_wconf 88' lang='lat' dir='ltr'>maiori</span> <span class='ocrx_word' id='word_1_445' title='bbox 1795 1989 1898 2032; x_wconf 86' lang='lat' dir='ltr'>quiete</span> <span class='ocrx_word' id='word_1_446' title='bbox 1922 1995 1951 2022; x_wconf 90' lang='lat' dir='ltr'>et</span> 
     </span>
     <span class='ocr_line' id='line_1_90' title="bbox 1212 2043 1951 2089; baseline -0.001 -12"><span class='ocrx_word' id='word_1_447' title='bbox 1212 2045 1369 2089; x_wconf 85' lang='lat' dir='ltr'>spirituali</span> <span class='ocrx_word' id='word_1_448' title='bbox 1394 2054 1567 2088; x_wconf 84' lang='lat' dir='ltr'>progressu</span> <span class='ocrx_word' id='word_1_449' title='bbox 1599 2043 1740 2076; x_wconf 86' lang='lat' dir='ltr'>eiusdem</span> <span class='ocrx_word' id='word_1_450' title='bbox 1772 2043 1951 2087; x_wconf 82' lang='lat' dir='ltr'>Congrega-</span> 
     </span>
     <span class='ocr_line' id='line_1_91' title="bbox 1213 2097 1953 2138; baseline -0.003 -6"><span class='ocrx_word' id='word_1_451' title='bbox 1213 2099 1304 2132; x_wconf 80' lang='lat' dir='ltr'>tionis</span> <span class='ocrx_word' id='word_1_452' title='bbox 1330 2098 1581 2131; x_wconf 76' lang='lat' dir='ltr'>Reformatorum</span> <span class='ocrx_word' id='word_1_453' title='bbox 1607 2097 1805 2138; x_wconf 83' lang='lat' dir='ltr'>huiusmodi,</span> <span class='ocrx_word' id='word_1_454' title='bbox 1821 2108 1893 2138; x_wconf 78' lang='lat' dir='ltr'>nos,</span> <span class='ocrx_word' id='word_1_455' title='bbox 1910 2097 1953 2130; x_wconf 92' lang='lat' dir='ltr'>di-</span> 
     </span>
     <span class='ocr_line' id='line_1_92' title="bbox 1212 2150 1953 2186; baseline -0.001 -1"><span class='ocrx_word' id='word_1_456' title='bbox 1212 2153 1327 2186; x_wconf 89' lang='lat' dir='ltr'>lectum</span> <span class='ocrx_word' id='word_1_457' title='bbox 1348 2152 1448 2184; x_wconf 84' lang='lat' dir='ltr'>lilium</span> <span class='ocrx_word' id='word_1_458' title='bbox 1461 2152 1590 2184; x_wconf 85' lang='lat' dir='ltr'>fratrem</span> <span class='ocrx_word' id='word_1_459' title='bbox 1607 2150 1753 2184; x_wconf 86' lang='lat' dir='ltr'>loannem</span> <span class='ocrx_word' id='word_1_460' title='bbox 1775 2151 1812 2183; x_wconf 90' lang='lat' dir='ltr'>de</span> <span class='ocrx_word' id='word_1_461' title='bbox 1829 2152 1953 2184; x_wconf 87' lang='lat' dir='ltr'>Annun-</span> 
     </span>
     <span class='ocr_line' id='line_1_93' title="bbox 1212 2205 1951 2250; baseline -0.003 -11"><span class='ocrx_word' id='word_1_462' title='bbox 1212 2207 1343 2240; x_wconf 84' lang='lat' dir='ltr'>ciatione</span> <span class='ocrx_word' id='word_1_463' title='bbox 1369 2210 1606 2250; x_wconf 80' lang='lat' dir='ltr'>procuratorem</span> <span class='ocrx_word' id='word_1_464' title='bbox 1639 2205 1818 2247; x_wconf 84' lang='lat' dir='ltr'>generalem</span> <span class='ocrx_word' id='word_1_465' title='bbox 1852 2205 1951 2238; x_wconf 84' lang='lat' dir='ltr'>dictae</span> 
     </span>
     <span class='ocr_line' id='line_1_94' title="bbox 1211 2258 1951 2303; baseline -0.003 -9"><span class='ocrx_word' id='word_1_466' title='bbox 1211 2260 1469 2303; x_wconf 83' lang='lat' dir='ltr'>Congregationis</span> <span class='ocrx_word' id='word_1_467' title='bbox 1501 2259 1662 2303; x_wconf 83' lang='lat' dir='ltr'>amplioris</span> <span class='ocrx_word' id='word_1_468' title='bbox 1698 2259 1816 2301; x_wconf 84' lang='lat' dir='ltr'>gratiae</span> <span class='ocrx_word' id='word_1_469' title='bbox 1846 2258 1951 2292; x_wconf 78' lang='lat' dir='ltr'>favore</span> 
     </span>
     <span class='ocr_line' id='line_1_95' title="bbox 1212 2311 1952 2358; baseline -0.001 -11"><span class='ocrx_word' id='word_1_470' title='bbox 1212 2313 1359 2358; x_wconf 84' lang='lat' dir='ltr'>prosequi</span> <span class='ocrx_word' id='word_1_471' title='bbox 1378 2314 1525 2354; x_wconf 69' lang='lat' dir='ltr'>volentes,</span> <span class='ocrx_word' id='word_1_472' title='bbox 1539 2312 1704 2356; x_wconf 88' lang='lat' dir='ltr'>ipsumque</span> <span class='ocrx_word' id='word_1_473' title='bbox 1718 2311 1865 2345; x_wconf 82' lang='lat' dir='ltr'>Ioannem</span> <span class='ocrx_word' id='word_1_474' title='bbox 1881 2322 1952 2346; x_wconf 88' lang='lat' dir='ltr'>nec-</span> 
     </span>
     <span class='ocr_line' id='line_1_96' title="bbox 1212 2366 1950 2410; baseline -0.003 -10"><span class='ocrx_word' id='word_1_475' title='bbox 1212 2378 1275 2400; x_wconf 90' lang='lat' dir='ltr'>non</span> <span class='ocrx_word' id='word_1_476' title='bbox 1307 2367 1481 2410; x_wconf 78' lang='lat' dir='ltr'>singulares</span> <span class='ocrx_word' id='word_1_477' title='bbox 1512 2376 1663 2410; x_wconf 87' lang='lat' dir='ltr'>personas</span> <span class='ocrx_word' id='word_1_478' title='bbox 1693 2366 1950 2409; x_wconf 80' lang='lat' dir='ltr'>Congregationis</span> 
     </span>
     <span class='ocr_line' id='line_1_97' title="bbox 1212 2418 1949 2465; baseline -0.004 -11"><span class='ocrx_word' id='word_1_479' title='bbox 1212 2420 1389 2465; x_wconf 81' lang='lat' dir='ltr'>praedictae</span> <span class='ocrx_word' id='word_1_480' title='bbox 1407 2431 1423 2454; x_wconf 83' lang='lat' dir='ltr'>a</span> <span class='ocrx_word' id='word_1_481' title='bbox 1434 2420 1597 2465; x_wconf 85' lang='lat' dir='ltr'>quibusvis</span> <span class='ocrx_word' id='word_1_482' title='bbox 1608 2418 1949 2461; x_wconf 75' lang='lat' dir='ltr'>excommunicationis,</span> 
     </span>
     <span class='ocr_line' id='line_1_98' title="bbox 1212 2473 1951 2519; baseline -0.003 -11"><span class='ocrx_word' id='word_1_483' title='bbox 1212 2475 1427 2519; x_wconf 85' lang='lat' dir='ltr'>suspensionis</span> <span class='ocrx_word' id='word_1_484' title='bbox 1452 2479 1482 2509; x_wconf 88' lang='lat' dir='ltr'>et</span> <span class='ocrx_word' id='word_1_485' title='bbox 1506 2474 1672 2515; x_wconf 87' lang='lat' dir='ltr'>interdicti,</span> <span class='ocrx_word' id='word_1_486' title='bbox 1702 2474 1832 2518; x_wconf 81' lang='lat' dir='ltr'>aliisque</span> <span class='ocrx_word' id='word_1_487' title='bbox 1853 2473 1951 2506; x_wconf 88' lang='lat' dir='ltr'>eccle-</span> 
     </span>
     <span class='ocr_line' id='line_1_99' title="bbox 1212 2526 1950 2571; baseline -0.004 -10"><span class='ocrx_word' id='word_1_488' title='bbox 1212 2529 1344 2561; x_wconf 87' lang='lat' dir='ltr'>siasticis</span> <span class='ocrx_word' id='word_1_489' title='bbox 1370 2527 1547 2571; x_wconf 74' lang='lat' dir='ltr'>sententiis,</span> <span class='ocrx_word' id='word_1_490' title='bbox 1574 2527 1714 2561; x_wconf 85' lang='lat' dir='ltr'>censuris</span> <span class='ocrx_word' id='word_1_491' title='bbox 1739 2531 1769 2560; x_wconf 89' lang='lat' dir='ltr'>et</span> <span class='ocrx_word' id='word_1_492' title='bbox 1789 2526 1909 2570; x_wconf 85' lang='lat' dir='ltr'>poenis,</span> <span class='ocrx_word' id='word_1_493' title='bbox 1934 2537 1950 2558; x_wconf 86' lang='lat' dir='ltr'>a</span> 
     </span>
    </p>

    <p class='ocr_par' dir='ltr' id='par_1_15' title="bbox 1210 2597 1950 2680">
     <span class='ocr_line' id='line_1_100' title="bbox 1249 2597 1950 2627; baseline 0 -1"><span class='ocrx_word' id='word_1_494' title='bbox 1249 2600 1258 2625; x_wconf 96' lang='lat'>1</span> <span class='ocrx_word' id='word_1_495' title='bbox 1278 2598 1366 2626; x_wconf 84' lang='lat' dir='ltr'>Etiam</span> <span class='ocrx_word' id='word_1_496' title='bbox 1382 2599 1517 2627; x_wconf 86' lang='lat' dir='ltr'>secundae</span> <span class='ocrx_word' id='word_1_497' title='bbox 1534 2599 1634 2626; x_wconf 81' lang='lat' dir='ltr'>Urbani</span> <span class='ocrx_word' id='word_1_498' title='bbox 1655 2598 1710 2625; x_wconf 85' lang='lat' dir='ltr'>VIII</span> <span class='ocrx_word' id='word_1_499' title='bbox 1726 2597 1830 2625; x_wconf 80' lang='lat' dir='ltr'>litterae</span> <span class='ocrx_word' id='word_1_500' title='bbox 1845 2597 1950 2626; x_wconf 83' lang='lat' dir='ltr'>deside-</span> 
     </span>
     <span class='ocr_line' id='line_1_101' title="bbox 1210 2645 1421 2680; baseline -0.005 -8"><span class='ocrx_word' id='word_1_501' title='bbox 1210 2648 1304 2672; x_wconf 79' lang='lat' dir='ltr'>rantur</span> <span class='ocrx_word' id='word_1_502' title='bbox 1320 2645 1356 2680; x_wconf 63' lang='grc'><strong>(11,</strong></span> <span class='ocrx_word' id='word_1_503' title='bbox 1372 2646 1421 2679; x_wconf 83' lang='grc' dir='ltr'><strong>τ.).</strong></span> 
     </span>
    </p>
   </div>
   <div class='ocr_carea' id='block_1_12' title="bbox 2219 0 2248 1213">
    <p class='ocr_par' dir='ltr' id='par_1_16' title="bbox 2219 0 2248 1213">
     <span class='ocr_line' id='line_1_102' title="bbox 2219 0 2248 1213; baseline 0 0"><span class='ocrx_word' id='word_1_504' title='bbox 2219 0 2248 1213; x_wconf 95' lang='lat' dir='ltr'> </span> 
     </span>
    </p>
   </div>
   <div class='ocr_carea' id='block_1_13' title="bbox 1966 1413 2151 1594">
    <p class='ocr_par' dir='ltr' id='par_1_17' title="bbox 1966 1413 2151 1594">
     <span class='ocr_line' id='line_1_103' title="bbox 2002 1413 2151 1435; baseline 0.013 -2"><span class='ocrx_word' id='word_1_505' title='bbox 2002 1413 2065 1434; x_wconf 80' lang='lat' dir='ltr'>Modo</span> <span class='ocrx_word' id='word_1_506' title='bbox 2080 1415 2151 1435; x_wconf 82' lang='lat' dir='ltr'>eximit</span> 
     </span>
     <span class='ocr_line' id='line_1_104' title="bbox 1966 1440 2150 1467; baseline 0.005 -7"><span class='ocrx_word' id='word_1_507' title='bbox 1966 1440 2020 1460; x_wconf 82' lang='lat' dir='ltr'>hanc</span> <span class='ocrx_word' id='word_1_508' title='bbox 2034 1440 2150 1467; x_wconf 64' lang='lat' dir='ltr'>Congrege-</span> 
     </span>
     <span class='ocr_line' id='line_1_105' title="bbox 1966 1468 2150 1494; baseline 0.016 -9"><span class='ocrx_word' id='word_1_509' title='bbox 1966 1468 2043 1487; x_wconf 68' lang='lat' dir='ltr'>tionem</span> <span class='ocrx_word' id='word_1_510' title='bbox 2062 1474 2074 1487; x_wconf 78' lang='lat' dir='ltr'>a</span> <span class='ocrx_word' id='word_1_511' title='bbox 2090 1473 2150 1494; x_wconf 79' lang='lat' dir='ltr'>supe-</span> 
     </span>
     <span class='ocr_line' id='line_1_106' title="bbox 1966 1495 2150 1515; baseline 0.011 -2"><span class='ocrx_word' id='word_1_512' title='bbox 1966 1496 2061 1514; x_wconf 71' lang='lat' dir='ltr'>rioritato</span> <span class='ocrx_word' id='word_1_513' title='bbox 2090 1495 2150 1515; x_wconf 81' lang='lat' dir='ltr'>mini-</span> 
     </span>
     <span class='ocr_line' id='line_1_107' title="bbox 2046 1521 2151 1545; baseline 0.01 -5"><span class='ocrx_word' id='word_1_514' title='bbox 2046 1521 2151 1545; x_wconf 75' lang='lat' dir='ltr'>generatis</span> 
     </span>
     <span class='ocr_line' id='line_1_108' title="bbox 1967 1546 2150 1568; baseline 0.005 -1"><span class='ocrx_word' id='word_1_515' title='bbox 1967 1546 2052 1567; x_wconf 66' lang='lat' dir='ltr'>nati-um</span> <span class='ocrx_word' id='word_1_516' title='bbox 2102 1548 2150 1568; x_wconf 79' lang='lat' dir='ltr'>Cal-</span> 
     </span>
     <span class='ocr_line' id='line_1_109' title="bbox 1966 1576 2081 1594; baseline 0.009 -1"><span class='ocrx_word' id='word_1_517' title='bbox 1966 1576 2081 1594; x_wconf 65' lang='lat' dir='ltr'>matorum.</span> 
     </span>
    </p>
   </div>
  </div>
 </body>
</html>
