2248 3229
232 242 281 269 An.
303 241 331 269 c.
349 241 417 269 1634
462 230 527 265 408

270 1212 299 1233 De
325 1211 414 1237 eligendi

230 1239 304 1259 forma.

430 290 542 322 verba:
560 288 774 326 Auctoritate,
792 297 858 330 qua
871 286 1002 329 funyor,
1025 285 1068 318 acl
1086 285 1172 318 hunc

431 343 574 385 effectum
598 346 633 373 ut
658 341 780 379 omnia,
809 340 944 382 quaein
964 338 1107 382 capitulo
1124 349 1172 381 qe-

429 397 537 430 nerali
562 407 581 427 a
605 395 689 427 vobis
713 394 802 436 fient,
830 398 904 426 rata
929 397 957 425 et
980 395 1076 437 firma
1094 394 1170 433 sint,

429 450 553 482 absoluo
579 459 629 480 vos
654 448 692 480 ab
712 448 803 479 omini
827 447 959 479 censurii
974 473 984 487 ,
1013 451 1041 478 et
1065 446 1169 479 robis-

428 513 500 534 cum
531 502 567 533 in
600 500 849 543 irreqularitate
880 504 908 532 et
940 499 1171 542 impedimento

427 555 594 598 dispenso,
620 555 656 587 in
681 555 811 587 nomine
842 553 955 586 Patris
980 557 1009 585 et
1032 553 1119 587 Filii
1143 557 1172 586 et

427 608 571 651 Spiritus
594 608 716 641 Sancti.

471 661 629 704 Religiosa
653 660 818 704 disciplina
843 670 913 692 suas
946 659 1079 693 dicendo
1104 658 1171 702 opi-

426 714 537 748 niones
562 720 592 746 et
617 713 769 746 modestia
790 714 828 745 ab
850 712 996 746 omnibus
1018 717 1171 753 servetur,

427 768 469 800 ita
494 773 528 800 ut
552 767 686 811 quisque
704 777 760 800 suo
779 766 849 799 loco
867 771 897 798 et
913 765 1023 799 ordine
1048 770 1171 798 senten-

427 821 503 854 tiam
528 821 606 853 ferat
630 820 754 864 placide
771 825 801 852 et
822 819 936 862 quiete,
961 819 1054 861 clare,
1073 819 1174 851 brevi-

428 881 486 914 ter,
505 880 535 907 et
554 875 621 907 sine
646 885 678 907 re
750 874 846 914 tione,
867 884 961 906 nemo
979 873 1172 913 adversetur,

429 928 492 969 sed,
507 928 538 960 in
563 927 647 971 quod
678 928 786 971 plures
810 926 1026 960 consenserint
1037 925 1056 967 ¹,
1070 932 1172 959 ratum

429 993 497 1015 esse
522 982 580 1015 sibi
605 982 738 1026 quisque
770 982 978 1026 persuadeat,
1003 992 1061 1014 nec
1091 981 1174 1014 dicat

430 1036 491 1069 sibi
522 1046 585 1068 non
616 1035 765 1079 probari,
793 1035 877 1079 quod
903 1046 919 1068 a
944 1035 1057 1068 maiori
1083 1040 1173 1079 parte

430 1090 591 1123 decretum
626 1090 741 1130 suerit,
766 1089 824 1122 nisi
842 1089 899 1122 >ius
923 1094 955 1121 et
985 1089 1065 1121 ratio
1089 1089 1174 1122 aliud

431 1144 560 1177 omnino
586 1143 740 1176 suaderet.

475 1198 581 1230 Primo
606 1196 786 1229 nominetur
807 1206 824 1228 a
844 1195 1007 1239 superiore
1024 1196 1173 1238 generali,

431 1256 461 1284 et.
485 1262 502 1284 a
527 1251 664 1294 capitulo
688 1249 891 1293 approbetur,
910 1259 991 1282 unus
1023 1249 1174 1292 capitula—

430 1305 515 1338 rium
540 1304 729 1337 secretarius
749 1303 890 1344 itionem,
909 1303 961 1346 qui
986 1303 1112 1336 decreta
1129 1314 1175 1336 ca-

432 1359 523 1403 pituli
548 1357 693 1391 distincte
713 1363 743 1390 et
767 1357 877 1390 ordine
893 1356 1060 1397 describat,
1078 1357 1175 1390 nomi-

432 1418 546 1445 nentur
559 1412 652 1444 etiam
666 1411 777 1444 eodem
795 1411 890 1444 modo
904 1411 966 1444 duo
983 1416 1175 1444 scrutatores

433 1477 469 1499 ex
494 1476 628 1509 corpore
652 1465 726 1498 dicti
742 1465 889 1508 capituli,
914 1464 967 1508 qui
990 1465 1082 1497 simul
1103 1476 1174 1498 cum

433 1520 516 1552 dicto
547 1519 717 1552 secretario
748 1518 898 1561 suffragia
929 1518 1175 1559 scrutabuntur,

433 1574 599 1616 iurentque
625 1573 788 1613 electores,
813 1573 987 1605 secundum
1011 1573 1175 1606 veritatem

434 1627 585 1671 cuiusque
605 1626 815 1659 conscientiae
839 1626 1005 1670 probiores
1022 1636 1057 1659 ac
1075 1627 1175 1670 magis

433 1682 581 1715 ideoneos
595 1691 628 1714 se
645 1681 817 1720 electuros;
843 1681 974 1724 insuper
987 1681 1174 1714 secretarius

433 1740 464 1768 et
488 1739 689 1776 scrutatores,
708 1745 740 1767 se
761 1734 821 1767 rite
846 1739 876 1767 et
899 1734 1035 1767 fideliter
1060 1744 1174 1767 munus

434 1788 493 1821 sibi
518 1789 724 1822 commissum
749 1788 901 1821 obituros.

478 1843 547 1876 Mox
564 1842 736 1886 procedant
760 1841 792 1874 hi
815 1847 880 1874 tres
904 1841 935 1873 in
960 1841 1110 1882 medium,
1131 1851 1175 1874 se-

434 1896 588 1939 deantque
613 1906 720 1928 coram
745 1895 891 1928 omnibus
916 1895 954 1927 ad
978 1905 1118 1928 mensam
1136 1895 1173 1928 ad

433 1950 494 1982 hoc
518 1953 660 1992 paratam
681 1948 891 1991 (praesidente
911 1948 1173 1982 reverendissimo

434 2003 546 2036 abbate
571 2003 736 2046 superiore
761 2002 911 2045 generali,
936 2007 989 2034 aut
1013 2002 1080 2035 eius
1096 2002 1175 2035 vica-

434 2056 499 2098 rio,
524 2066 588 2089 non
612 2061 715 2088 tamen
741 2055 901 2095 audiente,
927 2066 999 2088 oum
1024 2059 1174 2099 petuntur

434 2110 560 2143 nomina
593 2109 835 2153 eligendorum)
861 2119 956 2153 super
989 2120 1082 2153 quam
1114 2109 1174 2142 sint

435 2163 514 2196 duae
537 2173 634 2196 urnae
655 2173 726 2195 cum
752 2163 861 2195 charta
886 2168 916 2195 et
939 2163 1172 2205 atramentario,

435 2222 465 2250 et
490 2217 618 2250 nomina
635 2217 783 2250 omnium
810 2217 992 2260 eligentium
1018 2217 1175 2250 describat

435 2271 634 2312 secretarius,
659 2271 734 2304 dum
761 2271 856 2304 ceteri
873 2272 1007 2312 vocales,
1027 2282 1106 2315 quos
1124 2271 1175 2304 eli-

435 2334 509 2367 gere
534 2325 707 2358 secundum
732 2325 830 2358 Deum
855 2325 979 2365 debent,
1004 2325 1151 2368 cogitant.

479 2378 587 2413 Statim
612 2378 794 2422 praesidens
814 2389 831 2411 a
847 2379 987 2422 praefato
1004 2379 1174 2412 secretario

436 2437 520 2476 petat
554 2432 614 2466 tria
645 2437 698 2465 aut
732 2433 825 2476 plura
858 2433 987 2465 nomina
1017 2432 1175 2476 eligendo-

435 2497 517 2527 rum,
542 2497 621 2529 quae
645 2486 790 2528 voluerit,
815 2486 845 2518 in
870 2487 999 2520 totidem
1017 2486 1173 2520 schedulis

437 2540 552 2584 scripta
577 2540 758 2583 separatim,
784 2538 822 2573 e2
845 2540 959 2583 quibus
983 2540 1118 2585 acceptis
1142 2551 1175 2573 u-

474 2611 483 2635 1
501 2609 570 2637 Edit.
588 2609 666 2637 Main.
682 2610 746 2646 legit
760 2611 931 2638 consenserit
945 2611 983 2647 (R.
1000 2611 1047 2645 T.)-

471 2654 489 2680 2
502 2653 569 2683 Male
585 2655 649 2683 edit.
664 2655 743 2684 Main.
760 2656 825 2692 legit
838 2659 865 2686 et
880 2665 929 2692 pro
945 2665 959 2684 e
974 2657 1013 2691 (R.
1025 2655 1073 2691 T.).

1010 237 1191 261 BULLAmUM
1215 237 1372 261 ROMANUM

1203 295 1291 325 num,
1317 285 1401 328 quod
1425 285 1568 326 voluerit,
1594 285 1694 319 dictus
1720 297 1848 330 praeses
1879 284 1947 319 aut¹

1205 338 1325 380 eligens
1351 338 1452 371 mittat
1476 338 1508 370 in
1532 348 1644 370 urnam
1671 339 1818 382 primam,
1842 345 1872 372 et
1888 340 1946 372 alia

1205 391 1326 424 inutilia
1351 391 1382 423 in
1407 392 1538 424 alteram
1559 391 1728 424 secundam
1740 391 1760 425 ².

1249 445 1403 486 Accedat,
1435 445 1487 488 qui
1519 455 1537 477 a
1575 446 1714 488 praefato
1750 446 1947 488 praesidente

1205 498 1328 542 primus
1347 498 1452 540 fuerit,
1478 503 1508 531 et
1533 498 1677 530 similiter
1701 498 1802 540 faciat,
1823 499 1948 532 mittens

1205 553 1237 584 in
1262 552 1376 586 dictam
1401 563 1515 585 urnam
1536 563 1652 585 nomen
1673 552 1749 595 eius,
1775 563 1868 595 quem
1895 553 1949 586 du-

1206 606 1286 638 xerit
1299 606 1490 649 eligendum,
1507 611 1537 639 et
1554 606 1596 638 ita
1619 616 1729 639 omnes
1751 607 1875 639 vocales
1892 617 1949 650 per

1206 659 1361 699 ordinem,
1386 669 1511 692 necnon
1528 664 1558 692 et
1580 660 1734 703 praedicti
1759 664 1950 693 scrutatores

1207 718 1237 746 et
1261 713 1467 753 secretarius3
1494 713 1547 757 qui
1572 713 1738 746 schedulas
1770 724 1841 746 suas
1866 713 1946 746 scri-

1207 766 1282 800 bere
1300 767 1427 800 debebit
1440 777 1548 800 coram
1563 766 1802 808 scrutatoribus,
1813 772 1848 799 ut
1864 767 1949 800 sche-

1207 820 1298 853 dulae
1323 830 1432 853 omnes
1457 820 1637 853 scribantur
1661 820 1771 852 eadem
1796 831 1899 853 manu.

1251 874 1372 913 Quibus
1389 874 1496 914 finitis,
1514 874 1568 908 fiat
1583 874 1664 906 inter
1682 879 1873 907 scrutatores
1890 874 1950 907 col-

1207 927 1281 960 latio
1315 927 1560 971 suffragiorum3
1592 928 1708 971 quibus
1739 928 1890 970 regulatis
1921 933 1950 961 et

1207 981 1287 1014 bene
1312 981 1499 1024 verificatis,
1534 980 1651 1014 scribat
1679 981 1867 1014 secretarius
1891 981 1951 1015 ele-

1208 1034 1344 1067 ctionem
1369 1034 1447 1075 eius,
1471 1045 1530 1078 pro
1555 1045 1618 1078 quo
1639 1035 1747 1078 plures
1771 1046 1866 1079 supra
1883 1045 1950 1068 me-

1207 1087 1354 1120 dietatem
1379 1088 1561 1131 eligentium
1583 1087 1746 1131 suffragati
1770 1088 1896 1130 suerint,
1920 1094 1950 1122 et

1208 1141 1312 1175 statim
1337 1152 1444 1175 coram
1469 1141 1616 1175 omnibus
1641 1152 1709 1175 eam
1734 1142 1818 1185 legat
1842 1148 1871 1176 et
1898 1154 1951 1187 pu-

1207 1195 1302 1228 blicet
1325 1196 1357 1229 in
1382 1196 1466 1230 hunc
1490 1197 1635 1230 modum:
1658 1197 1699 1230 In
1723 1198 1854 1231 nomine
1876 1199 1950 1232 Pa-

1210 1249 1269 1282 tris
1285 1254 1313 1282 et
1338 1250 1424 1283 Filii
1442 1255 1471 1284 et
1490 1251 1636 1294 Spiritus
1652 1251 1774 1292 Sancti,
1791 1252 1951 1286 celebrata

1208 1303 1273 1345 fuit
1297 1304 1407 1337 electio
1431 1306 1589 1338 canonica
1605 1305 1783 1348 superioris
1805 1305 1880 1338 tulis
1897 1306 1951 1339 do-

1209 1367 1282 1390 mus
1310 1367 1369 1401 per
1398 1358 1705 1391 reverendissimum
1737 1359 1777 1391 N.
1806 1359 1951 1392 abbatem

1208 1411 1408 1455 superiorem
1431 1411 1626 1454 qeneratem,
1647 1416 1676 1445 et
1699 1412 1884 1446 reverendos
1895 1423 1952 1456 pa-

1210 1469 1272 1497 tres
1295 1464 1368 1498 ΝΝ.
1397 1466 1433 1498 in
1457 1466 1622 1509 praesenti
1651 1466 1794 1509 capitulo
1819 1467 1949 1510 vocales,

1208 1519 1271 1552 rite
1295 1523 1324 1552 et
1348 1519 1500 1553 canonice
1524 1520 1561 1552 in
1585 1520 1717 1564 Spiritu
1740 1521 1858 1554 Sancto
1883 1531 1951 1554 con-

1208 1577 1367 1616 φεραῖος,
1395 1573 1432 1606 in
1456 1584 1523 1617 qua
1546 1573 1679 1617 quidem
1703 1574 1853 1608 electione
1876 1576 1952 1618 fra-

1211 1632 1256 1660 ter
1286 1627 1325 1661 N.
1357 1628 1471 1660 babuit
1495 1637 1601 1660 unum
1626 1632 1752 1668 votum,
1780 1629 1883 1671 frater
1905 1629 1946 1663 N.

1209 1680 1283 1721 duo,
1310 1681 1415 1724 frater
1438 1680 1478 1714 N.
1507 1690 1572 1721 sex,
1601 1684 1671 1720 eta,
1697 1684 1735 1721 et,
1760 1691 1833 1713 cuni
1849 1682 1951 1724 frater

1208 1735 1250 1768 N.
1279 1735 1431 1768 habuerit
1457 1738 1500 1767 tot
1524 1738 1597 1767 vota
1609 1745 1710 1778 supra
1734 1734 1950 1776 medietatem,

1209 1788 1278 1822 ideo
1307 1789 1372 1832 fuit
1403 1789 1555 1822 canonice
1586 1789 1712 1822 electus.
1749 1789 1952 1833 Quapropter

1209 1853 1262 1886 eqo
1286 1843 1388 1885 frater
1407 1842 1446 1876 Ν.
1470 1842 1606 1876 Ordinis
1630 1846 1659 1876 et
1684 1843 1951 1887 Conyreyationis

1207 1897 1400 1939 reformatae
1423 1896 1454 1929 S.
1480 1895 1620 1930 Antonii
1643 1896 1809 1940 presbyter
1823 1897 1951 1941 reliqio-

1208 1960 1262 1983 sus
1283 1951 1457 1993 professus,
1481 1954 1509 1982 et
1534 1950 1613 1983 dicti
1632 1951 1773 1994 capituti
1787 1951 1950 1995 yeneratis

1208 2004 1410 2046 secretarius,
1436 2004 1568 2037 nomine
1587 2014 1666 2044 tneo,
1695 2015 1731 2037 ac
1755 2005 1887 2038 nomine
1903 2015 1951 2038 ca-

1204 2057 1317 2100 pitali,
1345 2068 1382 2090 ac
1405 2058 1554 2090 omnium
1578 2057 1825 2101 capitularium,
1842 2058 1879 2090 in
1897 2068 1951 2091 su-

1206 2111 1367 2154 periorem
1393 2111 1469 2144 tatis
1495 2111 1608 2144 domus
1637 2100 1827 2154 praefatum
1858 2122 1947 2144 reve-

1208 2164 1347 2197 rendum
1372 2168 1502 2207 patrem
1533 2164 1573 2197 N.
1603 2174 1676 2196 cum
1709 2168 1751 2196 tot
1783 2164 1950 2208 suff-raqiis

1208 2217 1318 2261 sieque
1341 2218 1493 2251 canonice
1517 2217 1652 2251 electum
1682 2217 1809 2262 publico
1841 2222 1870 2251 et
1901 2218 1950 2251 de-

1209 2271 1340 2304 nuncio.
1375 2271 1418 2305 In
1449 2271 1581 2304 nomine
1611 2272 1749 2312 Patris,
1777 2275 1831 2305 etc.
1862 2271 1950 2311 Quod

1209 2324 1371 2358 observari
1396 2324 1542 2358 volumus
1565 2324 1598 2357 in
1621 2325 1768 2358 omnibus
1793 2325 1950 2358 electioni-

1209 2378 1277 2420 bus,
1302 2379 1334 2411 in
1357 2378 1472 2422 quibus
1495 2378 1630 2411 formam
1654 2388 1672 2411 a
1696 2378 1831 2422 capitulo
1855 2388 1950 2421 gene-

1208 2431 1267 2465 rali
1291 2436 1446 2465 servatam
1464 2442 1590 2476 semper
1606 2432 1736 2465 retineri
1753 2431 1947 2465 mandamus.

1252 2485 1440 2529 Priusquam
1460 2485 1498 2518 ad
1523 2485 1691 2519 electiones
1709 2485 1900 2526 deveniatur,
1917 2485 1950 2518 in

1245 2567 1256 2593 1
1280 2565 1382 2593 Forsan
1400 2565 1545 2602 legendum
1560 2573 1675 2602 praeses
1699 2566 1820 2602 eliqens,
1840 2574 1902 2594 nam
1915 2566 1949 2594 de

1208 2609 1267 2638 aliis
1282 2614 1376 2646 postea
1391 2611 1427 2647 (R.
1444 2610 1490 2646 r).

1243 2655 1259 2683 2
1273 2655 1344 2685 Edit.
1360 2655 1440 2685 lllain.
1456 2655 1523 2692 legit
1535 2655 1659 2685 secundo
1675 2655 1713 2691 (n.
1730 2656 1778 2687 τ.).

1959 238 2009 266 An.
2030 238 2058 265 C.
2075 236 2144 266 1634
