2248 3229
200 237 250 263 An.
266 236 294 263 C.
317 235 383 263 1639

258 1193 279 1215 Η
298 1198 323 1213 ΒΑ
338 1199 389 1214 non-

206 1219 268 1241 nullis
277 1227 288 1240 a
300 1221 325 1241 ij<
335 1227 388 1240 enm·

207 1248 270 1268 mittit.
278 1252 389 1274 episcopis.

398 282 566 317 nonnullos
580 280 836 322 archiepiscopos
850 281 879 309 et
892 276 1058 319 episcopos
1072 275 1137 308 Gal-

400 337 458 369 liae
474 335 539 377 (qui
558 331 744 366 conditionis
765 340 837 362 suae
852 339 964 372 parum
981 338 1137 359 memores

400 399 461 421 non
478 388 524 425 iis,
539 386 590 429 qui
606 384 809 417 ecelesiarum
831 381 992 425 praesules
1017 380 1136 419 decent,

400 440 541 474 moribus
560 437 688 475 vitamst,
707 446 804 478 eaque
825 439 954 478 propter
972 433 1138 476 reprehen-

400 494 485 526 sione
501 497 529 524 et
543 489 737 523 correctione
752 486 939 529 indigeantq)
957 495 1082 518 necesse
1099 487 1139 517 sit

400 545 590 587 redarguere
616 548 645 575 et
670 552 809 581 monere,
829 545 871 579 ut,
890 546 1048 581 tamquam
1073 538 1136 570 reri

400 598 575 631 animarum
597 594 846 629 christifidelium
862 599 1015 637 pastores,
1030 591 1139 624 oribus

401 651 463 683 suis
489 661 520 682 se
546 649 700 682 bonorum
717 675 724 689 ,
759 657 821 680 11011
853 651 956 678 autem
983 645 1137 677 malorum

400 713 530 747 operum
553 702 733 745 exemplum
760 700 942 744 praebeant:
961 709 1017 731 nos
1032 699 1140 741 (atten-

401 759 507 790 dentes
540 767 633 800 quam
667 766 762 797 grave
794 753 1017 787 detrimentum
1048 752 1138 784 saluti

401 810 506 854 gregis
532 808 683 841 dominici
705 808 866 845 int'cratur,
885 806 909 838 si
928 806 981 845 illi,
999 805 1052 848 qui
1070 810 1140 837 sunt

400 864 451 897 lux
479 863 606 903 mundi,
632 862 690 903 iis,
716 861 830 905 quibus
858 861 889 893 in
916 859 1000 892 omni
1026 859 1140 890 virtute

402 917 586 961 praelucere
598 915 757 951 deberent,
771 919 805 946 ut
819 923 880 946 non
894 913 982 945 decet
1000 911 1140 950 vivendo,

402 969 538 1002 scandali
565 968 725 1002 materiam
741 971 769 1000 et
789 967 985 1000 occasionem
1004 965 1141 998 tribuant

403 1021 617 1065 delinquendi)
641 1020 895 1063 archiepiscopos
920 1024 949 1051 et
976 1018 1141 1062 episcopos

403 1076 580 1120 praedictos
605 1085 662 1118 pro
692 1073 841 1117 pastorali
872 1078 980 1105 nostro
1011 1082 1142 1104 munere

404 1129 498 1162 officii
524 1128 570 1160 sui
595 1126 810 1160 admonendos
837 1123 1083 1158 esse'duximus.

449 1183 463 1225 ἓ
488 1181 516 1214 9..
550 1181 836 1224 Supplicationibus
866 1180 969 1221 itaque
1003 1178 1141 1211 eiusdem

403 1235 551 1268 Ludovici
578 1244 660 1275 regns
685 1233 775 1265 nobis
796 1242 890 1275 super
909 1232 967 1264 hoc
981 1231 1143 1263 humiliter

404 1287 556 1332 porrectis
581 1286 738 1325 inclinati,
763 1285 851 1318 vobis
875 1295 931 1328 per
962 1290 1143 1328 praesentes

405 1340 630 1374 committimus
648 1345 677 1372 et
694 1338 889 1377 mandamus,
912 1343 1065 1381 quatenus
1078 1348 1142 1377 vos,

407 1394 451 1426 vel
467 1393 539 1432 duo,
553 1398 605 1425 aut
622 1402 702 1425 unus
717 1396 864 1430 vestrum,
881 1391 959 1423 int'ra
974 1390 1142 1422 triennium

405 1447 585 1491 proximum
608 1447 677 1478 illos
696 1445 952 1488 archiepiscopos
977 1450 1007 1477 et
1026 1445 1144 1488 episco-

405 1510 463 1544 pos
488 1500 622 1540 Galliae,
648 1510 726 1542 quos
757 1499 859 1531 dictus
890 1498 1067 1531 Ludovicus
1093 1508 1146 1530 rex

407 1554 494 1587 vobis
519 1554 723 1592 indicaverit,
748 1553 830 1586 serio
855 1563 890 1585 ex
918 1558 1006 1596 parte
1038 1555 1144 1585 nostra

407 1606 581 1645 moneatis,
613 1612 647 1638 ut
679 1606 771 1638 vitain
798 1611 828 1638 et
852 1616 957 1638 mores
982 1616 1055 1638 suos
1080 1605 1145 1648 epi-

407 1660 521 1703 scopali
542 1660 684 1702 dignitati
703 1670 859 1702 curaeque
874 1660 1022 1703 pastorali
1042 1660 1146 1692 minus

409 1719 618 1755 congruentes
644 1717 763 1746 mutent
787 1718 816 1746 et
843 1713 1019 1755 corrigant,
1052 1723 1146 1755 seque

407 1776 470 1799 non
495 1766 595 1799 solum
629 1766 851 1809 propriorum,
879 1765 931 1798 sed
961 1771 991 1798 et
1017 1776 1147 1804 eorum,

410 1830 490 1864 qnae
515 1820 621 1863 populi
641 1830 737 1863 pravo
755 1820 894 1862 ipsorum
911 1820 1054 1862 exemplo
1066 1829 1148 1851 com-

410 1873 562 1911 miserint,
581 1878 781 1916 peccatorum
799 1883 868 1905 reos
884 1873 914 1904 in
936 1872 1077 1905 districto
1094 1872 1146 1905 Dei

410 1925 525 1959 iudicio
549 1926 670 1959 futuros
695 1926 903 1958 meminerint.

453 1978 563 2011 Datum
580 1979 705 2020 Romae,
720 1980 803 2022 apud
824 1979 852 2012 S.
875 1980 1011 2019 Petrum,
1025 1979 1082 2012 sub
1100 1990 1149 2011 an-

410 2032 484 2065 nulo
510 2032 683 2073 Piscator-is,
705 2033 753 2065 die
771 2043 788 2064 v
803 2033 955 2065 februarii
976 2043 1148 2074 tiincxxxtx,

411 2085 612 2129 pontificatus
632 2086 731 2119 nostri
746 2096 827 2119 anno
841 2096 905 2118 xri.

447 2144 504 2172 Dat.
522 2145 565 2173 dte
580 2147 596 2174 5
609 2146 738 2173 februarii
758 2146 832 2181 16:39,
848 2147 942 2182 pontif.
960 2156 1030 2174 anuo
1046 2154 1099 2174 ΧΠ.

698 2307 861 2340 DCXXXH.

416 2399 533 2433 Contra
565 2397 740 2430 ambientes
777 2397 952 2438 diqnitcttes
988 2402 1016 2430 et
1048 2397 1151 2441 officia

460 2450 594 2485 Ordinis
623 2452 727 2483 sancti
755 2451 949 2493 Hieronymi
978 2462 1151 2494 cotzyreqa-

462 2505 558 2537 tionis
582 2505 773 2538 Fesulctmte.

456 2577 464 2601 1
484 2575 573 2601 Potius
587 2575 645 2609 lege
662 2576 759 2602 cit-unt
775 2577 801 2609 (R
827 2576 873 2607 T.).

453 2619 470 2645 2
485 2618 585 2646 Pariter
600 2620 746 2654 legendum
762 2621 894 2655 iizcliyenl
908 2621 945 2655 (n.
963 2621 1010 2654 T.).

975 227 1154 252 BULLARIUM
1177 225 1331 250 ROMANUM

1923 220 1970 246 An.
1988 219 2015 246 C.
2038 219 2105 245 1639

1376 272 1512 299 Urbanus
1534 271 1614 304 Papa
1632 271 1709 303 vul,

1301 316 1337 342 ad
1354 319 1528 349 perpetuam
1548 315 1591 342 rei
1611 314 1791 342 memoriam.

1216 377 1368 416 Quoniam
1388 387 1482 410 nemo
1507 376 1598 409 debet
1615 376 1671 408 sibi
1687 386 1845 408 assumere
1858 376 1910 409 ho-

1171 441 1303 470 norem,
1342 430 1401 462 nisi
1438 434 1564 463 vocatus
1599 440 1616 461 a
1651 429 1714 462 Deo
1752 434 1910 472 tamquam

1171 485 1285 523 Aaron,
1299 487 1328 517 et
1345 494 1362 516 a
1379 483 1534 526 regularis
1558 483 1637 515 vitae
1663 482 1803 515 instituto
1824 481 1912 514 valde

1172 537 1307 569 alienum
1335 542 1391 578 est,
1413 541 1446 570 ut
1465 536 1604 578 religiosi
1622 536 1679 568 viri
1699 537 1790 578 (quos
1810 535 1911 568 hono-

1173 601 1242 622 rum
1263 595 1292 623 et
1313 590 1500 632 dignitatum
1519 589 1635 631 gradus
1652 589 1816 621 sanctitate
1833 588 1913 620 vitae

1172 654 1208 675 ac
1233 643 1301 674 aliis
1326 643 1481 685 religiosis
1507 642 1674 674 virtutihus
1699 641 1802 684 potius
1833 651 1911 684 pro-

1174 695 1289 728 mereri
1314 706 1407 738 quam
1433 700 1601 738 appetere,
1634 705 1750 737 eosque
1776 694 1911 736 gradus,

1174 759 1243 781 cum
1270 748 1307 780 ad
1333 759 1386 781 eos
1411 752 1631 786 assumuntur,
1656 747 1839 779 obedienter
1863 757 1913 778 su-

1174 802 1313 845 scipere,
1337 806 1562 844 susceptosque
1587 800 1751 832 humiliter
1781 799 1914 832 admini-

1175 862 1273 888 strare
1294 855 1395 897 decet)
1414 854 1597 886 mendicatis
1617 853 1805 885 secularium
1826 863 1915 896 prae-

1175 908 1282 941 sertim
1315 917 1523 951 personarum
1557 906 1666 939 studiis
1695 905 1733 937 ad
1766 916 1820 938 eos
1857 905 1914 938 sibi

1157 958 1292 997 {aditum
1317 961 1492 1004 patefacere
1517 959 1716 999 contendant,
1741 958 1823 991 unde
1849 969 1915 990 ma-

1176 1026 1236 1057 gna
1250 1015 1281 1047 in
1299 1014 1438 1047 Ecclesia
1453 1013 1676 1056 Dei-pernicies
1691 1012 1805 1045 adferri
1820 1012 1914 1045 solet:

1176 1078 1242 1107 nos,
1256 1068 1308 1111 qui
1332 1078 1389 1111 pro
1414 1067 1554 1099 muneris
1571 1066 1668 1099 nostri
1689 1065 1793 1098 debito
1808 1066 1840 1097 in
1856 1065 1917 1098 hoc

1177 1120 1373 1163 potissimum
1407 1120 1552 1152 laborare
1586 1128 1649 1151 non
1673 1118 1851 1150 desistimus
1884 1123 1918 1150 ut

1177 1174 1386 1207 ecclesiastica
1415 1173 1631 1215 regularisque
1656 1172 1819 1215 disciplina
1854 1171 1916 1215 pri-

1177 1227 1258 1259 stino
1283 1225 1410 1259 candori
1436 1225 1628 1265 restituatur,
1654 1224 1728 1257 huic
1753 1224 1835 1257 malo
1861 1235 1916 1268 op-

1178 1283 1348 1323 portunum
1381 1277 1554 1311 remedium
1591 1276 1804 1309 adhibendum
1844 1286 1916 1310 cen-

1178 1332 1306 1364 suimus¹

1222 1386 1236 1429 ἓ
1262 1386 1289 1418 sl.
1311 1385 1386 1418 Cum
1412 1385 1525 1428 itaque,
1544 1384 1623 1417 sicut
1640 1383 1830 1427 accepimus,
1848 1384 1916 1428 qui·
1959 1392 2040 1413 Causae
2054 1392 2115 1427 sasn-

1178 1439 1249 1471 dam
1263 1439 1292 1470 in
1307 1438 1422 1471 Ordine
1436 1438 1532 1470 sancti
1548 1437 1729 1481 Hieronymi
1744 1447 1916 1480 congrega·
1933 1419 2116 1467 ἓῖἶειηυῖἶὲἶέῗθ

1180 1491 1271 1525 tionis
1295 1491 1476 1532 Fesulanae,
1498 1491 1701 1534 professionis
1727 1496 1756 1523 et
1780 1490 1917 1533 regulae,

1179 1555 1271 1587 quam
1297 1544 1428 1587 professi
1454 1549 1534 1583 sunt,
1552 1544 1675 1587 penitus
1699 1543 1919 1584 immemores,

1180 1598 1276 1630 nimia
1302 1597 1488 1639 dignitatum
1514 1602 1544 1629 et
1568 1597 1744 1630 officiorum
1775 1596 1920 1629 ecclesia-

1180 1652 1330 1683 sticorum
1361 1650 1391 1682 in
1421 1649 1502 1682 dicta
1532 1650 1780 1691 Congregatione
1809 1659 1919 1682 conse-

1180 1703 1377 1746 quendorum
1401 1702 1571 1735 ambitione
1596 1702 1690 1742 ducti,
1715 1713 1772 1745 pro
1791 1702 1829 1734 iis
1849 1712 1920 1735 con-

1181 1756 1346 1799 sequendis
1370 1756 1654 1788 ecclesiasticorum
1680 1761 1709 1788 et
1730 1756 1919 1788 secularium

1181 1811 1357 1853 principum
1380 1809 1480 1842 studia
1507 1809 1676 1852 requirant,
1695 1814 1724 1842 et
1741 1820 1757 1841 a
1782 1809 1811 1843 S.
1830 1810 1863 1842 R.
1887 1809 1919 1842 E.

1182 1863 1403 1902 cardinalibus
1427 1862 1557 1905 aliisque
1582 1863 1739 1906 praelatis,
1765 1872 1922 1895 commen-

1182 1917 1303 1950 datitias
1321 1917 1450 1955 litteras,
1465 1916 1605 1958 aliosque
1622 1916 1744 1948 favores
1760 1921 1789 1948 et
1806 1916 1922 1958 gratias

1183 1976 1351 2013 propterea
1376 1975 1541 2012 expetant,
1573 1969 1687 2011 quibus
1719 1969 1814 2001 adiuti
1844 1980 1922 2012 quos

1183 2024 1240 2068 ipsi
1266 2035 1299 2056 ex
1327 2034 1359 2056 se
1388 2023 1603 2067 promeruisse
1636 2023 1738 2055 minus
1763 2022 1924 2056 considunt

1184 2077 1300 2119 gradus
1326 2081 1355 2110 ct
1380 2077 1546 2119 dignitates
1567 2077 1597 2108 in
1619 2076 1728 2109 eadem
1749 2076 1924 2119 Congrega-

1184 2131 1267 2164 tione
1293 2131 1441 2173 consequi
1473 2130 1610 2169 valcant,
1643 2129 1750 2173 sicque
1783 2129 1923 2162 eiusdem

1184 2184 1437 2227 congregationis
1462 2184 1609 2226 quietem,
1634 2194 1696 2216 11011
1721 2184 1786 2216 sine
1810 2184 1924 2216 anima-

1186 2248 1253 2270 rum
1280 2248 1405 2269 suarum
1431 2237 1582 2280 periculo,
1608 2236 1827 2280 perturbant¹:

1229 2291 1243 2333 g
1269 2290 1297 2322 2.
1319 2291 1391 2329 Nos,
1410 2291 1527 2322 malum
1546 2290 1605 2322 hoc
1623 2289 1660 2321 ab
1678 2290 1788 2323 eodem
1809 2290 1924 2324 Ordine
1956 2295 2121 2343 Pgenafgonlra

1185 2349 1215 2375 et
1235 2343 1495 2386 Congregatione,
1518 2343 1606 2375 euius
1631 2354 1819 2386 prosperum
1845 2344 1925 2387 regi·
1938 2328 1970 2343 am
1989 2328 2061 2343 wne*

1186 2408 1255 2430 men
1273 2402 1303 2429 et
1324 2397 1552 2429 incrementum
1571 2397 1607 2428 ad
1626 2397 1781 2429 Ecclesiae
1801 2402 1924 2430 sanctae

1186 2451 1348 2482 utilitatem
1376 2450 1506 2482 sinceris
1531 2456 1716 2493 exoptamus
1741 2450 1923 2490 affectibus,

1187 2515 1245 2548 pro
1269 2506 1377 2537 nostra
1395 2504 1542 2548 pastorali
1568 2504 1776 2537 sollicitudine
1801 2505 1924 2548 propel-

1952 389 2092 410 Prooemium.

1220 2620 1232 2646 1
1250 2619 1343 2655 Aptius
1358 2619 1493 2655 legeretur
1504 2619 1674 2655 perturbent
1689 2619 1726 2654 (11.
1743 2617 1791 2653 T.).
