2221 3224
127 223 163 248 Au
190 222 217 247 Γ..
239 222 304 248 1630

287 1284 290 1288 ’
326 1288 430 1315 mento
451 1282 573 1325 plenius
597 1282 711 1315 dicitur
735 1282 898 1315 contineri.

154 1350 247 1370 Pontifex
258 1354 310 1369 cen-

127 1377 220 1397 cordiam
236 1376 295 1398 contii
302 1387 311 1392 -

127 1405 176 1423 mat,

306 1698 315 1706 ·
330 1656 491 1689 humiliter
515 1655 685 1698 supplicari
709 1656 860 1696 lecerunt,
878 1660 912 1686 ut
932 1654 963 1686 in
983 1664 1070 1698 prae-

350 213 413 246 17⁶2
896 221 1076 245 nummum

325 271 499 313 debitores,
525 270 646 303 etiamsi
678 270 735 313 ipsi
771 270 905 312 aliquam
941 270 969 300 in
1003 269 1063 301 lioc

325 323 526 367 experiantur
541 324 766 363 difficultatem,
781 327 810 355 et
827 322 984 355 debitores
1000 331 1063 355 non

325 377 495 420 legationes
530 376 667 409 iudicum
705 375 1001 418 subdelegatorum,
1034 380 1064 408 et

324 431 410 474 quod
441 430 513 463 dicti
546 429 739 472 subdelegati
771 429 832 461 sint
860 434 889 462 et
919 439 986 462 esse
1011 429 1064 462 dc-

324 483 417 516 beant
433 483 470 515 dc
488 483 609 525 gremio
624 482 764 526 capituli,
778 487 812 514 ut
826 482 923 515 moris
937 486 992 523 est,
1005 493 1063 526 pro

325 537 407 569 dicta
432 536 670 580 recuperatione
701 536 852 577 facienda,
879 541 909 569 et
939 536 1063 580 quando

324 589 361 622 ad
379 589 495 622 dictum
522 589 774 622 commissarium
800 590 981 632 generalem
1002 590 1082 622 sue-'

323 642 362 674 rit
381 642 569 685 appellatum
587 652 642 685 per
661 642 743 674 viam
761 642 963 684 gravaminis,
981 642 1064 685 quod
1080 629 1082 693 Ξ

324 695 435 738 aliquis
452 695 510 727 sibi
540 695 571 726 in
596 695 678 727 dicta
702 694 935 727 contributione
951 700 982 727 et
998 705 1065 728 exa-

325 747 427 780 ctione
452 748 571 780 illatum
597 747 790 791 praetendat,
816 747 840 780 si
865 747 985 791 aliquas
1014 748 1064 781 lit-

326 805 406 834 teras
431 811 485 833 seu
510 800 705 844 provisiones
730 800 878 834 decernet
895 801 1064 845 superista

325 854 465 894 materia,
476 864 537 887 non
553 854 719 898 suspendat
732 865 788 898 per
799 865 851 887 eas
865 855 1063 895 solutionem,
1080 870 1082 886 t

324 918 426 952 neque
451 908 601 952 impediat
629 908 703 951 quin
729 907 920 951 subdelegati
944 908 1065 952 possint

323 962 497 1007 procedere
532 962 569 995 ad
606 962 846 1006 exequutionem
886 963 1064 1006 praedictae

324 1015 505 1057 exactionis,
523 1020 553 1048 et
569 1026 665 1059 super
685 1015 831 1048 omnibus
849 1015 998 1048 iustitiam
1015 1015 1065 1047 ad-

324 1068 498 1109 ministret,
523 1074 553 1102 et.
578 1069 663 1109 alias,
689 1074 785 1113 prout
808 1068 839 1101 in
862 1068 990 1112 publico
1015 1068 1065 1101 de-

325 1132 421 1165 super
445 1132 461 1154 a
486 1122 599 1155 dilecto
623 1122 688 1154 filio
708 1122 822 1154 Ioanne
843 1121 881 1154 de
897 1121 1062 1154 Talavara¹

325 1175 427 1207 scriba
441 1175 528 1218 regio
543 1180 572 1207 et
584 1175 714 1218 publico
730 1175 853 1208 notario
871 1174 928 1207 sub
945 1174 995 1207 die
1009 1184 1064 1208 xlx

324 1227 440 1261 mensis
477 1228 552 1261 iunii
590 1238 731 1261 itnexxlx
769 1228 911 1261 consecto
947 1228 1064 1261 instru-

370 1335 384 1378 ἓ
414 1335 459 1368 [ὃ.
484 1335 560 1368 Cum
585 1341 698 1377 autem,
722 1339 783 1369 tant
808 1335 970 1379 Philippus
995 1345 1065 1376 rex,

325 1399 419 1432 quam
444 1389 581 1432 capitula
602 1394 631 1421 et
647 1394 744 1421 status
769 1389 999 1422 ecclesiasticus
1016 1399 1065 1421 re-

327 1453 463 1486 gnorum
487 1442 636 1476 Castellae
657 1447 686 1475 et
703 1442 848 1485 Legionis
873 1442 1065 1484 huiusmodi,

327 1496 453 1540 cupiant
471 1496 673 1529 cons-ordiam
691 1495 893 1539 praedictam,
908 1505 966 1538 pro
985 1495 1067 1527 illius

329 1550 441 1582 maiori
466 1549 632 1593 validitate,
650 1549 838 1592 apostolieae
861 1548 1069 1582 confirmatio-

329 1603 377 1636 nis
400 1603 516 1636 robore
541 1602 752 1643 comumniri,
778 1602 869 1634 nobis
900 1606 1069 1645 propterea

330 1709 432 1742 missis
457 1713 634 1752 opportune
658 1707 825 1751 providere
857 1707 894 1740 de
919 1707 1066 1749 benigni-

330 1768 392 1796 tate
415 1762 589 1806 apostolica
613 1761 825 1804 dignaremur.
847 1761 918 1802 Nos,
940 1760 992 1803 qui
1013 1760 1088 1793 lio--

330 1816 426 1849 uestis
444 1815 579 1859 Philippi
606 1815 688 1858 regis
709 1820 739 1847 et
758 1815 968 1858 capitulorum
985 1824 1072 1858 prae-

331 1870 489 1903 dictorum
514 1868 593 1902 votis
616 1868 751 1901 libenter
776 1867 953 1907 annuimus,
973 1877 1071 1911 eaque

332 1922 491 1956 favoribus
515 1921 738 1966 prosequimur
762 1920 965 1964 opportunis,
984 1930 1072 1953 eum-

332 1977 402 2009 dem
427 1975 604 2018 Philippum
623 1984 730 2017 regem
756 1979 785 2007 et
809 1974 984 2017 singulares
1000 1984 1073 2018 per-

333 2040 424 2063 sonas
449 2029 659 2073 capitulorum
676 2027 856 2060 huiusmodi
876 2038 893 2060 a
913 2026 1074 2070 quibusvis

333 2081 678 2121 excommunicationis,
696 2080 910 2125 suspensionis
927 2085 958 2113 et
982 2080 1075 2113 inter-

333 2136 418 2176 dicti,
435 2136 566 2179 aliisque
580 2135 798 2169 ecclesiasticis
819 2134 987 2176 sententiis,
1006 2143 1075 2167 cen-

335 2189 417 2222 suris
441 2194 470 2222 et
494 2188 623 2232 poenis,
649 2199 666 2220 a
691 2188 758 2221 iure
784 2188 830 2221 vel
860 2188 898 2220 ab
927 2187 1073 2228 homine,

335 2243 443 2287 quavis
457 2242 621 2275 occasione
647 2242 694 2274 vel
712 2243 805 2274 causa
822 2241 902 2281 latis,
919 2241 944 2273 si
962 2241 1075 2284 quibus

335 2295 572 2340 quomodolibet
596 2294 761 2328 innodatae
786 2294 930 2335 existunt,
951 2294 990 2326 ad
1007 2294 1076 2327 effe-

336 2356 418 2384 ctum
450 2349 662 2394 praesentium
694 2348 853 2381 dumtaxat
881 2357 1076 2391 consequen-

336 2404 421 2443 dum,
438 2403 551 2436 harum
575 2401 655 2435 serie
680 2401 877 2434 absolventes
902 2406 931 2433 et
956 2400 1077 2434 absolu-

337 2462 383 2489 tas
406 2457 473 2489 sore
498 2460 669 2494 censentes,
693 2464 816 2487 necnon
841 2454 1027 2487 concordiae
1048 2458 1077 2486 et

338 2509 537 2542 instrumenti
551 2508 785 2553 praedictorum
800 2508 937 2541 veriores
952 2512 1076 2541 tenores

339 2562 556 2606 praesentibus
580 2572 638 2605 pro
663 2561 818 2605 expressis
838 2561 999 2601 habentes,
1024 2561 1078 2593 liu-

376 2627 385 2652 't
405 2625 433 2652 ln
448 2624 498 2652 loc.
518 2623 611 2659 parall.
628 2623 725 2659 legitur
742 2624 882 2652 Talavera
898 2624 935 2658 (n.
948 2624 996 2658 τ.).

1099 220 1254 245 ῃοΜΑΝυΜ

1096 268 1231 301 iusmodi
1270 267 1551 311 supplicationibus
1574 267 1734 308 inclinati,
1759 278 1833 302 con*-

1096 321 1236 354 cordiam
1250 320 1443 361 huiusmodi,
1460 324 1490 354 et
1507 320 1578 353 inde
1599 326 1728 365 sequuta
1744 331 1834 365 quae-

1097 385 1241 418 cumque,
1262 374 1354 407 etiam
1373 375 1398 407 si
1415 374 1452 407 ad
1474 374 1667 407 exactionem
1692 375 1835 418 pecunia-

1096 438 1166 460 rum
1195 427 1225 459 in
1257 427 1366 460 eadem
1400 426 1568 460 concordia
1596 430 1832 468 contentarum,

1097 482 1189 514 etiam
1211 484 1282 514 ante
1306 481 1485 513 huiusmodi
1509 485 1647 513 nostram
1669 480 1834 513 confirma<

1097 535 1225 575 tionem,
1244 533 1274 566 in
1295 537 1394 567 totum
1408 533 1454 566 vel
1470 533 1501 565 in
1514 538 1637 577 partem
1657 533 1696 566 sit
1711 543 1836 576 proces<

1098 599 1178 629 sum,
1204 587 1376 632 apostolica
1401 587 1596 628 auctoritate,
1615 592 1722 621 tenore
1747 596 1836 630 prae-

1097 642 1252 682 sentium,
1283 641 1507 674 confirmamus
1543 646 1573 673 et
1603 640 1834 684 approbamus,

1098 694 1222 738 illisque
1248 699 1418 738 perpetuae
1443 699 1472 727 et
1497 693 1684 727 inviolabilis
1708 698 1834 737 aposto-

1098 748 1175 781 licae
1193 748 1348 781 firmitatis
1366 747 1464 781 robur
1488 746 1668 786 adiicimus,
1690 747 1837 790 supplen-

1098 806 1142 833 tes
1174 811 1283 834 omnes
1315 806 1345 833 et
1376 800 1516 843 singulos
1545 804 1607 832 tam
1640 799 1717 832 iuris
1742 809 1835 842 quam

1098 854 1168 886 facti
1194 854 1342 893 desectus,
1361 853 1386 886 si
1406 853 1459 897 qui
1484 853 1588 886 forsan
1613 851 1837 886 intervenerint

1098 906 1128 939 in
1145 906 1273 948 eisdem,
1287 917 1395 950 eaque,
1411 912 1471 939 tam
1485 905 1588 950 quoad
1606 905 1741 949 capitula
1758 914 1837 948 quac

1099 959 1128 992 in
1153 960 1236 993 dicta
1266 960 1436 993 concordia
1465 960 1701 992 intervenerunt
1732 963 1762 991 et
1793 957 1837 990 illi

1097 1018 1344 1055 consenserunt,
1369 1024 1463 1057 quam
1489 1013 1592 1056 quoad
1616 1012 1676 1045 alia
1701 1011 1836 1055 capitula

1097 1076 1176 1110 quae
1200 1066 1398 1100 nullomodo
1423 1065 1581 1110 praesenti
1606 1064 1793 1098 concordiae
1810 1069 1836 1096 et

1097 1119 1309 1153 distributioni
1332 1119 1541 1153 interfuerunt
1558 1129 1615 1152 nec
1633 1119 1694 1151 illis
1711 1127 1839 1151 consen-

1098 1178 1216 1213 serunt,
1233 1173 1353 1205 etiamsi
1374 1173 1403 1206 S.
1421 1173 1454 1206 R.
1474 1173 1505 1205 E.
1525 1172 1698 1205 cardinales
1722 1171 1834 1204 suerint

1090 1227 1245 1259 ecclesias
1281 1231 1310 1259 et
1345 1227 1403 1259 alia
1439 1226 1592 1259 beneficia
1621 1225 1838 1269 possidentes,

1098 1289 1221 1312 necnon
1241 1279 1389 1320 decimas,
1407 1279 1563 1323 primitias
1579 1284 1608 1312 et
1625 1279 1702 1312 alios
1720 1279 1839 1311 fructus

1081 1332 1129 1381 jin
1154 1333 1236 1365 dicta
1260 1332 1429 1365 concordia
1463 1342 1627 1376 expressos
1658 1332 1839 1375 exigentes,

1100 1385 1199 1418 valida
1217 1391 1246 1418 et
1260 1386 1396 1419 efficacia
1417 1396 1493 1428 esse,
1515 1396 1550 1418 ac
1575 1396 1632 1429 per
1656 1382 1709 1418 eos
1731 1394 1840 1417 omnes

1100 1439 1321 1472 inviolabiliter
1351 1439 1512 1472 observari
1542 1439 1679 1478 debere,
1708 1438 1840 1481 illosque

1101 1492 1138 1524 ad
1156 1493 1282 1525 illorum
1308 1492 1449 1526 omnium
1475 1492 1728 1525 observationem
1745 1496 1775 1523 et
1792 1501 1840 1524 so-

1101 1545 1251 1578 lutionem
1277 1536 1422 1578 omnibus
1447 1545 1525 1587 viis,
1554 1556 1590 1577 ac
1614 1544 1692 1577 iuris
1716 1547 1745 1577 et
1769 1543 1839 1576 facti

1103 1599 1259 1642 remediis,
1275 1599 1345 1642 cogi
1363 1603 1392 1631 et
1409 1598 1554 1642 compelli
1574 1608 1666 1642 posse
1683 1602 1713 1631 et
1727 1597 1841 1630 debere

1102 1652 1317 1691 decernimus;
1342 1652 1539 1685 absolventes
1570 1651 1663 1684 etiam
1678 1678 1686 1691 ‚
1707 1650 1732 1683 si
1761 1660 1841 1694 opus

1103 1706 1206 1747 suerit,
1223 1712 1285 1739 tam
1307 1705 1409 1749 ipsum
1423 1705 1600 1749 Philippum
1614 1715 1733 1748 regem,
1747 1713 1840 1747 quam

1104 1769 1319 1803 quoscumque
1343 1759 1410 1792 eius
1428 1759 1600 1799 ministros,
1617 1768 1739 1791 necnon
1756 1767 1844 1800 quas-

1104 1823 1238 1856 cumque
1251 1812 1477 1845 ecclesiasticas
1494 1816 1557 1844 tam
1575 1811 1732 1844 seculares
1749 1820 1843 1854 quam

1105 1866 1266 1909 regulares
1289 1876 1451 1909 personas,
1476 1876 1493 1898 a
1517 1865 1679 1908 quibusvis
1702 1864 1844 1897 censuris

1105 1924 1135 1952 et
1157 1919 1275 1963 poenis,
1294 1919 1318 1952 si
1344 1929 1420 1963 quas
1433 1924 1564 1962 propter
1581 1918 1755 1962 praemissa
1772 1928 1845 1961 quo-

1106 1972 1277 2006 modolibet
1301 1972 1502 2013 incurrerint,
1520 1972 1640 2005 etiamsi
1666 1971 1698 2004 in
1722 1971 1845 2014 irregu-

1106 2026 1261 2059 laritatem
1278 2026 1414 2070 aliquam
1439 2025 1616 2066 inciderint,
1633 2035 1668 2058 ac
1688 2024 1799 2057 missas
1815 2027 1845 2057 et

1107 2080 1167 2113 alia
1190 2080 1295 2113 divina
1319 2080 1420 2113 officia
1444 2079 1580 2119 interim,
1607 2088 1670 2112 non
1695 2077 1844 2112 tamenin

1107 2138 1320 2178 contemptum
1339 2133 1483 2174 clavium,
1497 2132 1733 2174 celebraverint,
1752 2141 1846 2175 super

1107 2198 1168 2231 qua
1185 2187 1426 2230 irregularitate,
1444 2186 1486 2219 sic
1507 2197 1564 2230 per
1581 2196 1634 2219 eos
1652 2186 1757 2218 forsan
1773 2194 1848 2228 quo—

1109 2240 1282 2274 modolibet
1306 2241 1475 2282 contracta,
1493 2239 1605 2271 harum
1627 2238 1707 2271 serie
1727 2237 1848 2282 dispen-

1109 2304 1222 2335 samus,
1238 2303 1295 2326 nec
1318 2297 1485 2336 propterea
1507 2292 1626 2325 fructus
1643 2290 1847 2324 ecclesiarum

1109 2352 1139 2380 et
1162 2347 1389 2380 beneficiorum
1414 2346 1614 2379 obtentorum
1640 2355 1713 2378 suos
1728 2354 1792 2378 non
1806 2344 1849 2377 se-

1109 2401 1187 2434 cisse
1212 2400 1272 2433 dici
1305 2405 1358 2433 aut
1382 2400 1503 2433 censeri
1526 2409 1618 2443 posse
1642 2399 1847 2439 declaramus,

1109 2465 1144 2487 ac
1168 2454 1206 2486 ab
1231 2453 1275 2486 eis
1301 2464 1426 2486 omnem
1453 2453 1657 2486 inhabilitatis
1680 2452 1846 2493 maculam,

1110 2507 1173 2540 sive
1197 2512 1324 2543 notam,
1350 2507 1375 2539 si
1400 2517 1493 2551 quam
1523 2512 1652 2550 propter
1677 2504 1849 2549 praemissa

1109 2560 1346 2604 quomodolibet
1371 2560 1571 2599 incurrerint,
1589 2559 1767 2598 abolemus,
1784 2567 1849 2590 eos-

1110 2623 1170 2657 que
1200 2613 1230 2646 in
1260 2613 1427 2656 pristinum
1461 2618 1489 2646 et
1523 2623 1594 2646 eum
1627 2613 1658 2645 in
1688 2621 1751 2655 quo
1779 2615 1848 2652 ante

1841 220 1890 248 An.
1910 221 1940 248 C.
1962 220 2031 248 1630

1902 1710 1996 1731 Absolvit
2011 1711 2041 1736 ip-

1858 1744 1902 1758 sum
1924 1743 2004 1763 regem.
2023 1743 2040 1758 si

1858 1764 1941 1790 aliquas
1973 1765 2042 1784 incur-

1859 1791 1919 1812 risset
1935 1795 2042 1812 censuras.

2217 2069 2221 2087 t
