2248 3229
73 223 126 252 An.
147 223 178 251 C.
193 221 263 251 1638

113 1085 176 1106 Fides
191 1084 260 1105 11011110

77 1115 220 1138 transumptis.

113 2465 251 2487 Prooemium.

880 220 1022 246 t'nnANus
1045 218 1102 244 vm
1125 219 1173 244 FP.

274 270 332 304 bus
349 275 379 304 et
395 269 553 311 institutis,
568 269 757 314 illorumque
774 270 926 314 personis,
940 280 1015 313 quo·
1030 271 1032 314 f

273 323 444 358 modolibet
468 324 635 366 concessis,
661 323 844 368 approbatis
869 328 898 356 et
925 323 1033 373 inno-¹¹

273 378 367 417 vatis;
392 377 507 422 quibus
524 378 670 411 omnibus
684 383 713 410 et
736 377 878 420 singulis,
892 377 1013 412 etiamsi
1032 390 1033 394 ¹

272 431 310 464 de
337 431 398 464 illis
417 428 598 476 'eorumque
623 431 695 464 totis
721 430 881 464 tenoribus
902 428 1033 474 spec-ia!

272 485 325 525 lis,
349 485 511 529 specifica,
533 495 680 530 expressa
705 490 735 517 et
762 484 929 524 individua,
954 478 1033 517 non'

273 544 378 572 autem
404 549 461 582 per
485 539 640 572 clausulas
663 537 827 581 generales
852 537 934 570 idem
963 537 1017 569 im-

274 597 445 636 ponantes,
475 592 592 625 mentio
627 602 680 625 seu
714 591 841 635 quaevis
878 590 938 623 alia
962 593 1035 639 exff

275 642 397 689 pressio
417 645 560 678 habenda
588 651 640 678 aut
660 645 764 688 aliqua
780 644 840 676 alia
864 642 1035 688 exquisita¹

275 698 375 731 sorma
392 698 430 731 ad
455 698 514 731 1100
539 698 690 731 servanda
715 698 804 737 soret,
826 697 953 730 illorum
979 700 1035 730 te-;

274 762 368 785 nores
399 751 617 796 praesentibus
653 761 712 795 pro
744 751 936 784 sufficienter
965 748 1035 782 ex-'

276 805 393 848 pressis
421 815 457 837 ac
487 804 620 838 formam
646 814 755 838 00111111
790 803 935 836 traditam
959 813 1018 847 pro

275 857 396 891 servata
421 858 585 900 habentes,
604 858 661 891 1100
680 858 745 891 xice
770 857 947 901 specialiter
963 867 1017 890 no-

276 911 417 944 minatim
456 917 486 944 et
510 922 668 956 expresse,
693 911 730 944 ad
756 911 902 944 ess'ectum
927 901 1037 954 prae-¹

276 965 421 1007 sentium,
435 964 642 1009 derogamus3
660 965 835 1008 ceterisque
853 964 1019 998 contrariis
1034 955 1036 965 ⁴

276 1017 542 1063 quibuscumque.
1034 1014 1035 1017 Ἴ

321 1071 336 1114 ἓ
353 1071 381 1104 7.
401 1071 438 1105 L't
455 1077 558 1104 autem
583 1077 764 1115 praesentes
784 1076 919 1113 nostrae,
938 1081 1018 1115 quae

276 1123 314 1156 ad
340 1124 463 1168 singula
488 1125 556 1158 loca
580 1125 695 1158 deferri
721 1135 783 1158 non
808 1130 951 1169 possunt,
980 1125 1018 1157 ad

276 1178 418 1211 omnium
435 1178 579 1212 notitiam
602 1178 722 1211 facilius
739 1178 913 1221 deveniant,
936 1178 1020 1212 volu-
1036 1207 1037 1214 ,

278 1242 347 1264 111115
368 1235 401 1266 111
418 1232 600 1265 earumdem
626 1233 839 1276 praesentium
867 1232 1037 1283 transums

276 1285 352 1328 ptis,
369 1285 416 1318 vel
432 1286 593 1330 exemplis,
614 1286 707 1318 ctiam
727 1286 902 1329 impressis,
925 1296 1019 1318 manu
1036 1292 1037 1326 ζ

277 1339 410 1372 0110111115
434 1339 547 1372 notarii
576 1339 693 1383 publici
718 1340 915 1383 subscriptis,
933 1345 963 1372 et
979 1340 1019 1372 si·
1036 1379 1037 1382 Ἴ

278 1391 354 1434 gillo
386 1402 539 1436 personae
568 1392 598 1425 in
630 1393 781 1436 dignitate
808 1392 1037 1425 ecclesiastica*

277 1445 464 1478 constitutae
497 1445 641 1487 munitis,
667 1445 783 1489 ubique
815 1445 958 1479 locorum
990 1451 1020 1478 et

277 1498 418 1540 gentium
451 1499 559 1532 eadem
591 1509 724 1542 prorsus
748 1499 826 1532 tides
850 1499 1037 1540 habeatur-,l

277 1562 357 1596 quae
382 1552 551 1586 haberetur
575 1553 650 1596 ipsis
670 1553 897 1596 praesentibus,
925 1553 949 1585 si
976 1553 1037 1586 so-¹

277 1610 348 1637 rent
372 1604 530 1638 exhibitae
555 1605 602 1638 vel
627 1611 782 1638 ostensae.

320 1658 433 1691 Datum
459 1658 594 1698 Romae,
622 1658 703 1702 apud
739 1658 769 1691 S.
801 1658 939 1699 Petrum,
962 1659 1020 1691 sub

277 1711 394 1745 annulo
405 1711 584 1751 piscatoris,
596 1710 690 1745 diem
704 1711 807 1744 martii
822 1721 1020 1753 uncxxxviu,

277 1764 479 1808 pontificatus
503 1765 603 1799 nostri
628 1775 710 1799 anno
733 1775 785 1800 xv.
1038 1762 1039 1765 ’

315 1826 372 1854 Dat.
390 1827 434 1854 die
447 1827 463 1855 3
479 1828 568 1855 martii
590 1828 667 1862 1638,
683 1828 778 1864 pontis.
796 1836 866 1856 anno
883 1835 925 1855 xv.
1037 1838 1039 1852 1

616 1972 685 2006 Det.

284 2053 375 2094 Quod
400 2052 527 2087 abbates
550 2053 824 2086 monasteriorum
847 2052 1020 2096 pauperio-

324 2117 400 2139 rum
419 2106 686 2150 Conyreqatiouis
705 2106 825 2138 Montis
848 2104 967 2138 oliveti
986 2105 1024 2137 de

327 2159 458 2193 licentio
480 2159 704 2204 procuratoris
720 2158 882 2202 qeneralis
899 2159 1024 2202 possint

325 2213 490 2256 imponere
505 2223 610 2246 unum
626 2223 679 2246 seu
696 2212 807 2256 plures
829 2222 940 2244 census
963 2221 1023 2255 pro

326 2266 535 2300 sublevandis
560 2265 753 2309 incliqcutiis
779 2264 963 2298 eorumdem
978 2264 995 2296 ¹.

482 2346 620 2373 Urbanus
647 2346 727 2380 Papa
747 2345 824 2377 vlu,

426 2390 463 2418 ad
483 2390 615 2417 futuram
637 2389 679 2417 rei
699 2389 881 2417 memoriam.

331 2461 362 2493 ln
388 2460 425 2493 iis
449 2460 617 2504 praecipue
650 2459 869 2493 sollicitudinis
901 2463 1025 2491 nostrae

286 2519 390 2558 partes
407 2514 540 2547 libenter
558 2513 799 2557 interponimus,
815 2523 870 2556 per
883 2522 963 2556 quac
982 2522 1027 2544 re-

322 2587 330 2612 1
351 2584 455 2612 Deliae
476 2585 590 2612 materia
613 2585 673 2611 vide
692 2585 783 2611 Const.
805 2584 921 2619 Experti
946 2583 1026 2611 nobis

285 2629 366 2657 huius
380 2630 529 2661 Pontificis,
546 2633 573 2656 ut
589 2637 670 2665 supra
684 2637 744 2664 pag.
761 2628 823 2655 593.

1048 268 1206 311 galai-ium
1224 275 1432 311 personarum
1453 262 1691 299 necessitatibus
1708 274 1792 297 com-

1049 321 1196 363 modiori,
1214 331 1276 365 qua
1300 320 1369 353 fieri
1390 324 1503 364 potest,
1521 318 1640 353 ratione
1665 327 1790 351 succur-

1049 380 1146 417 ratur,
1164 385 1235 408 cum
1261 385 1323 408 non
1349 373 1442 407 modo
1467 373 1622 417 pastorale
1645 376 1789 405 nostrum

1050 439 1163 461 munus
1188 439 1205 461 a
1230 428 1320 461 nobis
1345 427 1375 460 id
1399 432 1565 471 exposcat,
1586 426 1641 459 sed
1665 424 1704 458 ad
1729 425 1790 458 1100

1050 482 1142 514 etiam
1161 486 1310 525 paternus
1330 491 1429 524 amor,
1444 490 1506 524 quo
1527 479 1595 512 illas
1619 478 1790 522 diligimus,

1050 544 1106 568 nos
1132 535 1266 568 inducat.

1095 588 1110 630 ἓ
1138 588 1162 620 l.
1180 588 1255 621 Cum
1278 587 1391 630 itaque,
1413 586 1492 619 sicut
1509 585 1599 619 nobis
1619 595 1720 629 nuper
1739 595 1792 617 ex-

1051 641 1125 684 poni
1158 641 1230 673 10011
1261 640 1393 673 dilectus
1424 640 1507 672 tilius
1532 638 1793 682 Congregationis

1052 694 1162 728 Montis
1177 694 1286 728 Olivcti
1304 699 1494 738 procurator
1507 693 1674 736 generalis,
1687 702 1794 735 quam-

1052 748 1188 792 plurima
1199 748 1300 781 dictae
1317 746 1576 790 Congregationis
1593 745 1793 787 monasteria,

1053 807 1118 835 tum
1132 808 1263 846 propter
1277 802 1398 835 steriles
1414 801 1624 845 quorumdam
1638 810 1793 833 annorum

1053 866 1181 898 messes,
1201 857 1341 899 aliasque
1365 855 1566 895 calamitates,
1583 854 1622 886 ad
1647 864 1715 887 eam
1741 853 1794 886 de-

1053 910 1194 942 venerint
1218 914 1400 952 egestatem,
1426 908 1567 951 adeoque
1596 917 1669 940 aere
1693 906 1794 939 alieno

1052 969 1182 1006 gravata
1200 963 1342 1003 existant,
1357 967 1391 994 ut
1408 962 1534 995 illorum
1549 959 1706 994 Ordinarii
1724 959 1794 992 red-

1052 1016 1136 1049 ditus
1160 1021 1190 1049 et
1214 1020 1386 1060 proventus
1411 1014 1508 1058 ipsius
1532 1014 1613 1046 aeris
1637 1013 1729 1046 alieni
1753 1013 1797 1045 in-

1053 1070 1212 1103 terusurio
1248 1069 1456 1114 persolvendo
1494 1078 1617 1102 necnon
1652 1077 1796 1100 camerae

1052 1124 1243 1168 apostolicae
1265 1123 1414 1156 oneribus
1440 1122 1572 1166 aliisque
1596 1121 1654 1154 sibi
1681 1121 1797 1154 incum—

1053 1177 1200 1210 bentibus
1219 1177 1369 1210 oneribus
1390 1175 1612 1220 supportandis
1631 1184 1694 1207 non
1715 1173 1798 1206 suffi-

1053 1231 1153 1264 ciant:
1179 1230 1269 1264 nobis
1293 1235 1460 1274 propterca
1485 1229 1585 1262 dictus
1610 1233 1798 1272 procurator

1053 1284 1211 1327 generalis
1243 1283 1406 1316 liumiliter
1438 1282 1608 1326 supplicari
1639 1280 1731 1321 fecit,
1763 1285 1793 1313 ut

1054 1348 1148 1381 super
1161 1336 1344 1381 praemissis
1364 1336 1469 1380 aliqua
1493 1335 1614 1368 ratione
1630 1334 1796 1378 providere

1053 1391 1091 1424 de
1107 1390 1299 1433 benignitate
1314 1389 1484 1433 apostolica
1503 1388 1716 1431 dignaremur.

1099 1446 1113 1488 ξ
1127 1441 1706 1485 ’2.Νο5,1110005101·101·11111111111151110111
1721 1441 1798 1474 indi-

1054 1498 1167 1540 gentiis
1180 1498 1312 1541 paterna
1327 1497 1439 1540 pietate
1453 1495 1645 1540 prospicere,
1659 1494 1800 1527 illorum—

1054 1562 1115 1595 que
1140 1551 1322 1595 superiores
1355 1555 1385 1583 et
1413 1549 1587 1582 monachos
1611 1548 1798 1592 specialibus

1053 1605 1213 1638 favoribus
1238 1610 1268 1638 et
1292 1604 1401 1647 gratiis
1425 1603 1575 1648 prosequi
1600 1603 1749 1643 volentes,
1769 1607 1800 1634 et

1037 1669 1166 1705 yeorum
1199 1658 1375 1701 singulares
1407 1666 1558 1700 personas
1592 1666 1610 1688 a
1638 1654 1800 1698 quibusvis

1055 1710 1399 1753 excommunicationis,
1419 1709 1636 1753 suspensionis
1657 1713 1687 1741 et
1703 1707 1799 1740 inter-

1037 1770 1039 1772 ’
1055 1765 1140 1806 dicti,
1154 1765 1285 1809 aliisque
1303 1763 1523 1798 ecelesiasticis
1541 1761 1712 1802 sententiis,
1730 1771 1800 1794 cen-

1055 1819 1137 1852 suris
1154 1824 1184 1852 et
1200 1818 1322 1862 poenis,
1337 1828 1354 1850 a
1371 1817 1440 1850 iure
1454 1817 1501 1849 vel
1519 1816 1558 1848 ab
1572 1815 1713 1855 1101111110,
1727 1825 1800 1858 qua-

1055 1872 1101 1905 vis
1125 1872 1290 1905 occasione
1324 1871 1371 1904 vel
1397 1871 1491 1903 causa
1518 1869 1610 1910 latis,
1635 1868 1660 1902 si
1685 1868 1800 1911 quibus

1056 1925 1294 1969 quomodolibet
1319 1923 1483 1957 innodatae
1509 1923 1655 1963 existunt,
1670 1921 1708 1954 ad
1725 1921 1800 1954 effe-

1056 1983 1140 2012 ctum
1167 1978 1380 2022 praesentium
1409 1977 1572 2009 dumtaxat
1597 1984 1796 2018 consequen-

1057 2031 1143 2072 dum,
1156 2031 1269 2064 harum
1285 2030 1366 2064 serie
1382 2030 1579 2062 absolventes
1593 2034 1623 2061 et
1639 2028 1799 2061 absolutas

1058 2085 1123 2117 sore
1141 2089 1314 2124 censentes,
1331 2081 1616 2126 supplicationibus
1636 2081 1710 2114 dicti
1728 2091 1800 2124 pro-

1057 2137 1212 2170 curatoris
1238 2136 1393 2179 generalis
1425 2135 1552 2167 nomine
1584 2133 1675 2167 nobis
1705 2144 1800 2178 super

1058 2191 1118 2224 1100
1143 2189 1304 2222 110111111101·
1320 2189 1476 2232 porrectis
1494 2187 1648 2230 inclinati,

1103 2244 1117 2286 ξ
1133 2242 1162 2275 3.
1180 2242 1268 2282 Quod
1289 2241 1552 2275 monasteriorum
1574 2240 1799 2285 pauperiorum

1059 2296 1159 2329 dictae
1183 2294 1443 2338 Congrcgationis
1467 2294 1596 2327 abbates
1612 2299 1642 2326 et
1659 2293 1799 2337 superio-

1059 2360 1120 2389 res,
1140 2349 1178 2382 de
1202 2348 1323 2381 abbatis
1347 2358 1403 2380 seu
1428 2347 1645 2391 procuratoris
1669 2357 1801 2390 genera-

1697 206 1760 240 645
1805 216 1855 243 An.
1875 215 1994 249 (11633,

1833 601 1919 622 Mutina.

1844 2249 2001 2275 0111101111111-0-

1817 2280 1838 2297 ut
1850 2284 1868 2296 m
1885 2277 1978 2297 rubrica.

1060 2403 1135 2436 lium
1160 2402 1300 2436 eiusdem
1325 2401 1450 2436 Ordinis
1471 2401 1595 2434 licentia
1615 2406 1644 2434 et
1661 2410 1800 2442 assensu,
1837 2417 1843 2422 ·

1060 2467 1156 2489 unum
1192 2467 1246 2489 seu
1283 2456 1390 2500 plures
1420 2465 1532 2488 census
1558 2466 1677 2488 annuos
1702 2465 1802 2498 usque

1059 2510 1097 2542 ad
1121 2509 1328 2554 pecuniarum
1354 2519 1503 2549 summas,
1520 2519 1597 2552 quas
1624 2508 1680 2552 ipsi
1706 2508 1802 2541 abbas

1059 2574 1114 2596 seu
1139 2568 1327 2607 procurator
1352 2562 1508 2606 generalis
1534 2561 1714 2595 huiusmodi
1740 2561 1802 2594 illis

1060 2617 1251 2652 necessarias
1265 2627 1332 2650 esse
1347 2616 1564 2657 iudicaverint,
1580 2616 1609 2649 in
1623 2621 1706 2650 sorte
1721 2615 1803 2660 prin-
