2248 3229
43 227 96 254 An.
113 228 143 255 G.
162 227 230 255 ¹634

850 229 992 255 URBANUS
1018 229 1075 254 vm
1093 230 1141 255 PP.

243 276 355 310 elesiae
388 276 595 310 cardinalium
629 278 765 321 negotiis
789 279 984 321 regularium

225 329 506 377 praepositorum,
519 331 762 374 Congregationi
776 331 909 365 fratrum
922 331 986 365 Dis-

243 383 452 417 calceatorum
466 384 617 428 praedicti
631 384 756 418 Ordinis
765 385 984 419 Sanctissimae

241 436 400 470 Trinitatis
428 437 662 482 Redemptionis
692 438 911 483 captivorum,
941 439 981 472 il-

241 490 363 535 liusque
391 491 537 525 domibus
557 495 587 525 et
603 492 804 535 regularibus
830 493 907 526 locis
926 493 983 526 sub

242 543 293 576 illa
318 545 564 589 comprehensis,
581 555 703 578 necnon
724 546 869 579 ministro
893 555 984 589 gene-

242 598 300 630 rali
324 609 384 642 pro
408 603 550 642 tempore
575 599 740 641 existenti,
765 599 983 633 definitoribus

241 652 271 682 et
294 649 556 693 procuratoribus
585 650 795 693 generalibus,
819 650 982 692 visitatori,

241 701 483 744 consultoribus
501 704 662 744 assessori,
679 703 893 747 ministrisque
909 714 984 748 pro-

241 754 428 788 vincialibus
467 760 496 790 et
537 757 820 798 conventualibus,
851 757 982 802 aliisque

242 808 469 853 cuiuscumque
494 811 631 843 nominis
656 810 856 852 officialibus,
881 821 979 855 supe-

242 862 390 905 rioribus,
415 873 450 896 ac
476 864 632 907 religiosis
653 864 798 897 omnibus
823 868 851 898 et
877 864 998 908 singu-1

241 915 278 948 lis
307 916 338 948 in
363 918 401 949 ea
429 917 578 960 professis
596 917 744 950 fratribus
760 927 818 960 pro
839 922 982 962 tempore

241 968 279 1001 ad
311 969 450 1013 captivos
485 970 686 1004 redimendos
722 970 926 1012 transmissis,
952 976 982 1004 et

241 1023 385 1067 capitulis
410 1025 628 1067 generalibus,
652 1024 796 1068 personis
820 1025 978 1068 regulari-

241 1076 309 1118 bus,
337 1078 473 1119 novitiis,
506 1078 675 1119 conversis,
701 1078 833 1121 donatis,
859 1078 980 1119 oblatis,

241 1130 403 1172 ministris,
421 1132 554 1174 famulis,
573 1131 756 1175 cunctisque
782 1137 843 1165 tam
869 1133 982 1166 officia-

241 1238 494 1279 inservientibus,
508 1244 537 1272 et
555 1239 667 1272 ceteris
684 1239 891 1283 primodictae
908 1240 984 1274 Con-

240 1292 433 1335 gregationis
463 1303 499 1325 ac
528 1292 696 1326 domorum
729 1298 759 1326 et
787 1293 981 1336 regularium

240 1345 383 1378 locorum
401 1346 543 1389 personis
559 1346 810 1389 quibuscumque
828 1357 887 1390 pro
908 1352 983 1380 tem-

240 1409 317 1442 pore
341 1400 556 1440 existentibus,
581 1411 703 1434 necnon
727 1400 889 1445 quibusvis
913 1401 981 1434 aliis

240 1453 384 1496 personis
419 1464 454 1487 ac
490 1454 747 1487 christifidelibus
772 1454 898 1487 illorum
924 1465 978 1488 ec-

240 1506 351 1539 clesias
382 1517 437 1540 seu
465 1507 625 1551 cappellas
654 1518 713 1551 pro
739 1513 882 1551 tempore
906 1508 979 1541 visi-

240 1561 385 1603 tantibus,
400 1566 431 1593 ut
447 1561 594 1595 omnibus
607 1566 635 1595 et
650 1562 780 1605 singulis
796 1562 979 1605 privilegiis,

240 1614 455 1655 libertatibus,
481 1615 749 1656 immunitatibus,
774 1615 979 1659 exemptioni-

239 1667 307 1708 bus,
318 1668 584 1711 praeeminentiis,
595 1668 845 1711 antelationibus,
856 1679 980 1703 conces-

239 1720 390 1762 sionibus,
414 1721 551 1763 indultis,
576 1722 745 1763 favoribus,
766 1722 978 1766 indulgentiis,

240 1774 371 1819 aliisque
394 1776 621 1819 praerogativis
638 1782 668 1809 et
687 1776 806 1819 gratiis,
823 1776 979 1810 universis

240 1834 269 1860 et
293 1829 435 1872 singulis,
453 1834 514 1862 tam
540 1829 754 1873 spiritualibus
782 1841 875 1874 quam
901 1836 978 1864 tem-

240 1882 401 1925 poralibus
425 1883 570 1926 (singulis
595 1883 750 1926 domibus,
763 1885 978 1927 conventibus,

240 1940 270 1967 et
286 1935 355 1968 aliis
370 1936 570 1978 regularibus
589 1937 666 1970 locis
694 1948 729 1970 ac
745 1939 898 1981 personis,
915 1944 977 1971 tarn

240 1986 483 2020 canonicorum¹
509 1987 703 2030 regularium
720 1988 821 2021 ubivis
845 1988 978 2022 existen-

241 2093 432 2134 monasticis,
457 2094 656 2137 regularibus
681 2095 925 2128 Mendicantium
950 2095 997 2130 et'

240 2156 303 2180 non
327 2147 586 2190 Mendicantium,
613 2152 674 2182 tarn
704 2159 762 2192 pio
787 2148 997 2182 redimendis³

241 2200 384 2244 captivis,
401 2211 494 2245 quam
515 2201 590 2235 alias
610 2202 856 2245 quomodolibet,
871 2202 997 2236 Ordinil
995 2205 1171 2271 concessis
1187 2205 1348 2248 hactenus,
1363 2208 1410 2240 vel
1428 2208 1631 2251 confirmatis,
1645 2214 1698 2242 aut
1708 2219 1758 2252 ap

241 2253 460 2287 Sanctissimae
480 2255 529 2287 Ti
523 2255 639 2288 initatis
656 2255 892 2300 Redemptionis
911 2267 997 2300 cap
995 2250 1051 2310 pl
1054 2257 1171 2299 ohatis
1196 2264 1226 2291 et
1249 2259 1362 2303 quibus
1380 2260 1424 2293 illi
1443 2266 1505 2293 tarn
1526 2262 1557 2294 in
1579 2261 1642 2294 vita
1664 2271 1757 2304 quani

241 2307 387 2350 tivorum
412 2307 558 2352 illiusque
582 2309 749 2350 domibus,
776 2310 998 2344 conventibus
996 2299 997 2340 l
1015 2312 1046 2345 in
1063 2312 1173 2345 moitis
1187 2313 1330 2354 articulo,
1344 2314 1437 2347 etiam
1456 2315 1539 2348 ciica
1555 2320 1702 2359 peccator
1706 2326 1756 2348 um

242 2367 271 2394 et
283 2361 450 2403 fratribus
470 2372 592 2396 necnon
601 2362 650 2396 01
652 2363 717 2396 d1n1
733 2363 842 2397 beatae
866 2364 998 2398 Mariae
1014 2376 1216 2399 iemissiones
1225 2371 1256 2400 et
1268 2373 1479 2401 iniunctaium
1493 2369 1755 2412 poenitentiarum

1019 285 1047 312 et
1058 279 1286 312 Canonicorum
1298 278 1558 322 Congregationis
1568 278 1761 313 Sanctissimi

1019 330 1188 365 Salvatoris
1213 332 1439 373 Lateranensis,
1463 332 1568 366 Sancti
1593 331 1761 365 Salvatoris

1018 383 1056 417 de
1083 385 1230 427 Bononia,
1249 396 1285 419 ac
1309 386 1402 419 etiam
1423 386 1526 419 Sancti
1551 385 1631 419 Ruffi
1652 385 1759 418 Valen-

1017 437 1077 470 tiae
1103 441 1132 472 et
1156 437 1286 471 Sanctae
1311 439 1418 472 Crucis
1442 439 1640 480 Colimbriae,
1665 439 1760 473 Cleri-

1017 500 1126 524 corum
1151 491 1356 534 Regularium
1377 491 1415 524 de
1439 492 1609 525 Somascha
1633 497 1663 525 et
1687 492 1762 525 Pau-

1016 553 1128 587 perum
1153 543 1259 576 Matris
1285 543 1339 577 Dei
1361 554 1396 577 ac
1416 545 1602 578 Scliolarum
1623 545 1760 587 Piarum,

1016 596 1155 641 ipsisque
1184 597 1365 630 monasticis
1397 599 1710 642 congregationibus,
1734 610 1761 632 c-

1016 649 1090 682 tiam
1107 650 1294 691 Cassinensi‚
1311 651 1443 695 aliisque
1468 652 1632 685 monachis
1649 659 1677 685 et
1696 663 1761 686 mo-

1015 703 1160 737 nasteriis
1170 704 1268 737 sancti
1278 704 1446 747 Benedicti,
1454 705 1557 740 Sancti
1566 706 1759 751 Hieronymi,

1015 756 1191 790 Carmelitis
1217 757 1432 798 Discalceatis,
1459 759 1624 793 conventui
1650 759 1759 793 beatae

1016 810 1131 843 Mariae
1165 812 1203 845 de
1233 812 1434 856 Guadalupe,
1459 824 1582 847 necnon
1613 813 1758 847 Societati

1016 865 1101 906 lesu,
1126 866 1266 910 ipsisque
1295 867 1558 910 Cartusiensium,
1584 868 1756 902 Praemon-

1015 920 1216 952 stratensium
1241 926 1269 953 et
1294 921 1549 955 Reformatorum
1578 922 1759 956 Cistercien-

1015 972 1106 1013 sium,
1118 973 1322 1015 Servitarum,
1334 974 1567 1009 Olivetanorum
1580 975 1758 1015 Ordinibus,

1014 1026 1145 1070 aliisque
1166 1027 1292 1060 familiis
1316 1033 1346 1061 et
1366 1028 1584 1061 societatibus¹
1611 1029 1760 1072 regulari-

1013 1079 1082 1121 bus,
1108 1081 1238 1122 militiis,
1264 1082 1472 1126 hospitalibus
1497 1083 1759 1127 quibuscumque,

997 1138 1045 1179 ,et
1068 1134 1129 1177 piis
1154 1134 1231 1168 locis
1256 1135 1473 1178 regularibus,
1500 1146 1535 1169 ac
1559 1136 1760 1180 quibuscum-

241 1184 296 1218 riis
320 1195 413 1228 quam
438 1185 619 1219 domesticis
645 1191 672 1219 et
698 1196 808 1219 eorum
837 1182 998 1220 domibus¹

1014 1197 1075 1230 que
1100 1188 1244 1231 personis
1269 1199 1351 1222 nunc
1378 1193 1406 1224 et
1429 1200 1488 1233 pro
1514 1195 1657 1234 tempore
1682 1191 1760 1223 exis-

1016 1240 1152 1274 tentibus
1177 1243 1393 1286 praesatorum
1423 1249 1453 1276 et
1473 1245 1688 1287 quorumlibet
1707 1245 1761 1278 Or-

1015 1293 1141 1335 dinum,
1166 1296 1369 1339 societatum,
1395 1298 1677 1341 congregationum
1703 1309 1755 1331 re-

1015 1348 1255 1392 gularium,per
1279 1360 1336 1383 nos
1366 1354 1395 1385 et
1419 1351 1530 1385 Sedem
1556 1352 1758 1395 praedictam,

1015 1412 1050 1434 ac
1075 1401 1151 1434 alios
1176 1413 1393 1447 quoscumque
1417 1405 1679 1448 praedecessores
1703 1415 1759 1438 no-

996 1483 999 1500 ,
1015 1459 1097 1487 stros
1109 1456 1266 1489 Romanos
1281 1457 1457 1498 Pontifices,
1475 1468 1598 1491 necnon
1619 1458 1758 1491 eiusdem

1015 1513 1139 1541 sanctae
1164 1509 1322 1543 Romanae
1347 1510 1504 1544 Ecclesiae
1529 1511 1714 1553 cardinales,
1731 1517 1758 1544 et

1015 1561 1052 1595 de
1078 1562 1175 1595 latere
1202 1563 1332 1606 legatos,
1347 1570 1377 1596 et
1401 1565 1528 1608 quosvis
1553 1565 1642 1599 Sedis
1666 1576 1757 1610 prae-

1014 1615 1115 1649 dictae
1135 1617 1281 1659 nuntios,
1306 1618 1353 1651 vel
1379 1619 1472 1652 etiam
1498 1625 1561 1652 tam
1587 1619 1758 1663 apostolica

1014 1669 1173 1712 praedicta
1210 1681 1304 1713 quam
1343 1671 1503 1706 ordinaria
1536 1678 1565 1705 et
1598 1672 1686 1715 regia
1711 1673 1758 1705 rel

1015 1722 1170 1766 imperiali
1202 1725 1442 1758 auctoritatibus
1479 1726 1672 1770 respective,
1707 1730 1759 1759 aut

1014 1776 1089 1809 alias
1114 1778 1361 1821 quomodolibet,
1376 1779 1627 1823 quibuscumque
1652 1779 1759 1812 verbo·

1014 1840 1084 1863 rum
1099 1831 1354 1874 expressionibus
1368 1838 1398 1865 et
1411 1833 1584 1874 tenoribus,
1598 1834 1628 1866 in
1643 1843 1758 1876 genere

1014 1884 1061 1916 vel
1076 1884 1106 1916 in
1117 1885 1231 1928 specie,
1243 1895 1278 1918 ac
1291 1886 1534 1930 particulariter,
1547 1892 1609 1920 tam
1626 1898 1683 1931 per
1696 1897 1760 1920 mo-

1013 1937 1088 1970 dum
1099 1939 1393 1973 communicationis
1404 1946 1431 1973 et
1441 1941 1653 1985 ampliationis
1664 1952 1757 1985 quani

995 1991 1164 2035 zsimpticis
1189 1998 1217 2025 et
1239 1993 1417 2026 individuae
1446 2005 1482 2027 ac
1511 1995 1709 2038 particularis
1729 2001 1758 2028 et

240 2040 318 2072 tium
342 2040 501 2081 institutis,
526 2046 556 2073 et
588 2051 650 2074 non
681 2041 783 2074 solum
808 2041 978 2075 Ordinibus
995 2050 997 2083 ζ
1013 2045 1759 2093 specialisconeessionis,acetiauimotuproprio

996 2103 1043 2142 ¹et
1060 2109 1096 2131 ex
1119 2101 1204 2132 celta
1226 2100 1356 2133 scientia
1376 2106 1406 2133 et
1431 2101 1469 2133 de
1493 2102 1683 2145 apostolieae
1707 2112 1759 2145 po-

1015 2152 1345 2210 testatisplenitudine,
1353 2154 1757 2197 etiamiteratibusvicibus

241 2415 279 2448 de
303 2415 445 2448 Mercede
465 2415 698 2460 Redemptionis
718 2417 927 2461 captivorum,
945 2428 981 2452 ac
996 2432 998 2463 t
1015 2420 1222 2453 relaxationes
1236 2447 1244 2461 ,
1269 2426 1322 2453 aut
1346 2421 1422 2454 alias
1446 2421 1693 2465 quomodolibet,
1719 2421 1756 2454 de

241 2523 418 2566 gationibus
434 2523 644 2566 regularibus,
657 2528 687 2558 et
702 2525 872 2569 praecipue
887 2525 982 2559 Cleri-

241 2468 335 2501 etiam
360 2469 507 2502 omnibus
531 2475 561 2502 et
584 2470 835 2515 quibuscumque
853 2482 981 2515 congre·
996 2465 1022 2505 l

1015 2483 1093 2513 iure,
1114 2484 1182 2516 usu,
1197 2478 1249 2506 aut
1274 2474 1452 2518 privilegio,
1467 2475 1515 2508 vel
1533 2474 1756 2508 consuetudine

1016 2527 1252 2572 quomodolibet
1266 2533 1406 2569 utuntur,
1420 2529 1578 2570 fruuntur,
1594 2529 1757 2573 potiuntur

241 2587 350 2610 corum
368 2577 571 2621 Regularium
591 2577 727 2611 Infirmis
739 2578 980 2613 Ministrantium
1016 2584 1045 2615 et
1061 2580 1209 2624 gaudent,
1226 2591 1262 2615 ac
1285 2581 1340 2624 uti,
1359 2582 1430 2622 frui,
1447 2582 1555 2626 potiri·
1568 2587 1597 2615 et
1613 2581 1753 2625 gaudere

278 2642 289 2667 t
311 2639 384 2668 Adde
399 2649 431 2668 ex
444 2640 562 2670 Cherub.
578 2650 668 2677 quam
682 2643 851 2672 clericorum
866 2644 902 2679 (R.
915 2644 965 2679 T.).

1052 2644 1063 2670 1
1082 2643 1151 2671 Edit.
1167 2643 1246 2671 Main.
1263 2643 1328 2679 legit
1343 2644 1494 2673 Societatis
1512 2645 1546 2680 (a.
1564 2646 1612 2680 T.).

1661 220 1725 255 389
1772 230 1820 257 An.
1837 230 1866 257 c.
1889 229 1957 258 1634
