2248 3229
258 222 306 249 Αιι.
325 222 352 249 c.
374 222 442 250 1639
489 213 553 248 720

285 394 328 413 Atia
346 393 432 413 decreta

455 271 557 304 ctione
589 276 619 304 et
651 271 853 314 deputatione
883 280 940 303 suo
970 275 1116 314 tempore
1139 281 1197 315 per

456 334 512 356 nos
536 323 743 360 declai‘aiida;

500 377 514 419 ξ
535 376 563 409 8.
588 375 715 415 Deiiule7
733 375 816 418 quod
834 375 1014 408 definitores
1034 375 1196 418 generales

456 440 491 460 vx
517 429 648 460 diversis
673 428 853 471 provinciis,
880 429 964 461 iuxta
989 429 1121 462 sormam
1140 434 1195 461 sta-

456 486 594 514 tutorum
620 481 815 522 generalium
834 481 906 514 dicti
928 482 1061 522 Ordinis,
1079 482 1196 524 eligan-

457 539 516 573 tur,
541 545 675 577 quorum
703 540 805 567 tamen
826 541 961 578 quatuor
978 546 1013 568 ex
1031 535 1150 568 familia
1168 540 1198 568 et

458 587 519 620 duo
545 588 705 620 reformati
731 598 798 620 csse
823 588 975 628 debeant3

501 641 515 683 ξ
539 639 568 673 9.
593 640 735 683 Dictique
759 641 918 674 reformati
938 646 968 673 et
988 651 1098 674 eorum
1123 651 1197 673 con-

456 699 566 726 ventus
596 693 655 725 nisi
688 704 745 736 per
775 699 879 737 patres
904 694 1037 726 alicuius
1060 705 1096 727 ex
1122 705 1196 738 pro-

456 746 565 778 vinciis
590 746 769 779 reformatis
794 747 975 780 huiusmodi
998 747 1116 780 visitari
1142 747 1194 780 mi*

456 798 541 830 nime
567 799 684 841 possint
702 809 709 838 3

501 852 515 894 ,ξ
537 851 589 884 to.
615 852 853 895 Gubernarique
877 852 1010 885 debeant
1034 863 1104 886 cum
1125 853 1197 886 solis

457 906 580 938 statutis
604 906 882 945 reformationum,
916 916 997 949 quae
1025 916 1082 939 neo
1108 917 1123 938 a
1148 917 1196 939 ca—

458 960 567 1002 pitulo,
582 970 638 992 nec
656 970 672 992 a
690 960 834 992 ministro
858 960 995 1002 generali
1018 960 1137 1003 possint
1154 960 1195 992 al-

460 1013 552 1045 terari
579 1023 632 1045 seu
659 1012 836 1052 immutari,
866 1013 917 1045 sed
948 1023 1058 1046 eorum
1092 1013 1193 1045 mode-

456 1067 536 1098 ratio
562 1066 628 1098 fieri
655 1065 765 1098 debeat
786 1076 802 1098 a
831 1066 1009 1098 reformatis
1030 1070 1148 1099 tantum
1167 1067 1196 1098 in

457 1119 594 1162 capitulo
619 1118 666 1151 vel
692 1119 936 1160 congregatione
961 1120 1119 1160 generali;

501 1174 515 1214 ᾗ
542 1171 679 1203 ’11μΝιτυ
706 1171 847 1203 minister
871 1171 1026 1212 generalis
1052 1172 1198 1204 constitu-

457 1224 556 1256 tiones
582 1225 629 1257 vel
654 1224 867 1256 ordinationes
889 1225 1073 1267 perpetuas¹
1093 1225 1137 1257 vel
1159 1225 1196 1257 ad

457 1282 603 1319 tempus,
636 1287 715 1319 quae
748 1277 934 1309 reformatos
964 1277 1124 1319 obligent,
1150 1278 1195 1310 vel

458 1336 566 1362 contra
593 1330 672 1367 illos,
700 1330 836 1362 condere
862 1330 977 1372 possit3

503 1386 517 1425 5
542 1382 593 1415 12.
620 1382 743 1426 Ipsique
768 1383 927 1415 reformati
959 1382 996 1415 ad
1027 1383 1197 1426 peculiaria

458 1436 541 1468 illius
567 1436 720 1475 mandata,
746 1446 825 1478 quae
846 1436 1047 1468 definitorum
1073 1436 1198 1479 provin-

458 1489 523 1521 ciae
557 1489 671 1521 iudicio
705 1496 734 1521 et
767 1489 921 1521 dictorum
954 1490 1216 1528 relormatorumi

458 1542 673 1574 reformationi
699 1546 727 1576 et
752 1543 969 1575 observantiae
994 1553 1056 1575 non
1081 1542 1197 1575 suerint

459 1596 674 1637 congruentia,
702 1596 830 1627 minime
856 1601 1036 1634 teneantur3

503 1649 517 1691 ξ
543 1647 593 1680 13.
619 1648 761 1691 Insuper,
787 1648 869 1690 quod
895 1648 933 1680 ad
961 1647 1152 1680 visitationes
1169 1652 1198 1681 et

459 1703 583 1744 negotia
601 1702 843 1734 reformatorum
863 1702 948 1734 nullo
968 1701 1060 1734 modo
1079 1701 1195 1744 possint
1214 1702 1216 1735 l

459 1755 602 1798 deputari
628 1754 740 1786 fratres
764 1753 801 1786 de
827 1754 965 1793 lautitia,
1001 1753 1055 1785 sed
1080 1753 1198 1786 solum-

461 1807 554 1840 inodo
579 1807 701 1849 ipsimet
730 1806 911 1843 resormati3

505 1862 519 1903 ξ
544 1860 595 1892 14.
620 1862 663 1893 Ae
687 1860 836 1900 demum,
864 1859 947 1902 quod
981 1859 1128 1892 transitus
1160 1859 1198 1891 ab

460 1913 656 1947 observantia
674 1913 710 1945 ad
729 1913 982 1945 reformationem
999 1912 1197 1952 concedatur,

459 1971 553 2010 prout
577 1967 726 1999 hactenus
751 1967 954 1998 observantes
980 1966 1132 2003 babuere3
1158 1966 1198 1997 ita

460 2026 493 2052 ut
510 2020 610 2052 dictae
629 2019 806 2062 provinciae
825 2020 1012 2051 reformatae
1031 2019 1197 2051 inserviant

462 2084 519 2116 pro
534 2073 755 2105 reformatione
769 2073 986 2104 observantiae
1004 2072 1198 2110 buiusmodi3
1216 2081 1217 2095 i

505 2127 519 2169 ξ
548 2126 594 2158 15.
620 2126 749 2158 Sublata
770 2125 886 2157 eisdem
909 2125 1148 2157 observantibus
1169 2125 1198 2156 in

461 2186 648 2223 perpetuum
661 2189 772 2211 novam
788 2178 1042 2211 reformationem
1059 2178 1199 2219 erigendi

461 2242 516 2264 seu
540 2231 718 2264 instituendi
744 2232 911 2269 facultate3

506 2285 520 2327 g
545 2284 595 2318 ¹16.
621 2284 770 2327 Quodque
790 2284 949 2317 reformati
964 2283 1114 2327 praedicti
1134 2294 1201 2327 pos-

462 2337 521 2370 sint
557 2337 649 2369 etiam
683 2337 818 2369 transire
855 2337 891 2369 ad
928 2337 1129 2369 observantes
1164 2347 1199 2368 ex

463 2390 563 2422 causis
584 2390 613 2421 in
629 2390 848 2423 constitutione
863 2389 960 2422 felicis
974 2389 1201 2422 recordationis

464 2443 547 2475 Pauli
574 2443 674 2485 Papae
693 2443 784 2475 Ybac
810 2453 906 2486 super
931 2452 964 2475 re
989 2443 1133 2474 emanata
1154 2453 1201 2475 ex-

463 2496 594 2539 pressis3
627 2501 656 2528 et
687 2496 730 2528 sic
762 2501 957 2529 transeuntes
982 2501 1137 2539 nequeant
1161 2495 1199 2527 ab

464 2549 699 2581 observantiltius
734 2549 821 2582 rciici
838 2576 844 2590 ⁷
878 2549 1058 2582 earumdem
1093 2555 1200 2582 tenore

501 2613 510 2636 t
527 2610 593 2638 Male
608 2611 672 2639 edit.
689 2611 768 2639 Main.
784 2612 849 2647 legit
860 2615 1019 2647 perpetuae
1035 2612 1072 2647 (R.
1084 2611 1132 2647 T.)-

1037 223 1216 248 BULLARHJM
1241 224 1395 249 ROMANUM

1229 273 1452 314 praesentium,
1473 273 1648 315 statuimus,
1667 275 1812 309 volumus
1836 281 1866 309 et
1885 275 1966 310 ordi-

1230 335 1349 357 namus.

1273 377 1288 420 ἓ
1313 377 1363 410 17.
1388 378 1567 411 Mandantes
1595 384 1773 423 praeterea,
1798 381 1829 413 in
1852 381 1966 414 virtute

1229 435 1354 462 sanctae
1379 430 1585 471 obedientiae,
1603 442 1638 464 ac
1663 432 1720 464 sub
1746 432 1966 475 indignationis

1230 487 1365 521 nostrae,
1386 484 1516 526 aliisque
1540 484 1667 516 nostro¹
1685 490 1715 517 et
1739 495 1798 528 pro
1824 491 1966 528 tempore

1229 534 1390 567 existentis
1415 536 1545 568 Romani
1568 536 1726 569 Pontificis
1743 537 1873 570 arbitrio
1898 548 1969 581 poe-

1230 598 1288 627 nis,
1314 588 1460 621 omnibus
1476 595 1504 621 et
1522 589 1653 631 singulis
1678 589 1801 622 Ordinis
1818 591 1968 633 praedicti

1231 642 1448 684 superioribus
1460 647 1489 675 et
1505 642 1654 675 fratribus
1674 643 1968 687 quomodocumque

1231 700 1260 726 et
1285 695 1556 739 qualitercumque
1585 696 1791 738 qualiticatis,
1824 702 1856 728 ut
1883 706 1970 739 prae-

1232 752 1332 779 sentes
1357 753 1480 780 nostras
1506 748 1633 788 litteras,
1658 759 1693 781 ac
1718 749 1747 780 in
1766 749 1809 781 eis
1826 744 1969 782 contenta

1231 809 1457 843 quaecumque,
1473 800 1692 833 inviolabiliter
1708 801 1875 833 observent
1888 807 1918 833 et
1931 801 1969 833 ab

1232 852 1275 884 eis
1305 852 1343 884 ad
1376 863 1454 896 quos
1484 858 1604 896 spectat
1633 853 1823 886 adamussim
1852 854 1971 886 servari

1232 911 1342 938 curent
1368 911 1397 938 et
1422 906 1544 938 saciant.

1276 959 1290 1002 ξ
1315 959 1366 993 18.
1393 959 1429 992 Et
1453 959 1658 992 nihilominus
1678 970 1714 992 ex
1738 970 1821 1002 nunc
1845 960 1969 993 irritum

1231 1018 1260 1044 et
1278 1013 1368 1045 inane
1386 1012 1585 1045 decernimus
1602 1012 1754 1055 quidquid
1771 1023 1861 1045 secus
1878 1024 1972 1056 super

1233 1065 1279 1097 bis
1292 1076 1308 1097 a
1322 1076 1491 1108 quoquam,
1505 1066 1613 1108 quavis
1630 1067 1825 1105 auctoritate,
1839 1066 1972 1099 scienter

1232 1119 1277 1150 vel
1303 1118 1495 1159 ignoranter,
1520 1119 1686 1160 contigerit
1711 1119 1864 1152 attentari.

1275 1171 1290 1213 ξ
1315 1169 1365 1203 19.
1392 1170 1544 1210 Quocirca
1564 1172 1664 1203 eidem
1684 1171 1848 1205 Francisco
1873 1171 1971 1205 cardi-

1232 1223 1290 1254 nali
1317 1234 1374 1266 per
1400 1229 1580 1266 praesentes
1598 1224 1800 1266 iniungimus,
1817 1231 1970 1268 quatenus

1233 1277 1309 1319 ipse,
1322 1287 1378 1319 per
1392 1287 1434 1315 se,
1446 1277 1489 1308 vel
1505 1277 1610 1314 alium,
1621 1288 1673 1310 seu
1688 1278 1775 1315 alios,
1790 1283 1971 1321 praesentes

1234 1329 1369 1367 litteras,
1391 1335 1421 1361 et
1446 1329 1476 1360 in
1501 1330 1546 1361 eis
1571 1336 1717 1362 contenta
1742 1341 1970 1374 quaecumque,

1234 1382 1283 1414 ubi
1298 1388 1327 1415 et
1342 1382 1467 1425 quando
1488 1393 1567 1426 opus
1592 1383 1695 1423 suerit,
1720 1394 1755 1416 ac
1779 1384 1900 1427 quoties
1914 1395 1972 1427 pro

1233 1441 1320 1479 parte
1340 1436 1469 1469 fratrum
1498 1436 1728 1478 praedictorum
1755 1437 1847 1470 suerit
1868 1438 1972 1480 requi-

1232 1489 1328 1530 situs⁷
1362 1490 1543 1522 solemniter
1576 1490 1762 1532 publicans,
1799 1490 1906 1533 eisque
1942 1490 1973 1523 in

1234 1542 1412 1585 praemissis
1437 1542 1571 1575 efficacis
1596 1543 1785 1575 defensionis
1816 1543 1973 1585 praesidio

1232 1597 1390 1633 assistens,
1415 1595 1506 1628 faciat
1530 1596 1581 1628 illa
1602 1596 1786 1628 auctoritate
1808 1599 1913 1628 nostra
1933 1597 1972 1628 ab

1234 1649 1390 1686 omnibus,
1407 1648 1444 1680 ad
1463 1659 1541 1691 quos
1565 1648 1727 1691 spectabit,
1751 1648 1973 1681 inviolabiliter

1232 1701 1408 1739 observari3
1435 1701 1680 1733 contradictores
1705 1702 1859 1744 quoslibet
1881 1705 1911 1734 et
1928 1711 1974 1733 re-

1234 1755 1330 1786 belles
1355 1764 1410 1796 per
1435 1764 1584 1786 censuras
1604 1758 1633 1787 et
1652 1764 1769 1796 poenas
1789 1754 1973 1786 ecclesiasti-

1233 1817 1298 1846 cas,
1323 1807 1445 1849 aliaque
1465 1812 1641 1849 opportuna
1656 1806 1732 1838 iuris
1746 1810 1773 1839 et
1792 1806 1861 1838 sacti
1876 1816 1974 1839 reine-

1233 1859 1293 1898 dia,
1306 1859 1513 1902 appellatione
1531 1858 1716 1901 postposita,
1732 1858 1972 1901 compescendo,

1235 1912 1446 1954 legitimisque
1475 1921 1568 1953 super
1594 1911 1642 1943 bis
1667 1911 1818 1943 habendis
1843 1912 1973 1944 servatis

1236 1965 1456 2007 processibus,
1491 1974 1640 1996 censuras
1675 1970 1705 1996 et
1737 1975 1855 2008 poenas
1890 1964 1972 2007 ipsas

1234 2018 1326 2049 etiam
1353 2017 1470 2049 iteratis
1494 2017 1615 2049 vicibus
1640 2018 1857 2059 aggravando,
1883 2017 1971 2050 invo—

1234 2075 1302 2103 cato
1327 2071 1418 2103 etiam
1444 2070 1481 2102 ad
1506 2071 1576 2112 hoc,
1591 2070 1615 2102 si
1634 2080 1712 2113 opus
1736 2069 1972 2109 fuerit‚auxili0

1235 2123 1355 2155 brachii
1380 2122 1538 2155 secularis.

1278 2177 1292 2219 ἓ
1317 2175 1368 2209 20.
1394 2177 1461 2209 Non
1487 2175 1684 2208 obstantibus
1708 2175 1806 2208 felicis
1830 2175 1973 2208 recorda-

1235 2229 1326 2262 tionis
1352 2229 1499 2262 Bonil'acii
1525 2229 1625 2271 Papae
1640 2229 1702 2261 Vttt
1721 2228 1973 2272 praedecessoris

1235 2283 1333 2316 nostri
1351 2283 1389 2315 de
1408 2285 1477 2323 una,
1492 2287 1521 2314 et
1538 2282 1570 2314 in
1587 2282 1720 2315 concilio
1737 2282 1874 2324 generali
1890 2282 1974 2315 edita

1234 2336 1271 2368 de
1297 2336 1418 2368 duabus
1441 2335 1541 2375 dietis,
1567 2335 1699 2378 aliisque
1730 2335 1919 2378 apostolicis,
1944 2340 1975 2368 et

1237 2389 1265 2421 in
1291 2388 1520 2421 universalibus
1545 2388 1853 2432 provincialibusque
1878 2393 1907 2421 et
1929 2399 1975 2432 sy-

1235 2442 1400 2475 nodalibus
1425 2441 1564 2475 conciliis
1585 2441 1685 2481 editis,
1703 2441 1902 2483 generalibus
1926 2441 1975 2474 vel

1235 2495 1432 2538 specialibus,
1458 2494 1732 2527 constitutionibus
1754 2500 1784 2527 et
1807 2494 1975 2527 ordinatio-

1235 2549 1337 2589 nibus,
1361 2558 1483 2581 necnon
1508 2548 1581 2581 dicti
1601 2547 1726 2581 Ordinis
1749 2553 1780 2581 et
1803 2548 1886 2581 illius
1904 2557 1974 2592 pro-

1269 2612 1282 2638 1
1300 2611 1366 2639 Male
1382 2611 1448 2639 edit.
1465 2610 1544 2638 Malu.
1559 2610 1624 2645 legit
1638 2610 1744 2639 nostris
1758 2609 1848 2644 (ullu).

1981 228 2030 255 An.
2046 227 2074 255 G.
2093 227 2164 256 1639

2020 395 2164 416 praesentium

1981 425 2107 443 statutt-runi
2128 422 2165 443 ob-

1983 452 2096 470 serrantia.

2012 1183 2169 1210 linquatur-um

1986 1210 2102 1236 deputatio.

2057 2183 2172 2213 Derogatio

1988 2212 2148 2232 contrariorum.
