2221 3224
198 228 246 254 An.
268 227 295 254 c.
315 226 381 253 1629
427 217 469 249 96

236 1456 334 1476 eomedit
347 1461 393 1481 pru-

210 1486 233 1504 ut
248 1489 267 1503 m
283 1483 376 1503 rubrica.

443 275 458 318 ᾖ
482 274 511 307 2.
535 275 606 316 Nos,
628 273 680 316 qui
705 282 762 316 pro
786 271 884 304 nostri
908 269 1074 314 pastoralis
1090 269 1134 302 of-

400 328 462 361 ficii
489 327 593 360 debito
617 325 838 367 religiosorum
863 333 1135 367 quorumcumque

402 381 493 415 statui
518 389 669 424 prospere
693 376 857 419 dirigendo
883 376 1017 409 libenter
1042 376 1137 408 inten-

401 435 514 473 dimus,
539 433 625 476 pium
651 431 807 463 dictorum
827 429 1050 471 religiosorum
1068 440 1138 472 pro—

401 487 537 531 positum
562 494 762 527 summopere
780 484 810 516 in
826 483 958 516 Domino
978 493 1137 516 commen-

402 541 527 580 dantes,
565 549 600 571 ac
634 547 744 570 eorum
780 536 947 569 laudabilia
984 536 1139 580 principia

403 592 593 626 felicioribus
624 589 865 635 progressibus,
890 594 1041 633 quantum
1067 599 1138 622 cum

404 646 535 679 Domino
559 644 742 688 poterimus,
767 653 883 686 augere
908 643 1085 686 cupientes,
1111 647 1141 675 et

403 708 513 732 eorum
545 697 716 741 quemlibet
747 706 764 728 a
795 695 987 739 quibuslibet
1017 705 1141 728 excom-

404 750 639 790 municationis,
664 749 877 793 suspensionis
902 753 932 781 et
962 747 1141 788 interdicti,

404 805 534 849 aliisque
555 803 773 837 ecclesiasticis
799 801 975 844 sententiis,
1001 801 1142 835 censuris

404 865 434 892 et
457 858 582 902 poenis,
604 868 621 890 a
643 858 712 890 iure
737 857 784 890 vel
809 857 847 889 ab
871 855 1009 896 homine,
1035 855 1143 899 quavis

405 912 568 946 occasione
592 911 640 944 vel
665 912 758 944 causa
783 910 862 950 latis,
883 909 908 942 si
933 909 1047 952 quibus
1066 918 1143 952 quo-

406 965 577 999 modolibet
596 964 735 997 innodati
765 963 910 1009 existunt,
935 963 973 995 ad
998 961 1143 995 effectum

408 1019 621 1062 praesentium
635 1017 795 1050 dumtaxat
812 1016 1077 1060 consequendum,
1095 1016 1146 1047 lia-

407 1083 477 1106 rum
503 1072 583 1105 serie
607 1071 804 1104 absolventes
835 1075 865 1103 et
895 1070 1055 1102 absolutos
1080 1069 1145 1101 fore

408 1130 589 1165 censentes,
615 1135 651 1157 ex
676 1123 903 1157 venerabilium
934 1123 1066 1155 fratrum
1090 1131 1145 1154 no-

409 1185 547 1213 strorum
572 1178 600 1211 S.
618 1179 652 1211 R.
670 1178 702 1210 E.
722 1176 928 1210 cardinalium
953 1186 1047 1218 super
1065 1175 1147 1218 epis-

409 1242 561 1276 coporum
586 1237 616 1264 et
640 1230 834 1273 regularium
859 1228 993 1271 negotiis
1017 1232 1047 1260 et
1075 1237 1146 1260 con-

410 1284 628 1319 sultationibus
660 1284 904 1327 deputatorum,
939 1281 1054 1325 quibus
1089 1281 1148 1314 hoc

409 1338 570 1381 negotium
589 1336 829 1370 examinandum
850 1340 880 1368 et
899 1335 991 1368 nobis
1015 1335 1150 1367 referen-

410 1392 484 1425 dum
509 1391 737 1430 commisimus,
763 1389 928 1429 sententia,
1062 1392 1068 1394 “

455 1446 470 1489 ξ,
493 1445 522 1478 3.
547 1445 630 1477 Motu
650 1443 791 1487 proprio,
813 1448 843 1475 et
859 1452 896 1474 ex
917 1443 1002 1474 certa
1019 1441 1149 1474 scientia

411 1510 446 1532 ac
478 1499 601 1531 matura
628 1496 852 1529 deliberatione
882 1494 1015 1536 nostris,
1049 1493 1149 1537 deque

410 1552 599 1596 apostolicae
624 1550 786 1594 potestatis
816 1548 1008 1592 plenitudine
1023 1574 1030 1587 ,
1054 1557 1148 1579 unam

411 1605 607 1650 provinciam
633 1614 687 1636 seu
709 1601 986 1645 congregationem
1015 1601 1149 1633 fratrum

410 1658 663 1692 Reformatorum
689 1660 718 1688 et
738 1655 1005 1688 Discaleeatorum
1027 1653 1151 1686 Ordinis

411 1712 461 1746 SS.
493 1710 651 1744 Trinitatis
684 1707 920 1751 Redemptionis
956 1707 1150 1750 captivorum

410 1763 670 1807 nuncupandam,
695 1762 748 1805 qui
780 1761 972 1805 primitivam
1008 1759 1151 1802 regulam

411 1817 536 1851 Ordinis
558 1815 709 1860 praedicti
734 1819 887 1858 perpetuo
905 1813 1081 1852 observent,
1098 1813 1152 1844 ha-

411 1871 478 1905 bitu
502 1880 596 1913 quem
620 1868 715 1902 modo
741 1872 864 1910 gestant
883 1871 1016 1906 utentes,
1048 1865 1080 1897 in
1108 1876 1154 1898 re-

413 1935 475 1966 gno
498 1922 669 1962 Franciae,
694 1931 752 1965 per
784 1931 880 1953 unum
915 1919 1054 1963 priorem
1079 1929 1153 1962 pro-

413 1977 577 2010 vincialem
610 1975 642 2007 in
673 1975 811 2018 capitulo
843 1973 943 2005 dictae
974 1972 1154 2016 provinciae

414 2042 469 2064 seu
494 2028 756 2073 congregationis
781 2032 958 2071 postquam,
983 2031 1017 2059 ut
1041 2026 1071 2058 in
1095 2026 1154 2058 Do-

415 2085 501 2117 mino
525 2092 698 2127 speramus,
723 2081 906 2114 eorunulem
932 2079 1154 2121 religiosorum

416 2137 668 2170 Reformatorum
685 2143 835 2166 numerus
860 2137 968 2165 auctus
985 2132 1089 2174 fuerit,
1108 2142 1157 2164 ca-

415 2191 528 2224 nonice
552 2200 609 2233 pro
635 2194 778 2232 tempore
804 2186 1008 2225 celebrando,
1034 2195 1071 2218 ex
1096 2185 1156 2217 eis-

416 2245 488 2278 dem
506 2242 691 2276 Reformatis
706 2246 735 2274 et
752 2240 950 2274 Discalceatis
967 2238 1156 2281 eligendum,

417 2296 587 2340 regendam
606 2300 636 2328 et
653 2293 901 2338 gubernandam,
917 2292 947 2325 in
960 2297 1157 2335 perpetuum,

418 2350 602 2384 auctoritate
616 2348 798 2392 apostoliea,
813 2352 920 2379 tenore
934 2344 1158 2389 praesentium,

419 2403 570 2446 erigimus
594 2407 623 2435 et
647 2401 850 2440 instituimus,
875 2409 1006 2442 eamque
1032 2398 1076 2430 sic
1097 2407 1161 2430 ere-

420 2462 501 2491 ctam
526 2461 556 2489 et
580 2455 754 2489 institutam
779 2455 817 2487 ab
842 2453 910 2486 aliis
934 2451 1105 2496 provinciis
1132 2456 1162 2483 et

422 2509 719 2554 congregationibus
753 2508 826 2541 dicti
852 2507 982 2541 'Ordinis
1007 2510 1161 2550 perpetuo

422 2564 625 2606 seiungimus,
644 2572 826 2605 separamus
844 2566 873 2594 et
887 2559 1161 2598 dismembramus,

974 222 1152 245 BULLARIUM
1178 221 1331 245 ROMANUM

1169 269 1278 302 domos
1302 273 1332 301 et
1355 269 1556 309 monasteria,
1580 275 1642 301 tam
1667 268 1817 301 hactenus
1839 278 1906 301 ere--

1170 327 1227 362 cta,
1253 332 1346 365 quam
1360 322 1391 354 in
1411 326 1572 365 posterum
1591 321 1749 364 erigenda,
1768 321 1806 354 ab
1823 321 1908 354 omni

1170 380 1200 408 et
1225 385 1425 419 quacumque
1445 373 1671 414 iurisdictione,
1688 374 1863 407 visitatione
1880 379 1910 407 et

1171 427 1402 471 superioritate,
1427 432 1491 459 tam
1515 426 1723 460 commissarii
1744 426 1910 469 generalis,

1172 492 1266 525 quam
1283 481 1418 513 aliorum
1435 481 1652 513 ministrorum
1670 479 1910 524 provincialium

1172 539 1226 567 aut
1249 533 1408 573 localium,
1427 538 1456 566 et
1476 533 1610 566 aliorum
1636 543 1912 575 quorumcumque

1173 586 1374 631 superiorum
1392 586 1531 619 eiusdem
1557 586 1690 627 Ordinis,
1708 596 1803 629 super
1823 585 1913 618 dictis

1174 640 1358 674 Reformatis
1383 644 1413 673 et
1436 650 1547 673 eorum
1564 639 1710 688 domibus
1730 639 1774 671 eis
1791 649 1914 682 compe-

1174 698 1257 726 tente
1279 694 1423 737 (excepto
1447 692 1593 725 ministro
1611 692 1760 735 generali,
1780 697 1814 724 ut
1834 691 1914 724 infra

1175 747 1303 791 dicitur)
1323 751 1478 790 perpetuo
1498 745 1667 778 eximimus
1684 749 1713 778 et
1731 745 1911 777 liberamus.

1221 800 1288 844 §4
1314 801 1479 843 Ipsamque
1514 796 1600 831 tam¹
1632 798 1827 842 provinciam
1861 808 1914 830 seu

1177 853 1455 896 congregationem
1490 852 1626 884 fratrum
1661 851 1914 883 Reformatorum

1177 907 1452 946 Discalceatorum,
1477 905 1607 949 eiusque
1632 904 1743 937 domos
1760 909 1790 936 et
1813 913 1917 937 mona-

1178 960 1272 993 steria
1289 959 1467 1003 praesentia
1487 963 1516 991 et
1532 958 1646 998 futura,
1665 957 1723 990 sub
1740 957 1917 990 obedientia

1179 1017 1208 1047 et
1231 1012 1451 1057 superioritate
1483 1011 1619 1044 ministri
1643 1010 1800 1054 generalis
1822 1010 1918 1043 totius

1179 1066 1303 1100 Ordinis
1327 1065 1501 1109 praedicti,
1526 1064 1606 1098 sicut
1637 1064 1714 1097 aliae
1739 1063 1920 1107 provinciae

1181 1119 1321 1152 eiusdem
1346 1118 1470 1152 Ordinis
1494 1118 1522 1151 ei
1547 1118 1681 1151 subsunt
1700 1122 1730 1150 et
1748 1117 1919 1157 subiacent,

1181 1177 1335 1216 perpetuo
1360 1172 1499 1212 subesse,
1523 1175 1616 1214 atque
1633 1170 1805 1204 subiectam
1824 1180 1921 1203 rema-

1181 1235 1256 1257 nere
1281 1229 1310 1257 et
1334 1224 1497 1257 subiacere
1521 1224 1676 1263 volumus,
1701 1223 1754 1266 qui
1779 1233 1835 1266 per
1859 1222 1920 1255 sei-

1182 1288 1273 1321 psum
1299 1281 1429 1317 tantum,
1447 1277 1494 1310 vel
1512 1277 1608 1309 alium
1625 1276 1773 1309 idoneum
1791 1286 1828 1308 ex
1846 1275 1922 1318 ipsis

1182 1336 1287 1363 tamen
1310 1330 1460 1364 fratribus
1473 1329 1662 1363 Reformatis
1686 1329 1724 1361 ab
1750 1339 1787 1361 eo
1808 1328 1922 1370 eligen-

1183 1384 1268 1424 dum,
1294 1394 1357 1424 eos,
1382 1383 1468 1416 iuxta
1492 1393 1601 1416 eorum
1624 1381 1816 1426 primitivam
1834 1391 1924 1424 regu-

1183 1438 1243 1469 lam
1269 1442 1299 1469 et
1323 1436 1464 1469 instituta
1487 1436 1668 1478 regularia,
1692 1434 1836 1475 visitare,
1867 1444 1921 1467 re-

1183 1490 1336 1530 formare,
1362 1489 1523 1532 corrigere
1548 1493 1578 1521 et
1608 1488 1721 1532 punire
1753 1487 1868 1531 possit,
1892 1486 1925 1519 in

1184 1543 1382 1577 monasteriis
1407 1548 1520 1584 tamen,
1546 1542 1692 1575 domibus
1717 1545 1747 1573 et
1771 1541 1848 1574 locis
1873 1551 1923 1573 eo-

1184 1597 1329 1629 rumdem
1360 1596 1494 1628 fratrum
1529 1596 1804 1633 Reformatorum,
1839 1598 1926 1626 extra

1185 1661 1263 1693 quae
1287 1650 1464 1682 nullatenus
1495 1648 1568 1682 dieti
1599 1649 1711 1680 fratres
1734 1647 1925 1688 Reformati‚

1186 1704 1233 1736 vel
1260 1702 1355 1746 aliqui
1381 1712 1503 1743 eorum,
1527 1701 1566 1733 ab
1583 1701 1693 1734 eodem
1714 1700 1860 1733 ministro
1877 1710 1927 1743 ge-

1185 1757 1283 1790 nerali
1308 1756 1418 1800 quovis
1442 1759 1607 1799 praetextu
1631 1755 1679 1787 vel
1701 1754 1867 1787 occasione
1891 1764 1924 1785 a—

1186 1810 1328 1850 moveri,
1353 1808 1528 1851 assignari,
1561 1808 1698 1847 mutari,
1729 1806 1850 1839 extrahi
1875 1810 1929 1839 aut

1187 1863 1366 1903 transferri,
1392 1862 1440 1894 vel
1464 1862 1502 1894 ad
1525 1861 1600 1893 alias
1625 1859 1801 1903 provincias
1826 1859 1927 1901 mitti,

1187 1922 1240 1949 aut
1264 1917 1295 1948 in
1321 1916 1365 1948 eis
1389 1914 1518 1947 retineri
1542 1914 1671 1958 possint,
1697 1923 1754 1947 nec
1778 1913 1845 1956 ipse
1870 1913 1926 1945 mi-

1188 1971 1285 2003 nister
1309 1969 1465 2012 generalis
1500 1968 1603 2011 aliqua
1634 1967 1774 2000 eiusdem
1804 1966 1929 2000 Ordinis

1189 2024 1320 2056 fratrum
1339 2023 1592 2055 Reformatorum
1615 2025 1727 2053 statuta
1744 2021 1929 2053 auctoritate

1189 2077 1278 2110 Sedis
1302 2076 1501 2120 Apostolicae
1525 2075 1711 2108 confirmata
1735 2084 1790 2106 seu
1815 2073 1929 2107 confir-

1190 2130 1324 2171 manda,
1349 2130 1397 2162 vel
1422 2139 1503 2173 quae
1527 2128 1594 2172 ipse
1624 2124 1756 2160 nuncius
1781 2137 1864 2159 nunc
1888 2127 1931 2159 fe-

1191 2184 1278 2224 eerit,
1303 2183 1350 2215 vel
1375 2193 1455 2226 quae
1478 2187 1588 2225 postea
1612 2192 1629 2213 a
1653 2190 1855 2225 quocumque
1880 2189 1930 2212 ca-

1191 2237 1290 2280 pitulo
1321 2235 1509 2280 provinciali
1533 2235 1690 2268 dictorum
1715 2235 1847 2266 fratrum
1872 2233 1931 2266 Re-

1192 2291 1400 2323 formatorum
1427 2289 1506 2321 facta
1537 2288 1673 2327 fuerint,
1698 2287 1723 2319 si
1748 2286 1933 2319 auctoritate

1193 2345 1310 2384 nostra,
1335 2347 1369 2375 ut
1393 2341 1510 2374 dictum
1532 2346 1587 2381 est,
1605 2340 1720 2373 fuerint
1737 2339 1932 2379 confirmata,

1194 2401 1325 2437 mutare,
1350 2406 1408 2428 nec
1425 2395 1545 2438 aliquas
1566 2394 1691 2437 gratias,
1710 2392 1933 2436 exemptiones,

1195 2455 1248 2482 aut
1271 2449 1435 2493 privilegia
1459 2448 1552 2481 alicui
1578 2448 1624 2480 vel
1649 2447 1806 2491 aliquibus
1824 2445 1932 2479 adver-

1196 2514 1248 2536 sus
1273 2502 1341 2546 ipsa
1365 2506 1477 2536 statuta
1502 2501 1674 2535 concedere
1694 2500 1801 2533 valeat.

1232 2575 1243 2601 1
1260 2573 1396 2600 Particula
1411 2576 1471 2601 lam
1486 2573 1597 2600 omnino
1613 2574 1720 2607 praeter
1734 2578 1790 2597 rem
1806 2569 1850 2597 hic
1868 2569 1936 2605 legi-

422 2618 569 2662 ipsosque
600 2617 712 2650 fratres
743 2616 959 2656 ReformatOS,
991 2618 1022 2647 et
1052 2622 1162 2646 eorum
1197 2623 1249 2654 tur,
1265 2618 1317 2646 nisi
1332 2618 1476 2655 legendum
1492 2618 1526 2645 sit
1541 2618 1631 2647 eciam
1646 2617 1687 2645 vel
1702 2617 1787 2645 iscam
1801 2618 1838 2651 (n.
1852 2615 1899 2650 τ.).

1920 220 1969 247 An.
1992 220 2009 247 C
2038 220 2105 247 1629

1945 811 2048 841 ,Subiicit
2062 816 2113 840 ⁹5⁰,-

1931 844 2020 858 vinciam
2054 843 2114 858 mm!-

1931 867 1973 885 stro
1986 864 2086 890 generati.
