2226 3235
79 233 128 261 An.
149 231 178 259 C.
196 232 264 260 1630

887 230 1027 254 raeaxrs

275 278 451 324 ingreditur
475 284 506 312 et
529 283 730 323 computatur
754 280 816 312 una
841 288 913 312 cum
936 283 1017 312 statu

276 332 488 368 ecclesiastico
502 342 637 366 coronae
655 332 803 367 Castellae
820 337 850 366 et
863 332 1018 375 Legionis.

277 387 314 420 Et
326 386 400 430 quia
411 385 631 420 transactionis
643 391 672 419 et
685 385 872 419 concordiae
883 385 891 401 ¹
907 385 1020 418 instru-

277 445 427 480 mentum,
451 444 618 483 antequam
640 440 741 482 gratia
756 439 934 483 praedictae
950 449 1022 482 pro·

276 493 450 536 rogationis
474 503 602 526 currere
622 492 786 536 inciperet⁷
808 492 953 536 stipulari
972 492 1021 524 de-

277 546 381 587 bebat,
405 545 437 579 id
462 550 566 578 autem
590 545 706 578 factum
731 545 861 578 minime
886 545 953 585 fuit,
971 543 1021 577 012

278 610 315 633 co
339 599 424 644 quod
448 598 598 632 ecclesiae
622 598 814 632 distulissent
837 597 963 631 insimul
988 608 1020 630 se

277 662 475 696 congregare
488 652 527 685 ad
544 662 617 685 eum
642 652 799 693 effectum,
817 656 845 685 et
863 656 934 684 ante
949 661 1021 684 con-

278 706 494 750 gregationem
527 705 708 740 huiusmodi
740 706 871 739 fuissent
903 705 1021 739 decreti

278 766 308 793 et
338 759 469 794 relaxati
501 759 628 793 ordines
660 759 772 793 directi
801 759 896 793 dictis
921 759 1020 792 eccle—

279 815 332 848 siis
347 824 406 858 pro
423 816 545 847 summa
562 813 772 847 ducentorum
793 813 1021 857 quinquaginta

279 868 413 901 millium
443 867 631 901 ducatorum
656 866 880 900 solvendorum
906 866 936 898 in
959 866 1021 899 [ine

279 921 357 955 iunii
390 926 420 954 et
450 920 632 954 novembris
665 920 737 953 anni
758 929 938 961 nnmxvnr,
962 930 1021 964 pro

279 977 390 1020 quarta
413 980 503 1020 parte
527 976 560 1008 in
583 976 750 1018 argentea,
775 978 805 1008 et
832 974 933 1007 tribus
964 984 1017 1007 re-

279 1029 372 1074 liquis
385 1029 528 1074 partibus
551 1029 582 1061 in
605 1029 702 1061 aenea
722 1029 859 1070 moneta,
882 1038 942 1072 pro
959 1028 1022 1060 sru-

279 1083 380 1118 ctibus
416 1083 488 1116 anni
520 1092 681 1123 nncxxvn,
719 1082 773 1125 qui
808 1081 866 1114 fuit
899 1081 1022 1125 primus

1052 230 1110 253 viu
1135 230 1181 253 rr.
1702 221 1761 255 167

1051 278 1112 311 sinc
1123 278 1195 311 anni
1209 277 1460 320 ›incxxX11‚fiant
1473 278 1627 321 similiter,
1638 277 1791 319 videlicet,

1034 326 1037 350 ³
1052 332 1201 365 solvendo
1218 332 1333 365 dictam
1346 337 1488 376 quartam
1502 335 1624 376 partem
1640 332 1670 364 in
1684 342 1793 376 argen-

1052 390 1083 418 to
1108 391 1137 418 et
1168 385 1304 429 reliquas
1333 391 1396 419 tres
1425 386 1455 418 111
1483 387 1609 419 moneta
1640 388 1746 428 aenea,
1764 391 1790 419 et

1036 461 1037 466 ,
1052 438 1157 483 quoad
1173 438 1287 471 dictam
1305 445 1448 483 quartam
1467 445 1590 483 partein
1610 445 1791 482 argenteam

1036 510 1037 515 =
1053 496 1219 525 censeatur
1239 492 1383 525 satisfieri
1401 492 1504 526 dando
1521 498 1550 525 ct
1569 492 1718 526 solvendo
1735 504 1794 537 pro

1036 544 1237 589 {reductione
1254 550 1283 577 ct
1301 545 1424 578 cambio
1443 546 1482 578 ad
1507 546 1659 579 rationem
1687 546 1794 589 viginti

1037 597 1111 642 fpro
1135 597 1275 641 quolibet
1300 599 1480 632 centenario
1501 611 1559 643 pro
1580 600 1795 644 quinquennio

1036 651 1215 695 ¹praedicto
1240 652 1351 685 ultimo
1371 659 1559 696 prorogato;
1581 654 1623 686 ita
1643 658 1746 688 tamen
1762 659 1796 687 ut

1037 697 1039 748 ξ
1054 704 1086 736 111
1110 705 1251 737 futurum
1267 715 1329 738 non
1346 706 1442 749 possit
1461 706 1541 738 trahi
1557 706 1586 738 in
1605 717 1797 751 consequen—

1036 750 1139 798 ὸ1111111,
1164 768 1266 801 neque
1293 759 1509 802 quinquennio
1535 759 1716 794 huiusmodi
1740 761 1796 793 du-

1037 802 1142 852 ¹ran'te
1166 812 1264 855 possit
1285 812 1388 855 aliqua
1409 813 1454 845 lex
1474 817 1526 847 aut
1547 814 1742 856 pragmatica
1756 815 1797 846 al-

1037 858 1039 867 *
1055 869 1157 897 terare
1182 875 1284 908 neque
1301 871 1424 898 mutare
1440 866 1556 899 dictam
1576 867 1794 901 reductionem

1037 939 1039 958 1
1054 929 1108 951 seu
1123 918 1291 961 cambium,
1303 919 1460 963 loquendo
1474 926 1503 952 et
1517 921 1720 964 intelligendo
1735 927 1796 954 tam

1054 972 1092 1005 de
1117 973 1320 1016 pragmaticis
1346 973 1448 1014 factis,
1474 984 1569 1018 quam
1596 975 1745 1008 faciendis
1770 982 1799 1008 et

1054 1026 1303 1070 promulgandis,
1318 1032 1346 1060 et
1371 1037 1473 1070 neque
1498 1027 1567 1061 illae
1596 1038 1698 1072 neque
1723 1029 1796 1061 ista¹

1055 1084 1243 1113 censeantur
1267 1080 1537 1124 comprehendere
1562 1081 1642 1115 lianc
1668 1092 1799 1116 conven-

279 1137 373 1170 huius
413 1135 621 1179 quinquennii
660 1135 762 1168 eidem
804 1134 949 1178 Philippo
985 1135 1021 1167 lv
1037 1145 1039 1176 f
1056 1133 1173 1167 tionem
1199 1139 1229 1166 ct
1253 1134 1455 1167 concordiam
1481 1135 1590 1168 initam
1615 1146 1688 1168 cum
1715 1141 1795 1169 statu

278 1189 368 1233 regi,
393 1194 427 1222 ut
450 1189 637 1233 praefertur,
651 1188 763 1222 ultimo
788 1188 967 1232 prorogati,
993 1194 1021 1221 ct
1038 1184 1039 1193 ³
1055 1187 1278 1220 ecclesiastico.
1299 1188 1380 1227 Quas
1405 1188 1532 1232 quidem
1557 1189 1729 1223 solutiones
1753 1190 1798 1222 fa-

279 1244 370 1278 multi
394 1245 566 1285 solverunt,
593 1254 657 1278 non
684 1243 885 1278 obstantibus
908 1248 1019 1287 prote·
1038 1232 1039 1239 ἵ
1056 1241 1139 1274 cient
1164 1245 1192 1274 et
1217 1241 1318 1274 facere
1345 1246 1509 1275 teneantur
1533 1242 1596 1275 suis
1622 1243 1798 1287 sumptibus

280 1298 466 1332 stationibus
494 1298 583 1331 factis
607 1297 693 1342 quod
721 1307 785 1331 non
815 1297 1020 1330 tenebantur:
1056 1294 1087 1326 in
1101 1294 1276 1328 civitatibus
1286 1294 1512 1338 principalibus
1529 1295 1696 1329 cuiuslibet
1717 1296 1799 1330 dioc*

280 1351 350 1386 ideo
375 1356 589 1386 convenerunt
608 1356 639 1384 ct
662 1350 905 1392 concordarunt,
927 1350 1022 1394 quod,
1056 1348 1145 1388 cesis,
1163 1347 1335 1380 secundum
1357 1348 1623 1382 contributionem
1645 1355 1675 1382 ct
1691 1360 1799 1394 repar-

280 1417 352 1440 cum
377 1405 528 1440 solverint
545 1405 660 1438 dictam
681 1410 825 1448 quartam
851 1409 973 1449 partem
991 1404 1023 1437 in
1057 1401 1197 1435 titionem
1222 1402 1464 1446 infrascriptam,
1483 1413 1577 1446 quam
1596 1403 1730 1436 invicem
1754 1404 1799 1437 fe-

280 1462 411 1503 urgento
428 1459 459 1491 in
476 1458 596 1491 duabus
610 1458 829 1498 solutionibus,
845 1467 907 1491 non
925 1457 1023 1501 possit
1039 1451 1041 1469 ]
1056 1459 1165 1489 cerunt
1191 1456 1229 1488 ad
1257 1456 1328 1497 hor,
1348 1461 1381 1489 ut
1401 1456 1594 1490 contributio
1616 1457 1798 1491 huiusmodi

280 1512 344 1556 peti
373 1522 432 1546 nec
463 1511 610 1545 defalcari
641 1512 809 1555 quicquam
844 1522 902 1555 pro
934 1509 1234 1554 partefassignetur
1252 1514 1279 1542 et
1294 1514 1502 1554 recuperetur
1515 1510 1547 1542 in
1564 1511 1668 1554 specie
1685 1511 1798 1555 inqua-

281 1565 485 1599 ecclesiarum
517 1575 597 1609 quae
631 1564 691 1598 hoc
720 1564 816 1597 modo
840 1561 1134 1612 solre1*t111t;ilibet
1153 1562 1289 1596 dioecesi
1318 1574 1355 1596 cx
1379 1563 1553 1596 redditibus
1577 1564 1796 1606 decimalibus,

280 1619 335 1652 sed
365 1618 436 1651 illae
467 1627 547 1661 qnae
577 1627 642 1652 non
672 1617 833 1651 solverunt
862 1628 961 1661 usque
991 1613 1149 1667 injctiam
1164 1616 1590 1660 primitialibus‚earumdem
1605 1617 1797 1659 dioecesum,

279 1672 362 1706 diem
383 1671 596 1706 concessionis
616 1676 646 1704 et
665 1671 853 1704 concordiae
878 1669 1129 1714 censean-fquia
1153 1681 1248 1714 super
1273 1670 1339 1703 istis
1372 1676 1401 1703 et
1425 1681 1488 1704 non
1513 1681 1609 1715 super
1633 1671 1706 1704 ullis
1730 1672 1798 1705 aliis

280 1730 330 1760 tur
348 1726 426 1769 (non
449 1725 645 1760 obstantibus
664 1725 825 1769 quibusvis
851 1724 1022 1759 ordinatio·
1038 1713 1040 1761 ¹,
1056 1723 1229 1758 redditibus
1262 1724 1480 1757 ecclesiasticis
1510 1724 1625 1757 debent
1650 1725 1798 1769 repartiri

280 1779 372 1813 nibus
389 1779 468 1812 datis
486 1789 502 1812 a
519 1779 772 1823 quibuscumque
798 1779 951 1813 sententia
967 1790 1023 1812 seu
1038 1764 1041 1839 Ῑ
1056 1782 1085 1811 61
1098 1778 1280 1822 recuperari
1293 1778 1433 1822 quolibet
1447 1789 1528 1812 anno
1543 1778 1699 1812 dictorum
1713 1777 1810 1823 quin!

281 1833 442 1867 sententiis
462 1832 602 1866 iudicum
627 1833 681 1877 qui
697 1833 735 1866 de
754 1832 937 1866 huiusmodi
955 1842 1040 1877 cau-j

281 1887 323 1920 sis
339 1886 545 1930 cognoverint
561 1890 590 1920 et
611 1890 801 1929 cognoscent
820 1886 851 1919 in
868 1886 1022 1930 futurum)
1038 1880 1040 1885 ’

281 1941 459 1974 satisfacere
495 1939 644 1973 solvendo
679 1939 832 1983 quidquid
863 1939 1024 1973 debebunt

280 1994 401 2028 ratione
425 1993 527 2027 dictae
551 1999 681 2037 quartae
714 1993 813 2037 partis
845 1993 966 2036 argenti
992 1990 1041 2025 inl

281 2048 407 2082 moneta
431 2049 528 2080 aenea
544 2048 607 2079 una
627 2056 699 2079 cum
716 2046 841 2079 cambio
866 2046 904 2078 ad
929 2045 1023 2079 ratio·
1040 2053 1041 2072 1

281 2111 354 2134 nem
378 2100 487 2144 viginti
515 2110 575 2144 pro
606 2099 746 2144 quolibet
771 2099 968 2139 centenario;
995 2105 1024 2132 et

282 2155 314 2188 111
330 2154 411 2188 hanc
428 2153 681 2188 conformitatem
699 2156 842 2187 teneatur
858 2153 1023 2187 consilium
1040 2150 1041 2180 ἓ

283 2208 439 2241 cruciatae
464 2207 644 2247 decernere,
669 2211 699 2240 et
723 2207 864 2240 relaxare
888 2207 1022 2247 litteras,

282 2261 322 2295 ad
345 2261 490 2295 effectum
508 2265 542 2293 ut
561 2260 680 2294 iudices
697 2265 727 2293 et
743 2264 951 2304 exequutores
975 2260 1024 2293 ad·

283 2316 408 2349 mittere
429 2315 563 2348 debeant
580 2314 762 2348 huiusmodi
787 2314 969 2355 solutiones,
996 2319 1025 2347 et

283 2369 345 2403 hoc
368 2367 464 2402 modo
488 2378 611 2401 cessare
642 2367 776 2401 debeant
800 2368 1024 2411 exequutiones

284 2428 315 2456 et
334 2422 509 2467 impensae-3
528 2425 558 2456 et
573 2421 657 2466 quod
675 2421 754 2455 aliae
770 2421 962 2455 successire⁸
979 2433 1025 2456 so-

284 2477 434 2518 lutiones,
457 2475 676 2520 adimplendae
700 2482 730 2509 et
754 2476 969 2510 terminandae
994 2477 1041 2509 in'

322 2559 332 2584 l
350 2556 380 2584 ln
397 2555 449 2583 loc.
464 2555 560 2591 parali.
577 2554 685 2582 additur
700 2555 864 2583 huiusmodi
880 2562 915 2592 ga.
931 2558 980 2590 τ.).

319 2600 335 2628 ’2
350 2600 490 2628 Coniunct.
507 2603 534 2628 et
549 2599 637 2635 aptius
653 2599 791 2627 deleretur
804 2600 843 2634 (a.
855 2600 916 2634 T.)-

318 2645 335 2673 3
349 2644 452 2674 Forsan
466 2644 610 2681 legendum
623 2645 794 2674 successivae
809 2646 845 2679 (a.
861 2645 909 2676 τ.).

1056 1842 1117 1876 que
1136 1843 1292 1865 annorum
1309 1832 1383 1866 dicti
1401 1833 1527 1866 ducenti
1545 1838 1573 1866 et
1591 1833 1800 1877 quinquagin-

1057 1891 1086 1918 ta
1118 1886 1202 1919 mille
1230 1886 1348 1926 ducati:
1375 1892 1403 1919 ct
1435 1897 1471 1919 ex
1501 1896 1585 1919 nunc
1616 1892 1799 1919 remaneant

1056 1939 1204 1983 obligata,
1222 1945 1315 1984 prout
1333 1950 1364 1973 se
1385 1940 1535 1984 obligant,
1553 1941 1691 1984 capitula
1707 1951 1798 1984 genc-

1040 2037 1041 2040 ,
1056 1993 1174 2034 raliter‚
1187 1997 1215 2028 et
1231 1993 1362 2027 debeant
1374 2004 1405 2027 se
1415 1994 1556 2037 obligare
1570 1994 1601 2026 in
1614 1994 1797 2038 particulari

1056 2057 1114 2089 pro
1132 2047 1350 2089 solutionibus,
1369 2058 1503 2090 quarum
1528 2052 1693 2080 remanent
1712 2047 1799 2080 debi-

1056 2105 1141 2132 tores
1154 2110 1213 2143 pro
1227 2100 1441 2143 quinquennio
1455 2100 1513 2144 ipsi
1527 2100 1671 2144 Philippo
1685 2101 1753 2143 regi
1763 2100 1799 2133 lt·

1058 2157 1089 2185 ut
1108 2153 1284 2196 praefertur
1307 2159 1490 2196 prorogato,
1518 2153 1603 2188 iuxta
1620 2153 1799 2198 repartitio-

1040 2248 1041 2251 Ἴ
1057 2216 1138 2247 neni,
1164 2216 1243 2249 (tuae
1261 2211 1307 2238 est
1327 2211 1359 2239 111
1377 2206 1534 2249 sequitur:
1821 2248 1826 2251 ἢ

1102 2259 1277 2302 Capitulum
1302 2260 1453 2292 ecclcsiae
1478 2261 1660 2303 Toletanae,
1685 2271 1743 2304 pro
1768 2270 1799 2294 se

1040 2352 1041 2360 ἶ
1058 2318 1087 2346 et
1113 2314 1166 2345 sua
1192 2313 1339 2354 dioecesi,
1356 2313 1453 2346 solvet
1472 2324 1628 2347 summam
1649 2319 1799 2358 quatuor-

1040 2374 1042 2422 js
1058 2366 1159 2400 decim
1174 2367 1361 2408 millionum‚
1372 2378 1407 2400 ac
1422 2367 1694 2412 septingentorum
1709 2372 1739 2400 et
1752 2367 1801 2401 de-

1058 2431 1126 2454 cem
1147 2420 1292 2461 millium,
1316 2421 1585 2464 noningentorum
1614 2426 1643 2454 et
1669 2421 1800 2464 triginta

1058 2474 1329 2518 morapetinorum
1341 2485 1347 2513 ;

1102 2527 1279 2571 Capitulum
1305 2527 1454 2560 ecclesiae
1471 2526 1674 2571 Hispalensis,
1690 2536 1750 2571 pro
1769 2537 1800 2560 sc

1057 2591 1092 2614 ac
1109 2583 1165 2614 sua
1183 2580 1329 2621 dioecesi,
1342 2590 1457 2613 norem
1475 2580 1661 2622 millionum‚
1677 2590 1801 2614 sexcen-

1096 2645 1105 2670 1
1124 2642 1217 2672 Potius
1231 2644 1292 2679 lege
1307 2642 1380 2672 istae
1400 2643 1433 2678 [a.
1451 2643 1501 2678 τ.).

1808 229 1856 257 An.
1879 229 1906 257 C.
1926 230 1993 258 1530

1876 2269 2001 2295 Pracfigitur

1817 2297 1864 2316 taxa
1892 2295 1919 2316 ab
1948 2302 2001 2316 uua-

1816 2328 1899 2348 quaqne
1909 2323 2000 2344 ecclesia

1816 2349 1923 2370 solvenda.
