2248 3229
133 226 182 255 An.
198 225 227 255 C.
250 225 317 255 ¹534

159 1835 190 1856 Do
204 1840 285 1856 mensa.

941 228 1083 253 URBANUS

327 273 510 308 nerantibus
523 267 738 318 provideatur,
755 275 793 309 de
811 275 958 309 mandato
980 287 1070 321 supe-
1086 279 1088 318 ξ

329 327 422 361 rioris
453 327 565 361 domus
591 339 606 361 a
637 339 697 373 qua
722 329 982 373 proficiscuntur,
1014 319 1087 374 per*

329 386 569 425 procuratorem
594 382 633 415 de
657 383 823 415 sufficienti
848 383 959 416 viatico
977 389 1006 416 et
1025 394 1071 415 ve-

329 434 403 467 stitu
427 434 569 475 honesto,
594 435 725 478 aliisque
750 436 946 477 necessariis,
965 436 1069 468 habita

328 487 448 522 ratione
473 489 625 532 temporis
642 494 673 521 et
692 489 822 524 itineris:
849 490 901 522 sed
922 490 1071 522 memine-
1087 466 1089 523 i

329 540 392 573 rint
415 540 474 584 ipsi
500 540 612 573 fratres
630 540 660 573 in
679 541 760 574 victu
779 546 808 574 ct
825 543 969 585 expensis
994 552 1071 585 pau-
1087 527 1089 548 ¹

328 599 493 637 pertatem,
517 603 575 627 nec
600 594 631 626 in
655 593 733 627 alies
750 605 824 627 usus
841 605 1005 628 concessas
1022 605 1071 638 pe-

329 647 437 680 cunias
450 647 638 691 expendere,
651 657 707 680 nec
726 647 792 680 sine
810 648 934 681 lieentia
951 658 968 680 a
986 650 1070 681 reeta
1087 647 1089 670 ἵ

329 700 379 734 via
403 700 580 734 deflectere.

372 754 441 788 Non
465 754 557 788 liceat
590 754 809 788 itinerantibus
842 755 992 789 fratribus
1015 756 1089 798 per}

330 808 417 850 loca,
443 807 475 840 in
504 808 620 852 quibus
656 813 727 841 sunt
755 808 868 842 domus
899 813 928 842 ct
960 791 1090 841 fratresk

328 861 428 894 nostri
450 861 584 902 Ordinis,
603 861 664 894 alio
680 861 794 906 quam¹
812 862 850 894 ad
870 862 952 906 ipsas
972 861 1073 895 diver-

328 918 407 955 tere,
429 915 463 947 in
486 914 601 958 quibus
625 915 807 958 superiores
825 915 872 948 vel
893 919 1073 958 praecepto-

329 978 380 1001 res
403 968 461 1001 sub
478 967 709 1001 inobedientiae
722 968 733 986 ‘³
757 970 858 1012 poena
873 968 1007 1012 benigne
1023 979 1072 1002 re-

328 1022 408 1066 cipi,
433 1032 469 1055 ac
499 1022 630 1055 honeste
663 1021 909 1065 charitativeque
932 1032 989 1066 per
1017 1017 1090 1055 tri-³

329 1075 445 1115 duum,
469 1075 494 1108 si
519 1075 694 1115 voluerint,
719 1075 953 1116 t1·actari⁸,11ec
976 1085 1009 1108 se
1034 1075 1072 1108 ab

330 1129 384 1163 illo
408 1128 629 1173 hospitalitatis
653 1128 758 1162 officio
784 1128 923 1161 eximere
948 1129 1010 1162 ulla
1027 1139 1074 1162 ra-

329 1182 414 1216 tione
438 1182 580 1224 valeant,
605 1181 781 1215 dummodo
804 1182 864 1226 ipsi
890 1173 1091 1216 itinerantes*

329 1235 477 1279 legitimis
500 1245 517 1268 a
542 1236 606 1269 suis
622 1235 843 1280 superioribus
865 1235 994 1270 mnniti⁴
1013 1236 1071 1269 sint
1089 1240 1091 1272 ἱ

329 1288 594 1322 testimonialibus
619 1289 742 1330 litteris,
761 1289 809 1322 sin
826 1289 932 1322 minus
948 1299 1010 1322 non
1028 1299 1073 1322 re-

330 1342 495 1388 cipiantur,
520 1352 579 1375 nec
601 1342 703 1386 recipi
726 1342 870 1375 debeant.

374 1396 441 1430 Sint
462 1396 640 1430 conformes
663 1396 776 1429 fratres
796 1396 829 1428 in
849 1396 980 1429 tonsura
1004 1396 1074 1429 bar—

329 1449 389 1483 bae
413 1455 444 1483 et
467 1449 665 1494 capillorum,
690 1449 731 1482 ita
755 1453 790 1483 ut
809 1449 847 1482 de
867 1449 1024 1493 quindena
1041 1449 1072 1482 in
1089 1490 1091 1499 ἲ

330 1503 522 1548 quindenam
546 1503 602 1536 fiat
624 1513 758 1545 corona,
784 1503 843 1536 nisi
869 1507 1002 1547 propter
1026 1514 1073 1536 so-

330 1609 508 1643 retardetur
530 1620 588 1654 per
611 1610 751 1654 aliquot⁵
766 1610 833 1643 dies
846 1621 853 1650 3
880 1610 986 1654 capilli
1008 1620 1072 1643 non

330 1663 520 1705 nutriantur,
543 1664 599 1697 sed
622 1664 752 1698 alternis
777 1665 939 1698 mensibus
964 1664 1073 1698 tonde-

330 1723 433 1761 autin,
457 1717 555 1751 barba
577 1728 654 1751 vero
677 1717 811 1761 singulis
836 1717 996 1751 mensibus
1013 1719 1073 1751 sor-

329 1771 400 1805 hioe
423 1782 520 1816 super
544 1772 702 1816 pectinem
726 1772 790 1806 fiat.

373 1824 633 1869 Quandoquidem
649 1836 688 1859 ex
707 1826 817 1869 regula
831 1830 995 1859 teneamur
1008 1836 1073 1860 car-

328 1888 402 1912 nem
426 1884 567 1912 nostram
600 1878 729 1912 domare
753 1879 792 1912 de
816 1879 941 1912 ieiuniis
966 1884 995 1912 et
1020 1880 1072 1912 ab·

329 1932 477 1966 stinentia
501 1936 590 1966 escae
615 1938 644 1965 et
673 1937 787 1976 potus,
811 1938 963 1977 quantum
988 1934 1070 1966 vale-

328 1985 405 2020 tudo
421 1985 585 2030 permittit,
603 1985 778 2026 statuimus,
794 1991 838 2027 ut,
857 1987 940 2020 ultra
956 1986 1071 2019 ieiunia

329 2049 347 2072 a
370 2041 477 2072 sancta
494 2043 594 2073 matre
610 2039 750 2072 Ecclesia
765 2039 914 2080 iniuncta,
932 2040 1071 2073 ieiunent

330 2093 443 2126 fratres
467 2096 532 2127 toto
556 2098 699 2137 tempore
716 2093 885 2133 Adventus,
903 2093 1070 2127 dominicis
1087 2090 1089 2124 ἒ

331 2146 440 2180 diebus
471 2145 630 2190 exceptis,
655 2145 840 2190 incipientes
873 2157 890 2178 a
920 2146 997 2179 feria
1023 2157 1089 2191 se-¹¹

330 2199 432 2232 cunda
447 2198 663 2232 hebdomadae
679 2199 801 2243 primae
819 2199 876 2242 (uti
896 2205 999 2232 tamen
1019 2211 1072 2243 po-
1087 2192 1089 2221 ἶ(

329 2258 435 2287 terunt
449 2253 613 2287 lacticiniis
630 2258 659 2287 et
676 2253 771 2296 ovis);
790 2254 864 2286 item
883 2253 996 2297 vigiliis
1014 2255 1071 2288 Na-
1087 2255 1089 2280 ἓ

329 2306 456 2340 tivitatis
480 2311 510 2340 et
534 2306 766 2341 Purificationis
790 2307 989 2341 beatissimae
1009 2308 1088 2355 Vir-j

328 2360 410 2403 ginis
433 2360 547 2393 Mariae
565 2364 595 2393 et
619 2360 785 2394 beatorum
806 2366 931 2404 patrum
948 2366 1070 2395 nostro-

1086 2410 1088 2425 l

366 2459 375 2485 1
393 2457 463 2485 Edit.
479 2457 558 2486 nain.
575 2457 640 2493 tegit
655 2465 740 2493 quem
755 2459 792 2490 (n.
808 2458 855 2492 τ.).
1085 2439 1088 2503 t'

362 2502 378 2529 2
394 2501 464 2529 Edit.
481 2501 560 2529 Μαίη.
577 2501 642 2537 legit
656 2502 852 2530 inobedientia
866 2504 907 2534 (R.
925 2503 973 2538 τ.).
1085 2506 1087 2524 t

363 2547 380 2573 3
388 2547 483 2574 Potius
491 2547 550 2582 lege
557 2547 720 2582 recipere..
730 2550 856 2575 tractare
866 2547 987 2575 debeant
997 2550 1067 2584 (ΕΤ),
1085 2559 1087 2583 5

364 2592 380 2619 4
395 2591 465 2619 Edit.
481 2591 560 2619 Μαίη.
577 2591 644 2627 legit
657 2592 763 2620 monili
779 2600 827 2628 pro
842 2593 951 2621 muniti
965 2594 1005 2628 (n.
1018 2595 1066 2629 T.).
1085 2586 1087 2626 ,Ι

363 2637 380 2665 5
394 2636 461 2665 Male
474 2637 540 2665 edit.
557 2636 636 2666 Μαίη.
653 2637 718 2673 legit
730 2637 850 2673 aliquod
863 2637 952 2673 (mn).
1084 2628 1087 2672 l

1108 229 1164 253 vm
1189 229 1236 252 Pr.

1105 287 1174 310 rum
1202 277 1328 311 Antonii
1359 282 1387 310 et
1415 275 1600 318 Augustini,
1627 275 1847 320 universisque

1105 330 1190 363 feriis
1215 331 1308 364 sextis
1334 330 1427 364 totius
1453 329 1536 370 anni,
1560 329 1618 361 nisi
1644 339 1681 362 eo
1707 329 1756 361 die
1777 339 1848 362 eon<

1106 384 1201 425 tingat
1234 384 1347 416 festum
1381 383 1500 427 primae
1532 382 1660 423 classis,
1686 386 1739 415 aut
1771 382 1846 415 alias

1104 436 1278 469 iniunctum
1305 436 1418 469 habeat
1444 435 1595 468 ieiunium
1621 435 1687 468 eius
1708 435 1823 478 vigilia.

1150 490 1329 522 Abstineant
1356 502 1371 522 a
1397 490 1544 522 carnibus
1576 489 1731 522 universis
1762 489 1847 522 seriis

1104 543 1223 585 quartis
1248 543 1343 576 totius
1368 543 1450 583 anui,
1476 544 1534 575 nisi
1561 554 1597 576 eo
1622 543 1671 576 die
1689 543 1847 585 contingat

1105 596 1218 628 testum
1244 596 1424 629 Dominicae
1450 596 1644 635 Nativitatis,
1669 596 1716 627 vel
1749 595 1848 628 maior

1105 649 1288 681 solemnitas
1325 649 1422 682 sancti
1460 649 1558 692 patris
1590 649 1689 682 nostri
1722 649 1846 682 Antonii

1106 713 1171 735 xvn
1195 702 1336 735 ianuarii.
1355 703 1539 735 Abstineant
1556 702 1648 735 etiam
1666 713 1683 734 a
1699 702 1846 735 carnibus

1107 755 1183 787 seria
1209 755 1344 788 secunda
1371 762 1398 788 ct
1426 755 1518 789 tertia
1543 760 1614 788 ante
1632 755 1740 787 feriam
1758 766 1849 798 quar-

1106 815 1167 841 tam
1194 809 1351 844 Cinerum.
1373 810 1598 853 Dispensamus
1625 815 1728 842 tamen
1752 814 1814 842 tam
1833 820 1847 841 a

1106 862 1230 895 ieiuniis
1255 863 1421 903 Adventus,
1440 863 1534 895 seriae
1555 868 1668 903 sextae,
1689 868 1717 895 et
1736 863 1847 895 harum

1106 920 1242 959 quatuor
1266 916 1458 958 vigiliarum,
1484 926 1578 959 quam
1603 916 1640 948 ab
1659 916 1847 949 abstinentia

1107 969 1201 1001 feriae
1235 974 1364 1012 quartae
1396 975 1425 1001 et
1459 969 1607 1001 seriarum
1641 970 1796 1002 secundae
1821 975 1847 1002 et

1107 1023 1217 1055 tertiae
1243 1027 1313 1056 ante
1337 1023 1481 1063 Cineres,
1506 1023 1587 1055 ultra
1619 1023 1732 1056 dietam
1759 1023 1848 1056 itine-

1107 1080 1211 1110 rantes
1236 1087 1273 1109 ex
1299 1076 1489 1110 obedientia.

1150 1130 1183 1163 ln
1210 1132 1319 1163 mensa
1345 1130 1505 1164 communi
1535 1135 1563 1162 et
1595 1129 1760 1164 incinctis¹
1785 1131 1850 1164 sru-

1107 1184 1218 1227 galitas
1244 1188 1396 1225 servetur,
1412 1184 1453 1217 ita
1468 1188 1502 1218 ut
1519 1184 1692 1217 secundum
1708 1185 1848 1228 regulam

1106 1237 1217 1270 malint
1247 1238 1360 1270 fratres
1393 1238 1497 1270 minus
1522 1248 1637 1280 agere,
1662 1249 1756 1281 quam
1780 1239 1850 1282 plus

1106 1290 1244 1330 habere,
1271 1290 1471 1332 iniungentes
1496 1295 1600 1322 tamen
1626 1291 1662 1323 iis
1687 1291 1740 1334 qui
1764 1301 1851 1334 prae-

1107 1343 1208 1383 sunt2,
1234 1348 1267 1376 ut
1292 1344 1425 1376 fratrum
1458 1343 1634 1377 necessitati
1669 1344 1851 1377 charitative

1106 1396 1302 1441 provideant.

1152 1451 1267 1484 Omnes
1282 1451 1404 1491 fratres,
1419 1451 1511 1484 etiam
1527 1451 1671 1495 superior
1685 1452 1850 1495 generalis.

1089 1503 1218 1539 {eodem
1243 1515 1334 1548 pane,
1360 1505 1471 1538 eodem
1495 1504 1578 1545 vino,
1604 1505 1779 1550 eodemque
1799 1506 1851 1540 ob-

329 1557 434 1590 lemne
464 1557 578 1590 festum
611 1557 738 1600 aliquod
771 1557 993 1600 praeveniatur
1024 1557 1091 1589 vely

1106 1559 1206 1599 sonio,
1224 1559 1289 1592 sive
1314 1559 1477 1602 pietancia,
1500 1559 1530 1591 in
1548 1559 1709 1592 communi
1730 1562 1849 1596 mensa.

1106 1612 1144 1644 ad
1174 1612 1311 1656 primam
1341 1612 1389 1645 vel
1421 1612 1613 1652 secundam,
1646 1612 1705 1645 nisi
1736 1613 1849 1646 fuerint

1106 1666 1235 1706 infirmi,
1261 1671 1439 1706 vescantur,
1464 1676 1521 1699 nec
1542 1666 1702 1709 singulare
1722 1667 1849 1711 aliquid,

1105 1729 1168 1762 quo
1192 1718 1341 1763 privatim
1366 1719 1436 1762 quis
1460 1724 1576 1759 utatur,
1601 1720 1665 1753 ullo
1691 1720 1785 1753 modo
1810 1721 1851 1753 af-

1105 1773 1181 1806 ferri
1199 1773 1308 1817 possit,
1323 1777 1363 1813 et,
1378 1773 1403 1806 si
1422 1773 1492 1817 quis
1508 1773 1539 1805 in
1557 1774 1593 1806 ea
1613 1784 1646 1806 re
1662 1774 1847 1818 peccaverit,

1107 1827 1250 1869 sequenti
1277 1826 1410 1870 prandio
1431 1827 1479 1859 vel
1497 1828 1594 1860 coena
1613 1827 1690 1859 nihil
1708 1827 1847 1860 alimenti

1106 1880 1241 1924 accipiat
1265 1883 1390 1923 praeter
1415 1890 1528 1924 panem
1553 1885 1583 1912 et
1607 1891 1730 1924 aquam.

1150 1933 1259 1966 Nullus
1293 1944 1367 1966 vero
1398 1938 1485 1966 extra
1520 1934 1631 1967 horam
1665 1933 1788 1978 prandii
1821 1941 1846 1967 et

1087 1996 1221 2036 ⁴coenae
1246 1987 1365 2030 aliquid
1389 1987 1613 2020 alimentorum
1639 1991 1762 2029 sumat,
1788 1988 1847 2021 nisi

1105 2039 1180 2072 dum
1213 2044 1376 2083 aegrotatz
1410 2041 1516 2073 licebit
1552 2045 1656 2073 tamen
1688 2041 1849 2074 matutinis

1105 2094 1202 2135 horis,
1229 2099 1317 2126 extra
1342 2099 1464 2137 tempus
1490 2094 1607 2134 ieiunii,
1634 2095 1715 2128 sacto
1732 2095 1780 2128 vel
1796 2105 1848 2128 au-

1105 2147 1169 2179 dito
1194 2157 1295 2187 sacro,
1320 2147 1478 2180 modicum
1504 2148 1593 2191 panis
1614 2152 1644 2180 et
1669 2148 1730 2180 vini
1753 2148 1784 2181 in
1804 2159 1849 2181 re-

1105 2200 1235 2233 fectorio
1261 2211 1385 2233 sumere
1410 2211 1467 2244 per
1493 2201 1620 2234 modum
1642 2201 1825 2235 medicinae.

1149 2253 1305 2287 Lectossad
1319 2265 1459 2286 mensam
1473 2255 1610 2298 capitulo
1625 2265 1640 2288 e
1655 2257 1744 2288 sacra
1755 2256 1848 2299 serip-

1104 2309 1185 2347 tura,
1200 2317 1290 2340 mane
1305 2307 1360 2340 ex‘
1376 2308 1549 2351 evangelio,
1564 2319 1634 2341 sero
1652 2309 1690 2341 de
1707 2309 1848 2352 qualibet

1104 2362 1163 2395 alia
1190 2367 1288 2405 palte,
1315 2366 1377 2394 tarn
1403 2362 1501 2396 lector
1526 2373 1619 2406 quam
1639 2363 1780 2395 minister
1799 2373 1848 2395 ca-

1138 2460 1150 2486 ·l
1170 2459 1270 2487 Forsan
1286 2459 1432 2493 legendum
1446 2459 1475 2485 in
1486 2460 1557 2487 cibis
1569 2467 1618 2494 pro
1630 2459 1760 2487 incinctis
1772 2461 1847 2495 (uxr)-

1137 2505 1153 2531 Ξ
1174 2504 1298 2540 Improbe
1324 2512 1435 2540 prorsus
1456 2504 1520 2531 edit.
1543 2504 1624 2532 Malu.
1646 2505 1709 2540 legit
1724 2513 1847 2540 praesu-

1105 2552 1185 2575 munt
1201 2557 1248 2584 pro
1262 2551 1404 2583 praesunt
1422 2555 1457 2583 tn.
1471 2549 1518 2581 T.).

1137 2594 1152 2621 3
1165 2593 1212 2620 Ed.
1226 2593 1303 2620 Main.
1316 2594 1508 2625 liabetLectz's,
1519 2597 1545 2620 et
1556 2593 1618 2620 dein
1630 2595 1757 2630 capitulo
1768 2596 1845 2629 (Rs).

1138 2639 1153 2665 4
1169 2639 1266 2674 Praep.
1283 2647 1319 2666 ecc
1335 2646 1383 2666 nos
1399 2638 1524 2666 addimus
1536 2639 1574 2674 (n.
1587 2641 1637 2674 τ,).

1756 217 1820 253 399
1867 228 1913 255 An.
1927 229 1956 255 c.
1980 229 2046 256 1631
