2248 3229
80 227 129 257 An.
149 226 180 255 C.
202 225 271 255 1634

134 1523 215 1544 Causae
236 1523 265 1543 sa-

81 1550 169 1571 tiendae
194 1550 265 1577 prohi-

80 1577 173 1598 hittonis.

106 2217 232 2242 Prohibitio,
242 2217 268 2239 do

84 2250 125 2271 qua
138 2245 159 2266 iu
173 2244 266 2267 rubrica.

893 224 1035 250 URBANUS
1059 224 1115 249 vm
1138 225 1186 249 PP.

277 280 308 309 et
331 274 472 318 singulis,
497 273 624 307 illorum
651 279 775 307 tenores
800 274 1019 317 praesentibus

278 340 337 375 pro
362 329 453 373 plene
479 333 508 362 et
533 328 724 362 sufficienter
741 327 897 372 expressis
921 337 957 360 ac
981 327 1019 360 ad

277 383 409 417 verbum
434 382 559 416 insertis
595 382 763 423 habentes,
798 381 858 414 illis
889 381 964 414 alias
988 381 1019 413 in

278 448 334 471 suo
348 437 463 471 robore
477 436 706 481 permansuris,
720 435 758 468 ad
772 435 1018 479 praemissorum

278 491 424 525 effectum
448 492 506 524 hac
530 491 597 523 vice
618 490 777 524 dumtaxat
795 489 973 532 specialiter
991 492 1021 520 et

279 555 425 589 expresse
443 545 643 588 derogamus,
658 543 835 587 ceterisque
853 542 1019 576 contrariis

278 600 539 643 quibuscumque.

321 654 435 686 Datum
459 652 588 692 Romae,
609 651 690 695 apud
708 652 737 685 S.
752 651 890 690 Petrum,
903 649 960 682 sul)
970 658 1021 681 an-

278 706 353 739 nulo
366 706 544 746 piscatoris,
558 705 608 738 die
626 716 667 738 xv
682 704 831 738 februarii
845 711 1019 743 iincxxxiv,

278 759 480 804 pontificatus
504 760 605 793 nostri
629 769 711 792 anno
733 768 775 793 xi.

313 824 374 852 Dat.
392 823 435 852 die
452 825 484 852 15
499 823 632 851 februarii
651 823 729 858 1634,
746 820 842 858 pontis.
860 828 930 849 anno
947 826 983 847 xi.

549 992 751 1028 CDLXXVIII.

279 1083 435 1118 Prohibet
449 1083 625 1127 quominus
637 1081 759 1114 milites
773 1080 916 1114 Militiae
930 1079 1022 1115 Chri-

322 1138 447 1170 stianae
471 1147 509 1170 eac
533 1136 672 1169 aerariis
704 1135 846 1168 eiusdem
878 1133 1021 1168 Militiae

321 1192 488 1235 pecunias,
515 1190 636 1223 iocalia
660 1194 689 1222 et
708 1190 777 1223 alia
810 1189 893 1222 bona
917 1188 1021 1232 ipsius

322 1245 465 1279 Militiae
488 1245 609 1288 absque
634 1244 726 1278 Sedis
749 1243 956 1287 Apostolicae
981 1242 1021 1275 li-

323 1299 428 1332 centia
452 1298 630 1343 accipiant,
658 1297 853 1337 extrahant,
877 1295 946 1330 etc.¹

469 1386 606 1414 Urbanus
637 1387 717 1420 Papa
744 1386 821 1419 VIII,

422 1433 457 1459 ad
477 1432 611 1460 futuram
630 1432 674 1459 rei
695 1431 875 1459 memoriam.

325 1514 339 1557 ἓ
363 1513 392 1546 ¹1.
417 1514 505 1554 Cum,
530 1513 610 1546 sicut
633 1512 765 1546 dilectus
790 1511 873 1544 filius
892 1510 1022 1544 Michael

280 1566 442 1611 Adolphus
467 1577 573 1600 comes
593 1566 631 1598 ab
651 1566 775 1607 Altlian‚
802 1575 883 1598 unus
903 1575 940 1598 ex
962 1564 1022 1597 illis

279 1621 332 1666 qui
348 1621 488 1655 Militiam
505 1619 730 1655 Christianam²
747 1619 805 1653 sub
825 1619 1022 1653 invocatione

280 1675 496 1719 conceptionis
521 1674 552 1707 B.
578 1673 693 1707 Mariae
718 1672 855 1716 Virginis
873 1673 1024 1706 immacu-

1054 279 1083 307 et
1107 273 1217 317 gratiis
1241 272 1389 317 prosequi
1415 272 1563 313 volentes,
1584 278 1613 305 et
1633 282 1649 304 a
1669 272 1794 315 quibus-

1054 328 1098 360 vis
1130 326 1485 368 excommunicationis,
1519 326 1734 370 suspensionis
1765 331 1795 358 et

1053 380 1210 414 interdicti
1246 381 1378 424 aliisque
1413 380 1630 414 ecclesiasticis
1662 384 1791 413 senten-

1054 435 1113 476 tiis,
1140 434 1280 467 censuris
1305 439 1335 466 et
1359 434 1478 477 poenis,
1497 445 1513 466 a
1534 434 1601 466 iure
1619 434 1666 466 rel
1686 433 1724 465 ab
1742 433 1795 465 lio-

1054 489 1148 529 mine‚
1165 489 1275 532 quavis
1300 489 1463 522 occasione
1481 489 1528 521 vel
1554 490 1648 521 causa
1671 487 1752 527 lutis,
1770 487 1795 519 si

1054 543 1167 587 quibus
1185 543 1425 587 quomodolibet
1442 543 1609 576 innodatus
1627 541 1740 582 existit,
1756 541 1794 573 ad

1055 597 1202 631 effectum
1237 598 1451 642 praesentium
1487 597 1648 629 dumtaxat
1683 605 1794 629 conse-

1054 651 1225 695 quendum,
1250 651 1362 684 harum
1388 651 1469 684 serie
1486 651 1683 684 absolventes
1700 655 1730 682 et
1747 649 1796 682 ab·

1055 705 1192 738 solutum
1218 706 1283 738 sore
1309 711 1484 746 censentes,
1511 703 1796 749 supplicationibus

1054 758 1139 791 illius
1163 758 1290 792 nomine
1315 758 1405 792 nobis
1431 769 1525 802 super
1550 758 1610 791 boc
1635 756 1796 790 humiliter

1055 812 1211 855 porrectis
1246 812 1408 852 inclinati,
1434 811 1580 845 omnibus
1605 815 1634 845 et
1666 810 1797 853 singulis

1054 865 1208 909 personis,
1231 869 1292 899 tam
1315 865 1533 898 ecelesiasticis
1557 875 1651 908 quam
1677 864 1796 897 secula-

1055 918 1153 959 ribus,
1175 918 1232 951 sub
1257 918 1591 952 excommunicationis
1616 919 1717 961 poena
1741 927 1797 961 per

1056 971 1316 1005 contrafacientes
1338 971 1538 1011 incurrenda‚
1556 971 1726 1015 apostolica
1747 981 1798 1003 au-

1055 1025 1209 1067 ctoritate,
1220 1030 1330 1059 tenore
1343 1025 1566 1069 praesentium,
1581 1024 1797 1057 interdicimus

1055 1084 1085 1111 et
1108 1078 1325 1123 prohibemus,
1348 1088 1387 1111 ne
1412 1087 1630 1121 quaecumque
1655 1077 1795 1118 stabilia,

1055 1132 1215 1176 pecunias,
1240 1132 1351 1166 iocalia
1371 1137 1401 1165 et
1417 1132 1493 1165 alias
1514 1142 1564 1165 res
1582 1140 1798 1175 quascumque

1056 1185 1237 1219 huiusmodi
1262 1196 1298 1218 ex
1315 1185 1405 1218 dictis
1430 1185 1559 1218 aerariis
1577 1185 1694 1227 absque
1711 1183 1798 1217 Sedis

1055 1239 1253 1284 Apostolicae
1270 1239 1395 1272 licentia
1413 1239 1568 1283 accipere,
1581 1239 1644 1271 sire
1660 1237 1800 1271 extrabe-

1056 1304 1090 1327 re
1114 1294 1162 1326 vel
1179 1293 1364 1333 distrahere,
1381 1298 1434 1325 aut
1458 1297 1492 1326 ut
1515 1292 1709 1336 accipiantur
1735 1291 1798 1324 sive

1056 1347 1260 1380 extrahantur
1285 1346 1333 1379 vel
1357 1346 1573 1378 distrabantur
1594 1345 1776 1389 permittere
1791 1371 1798 1384 ,

1057 1400 1114 1433 sub
1140 1401 1251 1444 quovis
1271 1400 1413 1444 quaesito
1434 1400 1540 1433 colore
1558 1400 1605 1432 vel
1626 1403 1798 1443 praetextu,

1056 1453 1191 1486 audeant
1215 1464 1269 1487 seu
1286 1458 1503 1497 praesumant:
1530 1453 1748 1496 volumusque,
1766 1457 1799 1485 ut

1057 1508 1207 1551 pecuniae
1233 1513 1262 1541 et
1286 1508 1345 1540 alia
1366 1508 1525 1551 praedicta
1550 1507 1581 1540 in
1606 1507 1705 1541 dictae
1725 1507 1799 1540 Mili-

1057 1561 1117 1595 tiae
1142 1561 1304 1595 servitium
1330 1566 1360 1594 et
1383 1571 1446 1594 non
1470 1561 1547 1594 alios
1577 1571 1652 1593 usus
1678 1570 1796 1604 expen-

1056 1615 1171 1648 dantur
1195 1620 1225 1648 et
1250 1620 1480 1648 convertantur.

1101 1669 1116 1712 ξ,
1139 1667 1168 1702 3.
1194 1669 1262 1702 Non
1282 1668 1479 1701 obstantibus
1500 1667 1530 1701 in
1548 1667 1742 1701 contrarium
1759 1667 1801 1700 sa-

279 1729 359 1762 latae
383 1728 476 1762 nobis
500 1727 580 1771 erigi
601 1731 631 1762 et
650 1727 770 1760 institui
795 1726 1022 1770 supplicarunt,
1057 1722 1213 1756 cientibus
1238 1723 1500 1767 quibuscumque.

280 1781 370 1815 nobis
387 1792 488 1825 nuper
505 1781 617 1825 exponi
637 1781 719 1821 fecit,
736 1780 843 1814 Militia
863 1779 1023 1824 praedicta

281 1835 320 1869 ad
344 1836 398 1869 Dei
423 1846 458 1869 ac
482 1835 581 1879 ipsius
601 1835 633 1868 B.
653 1835 691 1868 M.
710 1835 743 1868 V.
760 1835 886 1868 laudem
910 1839 941 1868 et
960 1834 1024 1877 glo-

281 1889 361 1922 riam
386 1888 474 1921 valde
499 1888 613 1921 diffusa
636 1898 673 1921 ac
697 1887 823 1921 dilatata
847 1887 906 1928 sit,
931 1887 1024 1931 eique

281 1943 387 1986 magni
412 1942 565 1976 momenti
590 1952 722 1975 munera
740 1947 801 1974 tam
826 1941 857 1974 in
881 1940 1023 1985 pecuniis

282 2006 377 2040 quam
403 1995 471 2028 aliis
487 1995 583 2028 rebus
601 1994 804 2028 consistentia
820 1994 935 2028 donata
951 1993 1022 2036 sint,

281 2049 365 2083 unde
389 2049 614 2093 depositarias⁸
633 2059 668 2082 ac
693 2048 814 2081 aeraria
835 2048 866 2080 in
891 2047 1024 2080 diversis

282 2103 370 2145 locis,
387 2103 426 2136 ad
442 2113 574 2136 munera
592 2102 774 2136 huiusmodi
799 2101 979 2146 recipienda
995 2105 1025 2135 et

283 2157 482 2199 asservanda,
504 2158 666 2192 instituere
691 2156 845 2201 oportuit:

329 2211 343 2255 ἓ
368 2210 396 2244 2.
422 2212 494 2252 Nos,
518 2211 735 2255 pecuniarum,
760 2210 957 2254 aliarumque
978 2220 1026 2243 re-

283 2274 355 2298 rum
380 2264 561 2298 huiusmodi
585 2264 832 2303 conservationi,
858 2268 1025 2306 rectaeque

284 2317 520 2361 dispensationi,
545 2323 699 2362 quantum
717 2328 788 2351 cum
806 2316 939 2350 Domino
956 2326 1026 2360 pos-

285 2383 405 2413 sumus,
429 2372 609 2414 consulere,
635 2372 817 2416 dictumque
840 2370 1025 2404 Michaelem

285 2425 466 2469 Adolphum
491 2426 638 2459 comitem
659 2424 848 2470 specialibus
866 2423 1026 2458 favoribus

320 2517 332 2541 1
351 2514 388 2542 Ex
403 2514 512 2550 Regest.
529 2515 554 2542 in
569 2515 673 2542 Secret.
689 2515 769 2542 Brev.

320 2560 332 2586 1
349 2559 416 2588 Male
431 2559 496 2587 edit.
514 2559 595 2587 Main.
611 2559 677 2595 legit
692 2559 819 2587 Militiae
840 2558 1028 2587 Christianae

289 2606 320 2632 n.
337 2610 362 2631 τ.
381 2625 387 2632 .

285 2610 292 2640 i
320 2649 335 2677 2
351 2604 417 2677 liele
431 2648 496 2678 edit.
510 2649 592 2678 Μαίη.
609 2648 673 2685 legit
687 2648 880 2685 depositarius
894 2649 934 2684 (a.
952 2649 1001 2683 τ.),

1100 1777 1213 1810 Datum
1230 1777 1358 1817 Rornae,
1369 1777 1452 1821 apud
1466 1778 1496 1810 S.
1518 1777 1661 1817 Petrum,
1679 1776 1736 1809 sub
1750 1785 1801 1809 an-

1057 1832 1131 1865 nulo
1148 1831 1324 1872 Piscatoris,
1339 1831 1389 1864 die
1402 1841 1442 1865 xv
1460 1831 1610 1864 februarii
1626 1840 1798 1871 iiocxxxtv,

1056 1885 1257 1929 pontificatus
1281 1885 1382 1919 nostri
1407 1895 1488 1918 anno
1512 1895 1553 1918 xl.

1093 1947 1152 1975 Dat,
1169 1947 1212 1976 die
1232 1948 1264 1975 15
1279 1947 1408 1975 februarii
1426 1948 1503 1980 1634,
1522 1947 1616 1983 pontis.
1635 1955 1704 1975 anno
1720 1953 1754 1974 xl.

1338 2120 1514 2153 CDLXXIX.

1060 2209 1247 2244 Commissio
1271 2211 1391 2243 nuncio
1411 2210 1666 2253 Hispaniarum,
1693 2213 1729 2243 ut
1761 2211 1802 2242 sz'-

1102 2263 1229 2306 =qnificet
1246 2264 1467 2297 commissario
1492 2264 1655 2296 cruciatae
1679 2273 1710 2296 sc
1731 2273 1802 2306 yra-

1102 2327 1192 2350 ‘casse
1223 2316 1345 2350 clerum
1375 2317 1533 2351 Castellae
1565 2321 1593 2350 et
1627 2317 1798 2359 Leyionis,

1104 2371 1208 2413 ipsum
1234 2370 1371 2414 coqenclo
1396 2370 1452 2403 sub
1484 2371 1628 2403 censuris
1652 2369 1694 2402 acl
1718 2369 1801 2402 solu-

1106 2423 1225 2456 tionem
1238 2424 1384 2456 esccusati
1394 2427 1465 2467 post
1483 2423 1609 2466 lapsam
1623 2423 1802 2466 quinquen-

1104 2477 1156 2510 nii
1180 2477 1369 2510 concordiae
1382 2477 1516 2520 desuper
1529 2477 1632 2510 initae
1650 2480 1677 2508 et
1689 2486 1708 2508 a
1723 2475 1802 2509 San-

1105 2532 1154 2564 cta
1179 2530 1257 2565 Sede
1277 2530 1514 2573 cotzfirmatae'.

1097 2648 1107 2675 1
1127 2646 1164 2675 Ex
1180 2646 1290 2683 Regest.
1307 2646 1334 2674 in
1349 2647 1450 2675 Secret.
1469 2645 1603 2674 Brevium,

1691 214 1755 248 373
1802 222 1850 251 An.
1872 224 1901 251 c.
1921 224 1992 253 1634

1864 1676 1997 1698 Obstantium

1815 1701 1933 1728 derogatio.
