2248 3229
215 204 264 232 An.
283 204 310 232 C.
331 204 399 233 1634

213 987 218 1006 Ι
241 960 339 990 (ll-insula
352 961 397 981 suff*

222 989 262 1006 utu.

248 1332 345 1353 Ctauaua
361 1332 395 1353 de-

213 1362 328 1385 rogatoria.

241 2290 322 2312 Causae
335 2292 397 2313 hunus

213 2317 380 2340 constitutionis.

446 197 509 231 456

416 260 597 297 censentes,
627 255 907 298 supplicationibus
932 255 1059 287 illorum
1091 264 1150 288 no-

417 308 501 341 mine
520 308 609 341 nobis
634 317 727 351 super
744 307 804 340 hoe
821 307 984 340 humiliter
1000 308 1155 351 porrectis

415 360 564 401 inclinati,
581 360 619 392 de
636 359 1014 393 venerabilium·sratrum
1030 366 1155 394 nostro-

416 424 486 446 rum
506 417 629 446 sanctae
653 413 811 447 Romanae
834 413 990 447 Ecclesiae
1011 414 1153 447 cardina-

416 468 491 500 lium
516 467 651 510 negotiis
682 467 876 510 regularium
900 467 1153 511 praepositorum

416 519 564 560 consilio,
588 519 687 553 dictos
712 520 843 553 clericos
868 521 1030 563 regulares
1054 520 1153 554 dictae

415 572 674 615 Congregationis
685 573 863 617 Pauperum
877 574 982 607 Matris
994 574 1049 607 Dei
1062 574 1156 608 Sebo-

416 626 517 658 larum
534 626 659 658 Piarum
675 636 739 659 non
759 627 984 671 comprehendi
1006 627 1037 659 in
1049 627 1155 661 decre-

417 678 454 711 tis
468 678 615 723 praefatis
631 678 705 712 dicti
718 679 885 712 Clementis
901 679 1154 723 praedecessoris

415 742 470 775 per
493 741 551 765 nos
574 732 755 776 approbatis
773 737 803 765 et
826 732 990 774 innovatis,
1009 734 1155 777 quemad-

416 785 545 819 modum
569 795 633 819 non
652 785 968 830 comprehenduntur
983 786 1079 820 ceteri
1095 788 1154 820 cle-

415 839 471 872 rici
491 838 669 882 regulares,
695 839 867 883 apostolica
891 839 1085 882 auctoritate,
1114 845 1154 873 te-

415 903 492 926 nore
516 893 740 937 praesentium,
757 893 969 934 declaramus,

458 947 473 989 g
489 946 519 979 3.
537 946 649 990 Sicque
673 946 845 987 observari,
863 951 893 979 et
913 957 971 990 per
989 957 1153 991 quoscum-

413 1011 473 1043 que
490 999 608 1033 iudices
632 999 809 1034 ordinarios
826 1005 855 1033 et
873 1000 1042 1043 delegatos,
1060 1001 1153 1034 etiam

413 1064 581 1087 causarum
596 1054 703 1098 palatii
727 1054 892 1098 apostolici
918 1055 1090 1096 auditores,
1107 1055 1153 1088 iu-

412 1108 510 1141 dicari
539 1113 569 1141 et
595 1107 721 1141 definiri
750 1107 886 1149 debere,
913 1118 949 1141 ac
973 1108 1098 1141 irritum
1124 1114 1154 1141 et

412 1161 514 1201 inane,
532 1161 558 1194 si
575 1171 664 1194 secus
681 1171 776 1204 super
792 1161 840 1194 his
857 1172 873 1193 a
892 1171 1062 1204 quoquam,
1081 1172 1154 1204 qua—

412 1215 457 1247 vis
481 1215 665 1248 auctoritate
680 1242 688 1256 ,
717 1215 851 1248 scienter
875 1215 923 1248 vel
953 1215 1152 1258 ignoranter,

412 1268 578 1311 contigerit
595 1268 750 1309 attentari,
767 1269 974 1303 decernimus.

456 1322 471 1365 ξ
495 1321 524 1354 4.
549 1322 619 1356 Non
642 1321 841 1355 obstantibus
865 1323 1057 1367 praemissis,
1074 1327 1153 1358 cete-

411 1375 518 1418 risque
542 1374 574 1408 in
596 1375 790 1408 contrarium
814 1375 999 1410 facientibus
1023 1376 1153 1420 quibus-

413 1438 558 1472 cumque.

455 1481 567 1515 Datum
591 1481 728 1525 Romae,
753 1482 837 1526 apud
861 1483 890 1516 S.
915 1483 1045 1516 Mariam
1062 1484 1153 1518 Maio-

414 1545 491 1576 rem,
515 1535 572 1568 sub
599 1536 715 1569 annulo
732 1536 908 1579 piscatoris,
924 1536 974 1570 die
1002 1547 1069 1571 xv11
1096 1548 1152 1572 no-

414 1588 550 1622 vembris
584 1599 750 1624 iuncxxxiv
769 1617 776 1631 ,
815 1590 1016 1634 pontificatus
1052 1592 1152 1625 nostri

413 1651 494 1676 anno
515 1652 569 1676 ΧΗ.

448 1705 506 1733 Dat.
523 1705 567 1734 die
585 1706 615 1733 17
631 1706 785 1734 novembris
804 1706 880 1741 1634,
902 1706 997 1742 pontif.
1015 1713 1086 1735 anno
1102 1713 1150 1734 xil.

751 1849 813 1882 DII.

415 1930 506 1969 Quod
525 1930 562 1963 in
585 1930 716 1977 familia
741 1930 990 1964 ultramontana
1012 1933 1095 1965 sicut
1118 1933 1152 1965 in

455 1983 658 2016 cismontamt
673 1983 807 2017 Ordinis
823 1985 967 2026 fratrum
985 1984 1152 2017 Minorum

455 2036 493 2069 de
521 2036 733 2070 Obserrctntid
761 2036 824 2069 cluo
852 2038 969 2079 fratres
1002 2039 1153 2080 yermani

455 2089 650 2131 delinitoriis
666 2089 817 2122 interesse
833 2100 898 2123 non
912 2091 1038 2133 possint
1052 2090 1069 2123 ¹.

619 2169 755 2196 Urbanus
775 2169 854 2204 Papa
873 2170 949 2205 VIII,

553 2214 589 2241 ad
611 2213 743 2241 futuram
762 2214 1005 2242 rei·memoriam.

457 2285 472 2328 ἓ
501 2285 525 2317 l.
550 2284 670 2329 Exponi
690 2285 781 2318 nobis
797 2295 898 2329 nuper
922 2285 996 2319 feeit
1020 2285 1150 2320 dilectus

413 2339 483 2372 silus
504 2338 637 2372 Didacus
657 2339 694 2372 de
715 2340 781 2381 Zea,
799 2339 1035 2373 commissarius
1060 2350 1151 2384 gene-

413 2392 486 2425 ralis
500 2392 606 2426 euriae
619 2393 754 2426 fratrum
771 2393 895 2427 Ordinis
912 2394 1069 2428 Minorum
1085 2404 1150 2428 san-

414 2446 453 2479 cti
481 2446 504 2479 F
506 2446 640 2481 rancisci
656 2446 694 2480 de
716 2447 926 2491 Observantia,
948 2448 1042 2492 quod,
1066 2448 1152 2481 iuxta

449 2527 460 2551 i
480 2525 516 2553 De
532 2525 685 2554 huiusmodi
701 2527 840 2562 fratribus,
853 2528 921 2563 lege,
934 2536 1003 2563 quae
1014 2528 1104 2556 notavi
1118 2527 1152 2555 ad

413 2570 504 2597 const.
520 2577 601 2599 cxviii
616 2573 665 2606 (al.
682 2573 746 2607 107)
761 2573 990 2608 Sam-osannam,
1006 2575 1069 2601 tom.
1091 2581 1151 2607 xlii,

413 2622 473 2649 pag.
490 2615 550 2642 280.

997 208 1176 232 BULLARIUM
1200 208 1354 234 ROMANUM

1940 215 1989 241 An.
2005 214 2033 242 C.
2053 215 2123 242 1634

1188 256 1346 298 regularia
1370 267 1479 290 eorum
1505 259 1643 293 instituta
1673 262 1843 305 apostolica
1872 273 1925 295 au-

1187 308 1332 342 ctoritate
1357 310 1551 352 confirmata,
1571 317 1604 345 ut
1621 313 1808 348 factionibus
1825 314 1927 349 obvie-

1188 367 1249 405 tur,
1271 366 1301 396 et
1316 362 1391 395 alias
1410 374 1469 407 pro
1493 364 1576 398 bono
1600 366 1765 410 gubernio,
1782 368 1921 402 definito-

1188 414 1243 448 riis
1267 415 1451 449 eorumdem
1486 417 1619 450 fratrum
1656 419 1780 461 Italiae,
1811 422 1925 464 quibus

1187 473 1322 512 quatuor
1346 469 1507 503 dumtaxat
1531 470 1734 513 definitores,
1765 476 1869 507 eustos
1895 480 1926 507 et

1187 522 1387 566 provincialis
1411 524 1582 567 intersunt,
1604 524 1666 558 duo
1691 525 1840 559 interesse
1863 537 1926 560 non

1188 581 1319 618 possunt
1350 576 1404 620 qui
1439 576 1500 609 sint
1530 577 1642 623 fratres
1673 578 1825 621 germani.
1850 579 1926 613 Cum

1188 633 1302 670 autem,
1315 628 1395 662 sieut
1411 629 1519 662 cadem
1533 630 1688 674 expositio
1706 631 1924 675 subiungebat,

1188 682 1219 714 in
1235 682 1331 715 divini
1356 683 1458 716 cultus
1483 688 1513 716 et
1536 684 1698 727 religionis
1722 691 1925 728 augmentum

1188 735 1324 768 maxime
1347 746 1510 769 cessurum
1532 737 1580 778 sit,
1597 737 1623 770 si
1643 737 1724 771 idem
1749 739 1780 771 in
1805 749 1926 772 eorum-

1188 789 1258 822 dem
1282 789 1415 823 fratrum
1430 790 1616 824 defmitoriis
1633 802 1803 835 regnorum
1820 793 1926 837 Hispa—

1188 843 1311 876 niarum
1329 843 1511 886 observeur,
1527 845 1619 878 nobis
1636 851 1805 889 propterea
1821 847 1925 879 humi-

1189 895 1259 928 liter
1283 897 1455 941 supplicari
1473 898 1554 940 fecit,
1573 902 1606 932 ut
1629 909 1723 942 super
1746 900 1926 942 praemissis

1188 954 1365 993 opportune
1382 951 1549 994 providere
1573 952 1612 985 de
1641 952 1832 996 benignitate
1855 964 1926 997 apo-

1188 1004 1296 1037 stoliea
1320 1004 1533 1047 dignaremur.

1232 1057 1289 1101 §CL
1308 1058 1370 1091 Nos
1384 1058 1490 1101 igitur,
1501 1059 1575 1092 dieti
1595 1059 1701 1093 Didaci
1718 1061 1923 1094 commissarii

1187 1111 1342 1154 generalis
1356 1112 1443 1153 votis,
1458 1117 1608 1156 quantum
1624 1124 1695 1146 cum
1708 1114 1840 1147 Domino
1856 1126 1926 1158 pos-

1187 1175 1305 1206 sumus,
1322 1175 1470 1207 annuere,
1493 1166 1646 1210 illumque
1670 1167 1859 1211 specialibus
1885 1169 1925 1201 sa-

1187 1218 1315 1252 voribus
1339 1223 1369 1252 et
1392 1219 1500 1262 gratiis
1523 1221 1671 1264 prosequi
1697 1222 1844 1262 volentes,
1862 1227 1889 1254 et
1908 1233 1924 1254 a

1187 1271 1348 1314 quibusvis
1373 1274 1721 1314 excommunicationis,
1746 1275 1925 1318 suspensio-

1186 1324 1234 1357 nis
1251 1329 1281 1357 et
1297 1325 1465 1367 interdicti,
1479 1326 1611 1370 aliisque
1627 1328 1846 1361 ecclesiasticis
1859 1339 1925 1361 sen-

1187 1377 1300 1421 tentiis,
1321 1379 1462 1412 censuris
1486 1383 1516 1412 et
1539 1380 1660 1423 poenis,
1680 1391 1698 1412 a
1721 1381 1790 1414 iure
1815 1382 1862 1414 vel
1886 1382 1924 1415 ab

1186 1430 1324 1472 homine,
1342 1431 1451 1476 quavis
1475 1433 1639 1466 occasione
1664 1434 1712 1466 vel
1736 1436 1828 1467 eausa
1844 1435 1925 1475 latis,

1187 1484 1212 1517 si
1226 1484 1342 1528 quibus
1366 1485 1603 1529 quomodolibet
1619 1486 1785 1520 innodatus
1810 1487 1924 1529 existit,

1186 1538 1224 1571 ad
1248 1537 1393 1573 effectum
1423 1539 1634 1583 praesentium
1659 1541 1820 1575 dumtaxat
1843 1552 1921 1575 con-

1186 1592 1403 1635 sequendum,
1428 1593 1541 1625 harum
1566 1593 1647 1626 serie
1671 1593 1866 1628 absolventes
1895 1601 1925 1628 et

1186 1645 1365 1678 absolutum
1384 1646 1451 1679 sore
1467 1650 1638 1687 censentes,
1656 1646 1837 1680 huiusmodi
1854 1658 1925 1692 sup-

1186 1698 1408 1742 plicationibus
1421 1698 1570 1740 inclinati,
1591 1699 1675 1743 quod
1693 1700 1786 1733 etiam
1803 1711 1924 1734 eorum-

1186 1752 1257 1784 dem
1273 1752 1407 1785 fratrum
1424 1752 1609 1786 definitoriis
1627 1763 1799 1796 regnorum
1820 1755 1925 1798 Hispa-

1186 1804 1309 1838 niarum
1334 1805 1395 1838 duo
1419 1805 1571 1839 interesse
1583 1816 1647 1839 non
1663 1807 1784 1850 possint
1797 1808 1852 1850 qui
1865 1808 1925 1841 sint

1185 1858 1298 1891 fratres
1322 1859 1474 1901 germani,
1495 1858 1588 1902 idque
1612 1859 1877 1902 quemadmodum
1894 1861 1926 1894 in

1186 1911 1372 1945 definitoriis
1396 1912 1500 1946 Italiae
1528 1912 1657 1946 omnino
1681 1913 1842 1947 observari
1866 1914 1922 1947 de·

1186 1966 1267 2007 beat,
1287 1965 1346 2000 sub
1370 1966 1593 2009 indignationis
1617 1972 1742 2000 nostrae
1766 1973 1797 2000 et
1820 1978 1926 2001 censu-

1187 2018 1229 2051 ris
1253 2019 1482 2061 ecelesiasticis,
1499 2029 1621 2053 necnon
1639 2020 1824 2064 privationis
1842 2022 1926 2055 vocis

1186 2072 1304 2106 activae
1329 2078 1358 2106 et
1382 2073 1522 2117 passivae
1546 2073 1655 2117 poenis
1679 2073 1747 2117 ipso
1771 2075 1852 2108 sacto
1870 2085 1926 2118 per

1187 2126 1444 2160 contrafacientes
1461 2126 1666 2167 incurrendis,
1683 2127 1857 2171 apostolica
1876 2138 1927 2160 au—

1187 2179 1350 2221 ctoritate,
1380 2185 1486 2213 tenore
1510 2182 1733 2224 praesentium,
1759 2182 1925 2215 statuimus

1186 2244 1221 2266 ac
1240 2233 1451 2277 praecipimus
1474 2239 1504 2266 et
1528 2234 1722 2267 mandamus.

1228 2288 1243 2330 ξ
1266 2286 1296 2320 3.
1323 2287 1531 2320 Decernentes
1563 2288 1767 2322 nihilominus
1799 2289 1924 2322 irritum
1941 2297 2081 2345 ΓΙιξιῗξωιιιιιι
2098 2299 2125 2319 ir-

1185 2345 1214 2373 et
1238 2340 1329 2374 inane
1353 2341 1505 2385 quidquid
1521 2352 1611 2374 secus
1635 2353 1731 2386 super
1748 2343 1796 2375 his
1813 2353 1830 2375 a
1847 2353 1925 2387 quo·
1997 2340 2013 2344 ⁵*

1185 2404 1299 2437 quam,
1330 2395 1438 2438 quavis
1470 2396 1676 2438 auctoritate,
1712 2396 1846 2430 scienter
1876 2396 1924 2429 vel

1185 2447 1376 2490 ignoranter,
1395 2448 1561 2491 contigerit
1580 2449 1734 2482 attentari.

1229 2502 1244 2545 ἓ
1271 2501 1300 2534 4.
1330 2502 1397 2535 Non
1430 2502 1625 2535 obstantibus
1657 2503 1855 2547 praemissis,
1889 2512 1925 2536 ac

1186 2554 1345 2598 quibusvis
1381 2555 1654 2589 constitutionibus
1686 2561 1716 2589 et
1751 2555 1923 2590 ordinatio-

1185 2607 1277 2642 nibus
1312 2608 1511 2654 apostolicis,
1536 2619 1659 2644 necnon
1679 2609 1752 2643 dieti
1777 2608 1924 2652 Ordinis,

1950 1072 2068 1096 Cuufirmat.
2076 1079 2123 1099 pro-

1940 1102 1963 1120 ut
1977 1100 1997 1120 in
2012 1100 2106 1121 rubrica·

2010 2510 2124 2539 Dei-ogatio

1940 2538 2101 2559 contrariorum.

2227 2514 2248 2539 ὅ
