2248 3229
146 212 200 240 An.
216 211 245 240 C.
269 211 331 240 1631

211 1717 334 1739 Moderatur

162 1743 321 1765 constitutionis

151 1770 264 1792 Clementis
289 1771 334 1791 Vlll

151 1798 208 1824 quod
222 1798 241 1817 in
257 1798 334 1818 debiti<

151 1826 264 1845 contractis
287 1827 335 1850 post

151 1856 187 1871 Sex
213 1857 294 1871 mk'ssSeS
323 1857 334 1871 :l

151 1876 185 1898 dic
196 1877 333 1898 arcini-tatio·

151 1903 184 1924 nis
213 1904 335 1924 instrumen-

151 1932 219 1950 torum
242 1936 267 1950 ac
292 1931 335 1950 vin-

151 1957 265 1977 culationis
297 1957 336 1977 bn-

152 1988 226 2004 norum
235 1984 336 2004 baronum

153 2011 174 2030 et
215 2010 337 2031 domicello-

152 2042 198 2057 rum
228 2043 268 2057 non
298 2037 336 2058 ha-

153 2062 205 2084 beat
223 2063 291 2084 locum
310 2064 336 2084 ad

153 2089 247 2110 savorem
269 2090 337 2111 credi·

153 2117 339 2143 torumetiampri·

154 2143 309 2169 vilegiatorum.

956 212 1098 237 mansues

345 269 496 303 expresso
516 259 610 293 modo
627 260 806 304 deputat0¹,
824 260 906 293 ultra
926 261 1087 293 facultates

346 312 408 346 iam
433 323 608 355 concessas,
634 318 667 346 ut
688 313 719 346 in
735 313 883 347 omnibus
901 319 931 346 ct
955 313 1087 356 singulis

346 367 448 401 causis
472 378 567 412 super
586 367 768 411 praemissis
787 368 887 401 active
907 373 936 400 et
954 368 1086 411 passive,

345 431 381 454 ac
404 422 481 455 alias
504 422 614 466 quovis
638 422 743 464 modo,
768 422 851 454 inter
874 431 1087 465 quascumque

345 484 383 508 ex
408 475 607 520 supradictis,
633 476 697 516 vel,
722 475 907 509 eorumdem
933 475 1087 520 praemis-

345 539 454 562 sorum
479 530 665 569 occasione,
698 529 790 563 ctiam
827 529 903 562 alias
936 538 1088 572 personas

346 583 440 615 motis
464 588 494 616 et
517 582 691 623 movendis,
716 582 809 617 etiam
835 582 965 626 praevia
988 592 1006 614 a
1030 592 1088 626 pro

346 641 489 680 tempore
519 636 670 674 existente
701 647 867 670 causarum
899 637 1005 670 curiae
1037 646 1088 669 ca-

345 699 453 722 merae
488 690 678 734 apostolicae
714 690 854 734 generali
887 689 1028 723 auditore
1059 694 1089 722 et

345 742 416 776 aliis
441 743 695 788 quibuscumque
720 744 876 777 iudicibus
896 743 1088 784 avocatione,

346 795 530 838 procedere,
544 796 671 830 decreta
687 797 801 837 facere,
815 796 983 831 sententias
996 797 1088 836 serre,

345 849 493 882 mandata
517 851 669 892 relaxare,
695 861 795 894 eaque
815 850 1019 894 exequutioni
1040 850 1090 883 de-

346 903 505 946 mandare,
520 904 643 948 aliaque
657 905 741 938 circa
757 904 931 948 praemissa
947 915 1091 938 necessa-

346 956 393 989 ria
413 962 444 990 et
465 964 644 1002 opportuna
661 959 773 999 facere,
793 958 976 999 summarie,
995 968 1089 991 manu

346 1011 446 1053 regia,
470 1011 538 1044 sola
562 1011 635 1044 sacti
656 1012 787 1044 veritate
804 1011 954 1055 inspecta,
972 1011 1090 1055 absque

346 1075 498 1108 processu
529 1075 565 1098 ac
597 1065 657 1098 tela
690 1065 854 1098 iudiciaria
886 1075 1008 1098 necnon
1033 1071 1091 1098 ter-

347 1118 506 1151 minorum
531 1119 625 1152 etiam
657 1119 910 1153 substantialium
944 1119 1091 1167 observa-

348 1171 450 1212 tione,
476 1172 608 1215 singulis
639 1171 750 1205 diebus
783 1163 1029 1215 (praeterquam
1060 1172 1090 1204 in

347 1224 502 1258 honorem
526 1225 581 1258 Dei
606 1225 764 1269 seriatis),
789 1236 825 1258 ac
850 1225 935 1258 seriis
966 1225 1108 1258 indictisl

347 1283 378 1311 et
401 1278 576 1312 indicendis
600 1289 663 1313 non
688 1279 902 1321 obstantibus,
928 1290 979 1319 ac,
1005 1279 1090 1312 omni

348 1337 379 1365 et
403 1343 604 1376 quacumque
629 1333 837 1377 appellatione
862 1335 994 1373 remota,
1020 1343 1091 1375 pro-

348 1385 480 1418 cedere2
496 1386 595 1419 libere
613 1391 642 1419 et
667 1386 752 1418 licite
777 1390 894 1429 posset,
912 1386 1090 1418 facultatem

349 1439 512 1481 concessit,
538 1445 634 1483 prout
647 1439 678 1472 in
692 1450 755 1472 uno
772 1450 827 1472 scu
851 1439 995 1483 pluribus
1013 1439 1093 1471 eius-

349 1492 420 1526 dem
445 1493 700 1537 praedecessoris
725 1493 968 1536 chirographis,
994 1498 1091 1532 motu,

349 1546 478 1580 scientia
491 1552 521 1579 et
534 1547 697 1590 potestatis
714 1547 909 1590 plenitudine
935 1546 1092 1578 similibus

349 1600 510 1640 emanatis,
534 1610 657 1633 necnon
683 1594 907 1633 constitutione
931 1600 1110 1643 praedicta

349 1652 472 1695 plenius
496 1653 685 1686 continetur.

394 1706 409 1749 ἓ
432 1705 461 1738 2.
486 1706 560 1746 Nos,
578 1708 702 1738 matura
722 1705 947 1739 deliberatione
965 1706 1093 1750 praeha-

348 1757 424 1802 bita,
448 1759 578 1803 provide
602 1764 777 1803 pensantes,
802 1769 897 1802 quam
923 1759 1039 1791 iustum
1064 1763 1091 1793 cl

350 1814 535 1847 rationabile
559 1824 594 1846 ac
619 1813 740 1856 legibus
765 1819 1010 1846 consentaneum
1036 1814 1092 1853 sit,

350 1873 384 1900 ut
408 1878 576 1911 supremae
601 1871 784 1900 testatorum
810 1867 997 1906 voluntates,
1022 1877 1093 1899 con-

351 1926 478 1961 tractus,
490 1920 703 1960 investiturae,
714 1920 855 1963 aliaeque
869 1920 1093 1963 dispositiones
1109 1916 1111 1952 Ξ

351 1985 587 2018 quaecumque,
612 1980 763 2018 quantum
788 1974 856 2007 lieri
882 1979 998 2017 potest,
1023 1974 1093 2006 effc—

351 2034 435 2062 ctum
456 2028 637 2070 sortiantur,
656 2033 685 2061 et
705 2034 738 2061 ut
754 2028 955 2071 simplicitati,
978 2038 1032 2060 seu
1052 2028 1093 2060 sa-

352 2082 470 2123 cilitati,
488 2092 550 2125 qua
568 2082 642 2115 dicti
660 2081 832 2115 creditores
857 2081 972 2114 bonam
997 2081 1092 2114 fidem

352 2136 532 2180 principum
558 2141 588 2168 et
610 2136 746 2169 aliorum
767 2135 948 2169 debitorum
973 2136 1093 2179 praedi-

353 2194 476 2222 ctorum
501 2189 624 2233 sequuti
649 2194 740 2230 sunt,
766 2189 912 2232 exemplo
940 2189 1110 2233 praedicti}

352 2242 520 2278 Clementis
543 2243 813 2286 praedecessoris,
838 2243 958 2276 salubri
987 2243 1110 2286 aliquo,

353 2301 601 2339 temperamento
611 2296 838 2329 consulendum
849 2296 867 2337 ³,
883 2296 925 2328 ita
938 2295 1090 2329 rationem

351 2349 551 2394 potissimum
565 2349 604 2382 ad
617 2350 679 2382 hoc
695 2354 907 2393 opportunam
924 2349 1091 2382 ineundam

351 2412 421 2436 esse
445 2402 642 2444 censuimus,
668 2407 702 2435 ut
725 2403 806 2435 inter
831 2413 899 2444 eos,
924 2403 978 2446 qui
1003 2402 1092 2435 fidei-

389 2494 401 2519 1
423 2491 524 2519 Forsan
544 2491 598 2527 leg.
616 2491 761 2527 deputatis
783 2491 823 2518 vel
843 2492 1091 2527 deputatae(n.·r.).

387 2536 404 2564 2
418 2537 538 2564 Verbum
552 2537 706 2572 procedere
721 2537 868 2564 delendum
885 2541 949 2571 puto
964 2537 1002 2572 (n.
1019 2538 1066 2571 T.).

388 2581 404 2608 3
419 2582 542 2617 Syntaxis
557 2581 695 2615 mendosa,
712 2586 742 2608 ut
757 2582 871 2618 quisque
886 2582 1030 2617 persentit,
1043 2581 1094 2609 sor-

353 2633 401 2654 san
416 2625 564 2661 legendum
578 2626 748 2655 consulatur
762 2626 798 2661 tn.
812 2626 859 2660 T.).

1123 212 1179 236 vm
1203 212 1251 236 rr.

1121 260 1298 299 commissa,
1323 258 1561 302 prohibitiones,
1579 262 1679 302 pacta,
1701 257 1864 302 primoge-

1120 313 1260 355 nituras,
1286 313 1409 356 aliaque
1434 312 1627 356 praemissa,
1652 322 1688 345 ac
1712 322 1809 345 onera
1834 316 1865 345 ct

1121 367 1244 399 vincula
1270 378 1402 410 prorsus
1427 366 1624 409 ignorantes,
1649 369 1678 399 et
1701 365 1789 406 alios,
1810 365 1864 409 qui

1121 421 1174 452 illa
1198 420 1330 453 scientes
1345 447 1352 461 ‚
1386 421 1440 453 scd
1465 422 1594 454 tortasse
1618 420 1740 453 nescire
1765 419 1864 452 simu-

1122 474 1231 515 lantes,
1255 473 1461 507 nihilominus
1486 486 1557 508 cum
1576 475 1693 507 eisdem
1717 472 1885 517 principe,

1121 526 1199 570 bus,
1225 526 1376 569 ducibus,
1402 528 1650 568 marchionibus,
1679 527 1864 568 comitibus,

1123 580 1296 613 baronibus
1321 584 1352 614 ct
1375 581 1568 623 domicellis,
1593 592 1767 624 eorumque
1793 590 1864 613 suc-

1122 634 1301 668 cessoribus
1333 634 1522 678 supradictis
1555 635 1694 667 remedio
1719 634 1865 668 constitu-

1124 688 1216 721 tionis
1245 688 1424 732 praedictae
1455 688 1527 720 sreti
1560 688 1750 721 contrahunt
1767 687 1793 729 ¹,
1820 687 1867 720 di-

1113 742 1248 782 stinctio
1266 742 1336 782 fiat,
1358 742 1613 786 quandoquidem
1634 741 1677 774 illi
1703 741 1868 774 commise-

1123 796 1244 829 ratione
1261 795 1358 838 digni,
1379 796 1428 828 isti
1446 806 1539 835 vero,
1558 801 1715 839 tamquam
1742 794 1868 827 ultimas

1123 849 1289 882 hominum
1326 850 1500 882 voluntates
1536 849 1664 882 eludere
1696 848 1868 882 artificiose

1124 908 1311 946 satagentes,
1335 903 1436 936 dietae
1457 900 1688 937 constitutionis
1703 902 1868 943 beneficio,

1123 968 1185 1001 quo
1210 957 1332 990 facilius
1357 957 1395 990 ad
1420 957 1583 1001 pecunias,
1608 967 1730 991 merces
1755 961 1785 989 et
1808 956 1868 988 alia

1123 1011 1205 1044 bona
1229 1010 1422 1044 credendum
1447 1011 1648 1051 inducmitur,
1666 1010 1785 1053 indigni
1805 1020 1869 1044 om-

1123 1064 1198 1098 nino
1231 1065 1377 1097 censendi
1411 1070 1489 1097 sunt.
1526 1064 1660 1097 Proinde
1686 1063 1866 1107 principes,

1124 1118 1237 1160 duces,
1263 1118 1482 1159 marchiones,
1508 1118 1654 1157 comites,
1679 1117 1814 1150 barones
1838 1120 1869 1150 et

1124 1171 1309 1205 domicellos
1334 1172 1552 1215 supradictos,
1580 1171 1634 1215 qui
1660 1170 1764 1204 debita
1789 1180 1868 1214 quo-

1125 1224 1358 1268 modocumque
1383 1225 1582 1266 contrahunt,
1597 1224 1634 1256 ad
1648 1223 1869 1257 fideicommis-

1107 1289 1244 1318 sorum,
1270 1278 1532 1322 prohibitionum,
1552 1283 1728 1321 pactorum,
1754 1277 1870 1321 primo-
1918 1305 1923 1307 .

1125 1332 1355 1374 geniturarmn,
1369 1332 1567 1375 aliorumque
1581 1341 1715 1364 onerum
1727 1336 1756 1364 et
1766 1331 1870 1364 vineu-

1125 1385 1229 1417 lorum
1243 1384 1424 1417 huiusmodi
1439 1384 1722 1417 instrumentorum
1732 1384 1869 1427 desuper

1126 1438 1230 1470 forsan
1244 1438 1412 1477 editorum,
1423 1448 1458 1470 ac
1472 1448 1568 1481 penes
1579 1447 1610 1470 se
1620 1438 1724 1470 forsan
1737 1442 1867 1478 secrete,

1126 1491 1206 1523 etad
1221 1490 1385 1524 effectum‘3
1400 1501 1551 1534 personas
1565 1491 1603 1523 de
1621 1490 1681 1522 illis
1698 1490 1823 1533 ignaras
1837 1489 1870 1522 in

1126 1554 1181 1576 sua
1199 1544 1326 1576 nomina
1339 1543 1507 1585 alliciendi,
1522 1549 1729 1583 retentorum,
1744 1543 1870 1576 manife-

1126 1597 1291 1630 stationem
1318 1597 1467 1630 inducere
1485 1598 1633 1638 volentes,
1661 1608 1697 1631 ac
1723 1598 1871 1631 constitu-

1128 1651 1220 1683 tionis
1256 1655 1285 1684 ct
1317 1651 1605 1695 chirographorum
1634 1651 1871 1695 praedictorum

1128 1708 1207 1737 totos
1233 1708 1262 1738 et
1287 1704 1428 1747 integros
1455 1711 1589 1744 tenores
1607 1705 1700 1737 etiam
1718 1705 1869 1747 veriores,

1127 1759 1257 1802 perinde
1290 1770 1325 1791 ac
1357 1759 1381 1790 si
1415 1759 1460 1791 illi
1485 1759 1522 1791 de
1548 1759 1644 1791 verbo
1673 1759 1711 1791 ad
1737 1758 1870 1792 verbum

1127 1813 1203 1844 nihil
1217 1813 1342 1856 penitus
1357 1813 1475 1845 onusso
1490 1813 1714 1853 insererentur,
1725 1823 1872 1856 praesen-

1129 1865 1208 1898 tibus
1232 1876 1291 1908 pro
1315 1866 1407 1909 plene
1436 1870 1466 1898 et
1497 1865 1688 1898 sufficienter
1712 1866 1870 1909 expressis

1127 1923 1157 1952 ct
1183 1919 1307 1951 insertis
1333 1919 1504 1959 habentes,
1531 1925 1616 1952 motu
1641 1919 1719 1963 pari,
1744 1929 1806 1952 non
1831 1919 1871 1952 ad

1126 1972 1259 2005 alieuius
1282 1973 1374 2005 nobis
1398 1973 1535 2017 desuper
1561 1973 1684 2006 oblatae
1712 1973 1871 2017 petitionis

1126 2026 1317 2066 instantiam,
1336 2027 1389 2059 sed
1408 2037 1445 2059 ex
1467 2029 1552 2060 certa
1571 2027 1701 2060 scicntia
1718 2029 1871 2070 moraque

1127 2079 1354 2112 deliberatione
1371 2080 1497 2119 nostris,
1511 2090 1547 2128 ac
1561 2080 1599 2112 dc
1612 2080 1803 2123 apostolicae
1820 2091 1873 2123 po-

1128 2133 1246 2165 tcstatis
1272 2133 1479 2176 plenitudine,
1500 2133 1755 2167 constitutionem
1778 2144 1871 2176 prae-

1126 2185 1252 2228 dictam,
1278 2197 1349 2218 cum
1374 2186 1446 2219 inde
1471 2187 1611 2230 sequutis
1636 2192 1669 2219 ut
1693 2188 1872 2230 praelerttn*

1127 2239 1358 2282 chirographis,
1380 2239 1418 2273 de
1443 2245 1547 2274 cetero
1572 2240 1603 2273 in
1627 2240 1771 2280 debitis⁸‚
1790 2250 1871 2283 quac

1124 2294 1162 2326 ab
1187 2293 1303 2326 eisdem
1324 2294 1530 2338 principibus,
1550 2295 1691 2336 ducibus,
1711 2294 1866 2327 marchio-

1165 2359 1173 2384 1
1199 2357 1319 2384 Pessime
1340 2358 1404 2384 edit.
1424 2358 1503 2385 Μαίη.
1520 2362 1547 2384 et
1562 2357 1680 2384 Cherub.
1698 2358 1790 2392 legunt
1805 2365 1868 2384 con-

1127 2406 1173 2430 lrct
1190 2402 1265 2429 Ιιιιησ
1284 2411 1333 2438 pro
1353 2404 1546 2436 contrahunt,
1569 2406 1595 2429 et
1615 2402 1655 2428 vix
1676 2402 1871 2429 correctionem

1127 2447 1309 2474 adhibendam
1326 2449 1483 2475 coniectura
1498 2447 1606 2482 assequi
1622 2447 1694 2482 potui
1714 2447 1751 2481 (R.
1768 2450 1816 2479 T.).

1162 2492 1178 2517 “2
1204 2491 1329 2526 improbe
1353 2491 1451 2519 iterum
1478 2491 1575 2518 eadem
1602 2491 1684 2519 editio
1708 2490 1792 2518 Main.
1819 2491 1872 2518 sert

1128 2536 1261 2571 affectum
1284 2538 1322 2570 (n.
1342 2536 1391 2569 T.).

1163 2581 1178 2606 3
1200 2580 1344 2615 Perper-ain
1360 2580 1424 2607 ibid.
1447 2580 1545 2616 legitur
1559 2580 1761 2616 chii-oqraphis
1780 2580 1814 2609 de
1828 2588 1873 2608 ce-

1111 2628 1187 2660 ι[ΓΙ-0
1206 2625 1339 2652 indebilis:
1360 2626 1395 2651 ἰπ.
1408 2624 1457 2651 ΤΛ.

1771 199 1835 233 243
1881 208 1930 237 An.
1946 208 1974 236 c.
1994 208 2060 236 1631
