2221 3224
133 191 178 216 Αη.
196 191 225 219 C.
248 190 316 218 1629

157 254 198 275 Por
215 259 316 279 praesen-

131 282 173 302 tem
201 281 315 302 absolutio-

131 313 177 328 nem
197 314 238 328 non
257 308 315 328 intel-

130 337 315 360 ligiturabsoiutus

131 364 157 384 ab
169 364 215 384 aliis
224 366 312 384 exactio-

130 390 192 411 nibus
208 390 314 411 indebitis.

140 1266 253 1296 Derossatio
262 1271 309 1287 con·

127 1295 248 1314 tran-iorum.

154 2329 293 2352 Prooemium.

361 184 403 217 66

376 241 390 285 ξ
414 241 443 274 4.
462 242 529 275 Non
547 242 737 276 intendimus
757 246 859 277 autem
886 253 921 276 ex
940 245 998 276 hac
1015 254 1067 277 no-

331 297 394 327 stra
411 295 605 329 absolutione
623 302 653 328 et
666 296 892 329 condonatione
906 296 1065 329 inductam

331 347 451 380 censeri
476 358 530 380 seu
558 348 662 380 induci
690 358 781 391 posse
808 348 922 382 suturis
947 354 1067 393 tempo-

330 400 416 433 ribus
442 401 578 444 aliquam
611 402 703 434 etiam
735 402 859 434 tacitam
888 403 1064 437 facultatem

329 454 376 486 vel
408 454 666 497 approbationem
700 454 895 496 gabellarum
928 455 1065 490 indebite

330 512 505 539 exactarum
522 508 567 538 vel
590 507 813 549 exigendarum
829 519 886 551 per
901 520 1066 552 quoscum-

329 570 389 603 que
414 560 451 591 ab
473 560 611 592 eeclesiis
636 565 665 591 et
690 561 910 594 ecclesiasticis
938 563 1064 606 praedi-

329 612 396 652 ctis,
413 623 469 644 nec
488 613 579 644 etiam
605 612 636 644 in
661 613 766 656 aliquo
791 615 994 658 praeinsertis
1019 617 1065 649 lit·

328 665 573 708 terisderogare,
589 676 646 698 nec
656 667 882 711 praeiudicare,
899 669 1064 713 minusque

327 719 515 752 novennium
541 720 588 751 vel
620 731 776 753 summam
807 722 913 755 decem
939 729 970 755 et
994 729 1065 757 octo

327 772 501 804 millianam
528 773 707 807 huiusmodi
732 775 893 818 ampliare,
923 776 1064 820 quinimo

326 831 506 869 praesentes
530 826 664 868 litteras,
691 828 859 872 omniaque
884 834 921 861 et>
942 829 1064 873 singula

327 878 357 909 in
390 878 433 909 eis
457 884 617 920 contenta,
644 880 773 914 omnino
801 886 831 914 et
855 892 925 915 cum
952 882 1064 916 effectu

327 931 485 964 observari
512 938 541 964 et
566 933 742 977 adimpleri⁷
760 935 974 979 pecuniasque
992 947 1071 970 con-t

327 985 455 1017 donatas
479 986 659 1019 huiusmodi
690 988 722 1020 in
753 989 912 1032 praedicta
941 992 1063 1023 summa

326 1038 432 1070 decem
454 1044 483 1070 et
508 1045 578 1071 octo
596 1040 772 1073 millionum
793 1042 878 1075 clero
899 1053 1065 1087 excompu-

325 1091 382 1123 tari
408 1091 533 1132 debere,
555 1093 693 1136 alioquin
713 1100 876 1138 presentes
900 1097 1005 1130 nullas
1027 1108 1063 1130 eo

325 1145 393 1188 ipso
419 1145 511 1178 fuisse
538 1151 567 1178 et
592 1157 659 1180 esse
683 1147 881 1181 declaramus
906 1154 935 1182 et
960 1150 1064 1183 decer-

324 1197 436 1230 ninius.

369 1252 384 1294 ἓ
408 1251 436 1284 ἴ).
463 1253 529 1285 Non
550 1252 745 1286 obstantibus
769 1255 959 1299 apostolicis,
978 1261 1008 1288 et
1031 1257 1063 1289 in

324 1305 562 1346 universalibus,
587 1307 896 1352 provincialibusque
921 1314 951 1342 ct
971 1320 1062 1354 syno-

325 1357 445 1390 dalibus
459 1359 587 1391 concilis
602 1360 702 1401 editis,
721 1362 920 1403 generalibus
934 1364 981 1395 vcl
998 1374 1064 1407 spe-

325 1411 455 1443 cialibus
469 1412 744 1446 constitutionilms
759 1419 788 1446 et
803 1415 1062 1458 ordinationibus,

326 1465 499 1509 ceterisque
517 1467 683 1500 conti-ariis
700 1467 961 1512 quibuscumque.

369 1519 478 1553 Datum
499 1520 631 1560 Romae,
653 1521 736 1564 apud
762 1521 790 1554 S.
816 1523 943 1555 Mariani
968 1524 1063 1558 Maio-

323 1583 405 1613 rem,
431 1574 488 1605 sub
514 1575 629 1607 annulo
659 1570 844 1617 piscatoris,
866 1576 915 1609 die
940 1587 961 1609 11
987 1578 1063 1611 iunii

324 1636 476 1667 Mncxxix,
494 1628 694 1671 pontificatus
719 1628 819 1662 nostri
843 1640 924 1663 anno
949 1641 989 1663 Vl.

360 1688 417 1715 Dat.
435 1690 478 1717 die
494 1691 510 1716 ΞΖ
526 1689 591 1716 iunii
610 1691 686 1725 1629,
703 1692 799 1726 pontif.
816 1700 885 1720 anno
901 1699 934 1720 vt.

589 1834 797 1868 CCCXXXVII.

325 1915 534 1957 Confirmatio
554 1916 775 1958 quarumdam
795 1918 1063 1951 constitutionum

368 1969 403 2000 in
429 1969 573 2011 capitulo
597 1970 746 2011 gyenerali
769 1971 913 2012 fratrum
936 1972 1062 2004 Discat-

368 2026 531 2054 centorum
547 2023 788 2055 recolleetorum
802 2029 1061 2067 nmzcupotorum

371 2074 504 2107 Ordinis
524 2075 631 2107 beatae
647 2076 774 2109 Mariae
795 2077 832 2109 cte
848 2078 988 2111 Mercede
1005 2078 1063 2111 Re-

368 2127 561 2170 demptionis
581 2129 783 2171 captivorum
795 2129 812 2161 ¹.

532 2209 666 2236 Urbanus
683 2210 761 2243 Papa
776 2211 854 2241 VIII,

445 2253 480 2279 ad
500 2257 675 2286 perpetuam
694 2255 737 2282 rei
761 2256 940 2282 memoriam.

369 2323 454 2355 Sacri
477 2325 671 2366 apostolatus
697 2325 872 2358 ministerio
888 2336 945 2368 per
969 2325 1064 2358 abun-

325 2374 459 2407 dantiam
477 2376 597 2408 divinae
618 2377 736 2419 gratiae
754 2378 862 2421 (nullis
886 2378 957 2412 licet
973 2379 1063 2412 nobis

362 2465 372 2488 ’ἱ
391 2464 430 2489 De
445 2464 487 2490 liis
501 2464 628 2492 fratribus
649 2466 708 2493 vide
728 2469 818 2493 notata
836 2466 870 2493 ad
890 2467 1063 2494 Constitutio—
1079 2484 1081 2492 ,

326 2516 386 2534 nem
402 2515 458 2534 ccci
478 2511 526 2544 tat.
544 2511 616 2544 276),
639 2512 708 2539 Cum.
727 2513 810 2547 sicut,
830 2520 890 2547 sup.
907 2521 968 2548 pag.
985 2514 1010 2539 6.
1032 2513 1081 2540 Et«

326 2554 521 2588 separationem
548 2564 562 2582 a
587 2557 724 2591 Calceasss,
746 2558 836 2585 Const.
855 2565 902 2585 cet.
922 2560 972 2593 (al.
989 2559 1062 2593 ⁶229),

327 2597 360 2625 Ιη
378 2598 458 2633 Scae,
476 2598 553 2626 huius
570 2601 718 2637 Pontificis,
736 2606 799 2631 toni.
817 2609 876 2638 xm,
893 2611 954 2640 pag.
971 2604 1034 2632 565.

912 197 1090 221 BULLARIUM
1116 198 1270 222 ROMANUM

1100 245 1345 288 suffragantibus
1379 248 1519 292 meritis)
1543 248 1774 292 praesidentes,
1799 263 1836 285 ex

1100 297 1229 332 iniuncti
1253 298 1345 332 nobis
1369 301 1508 334 muneris
1532 301 1648 343 debito,
1673 303 1837 347 religioso-

1100 362 1170 384 rum
1187 351 1338 384 Ordinum
1358 364 1630 399 quorumcumque
1649 356 1679 389 in
1696 357 1835 391 Ecclesia

1099 404 1152 436 Dei
1178 405 1379 438 militantium
1404 417 1591 451 prosperum
1618 414 1743 450 statum,
1768 410 1835 443 seli-

1099 468 1230 500 cemque
1247 458 1452 492 directionem
1475 461 1604 494 sinceris
1625 461 1837 496 desiderantes

1099 511 1272 552 affectibus,
1284 512 1343 553 his,
1357 512 1453 556 quae¹
1468 518 1634 558 propterea
1651 515 1835 558 praesertim

1099 565 1130 596 in
1156 565 1340 598 eorumdem
1364 566 1517 599 Ordinum
1537 568 1681 612 capitulis
1705 579 1835 611 genera-

1098 618 1179 651 libus
1199 619 1328 662 provide
1354 620 1471 653 sancita
1494 621 1589 654 fuisse
1613 622 1835 666 comperimus,

1098 676 1133 704 ut
1156 672 1247 704 firma
1271 677 1425 716 perpetuo
1450 678 1479 706 et
1504 674 1623 707 illibata
1654 675 1835 718 persistant,

1099 725 1301 769 exactiusque
1326 726 1544 767 observentur,
1569 728 1757 771 apostolicae
1780 739 1836 762 no-

1099 782 1180 810 strae
1205 778 1452 812 confirmationis
1476 780 1574 812 robur
1598 780 1732 814 libenter
1758 781 1836 814 adii-

1099 831 1208 872 cimus,
1223 831 1427 875 eiusdemque
1440 832 1580 865 muneris
1592 838 1696 876 partes
1705 844 1837 878 propen-

1099 884 1139 916 sis
1157 884 1267 917 studiis
1289 885 1497 928 impertimur,
1515 892 1610 929 prout
1628 887 1837 931 conspicimus

1099 937 1129 970 in
1151 937 1284 971 Domino
1309 939 1477 971 salubriter
1502 939 1659 983 expedire.

1142 992 1157 1034 ἓ
1181 991 1210 1023 Ἰ.
1229 992 1349 1035 Exponi
1367 992 1521 1036 siquidem
1541 992 1632 1025 nobis
1649 1003 1749 1038 nuper
1765 994 1837 1028 fecit

1098 1044 1228 1078 dilectus
1245 1045 1326 1078 filius
1351 1046 1483 1079 Alonsus
1507 1045 1544 1079 de
1569 1047 1770 1081 Sanctissimo
1786 1048 1835 1082 Sa-

1098 1103 1258 1131 cramento
1282 1098 1414 1131 fratrum
1445 1099 1709 1133 Disealceatorum
1735 1102 1835 1135 recol-

1098 1153 1250 1186 lectorum
1285 1158 1538 1197 nuncupatorum
1570 1153 1694 1187 Ordinis
1725 1154 1835 1188 beatae

1097 1205 1210 1239 Mariae
1230 1206 1267 1238 de
1283 1206 1424 1239 Mercede
1444 1207 1679 1251 Redemptionis
1703 1208 1836 1252 captivo-

1097 1270 1167 1292 rum
1188 1265 1377 1303 procurator
1390 1260 1555 1303 generalis,
1570 1261 1654 1304 quod
1675 1261 1706 1294 in
1720 1262 1836 1305 capitu-

1097 1313 1127 1345 lo
1144 1312 1283 1355 generali
1301 1313 1484 1346 eorumdem
1508 1314 1641 1346 fratrum
1667 1314 1705 1347 de
1729 1325 1835 1348 mense

1098 1365 1171 1397 maii
1188 1366 1259 1398 anni
1276 1366 1418 1409 proxime
1435 1366 1596 1410 praeteriti
1612 1377 1776 1401 MDcxxvui
1790 1378 1835 1401 ee-

1096 1419 1217 1452 lebrato
1232 1446 1239 1459 ,
1263 1430 1321 1463 pro
1347 1420 1426 1453 felici
1452 1431 1668 1464 prosperoque
1692 1421 1835 1464 ipsorum

1097 1472 1229 1505 fratrum
1254 1473 1408 1515 regimine
1426 1479 1455 1506 et
1471 1474 1625 1516 gubernio
1646 1475 1836 1509 constitutio-

1096 1536 1151 1558 nes
1179 1525 1278 1558 editae
1303 1526 1430 1559 fuerunt
1456 1527 1574 1560 tenoris
1602 1527 1835 1571 subsequentis,

1097 1579 1256 1612 videlicet:

1143 1634 1217 1678 (Hic
1230 1633 1381 1666 Summus
1394 1634 1548 1678 Pontifefc
1562 1635 1677 1667 inserit
1691 1634 1771 1668 (tuas
1785 1635 1836 1668 di-

1096 1687 1283 1720 stinctiones
1309 1688 1506 1721 continentes
1531 1688 1640 1731 capita
1664 1689 1837 1732 sexoyinta

1097 1745 1215 1784 septem
1220 1752 1232 1781 ;
1250 1741 1371 1773 scilicet
1388 1741 1424 1774 in
1437 1742 1547 1784 prima
1561 1741 1769 1775 distinctione
1786 1753 1836 1775 ca-

1094 1795 1166 1837 pita
1184 1794 1418 1838 quadraginta,
1437 1796 1568 1838 nempe:
1590 1806 1655 1839 cap.
1674 1806 1684 1829 1
1702 1795 1755 1828 ubi
1772 1796 1837 1830 No-

1096 1848 1158 1880 stri
1183 1848 1329 1881 instituti
1346 1849 1443 1888 ratio,
1466 1849 1701 1892 reliyionisque
1720 1859 1837 1883 nomen

1097 1902 1288 1944 exponitum
1313 1911 1379 1945 cap.
1401 1911 1422 1934 11
1451 1901 1493 1933 De
1517 1902 1681 1944 uniformi
1707 1903 1775 1936 vitet
1799 1903 1836 1936 ab

1097 1955 1245 1988 omnibus
1262 1955 1356 1987 etiam
1374 1955 1597 1999 superioribus
1617 1956 1835 1998 observanda,-

1097 2019 1165 2052 cap.
1198 2018 1232 2042 111
1265 2008 1310 2041 De
1341 2008 1594 2051 imtz'spensabili
1622 2010 1837 2052 perpetuitate

1098 2061 1227 2103 reptilae
1260 2065 1289 2094 ct
1323 2062 1607 2101 constitutionmn,⁴
1634 2072 1699 2105 cap.
1726 2073 1757 2095 lv
1792 2063 1837 2096 De

1097 2115 1201 2157 officio
1215 2115 1347 2156 (tt'ri'nm
1368 2125 1433 2157 cap.
1452 2126 1469 2147 v
1487 2115 1532 2147 De
1549 2115 1638 2147 horis
1652 2126 1725 2148 eum
1739 2121 1837 2150 cantu

1097 2168 1282 2201 solemniter
1305 2168 1521 2209 celebrandis,
1549 2178 1614 2212 cap.
1633 2178 1664 2201 vt
1688 2169 1735 2202 De
1759 2169 1837 2204 aliis

1097 2221 1140 2254 ad
1156 2221 1321 2254 ecclesiam
1345 2225 1373 2254 et
1395 2222 1571 2255 missarum
1589 2222 1836 2257 celebrationem

1096 2274 1331 2318 spectantibus;
1357 2285 1422 2318 cap.
1446 2284 1487 2308 vu
1512 2276 1558 2308 De
1583 2277 1728 2309 oratione
1752 2288 1836 2311 men—

1098 2328 1177 2368 tola}
1197 2338 1264 2372 cap.
1283 2338 1340 2361 vlu
1358 2329 1404 2361 De
1427 2329 1595 2372 sufficiatis
1619 2335 1834 2373 mortuorum,-

1098 2391 1162 2424 cap.
1189 2391 1221 2414 ix
1246 2381 1292 2413 De
1322 2382 1410 2414 horis
1441 2383 1583 2424 fratrum
1617 2383 1834 2425 obedientiae,-

1098 2444 1164 2477 cap.
1191 2444 1209 2467 x
1233 2434 1278 2467 De
1301 2435 1504 2478 ctisciplinis;
1523 2446 1589 2480 cap.
1617 2446 1648 2469 XI
1672 2437 1719 2470 De
1742 2437 1838 2470 silen-

1099 2488 1154 2527 li0;
1169 2498 1235 2531 cap.
1250 2498 1294 2521 ΧΠ
1308 2489 1354 2521 De
1367 2489 1522 2521 clausura
1535 2493 1562 2522 et
1575 2489 1667 2522 modo
1680 2490 1834 2529 exeundi,-

1134 2605 1144 2629 1
1164 2602 1306 2638 Perperam
1323 2596 1387 2632 edit.
1404 2603 1482 2631 Main.
1499 2603 1564 2639 legit
1579 2604 1678 2639 hisque
1694 2606 1733 2639 (R.
1748 2604 1798 2639 ‘r.).

1853 205 1902 232 An.
1918 205 1948 232 C.
1967 206 2035 233 1629

1895 1009 1972 1038 Potitio
1986 1014 2035 1035 pro-

1852 1037 1956 1056 curatoris
1973 1041 2035 1061 geno-

1852 1062 1908 1083 τεῇς.
