2248 3229
88 250 137 277 An.
154 248 182 276 C.
205 248 273 277 1635

185 2026 243 2047 Aliae
263 2025 284 2045 iu

99 2052 202 2079 exigenda
223 2053 285 2073 deei-

100 2085 134 2100 ma
152 2079 285 2100 conditiones

99 2106 280 2133 praescribamus.

895 249 1037 274 URBANUS
1056 249 1112 274 vul
1133 250 1179 274 Pr,

287 296 352 330 cari
377 305 441 330 non
470 296 589 340 possint
616 307 671 340 per
697 297 817 331 litteras
846 298 1032 341 apostolicas

288 359 350 384 non
374 349 521 384 facientes
546 350 670 393 plenam
688 355 718 384 et
738 361 916 394 expressam
937 361 972 383 ac
994 350 1032 383 de

288 402 385 436 verbo
411 402 450 435 ad
475 403 606 436 verbum
625 403 662 436 de
679 403 810 444 indulto,
828 414 949 436 necnon
964 413 1032 447 per-

288 456 383 499 sonis,
412 466 585 500 eorumque
613 456 814 498 nominibus,
840 457 1032 498 cognomini-

288 509 357 549 bus,
388 509 547 551 ecclesiis,
575 509 784 548 monasteriis,
811 508 975 542 ordinibus
1003 515 1032 542 et

290 562 366 595 locis
391 561 572 595 huiusmodi
597 561 809 601 mentionem,
827 567 857 594 et
881 561 1032 605 quibusli-

290 616 342 649 bet
358 615 426 649 aliis
442 615 626 659 privilegiis,
645 615 908 659 exemptionibus,
924 615 1033 647 immu-

289 669 449 711 nitatibus,
468 669 498 701 in
519 678 635 712 genere
660 669 707 701 rel
733 669 763 701 in
789 668 910 712 specie,
939 669 1032 702 etiam

291 724 318 755 S.
345 723 379 756 R.
405 722 438 755 E.
464 721 654 762 camerario,
681 722 877 756 thesaurario
907 727 936 755 et
965 722 1032 755 aliis

291 785 435 809 camerae
456 775 647 819 apostolicae
672 776 823 809 ministris
846 776 1033 820 participan-

291 830 385 871 tibus,
403 830 496 863 etiam
520 840 558 863 cx
582 832 676 864 causa
696 832 842 873 onerosa,
860 830 1033 874 quomodo-

291 884 368 917 libet
399 883 566 926 concessis,
592 884 788 917 confirmatis
812 888 842 918 et
866 884 1032 925 innovatis,

292 943 319 971 et
346 937 519 972 solutiones
544 937 741 971 decimarum
766 937 856 970 aliter
878 947 973 982 quam
991 948 1034 970 se-

292 991 429 1025 cundum
465 991 626 1035 antiquam
662 997 763 1024 taxam
793 997 823 1024 et
849 991 975 1024 nonnisi
1003 991 1034 1024 in

292 1044 463 1078 universali
495 1044 689 1078 decimarum
714 1054 771 1088 per
795 1044 904 1077 orbem
934 1044 1033 1088 impo-

292 1099 406 1133 sitione
429 1098 500 1132 fieri
523 1098 783 1143 prohibentibus,
811 1108 933 1132 necnon
958 1109 1034 1142 pro·

293 1153 509 1194 missionibus,
526 1152 758 1193 donationibus,
779 1152 1034 1196 obligationibus,

293 1206 488 1247 iuramentis,
518 1206 818 1247 renunciationibus‚
846 1206 979 1239 vinculis
1007 1209 1037 1240 et

294 1261 422 1295 cautelis
440 1261 471 1294 in
488 1261 699 1304 assignatione
716 1261 949 1305 praedictarum
964 1270 1037 1304 pen-

294 1314 417 1347 sionum
449 1314 538 1348 sactis
563 1314 699 1358 (quibus
722 1325 779 1358 per
804 1314 1036 1358 impositionem

295 1367 436 1403 decimae
452 1367 634 1401 huiusmodi
655 1367 785 1402 minime
807 1368 917 1409 teneri,
934 1378 1037 1412 neque

295 1433 347 1456 eas
363 1421 467 1466 quoad
482 1421 654 1466 praemissa
672 1427 781 1454 contra
805 1432 1038 1466 quemcumque

296 1477 402 1511 locum
418 1476 535 1509 habere
552 1476 773 1520 declaramus),
792 1476 922 1520 aliisque
941 1476 1038 1509 indul-

297 1531 335 1563 tis
364 1534 394 1565 et
418 1529 529 1564 litteris
557 1529 746 1573 apostolicis,
765 1530 965 1572 generalibus
991 1530 1038 1563 vel

296 1584 494 1629 specialibus,
512 1583 739 1628 cuiuscumque
761 1585 878 1617 tenoris
895 1584 1037 1626 existant,

296 1648 353 1682 per
378 1647 458 1682 quae
482 1636 701 1681 praesentibus
724 1647 787 1670 non
812 1647 959 1681 expressa
986 1642 1039 1670 aut

297 1691 434 1725 totaliter
452 1701 516 1724 non
535 1691 652 1724 inserta
669 1690 797 1724 effectus
816 1701 925 1723 eorum
944 1691 1040 1735 impe-

298 1744 358 1779 diri
373 1745 471 1778 valeat
487 1744 725 1789 quomodolibet
743 1744 791 1777 vel
808 1744 940 1785 differri,
955 1749 984 1777 et
1001 1744 1038 1778 de

299 1798 412 1842 quibus
426 1808 599 1842 eorumque
614 1797 777 1831 tenoribus
794 1797 935 1831 habenda
953 1798 992 1831 sit
1008 1798 1039 1831 in

298 1853 414 1886 nostris
425 1852 536 1886 litteris
546 1852 663 1885 mentio
675 1853 818 1896 specialis
829 1853 921 1896 (quae
934 1853 1039 1886 onmia

299 1912 408 1941 contra
424 1906 584 1951 praedicta
599 1906 746 1939 nolumus
766 1906 914 1950 cuiquam
932 1907 1040 1940 suffra-

273 1977 279 1985 ·
299 1961 392 2005 gari),
407 1960 583 2003 ceterisque
598 1959 764 1999 contrariis
778 1959 1039 2004 quibuscumque.

343 2014 358 2058 ἓ
378 2014 406 2048 6.
426 2013 577 2047 Volumus
593 2017 709 2053 autem,
727 2012 811 2057 quod
835 2012 867 2045 in
887 2013 1040 2056 exigenda

299 2074 330 2102 et
352 2067 557 2113 percipienda
581 2058 880 2111 praedicta'decima
898 2066 928 2100 in
953 2077 1041 2111 prae-

299 2121 379 2155 senti
399 2120 447 2154 vel
472 2120 581 2154 saltem
606 2119 750 2164 sequenti
775 2130 866 2161 anno,
888 2125 920 2153 ut
949 2130 1040 2164 prae-

299 2175 409 2216 fertur,
436 2183 534 2206 unum
559 2183 704 2217 regnum,
725 2183 849 2217 unaque
869 2173 1040 2218 provincia,

299 2239 336 2262 ac
355 2237 417 2261 una
431 2227 571 2270 ecclesia,
585 2237 707 2261 necnon
727 2238 824 2261 unum
842 2227 1040 2270 beneficium,

300 2282 412 2316 domus
429 2291 485 2315 seu
499 2281 587 2315 locus
604 2281 777 2326 respective
790 2291 854 2315 non
868 2281 966 2325 possit
983 2291 1042 2325 pro

300 2336 361 2369 alio
387 2345 497 2379 regno,
521 2335 693 2379 provincia,
714 2335 856 2376 ecclesia,
876 2334 1042 2376 beneficio,

300 2390 396 2423 domo
427 2399 483 2422 seu
512 2388 583 2422 loco
614 2388 774 2422 molestari
805 2398 863 2421 nec
895 2389 1041 2432 gravari3

302 2443 449 2488 quodque
469 2442 555 2475 iuxta
582 2442 653 2486 piae
678 2442 850 2476 memoriae
875 2442 1043 2475 Clementis

302 2497 403 2541 Papae
428 2497 451 2528 V
476 2495 569 2529 etiam
603 2495 857 2540 praedecessoris
884 2496 984 2529 nostri
1012 2496 1043 2529 in

303 2550 437 2585 concilio
448 2550 616 2584 Viennensi
631 2550 747 2584 editam
759 2549 1013 2584 constitutionem
1023 2550 1042 2594 ¹,

340 2623 351 2649 1
369 2621 490 2658 Syntaxis
502 2622 558 2651 vult
569 2626 597 2650 ut
608 2621 690 2650 addas
698 2622 887 2657 procedatur,
899 2626 945 2650 aut
953 2622 1043 2650 simile

304 2668 340 2702 (a.
356 2666 405 2702 T.).

1704 240 1764 275 471

1065 303 1095 331 et
1113 298 1298 342 praesertim
1317 299 1399 342 quod
1424 308 1480 332 nec
1506 298 1627 338 calices,
1648 307 1704 331 nec
1720 297 1802 337 libri,

1065 356 1231 395 ceteraque
1256 352 1460 385 ecclesiarum
1491 356 1674 385 ornamenta
1698 350 1803 384 divino

1066 405 1161 438 cultui
1190 405 1306 445 dicata,
1335 406 1434 439 aliave
1467 405 1627 449 suppellex
1651 405 1799 439 ecclesia-

1066 458 1141 491 stica
1166 470 1201 491 cx
1227 461 1321 492 causa
1347 460 1488 502 pignoris
1512 460 1600 503 capi,
1630 459 1729 503 recipi
1757 459 1803 492 vel

1065 511 1218 551 distrahi,
1247 517 1299 543 aut
1330 512 1405 545 alias
1438 513 1673 555 quomodolibet.
1705 523 1801 546 occu-

1067 564 1135 608 pari
1153 564 1295 604 debeant,
1313 570 1343 597 et
1360 565 1442 597 illam
1461 565 1574 609 ubique
1592 566 1805 609 praecipimus

1066 617 1242 650 observari:
1264 618 1406 661 quinimo
1426 619 1586 659 volumus,
1611 620 1694 662 quod
1720 630 1806 663 prae-

1067 671 1186 703 sulibus
1207 671 1290 704 mille
1311 671 1415 704 ducati
1441 671 1621 705 huiusmodi
1640 683 1675 704 ac
1700 683 1806 716 respe-

1067 724 1146 757 ctive
1168 734 1275 757 curam
1301 725 1475 757 animarum
1498 725 1714 758 exercentibus
1739 735 1807 758 cen-

1068 784 1134 810 tum
1151 778 1243 811 etiam
1263 789 1322 822 pro
1340 779 1483 823 ipsorum
1504 780 1653 822 congrua,
1672 784 1704 812 ut
1721 789 1807 823 prae-

1067 832 1177 872 fertur,
1202 833 1428 865 sustentatione
1446 838 1644 867 remaneant:
1661 833 1807 876 quodque

1068 886 1232 919 occasione
1253 886 1342 919 istius
1367 886 1505 919 decimae
1523 886 1683 929 ecclesiae,
1702 897 1808 919 mona-

1068 940 1172 980 steria,
1191 941 1312 984 aliaque
1331 941 1381 984 pia
1399 947 1428 973 et
1450 951 1537 973 sacra
1554 941 1623 974 loca
1639 951 1808 985 quaecum—

1068 1004 1129 1037 que
1148 994 1261 1027 debitis
1283 998 1450 1038 propterea
1471 1005 1534 1027 non
1554 994 1737 1028 fraudentur
1757 994 1809 1027 ob-

1069 1047 1195 1091 sequiis,
1214 1058 1249 1080 ac
1269 1047 1392 1080 divinus
1411 1048 1443 1080 in
1464 1047 1501 1080 iis
1526 1048 1627 1080 cultus
1648 1052 1675 1080 et
1701 1048 1809 1081 solitus

1069 1101 1228 1135 Altissimo
1243 1101 1461 1134 famulantium
1478 1106 1506 1133 et
1524 1102 1739 1134 ministrorum
1758 1112 1810 1135 nu-

1071 1165 1177 1188 merus
1196 1155 1374 1188 nullatenus
1402 1155 1571 1196 minuatur,
1592 1165 1649 1188 nec
1677 1155 1714 1188 iis
1738 1167 1810 1199 quo—

1070 1218 1132 1250 quo
1153 1206 1247 1240 modo
1268 1207 1405 1239 iniuncta
1430 1217 1537 1247 onera,
1566 1212 1619 1239 aut
1646 1207 1707 1250 pia,
1731 1217 1811 1250 quae

1071 1260 1210 1293 exerceri
1227 1261 1336 1296 solent,
1354 1270 1449 1304 opera
1467 1266 1495 1293 et
1513 1260 1615 1293 officia
1632 1261 1696 1293 ullo
1718 1260 1811 1294 modo

1071 1314 1262 1355 minuantur,
1291 1324 1346 1346 seu
1376 1314 1597 1357 negligantur,
1618 1314 1670 1346 sed
1700 1324 1810 1347 eorum

1072 1377 1213 1410 congrue
1252 1372 1479 1411 supportentur
1511 1377 1607 1400 onera
1643 1373 1811 1401 consueta:

1073 1420 1219 1464 quodque
1244 1419 1384 1464 praeter¹
1404 1421 1573 1464 praefatam
1600 1421 1739 1454 decimae
1760 1422 1813 1454 im-

1072 1475 1264 1518 positionem
1291 1474 1543 1519 quibuscumque
1560 1475 1682 1508 iuribus
1698 1476 1813 1509 nostris

1073 1533 1101 1562 et
1126 1528 1250 1572 collegii
1270 1529 1298 1562 S.
1318 1529 1351 1562 R.
1372 1528 1403 1561 E.
1422 1528 1629 1561 cardinalium
1655 1539 1690 1561 ac
1715 1539 1813 1562 came·

1072 1592 1125 1614 rae
1145 1587 1271 1615 nostrae
1292 1582 1482 1627 apostolicae
1508 1582 1537 1615 in
1562 1583 1667 1626 aliquo
1685 1582 1814 1617 minime

1072 1636 1315 1679 praeiudicetur.
1345 1637 1387 1669 Ac
1419 1636 1449 1669 in
1478 1641 1634 1677 eventum,
1663 1637 1694 1669 in
1719 1647 1812 1681 quem

1073 1700 1132 1734 pax
1149 1689 1181 1722 in
1198 1690 1365 1723 Germania
1384 1696 1579 1735 sequeretur,
1595 1691 1636 1723 ita
1654 1696 1685 1723 ut
1705 1696 1814 1725 contra

1074 1743 1249 1776 haereticos
1262 1754 1325 1777 non
1339 1743 1377 1777 sit
1389 1755 1468 1788 opus
1482 1744 1598 1777 bellum
1620 1745 1813 1786 continuare,

1074 1802 1147 1830 tunc
1161 1797 1281 1830 decima
1295 1808 1352 1842 per
1365 1804 1545 1842 praesentes
1558 1798 1702 1842 imposita
1711 1799 1814 1842 quoad

1074 1851 1185 1891 Indias,
1202 1851 1426 1895 Portugalliam
1453 1856 1482 1884 et
1506 1851 1727 1895 Algarbiorum
1741 1852 1752 1868 ⁹
1768 1863 1815 1885 ex-

1073 1904 1227 1949 pendatur
1247 1915 1305 1949 pro
1333 1905 1428 1938 lndiis
1453 1905 1658 1938 orientalibus
1683 1911 1711 1938 et
1737 1906 1815 1939 occi-

1074 1959 1250 1992 dentalibus
1275 1965 1383 1992 contra
1408 1959 1584 1993 haereticos
1609 1964 1638 1992 et
1663 1959 1813 2000 infideles,

1074 2013 1214 2056 aliosque
1239 2013 1400 2046 invasores
1424 2013 1595 2047 catholicae
1618 2013 1691 2046 fidei
1716 2013 1815 2047 inimi-

1075 2076 1144 2108 cos,
1167 2072 1196 2099 et
1220 2066 1322 2110 quoad
1347 2066 1500 2107 Siciliam,
1526 2071 1634 2100 contra
1658 2070 1762 2101 turcas
1786 2072 1816 2100 et

1075 2119 1152 2152 alios
1178 2119 1327 2161 infideles,
1349 2120 1490 2164 aliosque
1515 2120 1654 2153 eiusdem
1681 2120 1752 2153 fidei
1770 2131 1815 2154 ca—

1075 2173 1209 2206 tholicae
1229 2173 1343 2206 hostes.

1120 2227 1134 2271 g
1153 2227 1180 2260 7.
1192 2227 1409 2267 Praesentium
1428 2237 1502 2260 vero
1520 2227 1695 2261 litterarum
1716 2239 1816 2262 exem-

1077 2281 1138 2324 pla,
1156 2280 1250 2313 etiam
1269 2280 1431 2324 impressa,
1450 2291 1545 2313 manu
1564 2281 1678 2314 notarii
1698 2281 1815 2325 publici

1078 2333 1273 2377 subscripta,
1296 2339 1349 2366 aut
1372 2333 1504 2367 alieuius
1535 2344 1688 2377 personae
1713 2335 1744 2367 in
1769 2334 1816 2367 di-

1077 2387 1194 2431 gnitate
1211 2387 1422 2421 ecclesiastica
1440 2387 1627 2421 constitutae
1644 2387 1747 2430 sigillo
1764 2387 1817 2421 ob-

1078 2442 1208 2484 signata,
1225 2441 1367 2475 eamdem
1384 2441 1480 2474 fidem
1500 2441 1531 2474 in
1551 2441 1667 2475 iudicio
1685 2447 1714 2474 et
1730 2445 1817 2476 extra

1078 2496 1154 2529 illud
1172 2496 1289 2539 ubique
1306 2495 1450 2529 locorum
1467 2495 1580 2538 facere,
1596 2505 1689 2540 quam
1702 2495 1713 2511 ³
1732 2495 1817 2540 ipsae

1114 2577 1124 2602 1
1144 2575 1244 2603 Forsan
1259 2574 1365 2611 legend.
1380 2583 1433 2610 per
1447 2583 1494 2611 pro
1507 2577 1627 2610 praeter
1643 2576 1679 2610 (n.
1701 2577 1748 2610 r.)-

1112 2621 1128 2648 ἱ)
1144 2621 1225 2648 Deest
1239 2628 1362 2655 reynum
1377 2620 1416 2655 (a.
1435 2620 1483 2655 T.).

1113 2665 1129 2694 3
1143 2665 1208 2693 Male
1225 2665 1288 2694 edit.
1307 2665 1387 2693 Malu.
1404 2664 1469 2701 legit
1487 2673 1560 2700 quae
1582 2670 1618 2700 (a.
1636 2664 1683 2698 T).

1817 250 1867 276 An.
1883 251 1911 277 C.
1934 250 2001 278 ¹635

1913 2238 2015 2258 Praesen-

1832 2267 1881 2285 tium
1914 2267 2015 2285 transum-

1832 2294 1871 2317 ptis
1881 2291 1950 2312 danda
1957 2291 2014 2312 fides.
