<?xml version="1.0" encoding="UTF-8"?>
<!DOCTYPE html PUBLIC "-//W3C//DTD XHTML 1.0 Transitional//EN"
    "http://www.w3.org/TR/xhtml1/DTD/xhtml1-transitional.dtd">
<html xmlns="http://www.w3.org/1999/xhtml" xml:lang="en" lang="en">
 <head>
  <title>
</title>
<meta http-equiv="Content-Type" content="text/html;charset=utf-8" />
  <meta name='ocr-system' content='tesseract 3.04.00' />
  <meta name='ocr-capabilities' content='ocr_page ocr_carea ocr_par ocr_line ocrx_word'/>
</head>
<body>
  <div class='ocr_page' id='page_1' title='image "./bullarumdiplomat14cath_0096.png"; bbox 0 0 2221 3224; ppageno 0'>
   <div class='ocr_carea' id='block_1_1' title="bbox 238 219 422 246">
    <p class='ocr_par' dir='ltr' id='par_1_1' title="bbox 238 219 422 246">
     <span class='ocr_line' id='line_1_1' title="bbox 238 219 422 246; baseline 0 0"><span class='ocrx_word' id='word_1_1' title='bbox 238 220 288 246; x_wconf 82' lang='lat' dir='ltr'>An.</span> <span class='ocrx_word' id='word_1_2' title='bbox 309 219 337 246; x_wconf 90' lang='lat' dir='ltr'>C.</span> <span class='ocrx_word' id='word_1_3' title='bbox 356 219 422 246; x_wconf 71' lang='lat'>¹629</span> 
     </span>
    </p>
   </div>
   <div class='ocr_carea' id='block_1_2' title="bbox 239 281 422 328">
    <p class='ocr_par' dir='ltr' id='par_1_2' title="bbox 239 281 422 328">
     <span class='ocr_line' id='line_1_2' title="bbox 309 281 422 306; baseline 0 -5"><span class='ocrx_word' id='word_1_4' title='bbox 309 281 422 306; x_wconf 56' lang='lat' dir='ltr'>nerogatm</span> 
     </span>
     <span class='ocr_line' id='line_1_3' title="bbox 239 308 400 328; baseline 0 -1"><span class='ocrx_word' id='word_1_5' title='bbox 239 308 400 328; x_wconf 78' lang='lat' dir='ltr'>contrariorum.</span> 
     </span>
    </p>
   </div>
   <div class='ocr_carea' id='block_1_3' title="bbox 244 2517 427 2596">
    <p class='ocr_par' dir='ltr' id='par_1_3' title="bbox 244 2517 427 2596">
     <span class='ocr_line' id='line_1_4' title="bbox 270 2517 427 2538; baseline 0.006 -1"><span class='ocrx_word' id='word_1_6' title='bbox 270 2517 339 2537; x_wconf 72' lang='lat' dir='ltr'>Refert</span> <span class='ocrx_word' id='word_1_7' title='bbox 356 2517 427 2538; x_wconf 82' lang='lat' dir='ltr'>decre·</span> 
     </span>
     <span class='ocr_line' id='line_1_5' title="bbox 244 2544 426 2564; baseline 0.005 -1"><span class='ocrx_word' id='word_1_8' title='bbox 244 2546 287 2563; x_wconf 83' lang='lat' dir='ltr'>tum</span> <span class='ocrx_word' id='word_1_9' title='bbox 301 2544 353 2564; x_wconf 71' lang='lat' dir='ltr'>alias</span> <span class='ocrx_word' id='word_1_10' title='bbox 371 2550 426 2564; x_wconf 72' lang='lat' dir='ltr'>eina-</span> 
     </span>
     <span class='ocr_line' id='line_1_6' title="bbox 244 2572 427 2596; baseline 0.011 -6"><span class='ocrx_word' id='word_1_11' title='bbox 244 2572 316 2591; x_wconf 81' lang='lat' dir='ltr'>natum</span> <span class='ocrx_word' id='word_1_12' title='bbox 337 2576 374 2596; x_wconf 86' lang='lat' dir='ltr'>pro</span> <span class='ocrx_word' id='word_1_13' title='bbox 395 2576 427 2592; x_wconf 78' lang='lat' dir='ltr'>re-</span> 
     </span>
    </p>
   </div>
   <div class='ocr_carea' id='block_1_4' title="bbox 468 212 2145 256">
    <p class='ocr_par' dir='ltr' id='par_1_4' title="bbox 468 212 2145 256">
     <span class='ocr_line' id='line_1_7' title="bbox 468 212 2145 256; baseline 0.007 -12"><span class='ocrx_word' id='word_1_14' title='bbox 468 212 510 244; x_wconf 78' lang='lat'>46</span> <span class='ocrx_word' id='word_1_15' title='bbox 1016 224 1194 248; x_wconf 59' lang='lat' dir='ltr'>animaruum</span> <span class='ocrx_word' id='word_1_16' title='bbox 1218 225 1372 249; x_wconf 70' lang='lat' dir='ltr'>Romnum</span> <span class='ocrx_word' id='word_1_17' title='bbox 1959 227 2009 255; x_wconf 79' lang='lat' dir='ltr'>An.</span> <span class='ocrx_word' id='word_1_18' title='bbox 2031 228 2059 255; x_wconf 85' lang='lat' dir='ltr'>C.</span> <span class='ocrx_word' id='word_1_19' title='bbox 2078 229 2145 256; x_wconf 78' lang='lat'>1629</span> 
     </span>
    </p>
   </div>
   <div class='ocr_carea' id='block_1_5' title="bbox 434 269 1176 1805">
    <p class='ocr_par' dir='ltr' id='par_1_5' title="bbox 434 269 1176 1647">
     <span class='ocr_line' id='line_1_8' title="bbox 483 269 1174 313; baseline 0.004 -12"><span class='ocrx_word' id='word_1_20' title='bbox 483 270 497 311; x_wconf 63' lang='grc' dir='ltr'><strong>ξ</strong></span> <span class='ocrx_word' id='word_1_21' title='bbox 514 269 526 301; x_wconf 65' lang='lat' dir='ltr'>”l</span> <span class='ocrx_word' id='word_1_22' title='bbox 538 270 564 301; x_wconf 90' lang='lat' dir='ltr'>l.</span> <span class='ocrx_word' id='word_1_23' title='bbox 582 270 650 302; x_wconf 83' lang='lat' dir='ltr'>Non</span> <span class='ocrx_word' id='word_1_24' title='bbox 672 270 870 303; x_wconf 87' lang='lat' dir='ltr'>obstantibus</span> <span class='ocrx_word' id='word_1_25' title='bbox 887 271 1078 313; x_wconf 81' lang='lat' dir='ltr'>apostolicis,</span> <span class='ocrx_word' id='word_1_26' title='bbox 1093 282 1127 304; x_wconf 86' lang='lat' dir='ltr'>ac</span> <span class='ocrx_word' id='word_1_27' title='bbox 1145 272 1174 304; x_wconf 91' lang='lat' dir='ltr'>in</span> 
     </span>
     <span class='ocr_line' id='line_1_9' title="bbox 437 322 1175 366; baseline 0.005 -13"><span class='ocrx_word' id='word_1_28' title='bbox 437 322 665 355; x_wconf 64' lang='lat' dir='ltr'>universalibus</span> <span class='ocrx_word' id='word_1_29' title='bbox 696 323 1003 366; x_wconf 69' lang='lat' dir='ltr'>provincialibusque</span> <span class='ocrx_word' id='word_1_30' title='bbox 1035 324 1175 358; x_wconf 87' lang='lat' dir='ltr'>conciliis</span> 
     </span>
     <span class='ocr_line' id='line_1_10' title="bbox 438 374 1176 419; baseline 0.005 -13"><span class='ocrx_word' id='word_1_31' title='bbox 438 374 537 415; x_wconf 83' lang='lat' dir='ltr'>editis,</span> <span class='ocrx_word' id='word_1_32' title='bbox 549 376 747 418; x_wconf 78' lang='lat' dir='ltr'>generalibus</span> <span class='ocrx_word' id='word_1_33' title='bbox 761 376 806 408; x_wconf 73' lang='lat' dir='ltr'>rel</span> <span class='ocrx_word' id='word_1_34' title='bbox 821 375 1019 419; x_wconf 78' lang='lat' dir='ltr'>specialibus,</span> <span class='ocrx_word' id='word_1_35' title='bbox 1030 377 1176 410; x_wconf 87' lang='lat' dir='ltr'>constitu-</span> 
     </span>
     <span class='ocr_line' id='line_1_11' title="bbox 438 429 1174 475; baseline 0.004 -13"><span class='ocrx_word' id='word_1_36' title='bbox 438 429 573 462; x_wconf 90' lang='lat' dir='ltr'>tionibus</span> <span class='ocrx_word' id='word_1_37' title='bbox 598 435 626 462; x_wconf 93' lang='lat' dir='ltr'>et</span> <span class='ocrx_word' id='word_1_38' title='bbox 651 429 910 471; x_wconf 76' lang='lat' dir='ltr'>ordinationibus,</span> <span class='ocrx_word' id='word_1_39' title='bbox 931 441 966 464; x_wconf 86' lang='lat' dir='ltr'>ac</span> <span class='ocrx_word' id='word_1_40' title='bbox 991 433 1174 475; x_wconf 86' lang='lat' dir='ltr'>quorumvis</span> 
     </span>
     <span class='ocr_line' id='line_1_12' title="bbox 437 482 1172 529; baseline 0.008 -16"><span class='ocrx_word' id='word_1_41' title='bbox 437 482 587 515; x_wconf 60' lang='lat' dir='ltr'>tudinum</span> <span class='ocrx_word' id='word_1_42' title='bbox 613 488 639 515; x_wconf 87' lang='lat' dir='ltr'>et</span> <span class='ocrx_word' id='word_1_43' title='bbox 661 483 944 526; x_wconf 78' lang='lat' dir='ltr'>Congregationum</span> <span class='ocrx_word' id='word_1_44' title='bbox 960 512 967 525; x_wconf 86' lang='lat'>,</span> <span class='ocrx_word' id='word_1_45' title='bbox 992 490 1022 517; x_wconf 85' lang='lat' dir='ltr'>et</span> <span class='ocrx_word' id='word_1_46' title='bbox 1046 486 1172 529; x_wconf 88' lang='lat' dir='ltr'>quibus-</span> 
     </span>
     <span class='ocr_line' id='line_1_13' title="bbox 438 535 1173 578; baseline 0.007 -12"><span class='ocrx_word' id='word_1_47' title='bbox 438 535 481 567; x_wconf 69' lang='lat' dir='ltr'>vis</span> <span class='ocrx_word' id='word_1_48' title='bbox 502 535 580 575; x_wconf 87' lang='lat' dir='ltr'>aliis,</span> <span class='ocrx_word' id='word_1_49' title='bbox 606 536 696 567; x_wconf 88' lang='lat' dir='ltr'>etiam</span> <span class='ocrx_word' id='word_1_50' title='bbox 722 537 908 578; x_wconf 88' lang='lat' dir='ltr'>iuramento,</span> <span class='ocrx_word' id='word_1_51' title='bbox 935 538 1173 571; x_wconf 84' lang='lat' dir='ltr'>confirmatione</span> 
     </span>
     <span class='ocr_line' id='line_1_14' title="bbox 436 589 1174 632; baseline 0.008 -13"><span class='ocrx_word' id='word_1_52' title='bbox 436 589 617 631; x_wconf 77' lang='lat' dir='ltr'>apostolica,</span> <span class='ocrx_word' id='word_1_53' title='bbox 635 589 681 621; x_wconf 71' lang='lat' dir='ltr'>vel</span> <span class='ocrx_word' id='word_1_54' title='bbox 707 590 814 632; x_wconf 83' lang='lat' dir='ltr'>quavis</span> <span class='ocrx_word' id='word_1_55' title='bbox 838 590 985 624; x_wconf 85' lang='lat' dir='ltr'>firmitate</span> <span class='ocrx_word' id='word_1_56' title='bbox 1006 591 1066 623; x_wconf 78' lang='lat' dir='ltr'>alia</span> <span class='ocrx_word' id='word_1_57' title='bbox 1084 593 1174 626; x_wconf 89' lang='lat' dir='ltr'>robo-</span> 
     </span>
     <span class='ocr_line' id='line_1_15' title="bbox 436 641 1175 688; baseline 0.009 -17"><span class='ocrx_word' id='word_1_58' title='bbox 436 641 519 682; x_wconf 73' lang='lat' dir='ltr'>ratis,</span> <span class='ocrx_word' id='word_1_59' title='bbox 542 641 664 674; x_wconf 87' lang='lat' dir='ltr'>statutis</span> <span class='ocrx_word' id='word_1_60' title='bbox 693 647 723 674; x_wconf 85' lang='lat' dir='ltr'>et</span> <span class='ocrx_word' id='word_1_61' title='bbox 743 643 1031 685; x_wconf 85' lang='lat' dir='ltr'>consuetudinibus,</span> <span class='ocrx_word' id='word_1_62' title='bbox 1050 645 1175 688; x_wconf 71' lang='lat' dir='ltr'>privile-</span> 
     </span>
     <span class='ocr_line' id='line_1_16' title="bbox 435 693 1173 742; baseline 0.008 -17"><span class='ocrx_word' id='word_1_63' title='bbox 435 693 493 734; x_wconf 59' lang='lat' dir='ltr'>giis</span> <span class='ocrx_word' id='word_1_64' title='bbox 508 704 642 737; x_wconf 88' lang='lat' dir='ltr'>quoque,</span> <span class='ocrx_word' id='word_1_65' title='bbox 660 694 786 728; x_wconf 87' lang='lat' dir='ltr'>indultis</span> <span class='ocrx_word' id='word_1_66' title='bbox 807 701 837 728; x_wconf 87' lang='lat' dir='ltr'>et</span> <span class='ocrx_word' id='word_1_67' title='bbox 859 696 970 730; x_wconf 89' lang='lat' dir='ltr'>litteris</span> <span class='ocrx_word' id='word_1_68' title='bbox 984 698 1173 742; x_wconf 77' lang='lat' dir='ltr'>apostolicis,</span> 
     </span>
     <span class='ocr_line' id='line_1_17' title="bbox 435 747 1174 791; baseline 0.009 -13"><span class='ocrx_word' id='word_1_69' title='bbox 435 747 491 779; x_wconf 70' lang='lat' dir='ltr'>sub</span> <span class='ocrx_word' id='word_1_70' title='bbox 508 747 757 791; x_wconf 88' lang='lat' dir='ltr'>quibuscumque</span> <span class='ocrx_word' id='word_1_71' title='bbox 772 749 934 782; x_wconf 87' lang='lat' dir='ltr'>tenoribus</span> <span class='ocrx_word' id='word_1_72' title='bbox 954 756 985 783; x_wconf 88' lang='lat' dir='ltr'>et</span> <span class='ocrx_word' id='word_1_73' title='bbox 1004 751 1122 791; x_wconf 85' lang='lat' dir='ltr'>formis,</span> <span class='ocrx_word' id='word_1_74' title='bbox 1139 763 1174 785; x_wconf 88' lang='lat' dir='ltr'>ac</span> 
     </span>
     <span class='ocr_line' id='line_1_18' title="bbox 436 800 1175 848; baseline 0.009 -17"><span class='ocrx_word' id='word_1_75' title='bbox 436 811 506 832; x_wconf 88' lang='lat' dir='ltr'>cum</span> <span class='ocrx_word' id='word_1_76' title='bbox 525 800 684 843; x_wconf 73' lang='lat' dir='ltr'>quibusvis</span> <span class='ocrx_word' id='word_1_77' title='bbox 702 802 848 835; x_wconf 75' lang='lat' dir='ltr'>clausulis</span> <span class='ocrx_word' id='word_1_78' title='bbox 865 808 895 835; x_wconf 86' lang='lat' dir='ltr'>et</span> <span class='ocrx_word' id='word_1_79' title='bbox 912 803 1055 844; x_wconf 84' lang='lat' dir='ltr'>decretis,</span> <span class='ocrx_word' id='word_1_80' title='bbox 1076 805 1107 837; x_wconf 92' lang='lat' dir='ltr'>in</span> <span class='ocrx_word' id='word_1_81' title='bbox 1123 816 1175 848; x_wconf 78' lang='lat' dir='ltr'>ge-</span> 
     </span>
     <span class='ocr_line' id='line_1_19' title="bbox 435 854 1173 898; baseline 0.008 -14"><span class='ocrx_word' id='word_1_82' title='bbox 435 864 509 885; x_wconf 86' lang='lat' dir='ltr'>nere</span> <span class='ocrx_word' id='word_1_83' title='bbox 534 854 580 885; x_wconf 84' lang='lat' dir='ltr'>vel</span> <span class='ocrx_word' id='word_1_84' title='bbox 606 854 636 885; x_wconf 90' lang='lat' dir='ltr'>in</span> <span class='ocrx_word' id='word_1_85' title='bbox 662 855 773 898; x_wconf 84' lang='lat' dir='ltr'>specie,</span> <span class='ocrx_word' id='word_1_86' title='bbox 792 860 822 889; x_wconf 90' lang='lat' dir='ltr'>et</span> <span class='ocrx_word' id='word_1_87' title='bbox 838 856 915 889; x_wconf 74' lang='lat' dir='ltr'>alias</span> <span class='ocrx_word' id='word_1_88' title='bbox 932 857 963 888; x_wconf 92' lang='lat' dir='ltr'>in</span> <span class='ocrx_word' id='word_1_89' title='bbox 980 858 1173 890; x_wconf 88' lang='lat' dir='ltr'>contrarium</span> 
     </span>
     <span class='ocr_line' id='line_1_20' title="bbox 434 906 1175 949; baseline 0.007 -12"><span class='ocrx_word' id='word_1_90' title='bbox 434 906 670 948; x_wconf 73' lang='lat' dir='ltr'>quomodolibet</span> <span class='ocrx_word' id='word_1_91' title='bbox 687 908 854 949; x_wconf 76' lang='lat' dir='ltr'>concessis,</span> <span class='ocrx_word' id='word_1_92' title='bbox 875 909 1069 943; x_wconf 85' lang='lat' dir='ltr'>confirmatis</span> <span class='ocrx_word' id='word_1_93' title='bbox 1083 915 1112 942; x_wconf 89' lang='lat' dir='ltr'>et</span> <span class='ocrx_word' id='word_1_94' title='bbox 1132 910 1175 943; x_wconf 86' lang='lat' dir='ltr'>in-</span> 
     </span>
     <span class='ocr_line' id='line_1_21' title="bbox 434 960 1173 1005; baseline 0.007 -14"><span class='ocrx_word' id='word_1_95' title='bbox 434 960 571 1000; x_wconf 69' lang='lat' dir='ltr'>novatis,</span> <span class='ocrx_word' id='word_1_96' title='bbox 588 960 701 1004; x_wconf 87' lang='lat' dir='ltr'>quibus</span> <span class='ocrx_word' id='word_1_97' title='bbox 715 962 860 995; x_wconf 89' lang='lat' dir='ltr'>omnibus</span> <span class='ocrx_word' id='word_1_98' title='bbox 877 968 907 995; x_wconf 86' lang='lat' dir='ltr'>et.</span> <span class='ocrx_word' id='word_1_99' title='bbox 926 963 1067 1005; x_wconf 78' lang='lat' dir='ltr'>singulis,</span> <span class='ocrx_word' id='word_1_100' title='bbox 1081 963 1173 996; x_wconf 89' lang='lat' dir='ltr'>etiam</span> 
     </span>
     <span class='ocr_line' id='line_1_22' title="bbox 435 1013 1173 1059; baseline 0.007 -15"><span class='ocrx_word' id='word_1_101' title='bbox 435 1013 458 1044; x_wconf 81' lang='lat' dir='ltr'>si</span> <span class='ocrx_word' id='word_1_102' title='bbox 484 1024 541 1056; x_wconf 92' lang='lat' dir='ltr'>pro</span> <span class='ocrx_word' id='word_1_103' title='bbox 566 1014 730 1047; x_wconf 83' lang='lat' dir='ltr'>sufficienti</span> <span class='ocrx_word' id='word_1_104' title='bbox 756 1015 882 1048; x_wconf 89' lang='lat' dir='ltr'>illorum</span> <span class='ocrx_word' id='word_1_105' title='bbox 908 1016 1110 1059; x_wconf 72' lang='lat' dir='ltr'>derogatione</span> <span class='ocrx_word' id='word_1_106' title='bbox 1135 1017 1173 1049; x_wconf 91' lang='lat' dir='ltr'>de</span> 
     </span>
     <span class='ocr_line' id='line_1_23' title="bbox 434 1066 1172 1113; baseline 0.008 -16"><span class='ocrx_word' id='word_1_107' title='bbox 434 1066 504 1107; x_wconf 75' lang='lat' dir='ltr'>illis,</span> <span class='ocrx_word' id='word_1_108' title='bbox 530 1078 704 1111; x_wconf 86' lang='lat' dir='ltr'>eorumque</span> <span class='ocrx_word' id='word_1_109' title='bbox 729 1069 801 1101; x_wconf 86' lang='lat' dir='ltr'>totis</span> <span class='ocrx_word' id='word_1_110' title='bbox 822 1069 986 1102; x_wconf 89' lang='lat' dir='ltr'>tenoribus</span> <span class='ocrx_word' id='word_1_111' title='bbox 1010 1070 1172 1113; x_wconf 88' lang='lat' dir='ltr'>specialis,</span> 
     </span>
     <span class='ocr_line' id='line_1_24' title="bbox 435 1120 1172 1164; baseline 0.007 -13"><span class='ocrx_word' id='word_1_112' title='bbox 435 1120 588 1162; x_wconf 78' lang='lat' dir='ltr'>specifica,</span> <span class='ocrx_word' id='word_1_113' title='bbox 604 1132 750 1164; x_wconf 87' lang='lat' dir='ltr'>expressa</span> <span class='ocrx_word' id='word_1_114' title='bbox 764 1127 791 1154; x_wconf 90' lang='lat' dir='ltr'>et</span> <span class='ocrx_word' id='word_1_115' title='bbox 808 1122 977 1164; x_wconf 81' lang='lat' dir='ltr'>individua⁷</span> <span class='ocrx_word' id='word_1_116' title='bbox 990 1133 1052 1155; x_wconf 87' lang='lat' dir='ltr'>non</span> <span class='ocrx_word' id='word_1_117' title='bbox 1070 1126 1172 1156; x_wconf 88' lang='lat' dir='ltr'>autem</span> 
     </span>
     <span class='ocr_line' id='line_1_25' title="bbox 434 1174 1172 1219; baseline 0.008 -15"><span class='ocrx_word' id='word_1_118' title='bbox 434 1184 490 1216; x_wconf 88' lang='lat' dir='ltr'>per</span> <span class='ocrx_word' id='word_1_119' title='bbox 507 1174 662 1207; x_wconf 84' lang='lat' dir='ltr'>clausulas</span> <span class='ocrx_word' id='word_1_120' title='bbox 677 1176 839 1218; x_wconf 75' lang='lat' dir='ltr'>generales</span> <span class='ocrx_word' id='word_1_121' title='bbox 857 1176 939 1208; x_wconf 90' lang='lat' dir='ltr'>idem</span> <span class='ocrx_word' id='word_1_122' title='bbox 958 1176 1172 1219; x_wconf 89' lang='lat' dir='ltr'>importantes,</span> 
     </span>
     <span class='ocr_line' id='line_1_26' title="bbox 435 1227 1170 1273; baseline 0.005 -15"><span class='ocrx_word' id='word_1_123' title='bbox 435 1227 551 1259; x_wconf 88' lang='lat' dir='ltr'>mentio</span> <span class='ocrx_word' id='word_1_124' title='bbox 585 1239 636 1260; x_wconf 86' lang='lat' dir='ltr'>seu</span> <span class='ocrx_word' id='word_1_125' title='bbox 670 1230 797 1272; x_wconf 68' lang='lat' dir='ltr'>quaeris</span> <span class='ocrx_word' id='word_1_126' title='bbox 829 1229 887 1261; x_wconf 87' lang='lat' dir='ltr'>alia</span> <span class='ocrx_word' id='word_1_127' title='bbox 919 1230 1079 1273; x_wconf 78' lang='lat' dir='ltr'>expressio</span> <span class='ocrx_word' id='word_1_128' title='bbox 1111 1230 1170 1262; x_wconf 54' lang='lat' dir='ltr'>lia«-</span> 
     </span>
     <span class='ocr_line' id='line_1_27' title="bbox 434 1280 1173 1325; baseline 0.005 -14"><span class='ocrx_word' id='word_1_129' title='bbox 434 1280 535 1312; x_wconf 68' lang='lat' dir='ltr'>lienda</span> <span class='ocrx_word' id='word_1_130' title='bbox 559 1286 611 1313; x_wconf 90' lang='lat' dir='ltr'>aut</span> <span class='ocrx_word' id='word_1_131' title='bbox 630 1282 733 1325; x_wconf 87' lang='lat' dir='ltr'>aliqua</span> <span class='ocrx_word' id='word_1_132' title='bbox 757 1282 816 1314; x_wconf 86' lang='lat' dir='ltr'>alia</span> <span class='ocrx_word' id='word_1_133' title='bbox 841 1283 994 1325; x_wconf 88' lang='lat' dir='ltr'>exquisita</span> <span class='ocrx_word' id='word_1_134' title='bbox 1015 1284 1115 1315; x_wconf 85' lang='lat' dir='ltr'>forma</span> <span class='ocrx_word' id='word_1_135' title='bbox 1135 1283 1173 1316; x_wconf 88' lang='lat' dir='ltr'>ad</span> 
     </span>
     <span class='ocr_line' id='line_1_28' title="bbox 435 1333 1173 1380; baseline 0.005 -15"><span class='ocrx_word' id='word_1_136' title='bbox 435 1333 494 1366; x_wconf 81' lang='lat' dir='ltr'>lioc</span> <span class='ocrx_word' id='word_1_137' title='bbox 519 1335 671 1367; x_wconf 74' lang='lat' dir='ltr'>servanda</span> <span class='ocrx_word' id='word_1_138' title='bbox 687 1336 776 1376; x_wconf 87' lang='lat' dir='ltr'>soret,</span> <span class='ocrx_word' id='word_1_139' title='bbox 794 1336 920 1368; x_wconf 88' lang='lat' dir='ltr'>illorum</span> <span class='ocrx_word' id='word_1_140' title='bbox 945 1341 1070 1369; x_wconf 78' lang='lat' dir='ltr'>tenores</span> <span class='ocrx_word' id='word_1_141' title='bbox 1086 1347 1173 1380; x_wconf 87' lang='lat' dir='ltr'>prae-</span> 
     </span>
     <span class='ocr_line' id='line_1_29' title="bbox 435 1388 1173 1432; baseline 0.007 -14"><span class='ocrx_word' id='word_1_142' title='bbox 435 1388 573 1421; x_wconf 84' lang='lat' dir='ltr'>sentibus</span> <span class='ocrx_word' id='word_1_143' title='bbox 591 1400 649 1432; x_wconf 89' lang='lat' dir='ltr'>pro</span> <span class='ocrx_word' id='word_1_144' title='bbox 664 1389 820 1432; x_wconf 75' lang='lat' dir='ltr'>expressis</span> <span class='ocrx_word' id='word_1_145' title='bbox 834 1389 913 1422; x_wconf 86' lang='lat' dir='ltr'>etad</span> <span class='ocrx_word' id='word_1_146' title='bbox 928 1391 1058 1422; x_wconf 80' lang='lat' dir='ltr'>verbum</span> <span class='ocrx_word' id='word_1_147' title='bbox 1078 1391 1173 1423; x_wconf 90' lang='lat' dir='ltr'>inser-</span> 
     </span>
     <span class='ocr_line' id='line_1_30' title="bbox 436 1440 1173 1487; baseline 0.007 -15"><span class='ocrx_word' id='word_1_148' title='bbox 436 1440 472 1473; x_wconf 89' lang='lat' dir='ltr'>tis</span> <span class='ocrx_word' id='word_1_149' title='bbox 492 1441 653 1483; x_wconf 80' lang='lat' dir='ltr'>babentes,</span> <span class='ocrx_word' id='word_1_150' title='bbox 672 1442 732 1474; x_wconf 90' lang='lat' dir='ltr'>illis</span> <span class='ocrx_word' id='word_1_151' title='bbox 750 1443 824 1475; x_wconf 74' lang='lat' dir='ltr'>alias</span> <span class='ocrx_word' id='word_1_152' title='bbox 848 1443 879 1475; x_wconf 92' lang='lat' dir='ltr'>in</span> <span class='ocrx_word' id='word_1_153' title='bbox 897 1453 953 1476; x_wconf 91' lang='lat' dir='ltr'>suo</span> <span class='ocrx_word' id='word_1_154' title='bbox 972 1443 1086 1476; x_wconf 85' lang='lat' dir='ltr'>robore</span> <span class='ocrx_word' id='word_1_155' title='bbox 1106 1455 1173 1487; x_wconf 91' lang='lat' dir='ltr'>per-</span> 
     </span>
     <span class='ocr_line' id='line_1_31' title="bbox 435 1495 1172 1541; baseline 0.007 -16"><span class='ocrx_word' id='word_1_156' title='bbox 435 1495 589 1527; x_wconf 83' lang='lat' dir='ltr'>mansuris</span> <span class='ocrx_word' id='word_1_157' title='bbox 605 1522 612 1535; x_wconf 83' lang='lat'>,</span> <span class='ocrx_word' id='word_1_158' title='bbox 637 1496 695 1528; x_wconf 82' lang='lat' dir='ltr'>liae</span> <span class='ocrx_word' id='word_1_159' title='bbox 722 1496 788 1529; x_wconf 80' lang='lat' dir='ltr'>vice</span> <span class='ocrx_word' id='word_1_160' title='bbox 813 1496 972 1529; x_wconf 73' lang='lat' dir='ltr'>dumtaxat</span> <span class='ocrx_word' id='word_1_161' title='bbox 996 1498 1172 1541; x_wconf 76' lang='lat' dir='ltr'>specialiter</span> 
     </span>
     <span class='ocr_line' id='line_1_32' title="bbox 434 1550 1171 1595; baseline 0.007 -16"><span class='ocrx_word' id='word_1_162' title='bbox 434 1553 463 1580; x_wconf 82' lang='lat' dir='ltr'>et</span> <span class='ocrx_word' id='word_1_163' title='bbox 488 1559 632 1592; x_wconf 75' lang='lat' dir='ltr'>expresse</span> <span class='ocrx_word' id='word_1_164' title='bbox 662 1550 870 1592; x_wconf 72' lang='lat' dir='ltr'>derogamus3</span> <span class='ocrx_word' id='word_1_165' title='bbox 901 1551 1074 1595; x_wconf 85' lang='lat' dir='ltr'>ceterisque</span> <span class='ocrx_word' id='word_1_166' title='bbox 1099 1563 1171 1585; x_wconf 90' lang='lat' dir='ltr'>con-</span> 
     </span>
     <span class='ocr_line' id='line_1_33' title="bbox 434 1602 824 1647; baseline 0.01 -15"><span class='ocrx_word' id='word_1_167' title='bbox 434 1602 538 1634; x_wconf 84' lang='lat' dir='ltr'>trariis</span> <span class='ocrx_word' id='word_1_168' title='bbox 563 1603 824 1647; x_wconf 88' lang='lat' dir='ltr'>quibuscumque.</span> 
     </span>
    </p>

    <p class='ocr_par' dir='ltr' id='par_1_6' title="bbox 434 1655 1171 1805">
     <span class='ocr_line' id='line_1_34' title="bbox 477 1655 1171 1701; baseline 0.004 -13"><span class='ocrx_word' id='word_1_169' title='bbox 477 1655 588 1688; x_wconf 86' lang='lat' dir='ltr'>Datum</span> <span class='ocrx_word' id='word_1_170' title='bbox 609 1657 735 1697; x_wconf 85' lang='lat' dir='ltr'>Romae,</span> <span class='ocrx_word' id='word_1_171' title='bbox 754 1657 835 1701; x_wconf 86' lang='lat' dir='ltr'>apud</span> <span class='ocrx_word' id='word_1_172' title='bbox 850 1658 878 1691; x_wconf 82' lang='lat' dir='ltr'>S.</span> <span class='ocrx_word' id='word_1_173' title='bbox 893 1658 1028 1700; x_wconf 75' lang='lat' dir='ltr'>Petrum,</span> <span class='ocrx_word' id='word_1_174' title='bbox 1048 1659 1104 1691; x_wconf 90' lang='lat' dir='ltr'>sub</span> <span class='ocrx_word' id='word_1_175' title='bbox 1118 1669 1171 1691; x_wconf 90' lang='lat' dir='ltr'>an-</span> 
     </span>
     <span class='ocr_line' id='line_1_35' title="bbox 434 1709 1171 1754; baseline 0.007 -13"><span class='ocrx_word' id='word_1_176' title='bbox 434 1709 507 1742; x_wconf 89' lang='lat' dir='ltr'>nulo</span> <span class='ocrx_word' id='word_1_177' title='bbox 521 1709 698 1751; x_wconf 87' lang='lat' dir='ltr'>Piscatoris,</span> <span class='ocrx_word' id='word_1_178' title='bbox 712 1710 762 1743; x_wconf 87' lang='lat' dir='ltr'>die</span> <span class='ocrx_word' id='word_1_179' title='bbox 778 1721 855 1743; x_wconf 73' lang='lat' dir='ltr'>xxxr</span> <span class='ocrx_word' id='word_1_180' title='bbox 873 1711 1005 1744; x_wconf 87' lang='lat' dir='ltr'>ianuarii</span> <span class='ocrx_word' id='word_1_181' title='bbox 1022 1722 1171 1754; x_wconf 78' lang='lat' dir='ltr'>iuncxxix,</span> 
     </span>
     <span class='ocr_line' id='line_1_36' title="bbox 434 1763 912 1805; baseline 0.006 -11"><span class='ocrx_word' id='word_1_182' title='bbox 434 1763 632 1805; x_wconf 85' lang='lat' dir='ltr'>pontificatus</span> <span class='ocrx_word' id='word_1_183' title='bbox 655 1764 755 1796; x_wconf 80' lang='lat' dir='ltr'>nostri</span> <span class='ocrx_word' id='word_1_184' title='bbox 773 1774 853 1797; x_wconf 89' lang='lat' dir='ltr'>anno</span> <span class='ocrx_word' id='word_1_185' title='bbox 871 1774 912 1797; x_wconf 78' lang='lat' dir='ltr'>VI.</span> 
     </span>
    </p>
   </div>
   <div class='ocr_carea' id='block_1_6' title="bbox 470 1825 1105 1862">
    <p class='ocr_par' dir='ltr' id='par_1_7' title="bbox 470 1825 1105 1862">
     <span class='ocr_line' id='line_1_37' title="bbox 470 1825 1105 1862; baseline 0.005 -11"><span class='ocrx_word' id='word_1_186' title='bbox 470 1825 528 1851; x_wconf 85' lang='lat' dir='ltr'>Dat.</span> <span class='ocrx_word' id='word_1_187' title='bbox 546 1825 587 1851; x_wconf 70' lang='lat' dir='ltr'>dii¹</span> <span class='ocrx_word' id='word_1_188' title='bbox 603 1825 630 1853; x_wconf 90' lang='grc'>31</span> <span class='ocrx_word' id='word_1_189' title='bbox 650 1826 763 1853; x_wconf 85' lang='lat' dir='ltr'>ianuarii</span> <span class='ocrx_word' id='word_1_190' title='bbox 781 1827 858 1861; x_wconf 65' lang='lat'>16029,</span> <span class='ocrx_word' id='word_1_191' title='bbox 876 1827 968 1862; x_wconf 73' lang='lat' dir='ltr'>pontis.</span> <span class='ocrx_word' id='word_1_192' title='bbox 986 1835 1055 1854; x_wconf 83' lang='lat' dir='ltr'>anno</span> <span class='ocrx_word' id='word_1_193' title='bbox 1070 1834 1105 1854; x_wconf 76' lang='lat' dir='ltr'>vt.</span> 
     </span>
    </p>
   </div>
   <div class='ocr_carea' id='block_1_7' title="bbox 716 1894 885 1897">
    <p class='ocr_par' dir='ltr' id='par_1_8' title="bbox 716 1894 885 1897">
     <span class='ocr_line' id='line_1_38' title="bbox 716 1894 885 1897; baseline 0 0"><span class='ocrx_word' id='word_1_194' title='bbox 716 1894 885 1897; x_wconf 95' lang='lat' dir='ltr'> </span> 
     </span>
    </p>
   </div>
   <div class='ocr_carea' id='block_1_8' title="bbox 725 1950 884 1984">
    <p class='ocr_par' dir='ltr' id='par_1_9' title="bbox 725 1950 884 1984">
     <span class='ocr_line' id='line_1_39' title="bbox 725 1950 884 1984; baseline -0.006 0"><span class='ocrx_word' id='word_1_195' title='bbox 725 1950 884 1984; x_wconf 85' lang='lat' dir='ltr'>CCCXXII.</span> 
     </span>
    </p>
   </div>
   <div class='ocr_carea' id='block_1_9' title="bbox 435 2020 1172 2171">
    <p class='ocr_par' dir='ltr' id='par_1_10' title="bbox 435 2020 1172 2171">
     <span class='ocr_line' id='line_1_40' title="bbox 435 2020 1172 2064; baseline 0 -11"><span class='ocrx_word' id='word_1_196' title='bbox 435 2020 627 2061; x_wconf 72' lang='lat' dir='ltr'>Declaratio,</span> <span class='ocrx_word' id='word_1_197' title='bbox 637 2020 723 2064; x_wconf 82' lang='lat' dir='ltr'>quod</span> <span class='ocrx_word' id='word_1_198' title='bbox 732 2032 811 2064; x_wconf 75' lang='lat' dir='ltr'>opus</span> <span class='ocrx_word' id='word_1_199' title='bbox 822 2021 1009 2054; x_wconf 60' lang='lat' dir='ltr'>remotionis</span> <span class='ocrx_word' id='word_1_200' title='bbox 1022 2021 1172 2064; x_wconf 76' lang='lat' dir='ltr'>slmm&#39;nis</span> 
     </span>
     <span class='ocr_line' id='line_1_41' title="bbox 478 2074 1172 2118; baseline 0 -12"><span class='ocrx_word' id='word_1_201' title='bbox 478 2074 582 2107; x_wconf 68' lang='lat' dir='ltr'>Rheni</span> <span class='ocrx_word' id='word_1_202' title='bbox 598 2085 618 2106; x_wconf 76' lang='lat' dir='ltr'>a</span> <span class='ocrx_word' id='word_1_203' title='bbox 636 2075 700 2106; x_wconf 81' lang='lat' dir='ltr'>loco</span> <span class='ocrx_word' id='word_1_204' title='bbox 718 2075 893 2112; x_wconf 67' lang='lat' dir='ltr'>Mimbetli,</span> <span class='ocrx_word' id='word_1_205' title='bbox 914 2075 1071 2118; x_wconf 69' lang='lat' dir='ltr'>illiusque</span> <span class='ocrx_word' id='word_1_206' title='bbox 1088 2074 1172 2107; x_wconf 62' lang='lat' dir='ltr'>deri-</span> 
     </span>
     <span class='ocr_line' id='line_1_42' title="bbox 478 2127 1171 2171; baseline 0.001 -12"><span class='ocrx_word' id='word_1_207' title='bbox 478 2129 564 2160; x_wconf 75' lang='lat' dir='ltr'>vatio</span> <span class='ocrx_word' id='word_1_208' title='bbox 584 2128 619 2160; x_wconf 69' lang='lat' dir='ltr'>in</span> <span class='ocrx_word' id='word_1_209' title='bbox 643 2128 765 2170; x_wconf 72' lang='lat' dir='ltr'>flumen</span> <span class='ocrx_word' id='word_1_210' title='bbox 783 2128 878 2168; x_wconf 69' lang='lat' dir='ltr'>Padi,</span> <span class='ocrx_word' id='word_1_211' title='bbox 905 2132 1057 2171; x_wconf 77' lang='lat' dir='ltr'>perpetuo</span> <span class='ocrx_word' id='word_1_212' title='bbox 1081 2127 1171 2169; x_wconf 75' lang='lat' dir='ltr'>fiat&#39;.</span> 
     </span>
    </p>
   </div>
   <div class='ocr_carea' id='block_1_10' title="bbox 436 2207 1174 2376">
    <p class='ocr_par' dir='ltr' id='par_1_11' title="bbox 436 2207 1174 2330">
     <span class='ocr_line' id='line_1_43' title="bbox 436 2207 1174 2242; baseline 0.003 -9"><span class='ocrx_word' id='word_1_213' title='bbox 436 2207 603 2235; x_wconf 80' lang='lat' dir='ltr'>Venerabili</span> <span class='ocrx_word' id='word_1_214' title='bbox 622 2208 708 2235; x_wconf 78' lang='lat' dir='ltr'>fratri</span> <span class='ocrx_word' id='word_1_215' title='bbox 725 2208 846 2236; x_wconf 76' lang='lat' dir='ltr'>octavio</span> <span class='ocrx_word' id='word_1_216' title='bbox 863 2208 1085 2242; x_wconf 83' lang='lat' dir='ltr'>archiepiscopo</span> <span class='ocrx_word' id='word_1_217' title='bbox 1105 2209 1174 2235; x_wconf 88' lang='lat' dir='ltr'>Tar-</span> 
     </span>
     <span class='ocr_line' id='line_1_44' title="bbox 471 2252 1173 2286; baseline 0.003 -7"><span class='ocrx_word' id='word_1_218' title='bbox 471 2252 572 2285; x_wconf 88' lang='lat' dir='ltr'>sensi,</span> <span class='ocrx_word' id='word_1_219' title='bbox 602 2253 775 2286; x_wconf 84' lang='lat' dir='ltr'>provinciae</span> <span class='ocrx_word' id='word_1_220' title='bbox 808 2256 930 2280; x_wconf 75' lang='lat' dir='ltr'>nostrae</span> <span class='ocrx_word' id='word_1_221' title='bbox 965 2253 1173 2281; x_wconf 85' lang='lat' dir='ltr'>Romandiolae</span> 
     </span>
     <span class='ocr_line' id='line_1_45' title="bbox 472 2297 612 2330; baseline 0.007 -7"><span class='ocrx_word' id='word_1_222' title='bbox 472 2297 612 2330; x_wconf 83' lang='lat' dir='ltr'>praesidi,</span> 
     </span>
    </p>

    <p class='ocr_par' dir='ltr' id='par_1_12' title="bbox 631 2343 971 2376">
     <span class='ocr_line' id='line_1_46' title="bbox 631 2343 971 2376; baseline 0 -7"><span class='ocrx_word' id='word_1_223' title='bbox 631 2343 766 2370; x_wconf 88' lang='lat' dir='ltr'>Urbanus</span> <span class='ocrx_word' id='word_1_224' title='bbox 796 2343 874 2376; x_wconf 86' lang='lat' dir='ltr'>Papa</span> <span class='ocrx_word' id='word_1_225' title='bbox 893 2343 971 2370; x_wconf 90' lang='lat' dir='ltr'>VIII.</span> 
     </span>
    </p>
   </div>
   <div class='ocr_carea' id='block_1_11' title="bbox 475 2395 1138 2474">
    <p class='ocr_par' dir='ltr' id='par_1_13' title="bbox 475 2395 1138 2474">
     <span class='ocr_line' id='line_1_47' title="bbox 653 2395 955 2429; baseline -0.003 -6"><span class='ocrx_word' id='word_1_226' title='bbox 653 2395 838 2423; x_wconf 83' lang='lat' dir='ltr'>Venerabilis</span> <span class='ocrx_word' id='word_1_227' title='bbox 851 2396 955 2429; x_wconf 80' lang='lat' dir='ltr'>frater,</span> 
     </span>
     <span class='ocr_line' id='line_1_48' title="bbox 475 2440 1138 2474; baseline 0 -7"><span class='ocrx_word' id='word_1_228' title='bbox 475 2441 601 2467; x_wconf 81' lang='lat' dir='ltr'>salutem</span> <span class='ocrx_word' id='word_1_229' title='bbox 627 2444 657 2467; x_wconf 78' lang='lat' dir='ltr'>et</span> <span class='ocrx_word' id='word_1_230' title='bbox 677 2441 871 2474; x_wconf 76' lang='lat' dir='ltr'>apostolicam</span> <span class='ocrx_word' id='word_1_231' title='bbox 891 2440 1138 2468; x_wconf 81' lang='lat' dir='ltr'>benedictionem.</span> 
     </span>
    </p>
   </div>
   <div class='ocr_carea' id='block_1_12' title="bbox 442 2511 1174 2610">
    <p class='ocr_par' dir='ltr' id='par_1_14' title="bbox 442 2511 1174 2610">
     <span class='ocr_line' id='line_1_49' title="bbox 485 2511 1174 2555; baseline 0.003 -12"><span class='ocrx_word' id='word_1_232' title='bbox 485 2512 499 2554; x_wconf 62' lang='grc' dir='ltr'><strong>ἓ</strong></span> <span class='ocrx_word' id='word_1_233' title='bbox 519 2511 547 2543; x_wconf 76' lang='grc'>1.</span> <span class='ocrx_word' id='word_1_234' title='bbox 564 2512 639 2544; x_wconf 82' lang='lat' dir='ltr'>Cum</span> <span class='ocrx_word' id='word_1_235' title='bbox 655 2522 767 2555; x_wconf 81' lang='lat' dir='ltr'>nuper,</span> <span class='ocrx_word' id='word_1_236' title='bbox 784 2517 818 2545; x_wconf 85' lang='lat' dir='ltr'>ut</span> <span class='ocrx_word' id='word_1_237' title='bbox 835 2512 1086 2545; x_wconf 78' lang='lat' dir='ltr'>intolerabilibus</span> <span class='ocrx_word' id='word_1_238' title='bbox 1104 2512 1174 2545; x_wconf 90' lang='lat' dir='ltr'>sub-</span> 
     </span>
     <span class='ocr_line' id='line_1_50' title="bbox 442 2565 1174 2610; baseline 0.003 -14"><span class='ocrx_word' id='word_1_239' title='bbox 442 2565 650 2597; x_wconf 71' lang='lat' dir='ltr'>mersionibus</span> <span class='ocrx_word' id='word_1_240' title='bbox 683 2572 711 2599; x_wconf 78' lang='lat' dir='ltr'>et</span> <span class='ocrx_word' id='word_1_241' title='bbox 744 2566 997 2599; x_wconf 82' lang='lat' dir='ltr'>inundationibus</span> <span class='ocrx_word' id='word_1_242' title='bbox 1026 2577 1174 2610; x_wconf 68' lang='lat' dir='ltr'>agrorum</span> 
     </span>
    </p>
   </div>
   <div class='ocr_carea' id='block_1_13' title="bbox 480 2627 978 2662">
    <p class='ocr_par' dir='ltr' id='par_1_15' title="bbox 480 2627 978 2662">
     <span class='ocr_line' id='line_1_51' title="bbox 480 2627 978 2662; baseline 0.004 -9"><span class='ocrx_word' id='word_1_243' title='bbox 480 2629 488 2653; x_wconf 88' lang='lat'>1</span> <span class='ocrx_word' id='word_1_244' title='bbox 509 2627 545 2653; x_wconf 80' lang='lat' dir='ltr'>Ex</span> <span class='ocrx_word' id='word_1_245' title='bbox 562 2627 667 2662; x_wconf 71' lang='lat' dir='ltr'>Regest.</span> <span class='ocrx_word' id='word_1_246' title='bbox 685 2629 711 2655; x_wconf 91' lang='lat' dir='ltr'>in</span> <span class='ocrx_word' id='word_1_247' title='bbox 726 2630 826 2657; x_wconf 81' lang='lat' dir='ltr'>Secret.</span> <span class='ocrx_word' id='word_1_248' title='bbox 845 2629 978 2656; x_wconf 84' lang='lat' dir='ltr'>Brevium.</span> 
     </span>
    </p>
   </div>
   <div class='ocr_carea' id='block_1_14' title="bbox 1208 273 2146 336">
    <p class='ocr_par' dir='ltr' id='par_1_16' title="bbox 1208 273 2146 336">
     <span class='ocr_line' id='line_1_52' title="bbox 1208 273 2146 336; baseline 0.006 -32"><span class='ocrx_word' id='word_1_249' title='bbox 1208 273 1387 315; x_wconf 72' lang='lat' dir='ltr'>provinciae</span> <span class='ocrx_word' id='word_1_250' title='bbox 1411 274 1652 315; x_wconf 86' lang='lat' dir='ltr'>Romandiolae,</span> <span class='ocrx_word' id='word_1_251' title='bbox 1678 275 1811 308; x_wconf 85' lang='lat' dir='ltr'>civitatis</span> <span class='ocrx_word' id='word_1_252' title='bbox 1835 275 1946 308; x_wconf 86' lang='lat' dir='ltr'>Ferra-</span> <span class='ocrx_word' id='word_1_253' title='bbox 1962 289 2066 336; x_wconf 50' lang='lat' dir='ltr'>nmeofffflg</span> <span class='ocrx_word' id='word_1_254' title='bbox 2076 289 2146 336; x_wconf 51' lang='lat'>{⁰3³3</span> 
     </span>
    </p>
   </div>
   <div class='ocr_carea' id='block_1_15' title="bbox 1206 326 2147 2075">
    <p class='ocr_par' dir='ltr' id='par_1_17' title="bbox 1206 326 2147 2075">
     <span class='ocr_line' id='line_1_53' title="bbox 1209 326 2147 371; baseline 0.005 -14"><span class='ocrx_word' id='word_1_255' title='bbox 1209 326 1283 365; x_wconf 87' lang='lat' dir='ltr'>riae,</span> <span class='ocrx_word' id='word_1_256' title='bbox 1308 336 1343 359; x_wconf 88' lang='lat' dir='ltr'>ac</span> <span class='ocrx_word' id='word_1_257' title='bbox 1368 327 1534 360; x_wconf 80' lang='lat' dir='ltr'>comitatus</span> <span class='ocrx_word' id='word_1_258' title='bbox 1564 333 1743 361; x_wconf 88' lang='lat' dir='ltr'>nostrorum</span> <span class='ocrx_word' id='word_1_259' title='bbox 1768 328 1945 371; x_wconf 87' lang='lat' dir='ltr'>Bononiae,</span> <span class='ocrx_word' id='word_1_260' title='bbox 1962 342 2147 363; x_wconf 76' lang='lat' dir='ltr'>cursuetinodo-</span> 
     </span>
     <span class='ocr_line' id='line_1_54' title="bbox 1209 368 2146 424; baseline 0.004 -13"><span class='ocrx_word' id='word_1_261' title='bbox 1209 389 1329 412; x_wconf 87' lang='lat' dir='ltr'>necnon</span> <span class='ocrx_word' id='word_1_262' title='bbox 1354 380 1502 423; x_wconf 90' lang='lat' dir='ltr'>periculis</span> <span class='ocrx_word' id='word_1_263' title='bbox 1520 385 1549 413; x_wconf 89' lang='lat' dir='ltr'>et</span> <span class='ocrx_word' id='word_1_264' title='bbox 1566 380 1686 414; x_wconf 85' lang='lat' dir='ltr'>damnis</span> <span class='ocrx_word' id='word_1_265' title='bbox 1713 381 1813 414; x_wconf 89' lang='lat' dir='ltr'>eidem</span> <span class='ocrx_word' id='word_1_266' title='bbox 1830 381 1945 414; x_wconf 84' lang='lat' dir='ltr'>civitati</span> <span class='ocrx_word' id='word_1_267' title='bbox 1962 368 2097 424; x_wconf 45' lang='lat' dir='ltr'>fficiffii&#39;fdi?</span> <span class='ocrx_word' id='word_1_268' title='bbox 2107 368 2146 416; x_wconf 53' lang='lat'>{³3¹6</span> 
     </span>
     <span class='ocr_line' id='line_1_55' title="bbox 1210 421 2143 477; baseline 0.004 -13"><span class='ocrx_word' id='word_1_269' title='bbox 1210 433 1383 473; x_wconf 81' lang='lat' dir='ltr'>Ferrariae,</span> <span class='ocrx_word' id='word_1_270' title='bbox 1401 433 1545 476; x_wconf 83' lang='lat' dir='ltr'>Polesini‚</span> <span class='ocrx_word' id='word_1_271' title='bbox 1563 434 1591 467; x_wconf 86' lang='lat' dir='ltr'>S.</span> <span class='ocrx_word' id='word_1_272' title='bbox 1610 434 1746 477; x_wconf 82' lang='lat' dir='ltr'>Georgii,</span> <span class='ocrx_word' id='word_1_273' title='bbox 1764 434 1879 468; x_wconf 80' lang='lat' dir='ltr'>civitati</span> <span class='ocrx_word' id='word_1_274' title='bbox 1896 445 1947 468; x_wconf 90' lang='lat' dir='ltr'>no-</span> <span class='ocrx_word' id='word_1_275' title='bbox 1962 421 2143 442; x_wconf 64' lang='lat'>³⁶³¹¹¹¹¹¹¹¹⁰⁶⁰¹¹¹&#39;</span> 
     </span>
     <span class='ocr_line' id='line_1_56' title="bbox 1209 486 1947 527; baseline 0.003 -9"><span class='ocrx_word' id='word_1_276' title='bbox 1209 491 1291 518; x_wconf 88' lang='lat' dir='ltr'>strae</span> <span class='ocrx_word' id='word_1_277' title='bbox 1316 486 1507 519; x_wconf 86' lang='lat' dir='ltr'>Comaclensi</span> <span class='ocrx_word' id='word_1_278' title='bbox 1523 514 1530 527; x_wconf 94' lang='lat'>‚</span> <span class='ocrx_word' id='word_1_279' title='bbox 1559 492 1589 520; x_wconf 91' lang='lat' dir='ltr'>et</span> <span class='ocrx_word' id='word_1_280' title='bbox 1615 488 1748 520; x_wconf 87' lang='lat' dir='ltr'>vallibus</span> <span class='ocrx_word' id='word_1_281' title='bbox 1776 488 1860 520; x_wconf 87' lang='lat' dir='ltr'>illius</span> <span class='ocrx_word' id='word_1_282' title='bbox 1888 488 1947 520; x_wconf 89' lang='lat' dir='ltr'>im-</span> 
     </span>
     <span class='ocr_line' id='line_1_57' title="bbox 1209 539 1944 584; baseline 0.004 -14"><span class='ocrx_word' id='word_1_283' title='bbox 1209 539 1399 572; x_wconf 86' lang='lat' dir='ltr'>minentibus</span> <span class='ocrx_word' id='word_1_284' title='bbox 1430 539 1555 583; x_wconf 87' lang='lat' dir='ltr'>aliquod</span> <span class='ocrx_word' id='word_1_285' title='bbox 1586 540 1760 573; x_wconf 86' lang='lat' dir='ltr'>remedium</span> <span class='ocrx_word' id='word_1_286' title='bbox 1790 545 1944 584; x_wconf 87' lang='lat' dir='ltr'>opportu-</span> 
     </span>
     <span class='ocr_line' id='line_1_58' title="bbox 1208 592 1948 633; baseline 0.003 -10"><span class='ocrx_word' id='word_1_287' title='bbox 1208 602 1282 624; x_wconf 87' lang='lat' dir='ltr'>num</span> <span class='ocrx_word' id='word_1_288' title='bbox 1298 592 1530 633; x_wconf 84' lang='lat' dir='ltr'>adhiberemus,</span> <span class='ocrx_word' id='word_1_289' title='bbox 1550 593 1605 625; x_wconf 86' lang='lat' dir='ltr'>tibi</span> <span class='ocrx_word' id='word_1_290' title='bbox 1619 593 1797 626; x_wconf 86' lang='lat' dir='ltr'>dederimus</span> <span class='ocrx_word' id='word_1_291' title='bbox 1815 594 1845 625; x_wconf 93' lang='lat' dir='ltr'>in</span> <span class='ocrx_word' id='word_1_292' title='bbox 1862 603 1948 626; x_wconf 84' lang='lat' dir='ltr'>man-</span> 
     </span>
     <span class='ocr_line' id='line_1_59' title="bbox 1209 645 1946 690; baseline 0.003 -14"><span class='ocrx_word' id='word_1_293' title='bbox 1209 645 1298 687; x_wconf 82' lang='lat' dir='ltr'>datis⁷</span> <span class='ocrx_word' id='word_1_294' title='bbox 1315 650 1468 688; x_wconf 83' lang='lat' dir='ltr'>quatenus</span> <span class='ocrx_word' id='word_1_295' title='bbox 1493 645 1608 678; x_wconf 80' lang='lat' dir='ltr'>flumen</span> <span class='ocrx_word' id='word_1_296' title='bbox 1633 647 1742 687; x_wconf 81' lang='lat' dir='ltr'>Rheni,</span> <span class='ocrx_word' id='word_1_297' title='bbox 1759 647 1843 690; x_wconf 88' lang='lat' dir='ltr'>quod</span> <span class='ocrx_word' id='word_1_298' title='bbox 1864 656 1946 678; x_wconf 82' lang='lat' dir='ltr'>nunc</span> 
     </span>
     <span class='ocr_line' id='line_1_60' title="bbox 1210 698 1946 744; baseline 0.003 -15"><span class='ocrx_word' id='word_1_299' title='bbox 1210 698 1240 729; x_wconf 93' lang='lat' dir='ltr'>in</span> <span class='ocrx_word' id='word_1_300' title='bbox 1265 698 1375 730; x_wconf 75' lang='lat' dir='ltr'>vallem</span> <span class='ocrx_word' id='word_1_301' title='bbox 1401 698 1429 731; x_wconf 83' lang='lat' dir='ltr'>S.</span> <span class='ocrx_word' id='word_1_302' title='bbox 1452 699 1573 731; x_wconf 86' lang='lat' dir='ltr'>Martini</span> <span class='ocrx_word' id='word_1_303' title='bbox 1598 705 1807 744; x_wconf 83' lang='lat' dir='ltr'>nuncupatam</span> <span class='ocrx_word' id='word_1_304' title='bbox 1835 699 1946 741; x_wconf 72' lang='lat' dir='ltr'>influit,</span> 
     </span>
     <span class='ocr_line' id='line_1_61' title="bbox 1209 752 1948 796; baseline 0 -12"><span class='ocrx_word' id='word_1_305' title='bbox 1209 756 1246 794; x_wconf 75' lang='lat' dir='ltr'>et,</span> <span class='ocrx_word' id='word_1_306' title='bbox 1274 752 1313 785; x_wconf 88' lang='lat' dir='ltr'>ob</span> <span class='ocrx_word' id='word_1_307' title='bbox 1338 752 1544 796; x_wconf 75' lang='lat' dir='ltr'>repletionem</span> <span class='ocrx_word' id='word_1_308' title='bbox 1570 752 1708 785; x_wconf 89' lang='lat' dir='ltr'>eiusdem</span> <span class='ocrx_word' id='word_1_309' title='bbox 1734 753 1831 794; x_wconf 86' lang='lat' dir='ltr'>vallis,</span> <span class='ocrx_word' id='word_1_310' title='bbox 1849 753 1948 786; x_wconf 87' lang='lat' dir='ltr'>omni—</span> 
     </span>
     <span class='ocr_line' id='line_1_62' title="bbox 1208 805 1946 849; baseline 0.001 -12"><span class='ocrx_word' id='word_1_311' title='bbox 1208 805 1265 837; x_wconf 84' lang='lat' dir='ltr'>bus</span> <span class='ocrx_word' id='word_1_312' title='bbox 1292 805 1479 849; x_wconf 87' lang='lat' dir='ltr'>supradictis</span> <span class='ocrx_word' id='word_1_313' title='bbox 1508 805 1629 838; x_wconf 85' lang='lat' dir='ltr'>damnis</span> <span class='ocrx_word' id='word_1_314' title='bbox 1656 812 1686 838; x_wconf 90' lang='lat' dir='ltr'>et</span> <span class='ocrx_word' id='word_1_315' title='bbox 1705 805 1853 849; x_wconf 88' lang='lat' dir='ltr'>periculis</span> <span class='ocrx_word' id='word_1_316' title='bbox 1872 817 1946 839; x_wconf 87' lang='lat' dir='ltr'>cau-</span> 
     </span>
     <span class='ocr_line' id='line_1_63' title="bbox 1209 859 1947 902; baseline 0.001 -12"><span class='ocrx_word' id='word_1_317' title='bbox 1209 869 1273 891; x_wconf 81' lang='lat' dir='ltr'>sam</span> <span class='ocrx_word' id='word_1_318' title='bbox 1298 859 1437 902; x_wconf 87' lang='lat' dir='ltr'>praebet,</span> <span class='ocrx_word' id='word_1_319' title='bbox 1455 870 1471 891; x_wconf 90' lang='lat' dir='ltr'>a</span> <span class='ocrx_word' id='word_1_320' title='bbox 1489 869 1546 892; x_wconf 83' lang='lat' dir='ltr'>suo</span> <span class='ocrx_word' id='word_1_321' title='bbox 1563 870 1658 892; x_wconf 88' lang='lat' dir='ltr'>cursu</span> <span class='ocrx_word' id='word_1_322' title='bbox 1683 859 1835 892; x_wconf 88' lang='lat' dir='ltr'>moderno</span> <span class='ocrx_word' id='word_1_323' title='bbox 1851 863 1881 893; x_wconf 91' lang='lat' dir='ltr'>et</span> <span class='ocrx_word' id='word_1_324' title='bbox 1897 869 1947 892; x_wconf 88' lang='grc' dir='ltr'>οι·-</span> 
     </span>
     <span class='ocr_line' id='line_1_64' title="bbox 1208 909 1946 944; baseline 0 -2"><span class='ocrx_word' id='word_1_325' title='bbox 1208 909 1330 943; x_wconf 87' lang='lat' dir='ltr'>dinario</span> <span class='ocrx_word' id='word_1_326' title='bbox 1366 910 1396 942; x_wconf 91' lang='lat' dir='ltr'>in</span> <span class='ocrx_word' id='word_1_327' title='bbox 1421 910 1582 943; x_wconf 88' lang='lat' dir='ltr'>territorio</span> <span class='ocrx_word' id='word_1_328' title='bbox 1607 910 1793 944; x_wconf 89' lang='lat' dir='ltr'>Bononiensi</span> <span class='ocrx_word' id='word_1_329' title='bbox 1824 915 1853 942; x_wconf 89' lang='lat' dir='ltr'>et</span> <span class='ocrx_word' id='word_1_330' title='bbox 1877 910 1946 943; x_wconf 90' lang='lat' dir='ltr'>loco</span> 
     </span>
     <span class='ocr_line' id='line_1_65' title="bbox 1207 964 1947 1008; baseline 0 -13"><span class='ocrx_word' id='word_1_331' title='bbox 1207 964 1358 996; x_wconf 84' lang='lat' dir='ltr'>Mirabelli</span> <span class='ocrx_word' id='word_1_332' title='bbox 1383 964 1477 1006; x_wconf 79' lang='lat' dir='ltr'>vulgo</span> <span class='ocrx_word' id='word_1_333' title='bbox 1502 969 1682 1008; x_wconf 84' lang='lat' dir='ltr'>nuncupato</span> <span class='ocrx_word' id='word_1_334' title='bbox 1707 974 1897 1004; x_wconf 86' lang='lat' dir='ltr'>removeres,</span> <span class='ocrx_word' id='word_1_335' title='bbox 1917 969 1947 996; x_wconf 87' lang='lat' dir='ltr'>et</span> 
     </span>
     <span class='ocr_line' id='line_1_66' title="bbox 1208 1017 1947 1061; baseline 0 -12"><span class='ocrx_word' id='word_1_336' title='bbox 1208 1028 1264 1061; x_wconf 89' lang='lat' dir='ltr'>per</span> <span class='ocrx_word' id='word_1_337' title='bbox 1288 1018 1402 1050; x_wconf 89' lang='lat' dir='ltr'>lineam</span> <span class='ocrx_word' id='word_1_338' title='bbox 1427 1023 1544 1051; x_wconf 85' lang='lat' dir='ltr'>rectam</span> <span class='ocrx_word' id='word_1_339' title='bbox 1561 1018 1600 1050; x_wconf 85' lang='lat' dir='ltr'>ad</span> <span class='ocrx_word' id='word_1_340' title='bbox 1620 1018 1724 1051; x_wconf 89' lang='lat' dir='ltr'>locum</span> <span class='ocrx_word' id='word_1_341' title='bbox 1751 1017 1899 1057; x_wconf 85' lang='lat' dir='ltr'>Boudeni,</span> <span class='ocrx_word' id='word_1_342' title='bbox 1916 1022 1947 1050; x_wconf 85' lang='lat' dir='ltr'>et</span> 
     </span>
     <span class='ocr_line' id='line_1_67' title="bbox 1207 1070 1947 1114; baseline 0 -12"><span class='ocrx_word' id='word_1_343' title='bbox 1207 1081 1262 1114; x_wconf 86' lang='lat' dir='ltr'>per</span> <span class='ocrx_word' id='word_1_344' title='bbox 1285 1071 1373 1104; x_wconf 90' lang='lat' dir='ltr'>illum</span> <span class='ocrx_word' id='word_1_345' title='bbox 1397 1071 1435 1104; x_wconf 88' lang='lat' dir='ltr'>ad</span> <span class='ocrx_word' id='word_1_346' title='bbox 1459 1072 1564 1104; x_wconf 87' lang='lat' dir='ltr'>locum</span> <span class='ocrx_word' id='word_1_347' title='bbox 1590 1071 1779 1105; x_wconf 86' lang='lat' dir='ltr'>Gambaroni</span> <span class='ocrx_word' id='word_1_348' title='bbox 1804 1070 1947 1103; x_wconf 89' lang='lat' dir='ltr'>similiter</span> 
     </span>
     <span class='ocr_line' id='line_1_68' title="bbox 1207 1124 1947 1169; baseline -0.001 -13"><span class='ocrx_word' id='word_1_349' title='bbox 1207 1130 1434 1169; x_wconf 75' lang='lat' dir='ltr'>nuncupatum,</span> <span class='ocrx_word' id='word_1_350' title='bbox 1453 1130 1483 1158; x_wconf 87' lang='lat' dir='ltr'>et</span> <span class='ocrx_word' id='word_1_351' title='bbox 1507 1125 1602 1165; x_wconf 88' lang='lat' dir='ltr'>illinc,</span> <span class='ocrx_word' id='word_1_352' title='bbox 1620 1125 1668 1157; x_wconf 91' lang='lat' dir='ltr'>vel</span> <span class='ocrx_word' id='word_1_353' title='bbox 1688 1124 1810 1157; x_wconf 88' lang='lat' dir='ltr'>unitum</span> <span class='ocrx_word' id='word_1_354' title='bbox 1830 1124 1879 1156; x_wconf 90' lang='lat' dir='ltr'>vel</span> <span class='ocrx_word' id='word_1_355' title='bbox 1903 1134 1947 1156; x_wconf 90' lang='lat' dir='ltr'>se-</span> 
     </span>
     <span class='ocr_line' id='line_1_69' title="bbox 1207 1177 1945 1221; baseline -0.001 -11"><span class='ocrx_word' id='word_1_356' title='bbox 1207 1183 1350 1221; x_wconf 84' lang='lat' dir='ltr'>paratum</span> <span class='ocrx_word' id='word_1_357' title='bbox 1376 1189 1446 1212; x_wconf 87' lang='lat' dir='ltr'>cum</span> <span class='ocrx_word' id='word_1_358' title='bbox 1472 1178 1601 1211; x_wconf 86' lang='lat' dir='ltr'>flumine</span> <span class='ocrx_word' id='word_1_359' title='bbox 1626 1178 1756 1219; x_wconf 78' lang='lat' dir='ltr'>Panare,</span> <span class='ocrx_word' id='word_1_360' title='bbox 1773 1177 1811 1210; x_wconf 80' lang='lat' dir='ltr'>ad</span> <span class='ocrx_word' id='word_1_361' title='bbox 1828 1177 1945 1210; x_wconf 86' lang='lat' dir='ltr'>flumen</span> 
     </span>
     <span class='ocr_line' id='line_1_70' title="bbox 1208 1231 1946 1275; baseline -0.001 -12"><span class='ocrx_word' id='word_1_362' title='bbox 1208 1232 1281 1264; x_wconf 88' lang='lat' dir='ltr'>Padi</span> <span class='ocrx_word' id='word_1_363' title='bbox 1307 1232 1422 1275; x_wconf 79' lang='lat' dir='ltr'>magni,</span> <span class='ocrx_word' id='word_1_364' title='bbox 1443 1237 1473 1264; x_wconf 89' lang='lat' dir='ltr'>et</span> <span class='ocrx_word' id='word_1_365' title='bbox 1497 1232 1600 1265; x_wconf 88' lang='lat' dir='ltr'>locum</span> <span class='ocrx_word' id='word_1_366' title='bbox 1624 1232 1654 1264; x_wconf 87' lang='lat' dir='ltr'>la</span> <span class='ocrx_word' id='word_1_367' title='bbox 1678 1232 1803 1273; x_wconf 65' lang='lat' dir='ltr'>stellata</span> <span class='ocrx_word' id='word_1_368' title='bbox 1828 1231 1946 1274; x_wconf 82' lang='lat' dir='ltr'>pariter</span> 
     </span>
     <span class='ocr_line' id='line_1_71' title="bbox 1206 1269 1944 1328; baseline -0.003 -11"><span class='ocrx_word' id='word_1_369' title='bbox 1206 1290 1432 1328; x_wconf 90' lang='lat' dir='ltr'>nuncupatum,</span> <span class='ocrx_word' id='word_1_370' title='bbox 1446 1285 1530 1318; x_wconf 88' lang='lat' dir='ltr'>iuxta</span> <span class='ocrx_word' id='word_1_371' title='bbox 1544 1284 1641 1328; x_wconf 87' lang='lat' dir='ltr'>ipsius</span> <span class='ocrx_word' id='word_1_372' title='bbox 1655 1269 1755 1318; x_wconf 46' lang='lat' dir='ltr'>lin*</span> <span class='ocrx_word' id='word_1_373' title='bbox 1768 1289 1875 1328; x_wconf 64' lang='lat' dir='ltr'>typum</span> <span class='ocrx_word' id='word_1_374' title='bbox 1890 1283 1944 1316; x_wconf 90' lang='lat' dir='ltr'>tibi</span> 
     </span>
     <span class='ocr_line' id='line_1_72' title="bbox 1208 1337 1945 1380; baseline 0 -11"><span class='ocrx_word' id='word_1_375' title='bbox 1208 1338 1434 1380; x_wconf 75' lang='lat' dir='ltr'>transmissum,</span> <span class='ocrx_word' id='word_1_376' title='bbox 1452 1348 1508 1370; x_wconf 87' lang='lat' dir='ltr'>seu</span> <span class='ocrx_word' id='word_1_377' title='bbox 1532 1337 1570 1370; x_wconf 88' lang='lat' dir='ltr'>ad</span> <span class='ocrx_word' id='word_1_378' title='bbox 1595 1338 1689 1370; x_wconf 85' lang='lat' dir='ltr'>alium</span> <span class='ocrx_word' id='word_1_379' title='bbox 1714 1346 1945 1380; x_wconf 90' lang='lat' dir='ltr'>quemcumque</span> 
     </span>
     <span class='ocr_line' id='line_1_73' title="bbox 1207 1390 1944 1434; baseline -0.001 -11"><span class='ocrx_word' id='word_1_380' title='bbox 1207 1391 1322 1431; x_wconf 82' lang='lat' dir='ltr'>locum,</span> <span class='ocrx_word' id='word_1_381' title='bbox 1339 1391 1391 1434; x_wconf 89' lang='lat' dir='ltr'>qui</span> <span class='ocrx_word' id='word_1_382' title='bbox 1412 1391 1467 1423; x_wconf 88' lang='lat' dir='ltr'>tibi</span> <span class='ocrx_word' id='word_1_383' title='bbox 1493 1391 1652 1424; x_wconf 75' lang='lat' dir='ltr'>videretur</span> <span class='ocrx_word' id='word_1_384' title='bbox 1677 1395 1707 1423; x_wconf 88' lang='lat' dir='ltr'>et</span> <span class='ocrx_word' id='word_1_385' title='bbox 1726 1391 1873 1434; x_wconf 82' lang='lat' dir='ltr'>placeret,</span> <span class='ocrx_word' id='word_1_386' title='bbox 1889 1390 1944 1422; x_wconf 87' lang='lat' dir='ltr'>de-</span> 
     </span>
     <span class='ocr_line' id='line_1_74' title="bbox 1207 1444 1946 1529; baseline 0 -54"><span class='ocrx_word' id='word_1_387' title='bbox 1207 1444 1322 1477; x_wconf 86' lang='lat' dir='ltr'>ducere</span> <span class='ocrx_word' id='word_1_388' title='bbox 1335 1451 1364 1477; x_wconf 91' lang='lat' dir='ltr'>et</span> <span class='ocrx_word' id='word_1_389' title='bbox 1378 1444 1520 1477; x_wconf 86' lang='lat' dir='ltr'>derivare</span> <span class='ocrx_word' id='word_1_390' title='bbox 1533 1455 1641 1488; x_wconf 87' lang='lat' dir='ltr'>posses</span> <span class='ocrx_word' id='word_1_391' title='bbox 1655 1444 1838 1529; x_wconf 44' lang='lat' dir='ltr'>‹ffeberes</span> <span class='ocrx_word' id='word_1_392' title='bbox 1852 1448 1946 1487; x_wconf 83' lang='lat' dir='ltr'>prout</span> 
     </span>
     <span class='ocr_line' id='line_1_75' title="bbox 1208 1496 1945 1538; baseline 0 -10"><span class='ocrx_word' id='word_1_393' title='bbox 1208 1497 1237 1529; x_wconf 92' lang='lat' dir='ltr'>in</span> <span class='ocrx_word' id='word_1_394' title='bbox 1258 1497 1369 1530; x_wconf 83' lang='lat' dir='ltr'>litteris</span> <span class='ocrx_word' id='word_1_395' title='bbox 1394 1497 1520 1538; x_wconf 86' lang='lat' dir='ltr'>nostris,</span> <span class='ocrx_word' id='word_1_396' title='bbox 1541 1497 1572 1529; x_wconf 89' lang='lat' dir='ltr'>in</span> <span class='ocrx_word' id='word_1_397' title='bbox 1589 1497 1658 1530; x_wconf 86' lang='lat' dir='ltr'>simi</span> <span class='ocrx_word' id='word_1_398' title='bbox 1715 1498 1805 1529; x_wconf 71' lang='lat' dir='ltr'>orma</span> <span class='ocrx_word' id='word_1_399' title='bbox 1829 1496 1945 1537; x_wconf 86' lang='lat' dir='ltr'>Brevis,</span> 
     </span>
     <span class='ocr_line' id='line_1_76' title="bbox 1207 1550 1947 1594; baseline -0.001 -11"><span class='ocrx_word' id='word_1_400' title='bbox 1207 1550 1265 1584; x_wconf 90' lang='lat' dir='ltr'>sub</span> <span class='ocrx_word' id='word_1_401' title='bbox 1290 1551 1339 1583; x_wconf 85' lang='lat' dir='ltr'>die</span> <span class='ocrx_word' id='word_1_402' title='bbox 1363 1561 1394 1584; x_wconf 86' lang='lat' dir='ltr'>1v</span> <span class='ocrx_word' id='word_1_403' title='bbox 1412 1551 1594 1584; x_wconf 71' lang='lat' dir='ltr'>novembris</span> <span class='ocrx_word' id='word_1_404' title='bbox 1607 1551 1678 1583; x_wconf 90' lang='lat' dir='ltr'>anni</span> <span class='ocrx_word' id='word_1_405' title='bbox 1696 1550 1839 1594; x_wconf 83' lang='lat' dir='ltr'>proxime</span> <span class='ocrx_word' id='word_1_406' title='bbox 1859 1560 1947 1593; x_wconf 86' lang='lat' dir='ltr'>prae-</span> 
     </span>
     <span class='ocr_line' id='line_1_77' title="bbox 1208 1602 1946 1648; baseline 0 -13"><span class='ocrx_word' id='word_1_407' title='bbox 1208 1604 1289 1636; x_wconf 88' lang='lat' dir='ltr'>teriti</span> <span class='ocrx_word' id='word_1_408' title='bbox 1314 1604 1480 1648; x_wconf 82' lang='lat' dir='ltr'>expeditis,</span> <span class='ocrx_word' id='word_1_409' title='bbox 1501 1604 1618 1638; x_wconf 85' lang='lat' dir='ltr'>tenoris</span> <span class='ocrx_word' id='word_1_410' title='bbox 1642 1604 1843 1647; x_wconf 84' lang='lat' dir='ltr'>infrascripti,</span> <span class='ocrx_word' id='word_1_411' title='bbox 1863 1602 1946 1635; x_wconf 85' lang='lat' dir='ltr'>vide-</span> 
     </span>
     <span class='ocr_line' id='line_1_78' title="bbox 1207 1657 1942 1701; baseline 0 -12"><span class='ocrx_word' id='word_1_412' title='bbox 1207 1657 1295 1690; x_wconf 87' lang='lat' dir='ltr'>licet:</span> <span class='ocrx_word' id='word_1_413' title='bbox 1322 1658 1498 1691; x_wconf 73' lang='lat' dir='ltr'>Venerabili</span> <span class='ocrx_word' id='word_1_414' title='bbox 1523 1658 1611 1691; x_wconf 89' lang='lat' dir='ltr'>fratri</span> <span class='ocrx_word' id='word_1_415' title='bbox 1637 1657 1763 1691; x_wconf 81' lang='lat' dir='ltr'>Octavio</span> <span class='ocrx_word' id='word_1_416' title='bbox 1783 1657 1942 1701; x_wconf 88' lang='lat' dir='ltr'>archiepi-</span> 
     </span>
     <span class='ocr_line' id='line_1_79' title="bbox 1207 1711 1946 1755; baseline -0.001 -12"><span class='ocrx_word' id='word_1_417' title='bbox 1207 1721 1301 1754; x_wconf 87' lang='lat' dir='ltr'>scopo</span> <span class='ocrx_word' id='word_1_418' title='bbox 1318 1711 1461 1744; x_wconf 88' lang='lat' dir='ltr'>Tarsensi</span> <span class='ocrx_word' id='word_1_419' title='bbox 1477 1711 1656 1755; x_wconf 66' lang='lat' dir='ltr'>provinciae</span> <span class='ocrx_word' id='word_1_420' title='bbox 1671 1716 1797 1744; x_wconf 85' lang='lat' dir='ltr'>nostrae</span> <span class='ocrx_word' id='word_1_421' title='bbox 1813 1711 1946 1744; x_wconf 87' lang='lat' dir='ltr'>Roman-</span> 
     </span>
     <span class='ocr_line' id='line_1_80' title="bbox 1207 1764 1944 1808; baseline 0.001 -13"><span class='ocrx_word' id='word_1_422' title='bbox 1207 1764 1381 1797; x_wconf 87' lang='lat' dir='ltr'>mandiolae</span> <span class='ocrx_word' id='word_1_423' title='bbox 1408 1764 1553 1808; x_wconf 86' lang='lat' dir='ltr'>praesidi.</span> <span class='ocrx_word' id='word_1_424' title='bbox 1583 1765 1726 1798; x_wconf 83' lang='lat' dir='ltr'>Urbanus</span> <span class='ocrx_word' id='word_1_425' title='bbox 1751 1765 1834 1807; x_wconf 86' lang='lat' dir='ltr'>Papa</span> <span class='ocrx_word' id='word_1_426' title='bbox 1859 1764 1944 1805; x_wconf 80' lang='lat' dir='ltr'>Vlll,</span> 
     </span>
     <span class='ocr_line' id='line_1_81' title="bbox 1207 1817 1946 1861; baseline 0 -12"><span class='ocrx_word' id='word_1_427' title='bbox 1207 1818 1394 1850; x_wconf 82' lang='lat' dir='ltr'>venerabilis</span> <span class='ocrx_word' id='word_1_428' title='bbox 1413 1818 1508 1851; x_wconf 83' lang='lat' dir='ltr'>frater</span> <span class='ocrx_word' id='word_1_429' title='bbox 1532 1818 1664 1850; x_wconf 88' lang='lat' dir='ltr'>salutem</span> <span class='ocrx_word' id='word_1_430' title='bbox 1689 1823 1719 1850; x_wconf 90' lang='lat' dir='ltr'>et</span> <span class='ocrx_word' id='word_1_431' title='bbox 1743 1817 1946 1861; x_wconf 86' lang='lat' dir='ltr'>apostolicam</span> 
     </span>
     <span class='ocr_line' id='line_1_82' title="bbox 1207 1871 1945 1904; baseline 0.001 -1"><span class='ocrx_word' id='word_1_432' title='bbox 1207 1871 1464 1904; x_wconf 87' lang='lat' dir='ltr'>benedictionem.</span> <span class='ocrx_word' id='word_1_433' title='bbox 1479 1871 1611 1904; x_wconf 82' lang='lat' dir='ltr'>Assidua</span> <span class='ocrx_word' id='word_1_434' title='bbox 1624 1871 1662 1904; x_wconf 86' lang='lat' dir='ltr'>de</span> <span class='ocrx_word' id='word_1_435' title='bbox 1674 1871 1789 1904; x_wconf 86' lang='lat' dir='ltr'>nostris</span> <span class='ocrx_word' id='word_1_436' title='bbox 1801 1876 1830 1904; x_wconf 90' lang='lat' dir='ltr'>et</span> <span class='ocrx_word' id='word_1_437' title='bbox 1843 1871 1945 1904; x_wconf 85' lang='lat' dir='ltr'>S.R.E.</span> 
     </span>
     <span class='ocr_line' id='line_1_83' title="bbox 1207 1925 1947 1969; baseline 0 -12"><span class='ocrx_word' id='word_1_438' title='bbox 1207 1925 1357 1966; x_wconf 89' lang='lat' dir='ltr'>subditis,</span> <span class='ocrx_word' id='word_1_439' title='bbox 1386 1930 1442 1958; x_wconf 87' lang='lat' dir='ltr'>etc.</span> <span class='ocrx_word' id='word_1_440' title='bbox 1475 1925 1628 1969; x_wconf 78' lang='lat' dir='ltr'>(Reliqua</span> <span class='ocrx_word' id='word_1_441' title='bbox 1655 1925 1797 1959; x_wconf 68' lang='lat' dir='ltr'>invenies</span> <span class='ocrx_word' id='word_1_442' title='bbox 1825 1925 1862 1958; x_wconf 81' lang='lat' dir='ltr'>in</span> <span class='ocrx_word' id='word_1_443' title='bbox 1890 1935 1947 1958; x_wconf 79' lang='lat' dir='ltr'>suo</span> 
     </span>
     <span class='ocr_line' id='line_1_84' title="bbox 1209 1978 1315 2019; baseline 0.009 -9"><span class='ocrx_word' id='word_1_444' title='bbox 1209 1978 1315 2019; x_wconf 83' lang='lat' dir='ltr'>loco¹);</span> 
     </span>
     <span class='ocr_line' id='line_1_85' title="bbox 1252 2030 2145 2075; baseline -0.004 -11"><span class='ocrx_word' id='word_1_445' title='bbox 1252 2032 1266 2075; x_wconf 63' lang='lat' dir='ltr'>g</span> <span class='ocrx_word' id='word_1_446' title='bbox 1289 2032 1318 2064; x_wconf 62' lang='lat'>2.</span> <span class='ocrx_word' id='word_1_447' title='bbox 1345 2032 1547 2065; x_wconf 86' lang='lat' dir='ltr'>Postmodum</span> <span class='ocrx_word' id='word_1_448' title='bbox 1572 2042 1647 2065; x_wconf 80' lang='lat' dir='ltr'>vero</span> <span class='ocrx_word' id='word_1_449' title='bbox 1663 2031 1767 2064; x_wconf 84' lang='lat' dir='ltr'>dilecti</span> <span class='ocrx_word' id='word_1_450' title='bbox 1792 2031 1848 2063; x_wconf 83' lang='lat' dir='ltr'>filii</span> <span class='ocrx_word' id='word_1_451' title='bbox 1874 2030 1945 2064; x_wconf 80' lang='lat' dir='ltr'>civi·</span> <span class='ocrx_word' id='word_1_452' title='bbox 2005 2040 2145 2061; x_wconf 72' lang='lat' dir='ltr'>Communiia-</span> 
     </span>
    </p>
   </div>
   <div class='ocr_carea' id='block_1_16' title="bbox 1209 2069 2144 2128">
    <p class='ocr_par' dir='ltr' id='par_1_18' title="bbox 1209 2069 2144 2128">
     <span class='ocr_line' id='line_1_86' title="bbox 1209 2069 2144 2128; baseline -0.001 -10"><span class='ocrx_word' id='word_1_453' title='bbox 1209 2085 1278 2118; x_wconf 90' lang='lat' dir='ltr'>tatis</span> <span class='ocrx_word' id='word_1_454' title='bbox 1307 2091 1432 2118; x_wconf 88' lang='lat' dir='ltr'>nostrae</span> <span class='ocrx_word' id='word_1_455' title='bbox 1462 2086 1666 2118; x_wconf 87' lang='lat' dir='ltr'>Bononiensis</span> <span class='ocrx_word' id='word_1_456' title='bbox 1702 2095 1737 2118; x_wconf 85' lang='lat' dir='ltr'>ac</span> <span class='ocrx_word' id='word_1_457' title='bbox 1765 2085 1945 2128; x_wconf 85' lang='lat' dir='ltr'>provinciae</span> <span class='ocrx_word' id='word_1_458' title='bbox 1961 2069 2144 2117; x_wconf 58' lang='lat' dir='ltr'>iilibiiiniiliiiiiii</span> 
     </span>
    </p>
   </div>
   <div class='ocr_carea' id='block_1_17' title="bbox 1208 2120 2145 2449">
    <p class='ocr_par' dir='ltr' id='par_1_19' title="bbox 1208 2120 2145 2232">
     <span class='ocr_line' id='line_1_87' title="bbox 1209 2120 2145 2182; baseline 0 -12"><span class='ocrx_word' id='word_1_459' title='bbox 1209 2138 1448 2180; x_wconf 81' lang='lat' dir='ltr'>Romandiolae,</span> <span class='ocrx_word' id='word_1_460' title='bbox 1473 2144 1502 2171; x_wconf 88' lang='lat' dir='ltr'>et</span> <span class='ocrx_word' id='word_1_461' title='bbox 1526 2139 1730 2182; x_wconf 88' lang='lat' dir='ltr'>quamplures</span> <span class='ocrx_word' id='word_1_462' title='bbox 1754 2138 1806 2170; x_wconf 82' lang='lat' dir='ltr'>alii</span> <span class='ocrx_word' id='word_1_463' title='bbox 1831 2138 1945 2170; x_wconf 90' lang='lat' dir='ltr'>subditi</span> <span class='ocrx_word' id='word_1_464' title='bbox 1961 2120 2145 2172; x_wconf 47' lang='grc' dir='ltr'>ξᾶἃιζιῗιᾞῧὲῗῗὲἷ</span> 
     </span>
     <span class='ocr_line' id='line_1_88' title="bbox 1208 2175 2072 2232; baseline 0 -9"><span class='ocrx_word' id='word_1_465' title='bbox 1208 2192 1317 2232; x_wconf 85' lang='lat' dir='ltr'>nostri,</span> <span class='ocrx_word' id='word_1_466' title='bbox 1335 2192 1511 2225; x_wconf 87' lang='lat' dir='ltr'>dubitantes</span> <span class='ocrx_word' id='word_1_467' title='bbox 1531 2192 1739 2225; x_wconf 86' lang='lat' dir='ltr'>remotionem</span> <span class='ocrx_word' id='word_1_468' title='bbox 1757 2191 1831 2224; x_wconf 82' lang='lat' dir='ltr'>dieti</span> <span class='ocrx_word' id='word_1_469' title='bbox 1847 2191 1947 2224; x_wconf 86' lang='lat' dir='ltr'>ssumi-</span> <span class='ocrx_word' id='word_1_470' title='bbox 1961 2175 2072 2199; x_wconf 55' lang='lat' dir='ltr'><strong>Wpehffl&#39;</strong></span> 
     </span>
    </p>

    <p class='ocr_par' dir='ltr' id='par_1_20' title="bbox 1210 2244 1945 2278">
     <span class='ocr_line' id='line_1_89' title="bbox 1210 2244 1945 2278; baseline 0.003 -3"><span class='ocrx_word' id='word_1_471' title='bbox 1210 2244 1256 2276; x_wconf 86' lang='lat' dir='ltr'>nis</span> <span class='ocrx_word' id='word_1_472' title='bbox 1281 2256 1297 2276; x_wconf 88' lang='lat' dir='ltr'>a</span> <span class='ocrx_word' id='word_1_473' title='bbox 1321 2245 1390 2278; x_wconf 86' lang='lat' dir='ltr'>loco</span> <span class='ocrx_word' id='word_1_474' title='bbox 1415 2245 1566 2278; x_wconf 86' lang='lat' dir='ltr'>Mirabelli</span> <span class='ocrx_word' id='word_1_475' title='bbox 1591 2251 1620 2278; x_wconf 87' lang='lat' dir='ltr'>et</span> <span class='ocrx_word' id='word_1_476' title='bbox 1643 2244 1891 2278; x_wconf 74' lang='lat' dir='ltr'>derivationem2</span> <span class='ocrx_word' id='word_1_477' title='bbox 1907 2244 1945 2277; x_wconf 85' lang='lat' dir='ltr'>ad</span> 
     </span>
    </p>

    <p class='ocr_par' dir='ltr' id='par_1_21' title="bbox 1210 2298 1947 2342">
     <span class='ocr_line' id='line_1_90' title="bbox 1210 2298 1947 2342; baseline 0 -12"><span class='ocrx_word' id='word_1_478' title='bbox 1210 2299 1325 2331; x_wconf 80' lang='lat' dir='ltr'>flumen</span> <span class='ocrx_word' id='word_1_479' title='bbox 1350 2298 1424 2331; x_wconf 88' lang='lat' dir='ltr'>Padi</span> <span class='ocrx_word' id='word_1_480' title='bbox 1450 2298 1644 2342; x_wconf 87' lang='lat' dir='ltr'>supradictas</span> <span class='ocrx_word' id='word_1_481' title='bbox 1662 2308 1726 2331; x_wconf 90' lang='lat' dir='ltr'>non</span> <span class='ocrx_word' id='word_1_482' title='bbox 1749 2298 1816 2331; x_wconf 88' lang='lat' dir='ltr'>sore</span> <span class='ocrx_word' id='word_1_483' title='bbox 1839 2308 1947 2342; x_wconf 88' lang='lat' dir='ltr'>perpe-</span> 
     </span>
    </p>

    <p class='ocr_par' dir='ltr' id='par_1_22' title="bbox 1210 2351 1946 2395">
     <span class='ocr_line' id='line_1_91' title="bbox 1210 2351 1946 2395; baseline 0 -11"><span class='ocrx_word' id='word_1_484' title='bbox 1210 2358 1287 2393; x_wconf 78' lang='lat' dir='ltr'>tuas,</span> <span class='ocrx_word' id='word_1_485' title='bbox 1314 2352 1368 2384; x_wconf 88' lang='lat' dir='ltr'>sed</span> <span class='ocrx_word' id='word_1_486' title='bbox 1392 2352 1429 2384; x_wconf 89' lang='lat' dir='ltr'>ad</span> <span class='ocrx_word' id='word_1_487' title='bbox 1454 2357 1588 2395; x_wconf 86' lang='lat' dir='ltr'>tempus,</span> <span class='ocrx_word' id='word_1_488' title='bbox 1613 2351 1669 2392; x_wconf 79' lang='lat' dir='ltr'>et³,</span> <span class='ocrx_word' id='word_1_489' title='bbox 1687 2357 1721 2384; x_wconf 88' lang='lat' dir='ltr'>ut</span> <span class='ocrx_word' id='word_1_490' title='bbox 1745 2351 1867 2393; x_wconf 81' lang='lat' dir='ltr'>dieitur,</span> <span class='ocrx_word' id='word_1_491' title='bbox 1888 2361 1946 2394; x_wconf 85' lang='lat' dir='ltr'>pro</span> 
     </span>
    </p>

    <p class='ocr_par' dir='ltr' id='par_1_23' title="bbox 1210 2404 1946 2449">
     <span class='ocr_line' id='line_1_92' title="bbox 1210 2404 1946 2449; baseline -0.001 -11"><span class='ocrx_word' id='word_1_492' title='bbox 1210 2406 1344 2447; x_wconf 72' lang='lat' dir='ltr'>interim7</span> <span class='ocrx_word' id='word_1_493' title='bbox 1360 2410 1490 2449; x_wconf 84' lang='lat' dir='ltr'>propter</span> <span class='ocrx_word' id='word_1_494' title='bbox 1507 2405 1656 2438; x_wconf 85' lang='lat' dir='ltr'>nonnulla</span> <span class='ocrx_word' id='word_1_495' title='bbox 1670 2405 1764 2438; x_wconf 82' lang='lat' dir='ltr'>verba</span> <span class='ocrx_word' id='word_1_496' title='bbox 1780 2405 1811 2438; x_wconf 92' lang='lat' dir='ltr'>in</span> <span class='ocrx_word' id='word_1_497' title='bbox 1828 2404 1946 2438; x_wconf 88' lang='lat' dir='ltr'>eisdem</span> 
     </span>
    </p>
   </div>
   <div class='ocr_carea' id='block_1_18' title="bbox 1209 2457 1948 2502">
    <p class='ocr_par' dir='ltr' id='par_1_24' title="bbox 1209 2457 1948 2502">
     <span class='ocr_line' id='line_1_93' title="bbox 1209 2457 1948 2502; baseline -0.001 -11"><span class='ocrx_word' id='word_1_498' title='bbox 1209 2459 1325 2492; x_wconf 88' lang='lat' dir='ltr'>nostris</span> <span class='ocrx_word' id='word_1_499' title='bbox 1349 2459 1553 2502; x_wconf 84' lang='lat' dir='ltr'>praeinsertis</span> <span class='ocrx_word' id='word_1_500' title='bbox 1578 2459 1689 2492; x_wconf 88' lang='lat' dir='ltr'>litteris</span> <span class='ocrx_word' id='word_1_501' title='bbox 1714 2458 1861 2491; x_wconf 73' lang='lat' dir='ltr'>informa</span> <span class='ocrx_word' id='word_1_502' title='bbox 1877 2457 1948 2491; x_wconf 86' lang='lat' dir='ltr'>Bre-</span> 
     </span>
    </p>
   </div>
   <div class='ocr_carea' id='block_1_19' title="bbox 1245 2538 1901 2661">
    <p class='ocr_par' dir='ltr' id='par_1_25' title="bbox 1245 2538 1901 2661">
     <span class='ocr_line' id='line_1_94' title="bbox 1246 2538 1753 2578; baseline 0 -13"><span class='ocrx_word' id='word_1_503' title='bbox 1246 2539 1257 2565; x_wconf 60' lang='lat' dir='ltr'>‘l</span> <span class='ocrx_word' id='word_1_504' title='bbox 1275 2538 1338 2565; x_wconf 75' lang='lat' dir='ltr'>Vide</span> <span class='ocrx_word' id='word_1_505' title='bbox 1354 2547 1413 2573; x_wconf 85' lang='lat' dir='ltr'>sup.</span> <span class='ocrx_word' id='word_1_506' title='bbox 1431 2547 1490 2573; x_wconf 85' lang='lat' dir='ltr'>pag.</span> <span class='ocrx_word' id='word_1_507' title='bbox 1512 2539 1545 2566; x_wconf 69' lang='lat'>28</span> <span class='ocrx_word' id='word_1_508' title='bbox 1565 2545 1601 2570; x_wconf 78' lang='lat' dir='ltr'>(R.</span> <span class='ocrx_word' id='word_1_509' title='bbox 1618 2538 1667 2573; x_wconf 62' lang='lat' dir='ltr'>rx).</span> <span class='ocrx_word' id='word_1_510' title='bbox 1751 2574 1753 2578; x_wconf 31' lang='grc' dir='ltr'>ι</span> 
     </span>
     <span class='ocr_line' id='line_1_95' title="bbox 1245 2582 1901 2618; baseline 0 -9"><span class='ocrx_word' id='word_1_511' title='bbox 1245 2583 1260 2609; x_wconf 70' lang='grc'>2</span> <span class='ocrx_word' id='word_1_512' title='bbox 1275 2582 1340 2609; x_wconf 81' lang='lat' dir='ltr'>Male</span> <span class='ocrx_word' id='word_1_513' title='bbox 1357 2583 1420 2609; x_wconf 87' lang='lat' dir='ltr'>edit.</span> <span class='ocrx_word' id='word_1_514' title='bbox 1436 2583 1516 2610; x_wconf 78' lang='lat' dir='ltr'>Main.</span> <span class='ocrx_word' id='word_1_515' title='bbox 1533 2583 1599 2618; x_wconf 80' lang='lat' dir='ltr'>legit</span> <span class='ocrx_word' id='word_1_516' title='bbox 1612 2583 1790 2611; x_wconf 73' lang='lat' dir='ltr'>derivatione</span> <span class='ocrx_word' id='word_1_517' title='bbox 1804 2585 1841 2618; x_wconf 78' lang='lat' dir='ltr'>(n.</span> <span class='ocrx_word' id='word_1_518' title='bbox 1853 2582 1901 2617; x_wconf 55' lang='lat'>12).</span> 
     </span>
     <span class='ocr_line' id='line_1_96' title="bbox 1245 2627 1795 2661; baseline -0.004 -7"><span class='ocrx_word' id='word_1_519' title='bbox 1245 2628 1261 2654; x_wconf 87' lang='lat'><strong>3</strong></span> <span class='ocrx_word' id='word_1_520' title='bbox 1277 2627 1437 2654; x_wconf 71' lang='lat' dir='ltr'>particulam</span> <span class='ocrx_word' id='word_1_521' title='bbox 1453 2630 1478 2655; x_wconf 77' lang='lat' dir='ltr'>ec</span> <span class='ocrx_word' id='word_1_522' title='bbox 1493 2636 1542 2655; x_wconf 86' lang='lat' dir='ltr'>nos</span> <span class='ocrx_word' id='word_1_523' title='bbox 1556 2627 1681 2655; x_wconf 81' lang='lat' dir='ltr'>addimus</span> <span class='ocrx_word' id='word_1_524' title='bbox 1694 2629 1731 2661; x_wconf 76' lang='lat' dir='ltr'>(n.</span> <span class='ocrx_word' id='word_1_525' title='bbox 1748 2629 1795 2661; x_wconf 82' lang='grc' dir='ltr'>τ.).</span> 
     </span>
    </p>
   </div>
   <div class='ocr_carea' id='block_1_20' title="bbox 2198 2541 2221 3224">
    <p class='ocr_par' dir='ltr' id='par_1_26' title="bbox 2198 2541 2221 3224">
     <span class='ocr_line' id='line_1_97' title="bbox 2198 2541 2221 3224; baseline 0 0"><span class='ocrx_word' id='word_1_526' title='bbox 2198 2541 2221 3224; x_wconf 95' lang='lat' dir='ltr'> </span> 
     </span>
    </p>
   </div>
  </div>
 </body>
</html>
