2248 3229
113 245 164 274 An.
178 244 209 274 C.
229 244 296 274 1634

922 244 1064 270 unnanns

312 292 425 337 primis
448 296 478 325 et
503 295 574 326 ante
599 293 704 327 onmia
730 293 954 337 praelegantur
979 295 1071 334 con-,¹

311 345 489 379 stitutiones
519 345 557 379 de
587 346 734 390 qualitate
759 352 787 380 01
814 346 971 391 requisitis
996 338 1071 395 eli-J

311 398 498 442 gendorum.

355 453 403 486 Ad
428 453 550 495 officia,
576 453 692 497 gradus
727 459 754 487 et
787 454 982 498 praelaturas
1011 454 1053 486 illi

311 506 479 551 pr'aecipue
505 507 678 550 eligantur,
703 507 756 551 qui
786 507 905 551 possint
930 513 960 539 ct
985 517 1056 540 con-

313 559 473 593 sueverint
493 560 619 603 regulas
633 559 757 593 Ordinis
771 565 800 592 et
818 560 1055 594 constitutiones

311 613 495 654 observare,
519 613 716 657 praesertim,
742 623 821 657 quae
840 613 997 657 pertinent
1018 613 1055 646 ad

312 666 476 699 servitium
510 666 598 700 chori
633 677 668 700 ae
701 666 817 701 rictum
849 671 877 700 et
909 666 1055 699 vestitum

312 729 524 752 communem.
1072 763 1073 766 Ἰ

354 772 558 806 Declaramus
590 778 717 814 autem,
742 773 844 807 officia
876 772 1073 818 supradicta]

312 826 344 859 in
367 828 430 860 una
451 826 626 870 eademque
650 828 786 871 persona
804 836 871 860 esse
896 826 1055 870 incompa-
1072 862 1073 875 ¹

313 879 422 921 tibilia,
448 890 483 913 ea
508 880 670 921 videlicet,
695 890 774 924 quae
801 879 831 912 in
856 879 992 923 capitulo
1017 877 1073 928 de}

312 932 518 966 electionibus
543 943 639 978 supra
664 932 896 974 describuntur,
916 942 1073 970 omnem-g

299 996 373 1034 ⁴que
397 986 582 1021 electionem
608 997 677 1020 esse
700 986 829 1028 nullam,
847 996 928 1030 quae
946 990 1055 1019 contra
1072 978 1073 1033 ζ

141 1164 198 1184 Ordo
212 1165 298 1185 electu·-

114 1196 174 1212 num.

172 2610 203 2632 De
222 2610 301 2633 abbate

118 2637 219 2663 generati.

313 1040 360 1073 vel
379 1049 443 1074 non
463 1042 585 1074 servata
605 1041 708 1074 forma
730 1040 760 1073 in
778 1039 1055 1074 constitutionibus
1072 1042 1073 1084 f

313 1093 472 1138 descripta
497 1094 575 1128 sacta
596 1094 698 1127 suerit.
1072 1085 1073 1093 ¹

358 1147 464 1180 Prima
487 1147 598 1181 electio
629 1147 683 1180 fiat
707 1146 744 1180 de
769 1147 871 1191 priori
896 1144 1074 1182 claustrali]

313 1200 408 1234 huius
423 1200 623 1241 monasterii,
640 1199 777 1234 secunda
797 1200 834 1234 de
852 1206 987 1245 quatuor
1007 1201 1058 1235 de-

313 1253 494 1288 finitoribus
526 1254 653 1299 capituli
685 1254 862 1298 generalis3
898 1256 988 1288 tertia
1018 1255 1055 1290 de
1073 1259 1074 1284 i

313 1307 436 1341 duobus
458 1307 689 1348 visitatoribu53
714 1313 826 1353 quarta
851 1308 889 1342 de
908 1320 1057 1353 procura-

314 1367 381 1395 tore
405 1362 562 1406 generali;
587 1363 695 1407 quinta
720 1363 758 1396 de
782 1363 1000 1407 superioribus
1015 1365 1074 1403 lo-}

314 1415 434 1449 calibus
446 1415 556 1450 ordine
569 1416 761 1461 antiquitatis
775 1416 943 1451 domorum
951 1428 959 1458 3
972 1422 1056 1451 sexta
1073 1408 1074 1437 l

314 1469 352 1503 de
376 1469 541 1514 superiore
571 1470 665 1504 huius
698 1471 898 1511 monasterii3
924 1464 1075 1516 septima'*¹

314 1523 352 1556 de
375 1523 535 1567 magistris
558 1523 762 1566 novitiorum,
783 1535 863 1569 quae
881 1530 986 1558 tamen
1002 1536 1056 1570 po·
1074 1543 1075 1568 ff

314 1577 387 1612 terit
409 1577 546 1611 secunda
571 1584 625 1612 aut
649 1579 741 1612 tertia
763 1579 834 1613 sieri
859 1579 991 1614 arbitrio
1009 1590 1057 1614 ca-

313 1630 405 1675 pituli
429 1631 595 1675 generalis.

357 1686 391 1718 In
415 1695 492 1719 casu
515 1690 629 1727 autem,
647 1696 710 1729 quo
731 1686 842 1720 electio
864 1687 1057 1720 reverendis-

313 1739 384 1772 simi
408 1739 528 1773 abbatis
552 1740 709 1783 generalis
734 1740 766 1773 in
791 1741 930 1786 capitulo
954 1752 1052 1788 gene-
1073 1766 1075 1782 1

313 1793 372 1826 rali
396 1793 516 1827 veniret
539 1794 690 1836 facienda,
709 1795 812 1838 prima
837 1795 899 1828 siat.

358 1847 477 1882 Electio
501 1853 606 1881 autem
630 1849 781 1883 canonica
797 1860 860 1883 non
880 1846 1075 1894 censeamini

313 1901 374 1935 nisi
398 1912 479 1936 unus
492 1902 578 1936 solus
590 1903 697 1947 plures
712 1913 804 1937 voces
817 1904 940 1946 habeat,
962 1916 1056 1950 quam
1073 1914 1075 1929 ³

314 1956 411 1989 ceteri
435 1966 545 1989 omnes
569 1956 674 1997 simul,
691 1957 733 1991 ita
750 1962 781 1990 ut
800 1958 901 1991 maior
920 1969 994 2003 pars
1011 1970 1057 1993 ca·
1073 1978 1075 2009 3

314 2009 408 2054 pituli
432 2009 532 2043 libere
552 2009 583 2043 in
607 2020 707 2043 unum
732 2011 916 2045 consentiat.
1073 2011 1075 2018 ¹

358 2063 390 2096 Si
413 2073 489 2097 vero
513 2063 619 2097 nullus
643 2064 747 2108 primo
772 2065 924 2098 scrutinio
944 2066 1056 2100 ceteris

315 2116 465 2150 omnibus
489 2117 597 2161 plures
615 2127 707 2151 voces
724 2117 846 2160 habeat,
864 2119 978 2152 iterum
996 2120 1058 2153 suf-

314 2171 416 2215 fragia
427 2171 568 2205 serantur
584 2172 694 2206 eodem
709 2183 771 2216 quo
786 2174 932 2218 superins
952 2174 1056 2208 modo.
1074 2195 1075 2207 1

315 2225 346 2258 Si
370 2229 474 2259 auten]
490 2235 591 2270 neque
608 2227 745 2260 secunda
761 2238 863 2272 neque
880 2228 973 2262 tertia
990 2229 1057 2262 vice
1073 2230 1075 2260 4ἶ

315 2288 396 2312 unus
419 2279 490 2323 plus
509 2289 602 2323 quam
621 2281 734 2324 reliqui
751 2292 861 2315 omnes
881 2281 1056 2325 habuerit⁴,
1074 2312 1076 2325 ‚

315 2333 341 2366 si
365 2343 440 2366 vero
463 2340 655 2367 concurrant
678 2335 751 2376 duo,
775 2341 827 2368 aut
851 2336 978 2380 plures,
1004 2337 1075 2383 qui}

316 2388 458 2432 aequalia
480 2387 626 2431 habeant,
652 2388 786 2432 eligatur
810 2389 970 2434 antiquior
988 2386 1076 2435 pros

315 2441 459 2483 sessione,
478 2446 518 2482 et,
535 2441 616 2476 inter
634 2443 830 2486 professione
849 2449 880 2476 et
899 2443 1058 2488 suffragiis

316 2496 477 2539 aequales,
502 2495 638 2539 eligatur
661 2500 760 2531 aetate
787 2497 898 2538 maior,
923 2502 954 2530 et
978 2498 1058 2532 eius-

316 2549 402 2582 modi
427 2549 538 2582 electio
563 2549 712 2583 canonica
736 2556 909 2584 censeatur.

360 2602 464 2636 Abbas
477 2602 624 2647 superior
638 2603 794 2646 generalis
807 2604 932 2638 Ordinis
945 2609 974 2638 et
983 2606 1058 2640 Con-

353 2667 365 2693 1
383 2665 448 2693 Heic
463 2665 566 2702 aliquid
581 2665 713 2693 excidisse
730 2665 836 2694 videtur
849 2666 889 2702 (n.
901 2667 950 2702 T.).

397 2720 476 2749 Ball.
496 2719 581 2749 Rom.
597 2734 632 2741 ——
654 2720 713 2749 Vol.
734 2719 811 2751 XIV.

968 2721 1002 2750 52

1089 244 1146 269 vm
1170 245 1217 269 ΡΡ.

1087 292 1280 337 gregationis
1313 292 1501 325 reformatae
1531 291 1560 325 S.
1586 290 1711 325 Antonii
1732 290 1826 324 Vien-

1087 346 1203 387 nensis,
1217 357 1253 379 ex
1269 345 1419 389 singulari
1435 350 1463 378 ct
1479 345 1586 379 illaeso
1600 345 1729 378 Sanctae
1742 343 1831 377 Sedis

1070 398 1072 415 ²
1088 400 1263 444 privilegio,
1284 410 1299 433 e
1315 399 1439 433 mistico
1457 410 1590 443 corpore
1610 398 1831 442 00031ος0110-

1088 452 1136 486 1115
1156 463 1213 496 per
1232 453 1414 486 canonicam
1430 453 1614 486 electionem
1632 462 1757 496 semper
1774 451 1829 484 suit

1088 512 1284 550 assumptus,
1310 506 1389 539 sicut
1416 507 1621 551 imposterum
1647 517 1683 539 ex
1708 505 1830 549 gremio

1089 559 1348 602 Congregationis
1367 560 1556 593 retormatae
1581 570 1707 604 semper
1725 565 1771 592 est.
1787 570 1831 592 as<

1090 613 1270 653 sumendus,
1292 618 1322 646 ct
1346 613 1377 645 in
1397 620 1486 657 caput
1513 613 1638 646 Ordinis
1653 613 1830 653 elevandus,

1089 676 1152 699 non
1168 672 1200 699 ut
1218 671 1372 710 potestate
1389 666 1579 709 dominante,
1602 667 1654 699 sed
1680 667 1831 701 charitate

1090 719 1245 753 serviente
1269 719 1423 754 honorem
1449 725 1686 764 1:›1·01nereatur,
1711 731 1773 764 quo
1799 720 1832 753 il-

1089 773 1153 806 lum
1181 774 1276 807 ceteri
1308 774 1419 807 fratres
1453 774 1565 808 debent
1597 773 1732 815 efferre,
1757 774 1830 806 dicit

1090 825 1173 858 enim
1197 826 1353 860 Christus:
1388 827 1464 860 Ecce
1489 838 1543 871 (³90
1573 837 1646 859 sum
1670 827 1756 859 inter
1779 837 1832 860 vos

1091 884 1259 924 tamquam
1284 881 1344 924 que?
1370 881 1547 914 ›m'nislrat
1580 882 1647 914 Non
1679 880 1772 923 ergo¹
1799 891 1831 912 se

1089 933 1189 976 erigat
1205 938 1364 977 tamquam
1379 933 1597 967 dominaturus
1613 933 1642 965 in
1657 934 1752 974 clero,
1768 933 1830 974 sed,

1089 988 1190 1020 forma
1211 986 1317 1030 gregis
1334 987 1442 1028 sactus,
1462 987 1497 1019 sit
1518 992 1678 1031 tamquam
1697 997 1777 1019 unus
1794 997 1829 1019 ex

1090 1039 1220 1084 reliquis
1244 1040 1408 1081 fratribus,
1434 1041 1480 1073 vel
1508 1040 1578 1073 illos
1604 1051 1729 1073 morum
1747 1043 1776 1074 et
1793 1040 1833 1072 vi·
1870 1030 1875 1039 ⁸

1090 1100 1138 1127 tae
1162 1094 1341 1138 integritate
1366 1094 1543 1138 praecedat,
1568 1098 1601 1127 ut
1625 1094 1726 1126 tidelis
1744 1094 1833 1126 mini-

1090 1148 1145 1181 stri
1171 1153 1200 1181 et
1226 1148 1350 1182 solliciti
1372 1149 1507 1192 pastoris
1532 1153 1636 1193 partes
1662 1149 1831 1191 sustineat,

1090 1207 1119 1235 et
1144 1212 1212 1234 eam
1237 1212 1331 1246 quam
1357 1206 1480 1236 tenetur
1504 1203 1634 1236 Summo
1659 1203 1777 1237 Pastori
1796 1203 1833 1235 de

1091 1256 1259 1290 commisso
1284 1266 1381 1299 grege
1399 1256 1533 1289 reddere
1550 1257 1648 1300 possit
1667 1257 1830 1290 rationem.

1135 1310 1211 1350 Quia
1229 1310 1260 1342 in
1278 1311 1471 1344 monasterio
1493 1311 1589 1343 sancti
1608 1311 1733 1344 Antonii
1747 1312 1834 1344 Vien-

1090 1364 1195 1397 nensis
1225 1364 1377 1407 reliquiae
1401 1374 1507 1397 saerae
1533 1365 1631 1408 ipsius
1663 1364 1832 1398 beatissimi

1090 1417 1188 1462 patris
1213 1418 1338 1451 Antonii
1356 1423 1567 1459 asservantur,
1585 1418 1615 1450 in
1636 1429 1735 1462 eoque
1756 1419 1833 1452 iacta

1090 1471 1218 1505 suerunt
1241 1472 1345 1516 prima
1366 1472 1460 1505 totius
1482 1472 1674 1505 Antonianae
1700 1472 1833 1505 ssamiliac

1091 1524 1302 1565 fundamenta,
1328 1525 1398 1558 ideo
1424 1531 1519 1569 caput
1542 1524 1681 1558 universi
1710 1525 1834 1558 Ordinis

1091 1583 1120 1612 et
1153 1578 1243 1612 sedes
1275 1578 1448 1622 superioris
1486 1578 1643 1622 generalis
1675 1579 1834 1612 ordinaria

1092 1632 1204 1673 existit,
1228 1644 1245 1665 a
1273 1643 1334 1676 qua
1358 1632 1467 1666 abesse
1492 1632 1557 1665 sine
1582 1633 1668 1676 gravi
1695 1635 1789 1666 causa
1806 1640 1833 1665 et

1074 1717 1075 1720 ,
1090 1697 1149 1731 pro
1165 1687 1249 1720 bono
1267 1687 1361 1720 totius
1377 1687 1636 1730 Congregationis
1654 1698 1717 1721 non
1732 1688 1833 1730 debet,

1091 1741 1150 1774 nisi
1174 1740 1359 1774 visitationis
1392 1751 1506 1774 munus
1539 1741 1651 1784 obeat,
1677 1747 1730 1774 aut
1755 1742 1834 1775 sorte

1074 1834 1075 1842 ἵ
1092 1794 1277 1828 valetudinis
1291 1795 1525 1828 conservandae
1540 1797 1632 1828 causa
1647 1806 1705 1839 per
1717 1796 1833 1840 aliquot

1091 1849 1156 1882 dies
1181 1858 1244 1882 non
1268 1849 1379 1892 procul
1406 1849 1435 1881 in
1460 1849 1565 1893 aliqua
1599 1849 1724 1882 Ordinis
1759 1849 1834 1883 aede

1091 1913 1214 1937 moram
1237 1902 1363 1936 trahere
1389 1908 1566 1945 cogeretur.

1135 1956 1180 1990 Ad
1205 1961 1395 1990 conventum
1422 1956 1552 2001 praefati
1577 1958 1760 1991 monasterii
1785 1969 1836 2002 pa-

1073 2011 1168 2046 11101·
1191 2016 1310 2055 spectat
1336 2010 1448 2044 electio
1478 2011 1577 2054 ipsius
1602 2011 1722 2046 abbatis
1747 2023 1836 2057 supe-

1091 2064 1185 2098 rioris
1210 2064 1388 2107 generalis,
1420 2064 1565 2097 admissis
1590 2065 1737 2098 omnibus
1761 2066 1835 2099 reli-

1091 2117 1187 2161 giosis
1210 2117 1404 2162 presbyteris
1428 2117 1686 2161 Congregationis
1711 2124 1835 2153 nostrae

1091 2172 1281 2205 reformatae
1308 2176 1336 2205 et
1361 2171 1429 2204 aliis
1447 2171 1571 2205 Ordinis
1594 2173 1751 2216 religiosis
1772 2173 1836 2218 qui-

1092 2225 1151 2258 hus
1176 2225 1329 2269 competit
1359 2225 1532 2258 secundum
1561 2226 1689 2270 antiqua
1722 2233 1834 2261 statuta

1092 2280 1159 2324 (sed
1177 2279 1282 2324 quoad
1298 2290 1407 2313 vocem
1432 2280 1564 2314 activam
1583 2282 1727 2326 tantum),
1749 2282 1835 2315 dum-

1093 2334 1187 2368 modo
1211 2340 1392 2378 praesentes
1417 2335 1542 2377 suerint,
1571 2336 1619 2368 vel
1645 2346 1835 2380 supervene-

1091 2388 1164 2430 rint,
1180 2389 1303 2432 aliquos
1327 2389 1410 2422 enim
1429 2399 1541 2422 vocare
1565 2399 1628 2423 non
1645 2394 1786 2430 tenetur-3
1805 2395 1835 2423 et

1092 2442 1216 2485 statim,
1241 2442 1296 2475 ubi
1321 2443 1471 2476 canonice
1496 2449 1526 2475 et
1551 2443 1722 2476 secundum
1748 2453 1835 2487 prae-

1092 2503 1194 2530 sentes
1212 2497 1449 2530 constitutiones
1466 2497 1561 2530 fuerit
1578 2497 1705 2538 electus,
1724 2498 1835 2531 confir-

1092 2555 1193 2585 matus
1207 2550 1326 2592 existat,
1341 2555 1372 2583 et
1385 2550 1531 2583 universo
1545 2550 1654 2583 Ordini
1674 2556 1834 2596 tamquam

1091 2609 1184 2649 caput
1207 2603 1405 2648 praesideat,
1429 2603 1616 2636 beneficium
1648 2609 1752 2638 tamen
1784 2615 1835 2638 so-

1129 2669 1140 2696 1
1157 2666 1223 2695 Male
1238 2666 1302 2695 edit.
1318 2665 1398 2695 Maia.
1414 2666 1479 2702 legit
1493 2675 1562 2702 crya
1577 2666 1616 2702 (a.
1633 2669 1680 2702 r.).

1736 232 1801 267 409
1849 243 1937 270 Ans«.
1960 242 2029 270 1634
