2248 3229
98 223 148 252 An.
169 224 198 252 C.
219 224 284 253 1633

125 446 244 468 Clausulae.

169 1084 282 1109 nomino

98 1113 260 1134 contrariorum.

907 222 1048 246 rnnaxrs
1073 222 1119 246 rr.
1146 220 1201 244 rin

297 272 421 306 licentia
443 272 578 317 desuper
599 271 727 305 minime
752 270 927 315 requisita),
948 274 1053 315 apos-l

299 325 389 360 tolica
422 325 628 367 auctoritate,
663 330 771 359 tenore
802 324 1053 369 praesentium„

296 383 450 424 perpetuo
468 379 664 423 applicamus
684 384 713 412 et
732 378 984 423 appropriamus.

341 433 356 477 ἓ
379 432 408 465 4.
426 432 634 466 Decernentes
651 437 832 476 praesentes
850 432 969 464 litteras
992 440 1038 463 va-

297 486 385 526 lidas,
409 486 517 519 firmas
541 491 571 519 et
594 486 735 519 essieaces
760 485 894 518 existere
914 490 943 517 et
960 484 1036 526 sore,

297 550 434 584 suosque
450 539 609 584 plenari0s
623 544 653 571 et
671 539 810 581 integros
827 538 956 571 effectus
973 548 1038 570 sor-

299 594 348 627 tiri
373 599 402 626 et
426 593 580 635 obtinere,
599 602 633 626 ac
660 592 707 632 iis,
728 604 806 636 quos
825 593 894 625 illae
911 601 1039 625 concer-

296 651 384 688 nunt,
402 646 433 679 in
457 646 604 680 omnibus
618 652 644 679 ct
660 656 718 690 per
735 646 841 680 onmia
857 645 1038 690 plenissime
1054 685 1056 693 ,

297 700 475 744 suffragari,
494 700 600 745 sicque
617 711 673 745 per
690 710 907 745 quoscumque
921 698 1038 732 iudices
1054 696 1056 732 ἶ

1055 747 1057 765 ’·’
1073 750 1191 784 bilitate
1209 754 1239 782 et
1258 748 1416 793 praestitis
1440 747 1610 781 maiestatis
1628 752 1698 781 tuae
1719 747 1814 781 servi-

297 753 474 787 ordinarios
499 759 529 787 et
553 754 729 797 delegatos,
754 753 847 787 etiarn
872 762 1037 786 causarum

297 807 402 852 palatii
437 808 600 852 apostolici
632 807 813 850 auditores,
839 805 971 840 iudicari
1003 815 1039 838 ac

297 860 422 894 definiri
445 861 560 895 debere
575 888 582 902 ‚
607 872 642 894 ac
667 861 791 894 irritum
822 865 852 893 et
876 859 988 899 inane,
1013 859 1037 892 si

297 924 387 947 secus
404 924 499 959 super
516 914 565 948 his
581 925 598 947 a
614 924 783 958 quoquam,
801 913 909 957 quavis
935 917 1040 946 aueto-

297 967 398 1009 ritate,
422 969 558 1003 scienter
585 969 631 1002 vel
656 968 848 1011 ignoranter,
871 966 1039 1010 eontigerit

297 1022 452 1055 attentari.

341 1076 405 1120 ἓῦ.
430 1077 498 1109 Non
532 1074 728 1109 obstantibus
764 1074 1038 1109 constitutionibus

298 1134 326 1162 et
340 1129 590 1163 ordinationibus
603 1129 793 1175 apostolicis,
803 1129 933 1172 aliisque
951 1138 1039 1173 prae-

298 1182 418 1223 missis,
443 1193 479 1216 ac
503 1183 803 1216 arcliimandritatus
832 1188 862 1215 et
887 1188 1056 1219 monaste-³

298 1235 336 1269 rii
361 1236 595 1280 praedictorum
616 1240 646 1270 et
669 1236 830 1281 quibusvis
850 1235 927 1275 aliis,
945 1236 1038 1268 etiam

298 1289 492 1330 iuramento,
517 1290 756 1324 confirmatione
780 1289 966 1333 apostolica,
991 1289 1039 1321 vel

298 1343 406 1387 quavis
430 1343 578 1376 firmitate
599 1344 658 1376 alia
683 1343 849 1383 roboratis,
867 1342 988 1376 statutis
1011 1348 1057 1389 et]

300 1397 596 1439 consuetudinibus,
625 1397 799 1441 privilegiis
823 1406 966 1440 quoque,
992 1396 1058 1446 ἰῐι-17

299 1449 393 1483 dultis
408 1456 437 1483 et
457 1450 568 1484 litteris
589 1451 768 1494 apostolicis
798 1451 829 1483 in
846 1450 1039 1484 contrarium

300 1505 545 1549 praemissorum
587 1504 824 1548 quomodolibet
866 1504 1039 1543 concessis,

299 1559 502 1599 confirmatis,
516 1564 546 1591 et
559 1558 730 1598 innovatis,
755 1557 869 1601 quibus
893 1557 1040 1590 omnibus

299 1618 328 1645 et
346 1612 488 1655 singulis,
509 1622 619 1645 eorum
640 1611 783 1645 omnium
805 1617 930 1644 tenores
954 1621 1058 1654 prae-¹

300 1666 439 1699 sentibus
456 1676 515 1710 pro
540 1665 730 1698 sufficienter
751 1665 906 1709 expressis
927 1665 1041 1697 liaben-

301 1726 355 1761 tes,
376 1720 437 1753 illis
461 1720 536 1753 alias
557 1720 588 1752 in
605 1730 662 1753 suo
680 1719 796 1752 robore
814 1718 1039 1763 permansuris,

300 1774 358 1807 liae
378 1773 444 1807 rice
467 1773 629 1806 dumtaxat
648 1772 824 1817 specialiter
841 1777 871 1806 et
894 1782 1040 1816 expresse

299 1827 509 1870 derogamus,
530 1826 704 1870 ceterisque
725 1826 891 1859 contrariis
914 1826 1050 1870 quibus—v

300 1891 444 1925 cumque.

343 1935 455 1968 Datum
476 1934 604 1974 Romae,
616 1933 698 1978 apud
719 1934 748 1968 S.
761 1934 887 1967 Petrum
906 1934 964 1966 suh
989 1943 1041 1966 an-

299 1989 375 2022 nulo
385 1988 563 2031 Piscatoris,
574 1988 623 2021 die
636 1988 851 2022 xxtfebruarii
864 1997 1039 2030 uncxxxnr,

301 2043 500 2087 pontificatus
519 2043 619 2077 nostri
647 2053 729 2076 anno
757 2054 787 2077 x.

336 2105 393 2132 Dat.
415 2105 458 2133 die
477 2106 507 2133 21
529 2106 659 2133 februarii
682 2106 758 2140 1033,
781 2106 874 2142 pontif.
896 2114 965 2134 anuo
985 2114 1012 2133 x.

613 2322 731 2356 CDLVI.

300 2409 456 2444 Facullas
474 2410 543 2454 reqi
555 2410 832 2443 clzrz'sticmissz'mo
844 2409 1041 2444 admittendi

344 2467 448 2497 aetate
460 2464 599 2496 minores
613 2463 655 2496 ad
669 2464 818 2497 habitum
834 2463 969 2499 Ordinis
982 2465 1039 2498 mi—

346 2517 455 2551 litaris
474 2517 503 2551 S.
522 2516 693 2562 Spi1·itus¹.

338 2636 347 2660 1
372 2633 407 2660 Ex
428 2633 535 2669 Regest.
555 2633 583 2661 in
602 2633 706 2661 Secret.
728 2632 804 2660 Brer.

1069 269 1249 298 charissimo
1270 267 1301 296 in
1317 267 1434 296 christo
1453 266 1514 295 filio
1534 268 1638 294 nostro
1652 265 1810 300 Ludovico,

1165 314 1343 342 Francorum
1362 313 1426 348 reqi
1446 311 1712 343 christianissimo.

1277 368 1414 396 Urbanus
1434 367 1512 401 Papa
1531 366 1609 394 vm.

1155 421 1334 448 Chai-issima
1354 421 1385 447 in
1405 420 1523 448 christo
1542 419 1586 447 fili
1606 421 1727 450 noster,

1820 216 1872 243 An.
1893 215 1922 244 C.
1943 216 2008 245 1633

1054 469 1055 487 ἒ
1106 467 1236 493 salutem
1256 468 1287 492 et
1306 464 1503 498 apostolicam
1526 463 1774 492 benedictionem.

1116 536 1131 580 g
1155 536 1183 568 ¹l.
1203 536 1279 569 Cum
1297 535 1442 568 maiestas
1459 540 1509 567 tua
1526 545 1582 578 per
1603 545 1673 567 suas
1689 534 1811 567 litteras
1838 579 1862 594 H
1877 546 2011 594 Ῐὸιέιιιιῗθκι-ῑως

1827 580 1835 593 l*
1943 579 1955 593 3
1966 579 1998 594 θΙΠ
2008 589 2012 596 ,

1071 590 1161 623 nobis
1172 589 1332 622 humiliter
1346 587 1517 632 supplicari
1532 588 1649 627 fecerit,
1659 594 1812 631 quatenus
1827 601 1853 647 {12
1875 600 2012 647 quamincffl'

1836 633 1894 648 trica.
1907 633 1916 646 S
2005 636 2012 641 ·

1072 643 1099 676 ci
1110 643 1287 676 facultatem
1297 641 1470 675 concedere
1487 641 1727 684 debenignitate
1741 651 1814 685 apo·
1828 654 1875 675 cedi
1890 653 1950 680 peni.

1072 697 1183 730 stolica
1208 696 1424 739 dignaremur,
1442 705 1593 739 personas
1613 695 1737 737 generis
1761 704 1814 727 no-

1073 803 1123 836 tiis
1153 802 1354 846 conspicuas,
1380 801 1455 834 alias
1480 806 1585 834 tamen
1610 800 1814 845 qualificatas,

1055 877 1057 904 i
1073 857 1165 890 etiam
1184 857 1208 889 si
1226 857 1256 889 in
1274 861 1374 889 aetate
1394 866 1411 888 a
1432 856 1576 890 militaris
1593 854 1718 890 Ordinis
1737 855 1814 889 San-

1055 911 1114 944 1eti
1135 910 1280 954 Spiritus,
1301 909 1389 942 euius
1415 914 1446 942 tu
1472 915 1646 953 perpetuus
1670 881 1860 951 aeunni*

1073 969 1172 997 trater
1196 974 1264 997 esse
1288 963 1492 1006 dignosceris,
1515 963 1638 995 statutis
1662 962 1814 1006 requisita

1074 1017 1261 1051 constitutae
1285 1026 1347 1050 non
1373 1016 1499 1056 suerint,
1524 1015 1695 1059 recipiendi
1713 1021 1743 1048 et
1760 1015 1813 1048 ad-

1073 1071 1215 1106 mittendi
1241 1071 1272 1103 in
1291 1070 1405 1103 milites
1422 1069 1567 1103 militaris
1584 1068 1709 1102 Ordinis
1727 1079 1816 1113 prae-

1073 1125 1157 1164 dicti,
1182 1130 1213 1158 et
1236 1134 1307 1157 cum
1332 1123 1393 1163 eis,
1419 1123 1495 1156 alias
1519 1128 1623 1155 tamen
1649 1122 1815 1163 habilibus,

1072 1178 1175 1223 quoad
1197 1177 1409 1221 receptionem
1424 1181 1452 1211 et
1466 1176 1687 1210 admissionem
1707 1176 1816 1209 liuius-

1074 1231 1286 1271 modi,0mnia
1306 1237 1337 1263 et
1356 1231 1489 1273 singula,
1503 1240 1583 1273 quae
1602 1240 1619 1262 a
1639 1240 1728 1262 sacro
1741 1229 1816 1263 Con-

1056 1290 1057 1294 ’
1073 1286 1145 1319 cilio
1157 1285 1339 1318 Tridentino
1352 1294 1414 1317 non
1430 1284 1650 1327 prohibentur,
1665 1282 1814 1315 faciendi:

1118 1339 1133 1382 ξ
1157 1338 1185 1371 2.
1212 1339 1284 1379 Nos,
1303 1337 1472 1370 maiestatis
1489 1342 1560 1369 tuae
1580 1335 1816 1380 supplicationi-

1073 1392 1131 1424 bus
1155 1391 1335 1424 huiusmodi
1361 1391 1508 1431 inclinati,
1535 1389 1635 1422 eidem
1662 1389 1815 1422 maiestati

1075 1451 1143 1478 tuae
1168 1445 1346 1478 facultatem
1365 1444 1557 1488 praedictam
1575 1443 1747 1487 apostolica
1765 1452 1816 1475 au—

1074 1498 1229 1538 ctoritate,
1244 1504 1353 1531 tenore
1373 1497 1596 1542 praesentium,
1614 1496 1815 1530 concedimus

1074 1556 1103 1586 et
1127 1551 1336 1596 impartimur.

1119 1605 1175 1649 ἓῧ.
1190 1606 1258 1639 'Non
1272 1604 1470 1638 obstantibus
1488 1604 1678 1648 praemissis,
1693 1614 1728 1637 ac
1746 1614 1816 1638 con-

1075 1659 1290 1692 stitutionibus
1308 1662 1337 1693 ct
1354 1658 1604 1692 ordinationibus
1625 1658 1814 1702 apostolicis,

1074 1722 1109 1745 ae
1124 1712 1198 1745 dicti
1212 1711 1357 1744 militaris
1370 1711 1506 1751 Ordinis,
1520 1711 1612 1744 etiam
1628 1711 1814 1753 iuramento,

1074 1765 1314 1799 confirmatione
1339 1764 1530 1809 apostolica,
1556 1765 1603 1797 vel
1628 1765 1737 1809 quavis
1761 1765 1815 1798 fir-

1075 1819 1181 1852 mitate
1206 1819 1268 1851 alia
1295 1819 1462 1860 roboratis,
1489 1817 1611 1851 statutis
1635 1823 1665 1851 et
1690 1829 1817 1852 consue-

1074 1873 1245 1913 tudinibus,
1269 1872 1443 1916 privilegiis
1467 1882 1609 1916 quoque,
1634 1872 1762 1906 indultis
1787 1878 1817 1906 et

1074 1928 1187 1961 litteris
1207 1927 1387 1972 apostolicis
1404 1927 1435 1959 in
1455 1926 1649 1960 contrarium
1667 1927 1818 1970 praemis-

1075 1993 1182 2016 sorum
1207 1981 1445 2025 quomodolibet
1462 1980 1629 2021 concessis,
1647 1980 1816 2014 confirma-

1076 2036 1113 2069 tis
1130 2042 1160 2069 et
1176 2035 1348 2075 innovatis,
1366 2034 1481 2079 quibus
1501 2034 1648 2067 omnibus
1665 2039 1695 2067 et
1712 2035 1817 2078 singu-

1075 2090 1111 2122 lis
1129 2099 1238 2122 eorum
1257 2094 1381 2122 tenores
1398 2088 1616 2132 praesentibus
1640 2099 1699 2132 pro
1724 2089 1816 2132 plene

1075 2148 1105 2175 et
1134 2142 1326 2175 sufficienter
1357 2142 1514 2186 expressis
1545 2153 1581 2175 ae
1612 2142 1651 2175 ad
1683 2142 1816 2175 verbum

1075 2195 1199 2228 insertis
1223 2195 1384 2235 habentes,
1398 2195 1460 2228 illis
1477 2195 1552 2228 alias
1570 2195 1601 2228 in
1626 2206 1683 2229 suo
1701 2195 1816 2229 robore

1074 2249 1299 2293 permansuris,
1324 2249 1362 2282 ad
1387 2249 1634 2293 praemissorum
1660 2249 1816 2290 effectum,

1075 2303 1132 2336 hae
1157 2302 1223 2335 vice
1247 2302 1408 2336 dumtaxat
1425 2303 1602 2347 specialiter
1619 2308 1648 2335 et
1670 2313 1816 2347 expresse

1074 2356 1281 2399 derogamus,
1299 2356 1475 2401 ceterisque
1500 2356 1666 2390 contrariis
1690 2356 1817 2400 quibus-

1075 2422 1219 2454 cumque.

1118 2464 1229 2496 Datum
1238 2463 1365 2503 Romae,
1373 2463 1455 2507 apud
1467 2463 1495 2496 S.
1504 2463 1642 2503 Petrum,
1650 2462 1708 2496 suh
1721 2472 1815 2496 annu-

1075 2518 1105 2552 lo
1119 2518 1296 2559 Pis-catoris,
1314 2517 1363 2551 die
1389 2528 1454 2551 xxn
1468 2517 1617 2551 februarii
1631 2527 1810 2559 MDcxxxnt,

1863 1346 1900 1376 Cui
1917 1347 2013 1368 Urbanus

1830 1376 1911 1395 annun.

1900 1613 2014 1644 Derogatio

1832 1643 1994 1662 contrariorum.

1072 2572 1274 2617 pontificatus
1294 2572 1393 2606 nostri
1418 2582 1499 2605 anno
1528 2583 1555 2605 x.

1107 2634 1165 2662 Dat.
1182 2634 1226 2662 die
1242 2633 1276 2661 22
1291 2633 1422 2662 februarii
1443 2633 1521 2669 1633,
1538 2634 1634 2670 pontis.
1652 2641 1722 2662 anno
1737 2642 1762 2663 x.
