2248 3229
115 233 164 260 An.
185 232 213 260 C.
232 231 299 259 t633

922 226 1063 250 rnntxrs

311 276 405 312 etesia
425 276 588 310 abstractis
613 279 641 310 et
659 275 784 317 avulsis,
802 279 902 309 motas
921 275 968 308 vel
988 285 1052 308 mo-

311 331 426 365 vendas
450 331 621 375 quietiores
649 340 715 364 esse
740 330 907 374 possimus,
933 339 1052 373 posses-

311 396 419 420 sorum
437 395 572 429 quoque,
589 385 642 429 qui
663 395 698 417 ea
720 394 802 417 nune
820 388 936 424 tenent,
955 382 1053 416 onmi-

312 435 424 473 modae
448 439 607 473 securitati
639 444 747 472 contra
779 447 1053 482 quorumcumque

312 493 540 537 possidentium
558 493 696 526 actiones
714 492 878 525 consulere
904 492 1053 530 volentes,

313 552 378 581 tum
403 552 433 580 et
458 546 613 591 culpam',
639 546 664 578 si
689 544 769 589 qua*z
794 545 851 578 liae
879 545 909 577 in
933 554 967 577 re
985 553 1055 576 con-

312 606 410 634 tracta
437 606 498 642 est,
523 599 704 633 omnimode
728 599 854 633 abolere
880 598 1053 642 cupientes,

313 655 344 687 in
368 654 480 699 primis
511 664 584 687 vero
617 664 652 686 ae.
683 653 854 697 praecipue
886 652 924 684 ad
955 650 1055 684 maius

313 708 544 741 incrementum
562 708 720 752 praefatae
740 711 865 739 sanctae
882 704 1055 738 catholicae

312 761 385 795 fidei
410 765 439 795 et
463 761 625 804 religionis
648 766 785 801 nostrae,
813 758 1055 794 transactionem

313 815 450 857 firmam,
476 824 621 848 securam
638 819 669 847 et
686 818 869 858 perpetuam
895 821 988 856 super
1004 811 1057 844 bo-

313 869 361 902 nis
379 874 409 901 et
425 868 547 902 iuribus
564 867 718 901 eiusmodi
739 866 914 900 faciendam
939 870 969 898 et
986 875 1057 899 eon-

315 921 477 956 sulendam
502 921 658 955 duximus.
684 922 727 954 Ac
751 919 894 965 proinde,
915 928 1056 953 eommu-

314 976 416 1010 nieato
434 986 506 1009 cum
528 975 708 1010 beatissimo
732 974 861 1008 domino
877 978 986 1007 nostro
1004 972 1057 1006 Ur-

314 1030 394 1063 bano
405 1029 498 1063 huius
508 1029 644 1064 nominis
653 1028 724 1062 .v111
741 1028 846 1061 divina
858 1027 1057 1072 providentia

315 1089 439 1117 sanctae
455 1084 614 1117 Romanae
635 1087 664 1116 et
684 1081 870 1115 universalis
900 1080 1057 1114 Ecclesiae

314 1148 438 1172 summo
447 1137 599 1171 Pontifiee
612 1137 671 1170 hac
683 1147 779 1180 super
792 1146 827 1169 re
842 1140 872 1169 et
885 1135 1057 1169 intentione

314 1193 422 1226 nostra
447 1191 589 1233 consilio,
603 1190 825 1234 intellectaque
835 1190 993 1234 propensa
1018 1188 1057 1222 ad

314 1246 375 1279 hoc
399 1245 503 1290 ipsum
534 1250 564 1278 et
594 1244 669 1290 pia³
693 1244 773 1278 Suae
804 1244 982 1277 Sanctitatis
1007 1254 1058 1276 vo-

314 1300 443 1341 luntate,
468 1299 549 1333 sieut
572 1298 680 1332 eadem
694 1299 756 1332 Sua
769 1297 921 1332 Sanctitas
942 1297 979 1330 ad
997 1298 1057 1330 hoe
1073 1319 1074 1322 κ

314 1353 432 1396 negotii
463 1352 661 1386 tractandum
693 1357 723 1384 et
753 1351 988 1394 transigendum
1019 1361 1075 1383 ex,

316 1409 372 1440 sua
400 1411 490 1452 parte
522 1405 814 1451 plenipotentiarios
845 1404 1057 1438 mandatarios

316 1467 345 1494 et
370 1460 604 1494 commissarios
621 1470 693 1493 suos
712 1459 773 1492 iam
792 1464 855 1492 tum
875 1459 932 1492 sul]
951 1459 1055 1493 datum
1073 1484 1074 1490 ,

315 1515 450 1555 Romae,
475 1513 557 1558 apud
587 1514 615 1546 S.
650 1512 779 1546 Mariam
804 1512 968 1554 Maiorem,
998 1512 1056 1544 sul)

315 1568 430 1600 annulo
455 1566 632 1607 piscatoris,
651 1566 701 1598 die
730 1575 774 1599 vu
803 1565 869 1598 iulii
901 1575 1074 1605 amonim„

1072 1634 1074 1645 ι
1091 1622 1120 1649 et
1146 1617 1339 1660 transigendi
1365 1617 1402 1649 de
1420 1622 1449 1649 et
1467 1627 1561 1660 super
1582 1616 1721 1657 iuribus,
1741 1616 1835 1649 actio-

316 1621 485 1662 eonstituit,
511 1621 553 1654 ita
576 1630 633 1654 nos
658 1630 794 1664 quoque,
820 1621 943 1652 matur-a
968 1620 1056 1663 prius

315 1675 419 1709 habita
443 1685 515 1708 cum
540 1674 728 1719 proceribus
753 1679 785 1707 ct
808 1674 967 1707 nobilibus
985 1684 1057 1707 eon-

315 1728 440 1763 siliariis
454 1728 570 1762 nostris
581 1728 639 1761 hac
654 1738 750 1772 super
768 1737 802 1760 re
819 1727 1055 1770 deliberatione,

316 1792 352 1813 ex
376 1782 484 1814 nostra
514 1784 603 1824 parte
634 1784 795 1822 tamquam
826 1778 1055 1812 haereditarius

316 1833 484 1868 Bohemiae
500 1843 556 1866 rex
575 1837 684 1866 nostro
701 1837 731 1865 et
748 1832 919 1865 haeredum
939 1843 974 1865 ae
988 1842 1056 1865 suc-

315 1897 476 1921 eessorum
501 1891 686 1920 nostrorum
717 1896 992 1930 quorumcumque
1024 1885 1056 1918 in

314 1946 502 1986 perpetuum
520 1940 552 1973 in
569 1940 679 1973 eodem
704 1949 803 1983 regno
820 1940 987 1973 Boliemiae
1005 1949 1057 1973 no-

315 1995 409 2037 mine,
433 1993 727 2040 plenipotentiarios
751 1999 877 2027 nostros
901 1993 1055 2037 illustres,

315 2061 350 2083 ae
370 2058 560 2093 generosum
573 2047 583 2065 ⁴
606 2047 724 2088 fideles,
749 2047 840 2081 nobis
857 2047 998 2088 dilectos,
1017 2048 1057 2080 vi-

315 2103 445 2144 delicet,
470 2101 686 2136 consiliarium
719 2111 869 2135 arcanum
901 2101 1057 2136 actualem

316 2169 351 2192 ac
369 2157 579 2191 camerarium
592 2161 736 2191 nostrum
749 2156 994 2190 Maximilianum
1010 2167 1058 2191 co-

317 2212 425 2245 mitem
450 2212 488 2245 de
507 2210 785 2246 Chautmansdorff
792 2211 803 2228 ⁵
828 2211 993 2255 (baronem
1019 2211 1057 2244 de

316 2265 571 2309 Gleiohemberg‚
596 2265 724 2309 Negass,
749 2265 885 2308 Burgass
908 2269 937 2298 et
957 2265 1055 2299 Chot-

316 2318 453 2353 zenbach
491 2319 523 2352 in
555 2318 788 2352 Biscoffteimitz
803 2346 810 2360 ,
841 2318 997 2352 Mirsclass
1028 2324 1057 2352 et

316 2372 574 2416 Trelicetzioffitz)
596 2372 785 2406 Gulielmum
812 2383 938 2418 quoque
964 2372 1057 2406 eomi-

350 2451 363 2476 1
382 2449 449 2476 Male
465 2449 529 2476 edit.
546 2449 629 2476 Main.
646 2449 711 2483 legit
726 2449 812 2484 culpa
827 2449 868 2484 (n.
884 2450 932 2482 T.).

350 2489 367 2515 2
381 2488 453 2516 Edit.
470 2488 549 2515 Main.
567 2488 631 2524 legit
646 2497 717 2523 quae
731 2489 770 2524 (u.
787 2489 835 2523 T.).

350 2529 366 2555 3
381 2529 452 2556 Edit.
469 2529 547 2556 Μαίη.
565 2529 628 2564 legit
640 2529 709 2564 piae
726 2530 762 2564 (ny
774 2530 822 2563 T.).

351 2571 367 2596 4
381 2569 510 2601 Emenda,
527 2569 643 2604 henigne
659 2570 754 2603 lector,
770 2570 792 2596 si
808 2572 887 2604 putas
901 2572 941 2604 (n.
958 2571 1005 2603 T.).

351 2612 367 2638 5
382 2610 455 2638 Lect.
472 2609 565 2643 main„
591 2613 669 2645 prout
693 2614 743 2644 est,
764 2610 790 2636 in
810 2618 886 2645 seqq.
907 2610 1009 2639 nomin.
1031 2615 1074 2643 et,

317 2651 356 2679 tit.
374 2651 468 2678 damus
483 2652 519 2685 (R.
535 2653 582 2683 T.).

405 2704 483 2732 Ball.
504 2704 587 2732 Rom.
604 2719 638 2724 —
656 2704 714 2732 Vol.
737 2703 812 2732 XIV.
971 2703 1004 2730 43

1088 225 1143 250 vm
1169 226 1216 250 ee.

1087 281 1149 308 tem
1170 275 1325 309 Slavatam
1352 272 1611 316 (gubernatorem
1636 269 1748 303 domus
1772 270 1832 304 No-

1087 328 1285 361 vodumeusis
1305 327 1343 359 de
1363 327 1456 359 Klum
1482 330 1511 358 et
1536 324 1755 367 Kosclieberg,
1778 323 1833 357 do-

1087 381 1207 414 minum
1231 381 1377 414 Neuliaus
1409 380 1491 411 Blatz
1521 378 1779 421 Kosehemberg,
1804 382 1834 410 et

1087 436 1242 474 Teltseeh,
1269 433 1532 478 hypothecarium
1556 433 1587 465 in
1612 442 1831 476 possessorem

1088 488 1218 521 dominii
1236 487 1441 528 Meluieensis,
1456 485 1670 518 consiliarium
1681 495 1831 518 arcanum

1088 542 1242 574 actualem
1252 539 1472 581 camerarium,
1488 544 1696 582 nostrumque
1704 542 1739 572 ut
1749 539 1833 582 regis

1089 596 1120 628 in
1133 595 1346 628 haereditario
1361 603 1459 637 regno
1477 598 1586 627 nostro
1600 593 1768 626 Bohemiae
1786 603 1835 626 su-

1088 658 1235 692 premum
1261 646 1494 687 cancellarium,
1512 656 1634 679 necnon
1648 657 1833 690 supremum

1089 712 1216 745 quoque
1230 702 1262 734 in
1276 701 1387 734 eodem
1398 710 1497 743 regno
1511 700 1754 733 haereditarium
1770 701 1835 744 pin-

1089 756 1232 798 cernam)
1263 760 1328 787 tum
1354 758 1383 788 et
1407 754 1553 787 Ottoncm
1577 753 1712 786 liberum
1741 754 1836 787 baro-

1089 820 1160 842 nem
1180 809 1227 841 de'
1240 808 1361 841 Ilostitz
1377 808 1408 841 in
1424 808 1601 849 Falkenart,
1619 808 1834 851 I‘Ieinrisgrisi,

1090 867 1120 895 et
1142 862 1304 896 Selioccha
1322 865 1351 895 et
1367 861 1474 894 Linass
1493 861 1721 905 (consiliarium
1739 861 1835 906 impe-

1089 916 1200 950 rialem
1214 920 1358 949 nostrum
1373 915 1510 949 aulicum
1526 917 1746 957 camerarium,
1762 926 1835 950 nec-

1090 979 1152 1003 non
1166 969 1384 1013 germanicum
1398 969 1428 1001 in
1445 969 1655 1002 haereditario
1667 975 1774 1003 nostro
1789 980 1835 1003 re-

1090 1034 1153 1068 gno
1166 1023 1335 1057 Bohemiae
1357 1023 1663 1068 vicecancellarium)
1682 1024 1834 1068 deputare

1091 1083 1121 1111 et
1145 1078 1336 1111 constituere
1362 1077 1529 1118 voluimus
1544 1081 1638 1121 prout
1651 1077 1729 1110 adeo
1748 1087 1835 1121 prae-

1091 1131 1226 1165 sentium
1253 1136 1362 1164 tenore
1387 1131 1513 1164 eosdem
1531 1130 1833 1175 plenipotentiarios,

1091 1184 1305 1219 mandatarios
1330 1189 1360 1217 ct
1380 1184 1615 1218 commissarios
1631 1189 1757 1218 nostros
1774 1184 1831 1218 de-

1090 1244 1238 1284 putamus
1251 1244 1344 1284 atque
1358 1239 1588 1280 constituimus,
1602 1239 1727 1283 plenam
1741 1245 1835 1283 atque

1091 1294 1223 1326 liberam
1249 1297 1436 1337 potestatem
1467 1293 1578 1326 iisdem
1610 1293 1718 1326 dantes
1742 1298 1835 1337 atque

1092 1347 1298 1380 concedentes
1323 1351 1450 1387 nostro,
1479 1351 1638 1390 tamquam
1667 1346 1835 1379 Bohemiae

1092 1402 1185 1444 regis,
1205 1400 1450 1443 nostrorumque
1467 1400 1641 1433 haeredum
1660 1404 1689 1433 et
1707 1410 1833 1433 succes-

1091 1466 1198 1488 sorum
1217 1465 1492 1500 quorumeumspie
1518 1454 1549 1487 in
1574 1458 1763 1498 perpetuum
1782 1464 1835 1487 no-

1092 1510 1195 1551 mine,
1229 1519 1299 1542 cum
1336 1508 1503 1552 praedictis
1540 1508 1619 1541 Suae
1656 1508 1834 1541 Sanctitatis

1090 1562 1375 1606 plenipotentiariis
1390 1561 1606 1604 conveniendi,
1621 1561 1836 1595 concordandi

1090 1671 1181 1704 nibus
1207 1676 1236 1704 et
1260 1670 1555 1715 praetensionihus,
1587 1680 1667 1714 quae
1698 1675 1728 1703 et
1758 1680 1835 1714 quas

1090 1725 1193 1758 clerus
1209 1730 1269 1757 tam
1291 1724 1441 1758 secularis
1458 1735 1551 1768 quam
1572 1723 1727 1767 regularis
1748 1734 1835 1768 prae-

1090 1779 1163 1812 dicti
1180 1778 1280 1812 nostri
1298 1779 1388 1821 regni
1406 1778 1575 1811 Bohemiae
1587 1777 1691 1820 habet,
1710 1788 1765 1811 seu
1781 1778 1835 1811 ha-

1089 1833 1164 1866 bere
1188 1832 1387 1877 praetendit,
1412 1843 1509 1877 super
1532 1832 1624 1866 bonis
1649 1832 1833 1876 stabilibus,

1090 1887 1230 1929 decimis,
1251 1887 1409 1932 primitiis,
1427 1887 1557 1931 aliisque
1576 1887 1671 1920 rebus
1692 1887 1836 1920 ecelesia-

1090 1940 1175 1974 sticis
1189 1941 1220 1974 in
1233 1940 1345 1975 eodem
1370 1951 1469 1985 regno
1493 1940 1662 1985 usurpatis,
1674 1941 1834 1985 occupatis

1090 2005 1145 2028 seu
1158 1995 1311 2037 alienatis,
1321 2005 1444 2029 necnon
1458 2005 1517 2039 pro
1532 1994 1690 2028 cessione¹
1705 1994 1833 2036 iurium‚

1091 2048 1250 2082 actionum
1282 2052 1312 2082 et
1340 2047 1599 2092 praetensionum
1626 2047 1734 2091 vigore
1758 2058 1834 2082 con-

1091 2102 1255 2143 ventionis,
1281 2101 1469 2136 concordiae
1484 2112 1538 2135 seu
1552 2101 1782 2144 transactionis,
1800 2107 1835 2136 ut

1090 2155 1278 2200 praefertur,
1292 2155 1331 2188 ab
1345 2155 1456 2189 iisdem
1481 2155 1764 2200 plenipotentiariis
1776 2165 1833 2190 no-

1091 2209 1174 2242 mine
1191 2208 1385 2243 Sanctissimi
1403 2208 1526 2242 Domini
1544 2209 1645 2242 nostri
1663 2213 1692 2242 et
1709 2212 1834 2243 sanctae

1091 2263 1178 2297 Sedis
1203 2262 1412 2307 Apostolieae,
1437 2262 1640 2306 universique
1654 2262 1728 2296 dieti
1744 2263 1834 2306 regni

1091 2317 1165 2350 cleri
1190 2316 1373 2361 recipienda
1385 2315 1405 2359 ⁴²,
1432 2322 1462 2349 et
1487 2317 1518 2349 in
1543 2317 1670 2350 illorum
1690 2327 1835 2361 compen-

1091 2371 1243 2405 sationem
1267 2370 1349 2403 hona
1376 2380 1615 2414 quaecumque,
1647 2370 1740 2403 etiam
1771 2376 1832 2404 sta-

1090 2425 1174 2467 bilia,
1190 2425 1268 2466 iura,
1285 2425 1433 2465 actiones,
1447 2424 1587 2458 redditus
1604 2435 1640 2457 ac
1650 2429 1833 2468 proventus,

1091 2480 1316 2523 cuiuscumque
1341 2484 1481 2520 naturae,
1508 2478 1632 2519 valoris,
1653 2478 1834 2522 quantitatis

1091 2539 1120 2566 et
1144 2533 1301 2576 qualitatis
1327 2532 1452 2572 fuerint,
1477 2542 1678 2575 quocumque
1706 2532 1834 2565 nomine

1128 2611 1136 2636 1
1155 2609 1221 2636 Male
1238 2608 1302 2636 edit.
1320 2608 1400 2635 Main.
1417 2607 1480 2642 legit
1497 2608 1676 2642 processione
1693 2609 1729 2644 (n.
1746 2609 1795 2643 T.).

1125 2650 1140 2676 ⁰2
1157 2650 1223 2677 Male
1240 2649 1305 2677 edit.
1322 2649 1404 2676 Maiu.
1422 2648 1486 2684 legit
1502 2649 1683 2684 recipiendae
1699 2648 1736 2684 (a.
1751 2649 1799 2684 Τ.).

1731 211 1796 245 337
1843 221 1895 250 An.
1917 219 2032 249 c.1633
