2248 3229
255 235 304 264 An.
320 234 350 264 0.
370 234 440 264 1634
483 225 548 261 426

281 403 340 424 Facti
356 409 428 424 series.

669 280 854 310 venerabilis
870 279 976 315 frater,

489 328 618 356 salutem
639 328 670 354 et
689 326 885 360 apostolicam
904 324 1154 353 benedictionem.

497 389 598 424 Alias¹
624 400 681 433 per
705 398 762 421 nos
787 392 934 431 accepto,
953 386 1037 431 quod
1061 387 1092 419 in
1117 396 1191 420 con-

453 443 634 485 troversiis,
660 442 740 475 inter
764 445 793 475 te
818 444 847 475 et
871 451 931 484 pro
961 445 1102 484 tempore
1127 440 1192 473 exi-

452 502 584 530 stentem
624 495 741 529 iurium
775 500 805 528 et
840 495 1013 538 spoliorum
1050 504 1193 527 camerae

451 549 640 593 apostolicae
664 548 843 582 debitorum
872 548 904 580 in
928 547 1139 590 portugalliae
1164 552 1193 580 ct

452 603 676 646 Algarhiorum
700 602 805 645 regnis
835 602 1037 635 collectorem
1063 611 1193 644 genera-

452 657 514 689 lem
535 667 570 690 ex
595 657 669 697 una,
685 666 721 689 ac
737 655 886 689 dilectum
906 655 1005 688 filium
1023 655 1192 688 Antonium

451 709 678 753 Mascaregnas,
695 708 962 752 indulgentiarum
976 712 1006 741 et
1019 708 1192 751 gratiarum

451 762 660 806 spiritualium
686 768 716 796 et
740 762 964 806 temporalium
990 761 1145 794 cruciatae
1163 761 1193 794 in

451 815 568 849 eisdem
582 816 793 859 Portugalliae
807 821 837 849 et
850 816 1074 859 Algarbiorum
1089 815 1194 858 regnis

451 868 489 902 ab
513 869 572 903 hac
588 869 701 903 Sancta
715 869 793 902 Sede
811 879 1032 902 concessarum
1051 868 1194 902 commis-

451 923 568 956 sarium
594 923 774 966 generalem
806 922 979 966 apostolica
1008 922 1194 956 auctoritate

451 976 633 1020 deputatum
651 987 687 1009 ex
705 976 801 1009 altera
822 975 974 1020 partibus,
996 975 1083 1016 ortis,
1101 985 1193 1008 vene-

451 1029 566 1063 rabiles
589 1029 702 1062 fratres
727 1029 826 1063 nostri
852 1029 880 1062 S.
906 1029 940 1062 R.
966 1029 999 1062 E.
1018 1029 1194 1063 cardinales

451 1093 545 1128 super
558 1082 619 1116 hoc
632 1093 649 1116 a
661 1082 752 1116 nobis
768 1082 945 1126 specialiter
959 1082 1107 1127 deputati,
1122 1094 1192 1116 cum

451 1137 628 1176 interventu
652 1136 745 1170 etiam
770 1136 985 1180 praelatorum
1003 1147 1020 1169 a
1036 1137 1127 1169 nobis
1144 1147 1194 1180 pa-

451 1189 529 1223 riter
546 1190 584 1222 ad
601 1190 662 1223 hoc
679 1189 912 1233 deputatorum,
928 1190 1055 1232 negotio
1073 1194 1194 1223 mature

452 1243 644 1283 examinato,
673 1243 878 1287 partibusque
903 1242 975 1275 hinc
1000 1242 1071 1275 inde
1096 1242 1193 1276 insor-

452 1296 610 1329 mantibus
626 1296 744 1339 pluries
769 1295 893 1337 auditis,
909 1295 1145 1330 declaraverant
1165 1300 1195 1329 et

451 1349 663 1391 resolve-ant,
691 1349 887 1394 praedic‘tum
912 1349 1081 1383 Antonium
1107 1360 1193 1383 com-

453 1404 630 1437 missarium
656 1414 718 1437 non
742 1404 890 1447 potuisse,
915 1413 972 1437 nec
997 1403 1027 1435 in
1052 1403 1193 1437 futurum

452 1468 565 1502 posse,
598 1457 707 1500 vigore
739 1457 915 1490 litterarum
950 1457 1193 1501 apostolicarum

453 1511 593 1544 eiusdem
608 1511 775 1551 cruciatae,
786 1510 959 1544 concedere
974 1511 1132 1544 licentiam
1148 1521 1194 1544 ce-

453 1564 594 1598 lebrandi
611 1575 669 1598 nec
689 1564 834 1598 audiendi
860 1564 972 1597 missas
998 1564 1029 1597 in
1046 1565 1193 1598 oratoriis

452 1618 591 1663 privatis,
617 1629 672 1651 seu
696 1618 886 1658 domesticis,
904 1623 934 1651 et
958 1618 1027 1652 ideo
1053 1618 1193 1652 licentias

454 1673 582 1705 eatenus
605 1682 662 1715 per
686 1672 787 1716 ipsum
813 1672 981 1705 Antonium
1014 1673 1194 1705 commissa-

453 1725 535 1758 rium
561 1736 735 1766 concessas,
754 1725 836 1759 etde
862 1730 967 1758 cetero
992 1726 1097 1758 forsan
1122 1736 1194 1759 con-

454 1778 618 1818 cedendas,
644 1779 738 1811 fuisse
763 1783 792 1811 et
811 1788 883 1811 ‚esse
908 1789 943 1810 ac
961 1778 1027 1811 fore
1044 1778 1145 1811 nullas
1162 1783 1193 1811 et

454 1832 619 1871 invalidas,
641 1843 676 1865 ac
700 1833 829 1876 insuper
853 1832 935 1876 quod
960 1832 1084 1875 quando
1110 1833 1192 1865 idem

454 1886 605 1919 Antonius
619 1885 854 1918 commissarius
868 1885 1058 1929 procedebat
1071 1886 1113 1917 uti
1133 1896 1194 1918 me-

454 1949 509 1971 rus
533 1943 707 1981 exequutor
732 1939 886 1971 dictarum
912 1939 1086 1971 litterarum
1115 1950 1190 1971 cru-

455 1991 562 2031 ciatae,
576 2002 633 2024 nec
650 1991 871 2034 egrediebatur
891 1991 1006 2024 limites
1023 2002 1095 2024 suae
1109 2003 1194 2025 com-

456 2045 615 2077 missionis
640 2045 678 2078 ab
703 2046 911 2089 exequutione
942 2047 1124 2078 earumdem
1150 2046 1195 2078 lit-

455 2103 592 2131 terarum
609 2098 764 2131 cruciatae
781 2109 842 2131 non
857 2099 923 2131 dari
941 2099 1194 2142 appellationem,

455 2161 512 2184 nec
529 2151 566 2184 ad
584 2151 730 2185 effoetum
748 2152 971 2192 devolutivum,
988 2163 1045 2185 nec
1064 2163 1192 2197 suspen-

456 2205 566 2245 sivum,
585 2205 637 2237 sed
658 2205 782 2248 quando
800 2206 964 2238 exercebat
989 2206 1102 2239 limites
1122 2216 1195 2239 suae

457 2258 696 2298 commissionis,
713 2263 765 2292 aut
782 2259 932 2301 gravabat
958 2265 1072 2302 partes,
1093 2270 1194 2303 posse,

457 2311 565 2344 saltem
591 2322 646 2354 per
671 2311 750 2342 viam
777 2312 934 2355 querelae,
952 2322 1114 2345 recursum
1142 2313 1195 2344 ha-

457 2363 522 2397 beri
549 2363 586 2396 ad
611 2364 811 2398 collectorem
838 2366 880 2397 uti
906 2366 1114 2409 superiorem,
1143 2365 1194 2409 qui

457 2423 572 2461 posset,
587 2418 716 2451 serratis
734 2418 829 2451 sacris
847 2419 1027 2459 canonibus,
1043 2419 1195 2459 inhibere,

458 2476 488 2503 et
512 2477 630 2514 postea,
645 2472 771 2512 cognito
789 2472 878 2515 plene
896 2471 934 2504 de
951 2472 1131 2514 gravamine
1150 2472 1195 2504 vel

458 2534 597 2563 excessu,
616 2525 691 2557 illud
709 2536 760 2557 seu
780 2526 865 2558 illum
885 2526 1062 2566 emendare,
1080 2532 1109 2558 et
1127 2536 1196 2569 pro-

496 2596 504 2620 1
526 2595 562 2621 De
580 2599 633 2622 tota
648 2604 676 2621 re
693 2604 761 2631 quae
778 2598 900 2633 sequitur
918 2597 975 2624 vide
992 2602 1056 2624 tom.
1073 2604 1129 2631 xm,
1146 2605 1193 2632 pa-

458 2639 520 2674 gina
534 2640 595 2673 462,
612 2641 662 2666 4th
677 2645 713 2675 tu.
728 2642 775 2675 Τ.).

1033 232 1214 259 BULLARIUM
1231 222 1391 259 'notamen

1224 279 1331 313 videre
1353 283 1448 324 prout
1478 279 1596 314 iustitia
1630 281 1793 325 exigebat,
1818 281 1966 326 idemque

1225 344 1317 378 posse
1342 332 1440 366 dictas
1463 338 1568 378 partes
1592 333 1706 375 facere,
1734 335 1859 378 quando
1883 345 1965 369 com-

1214 420 1216 425 ,
1244 387 1387 419 iissarius
1411 386 1601 431 procedebat
1624 387 1669 420 uti
1693 385 1785 421 iudex
1808 393 1862 422 aut
1885 388 1965 422 mix-

1226 444 1274 472 tus
1291 444 1480 483 exequutor3
1494 450 1604 472 verum
1618 439 1650 472 in
1663 439 1795 481 casibus,
1808 440 1838 473 in
1852 441 1965 485 quibus

1226 493 1274 526 ius
1299 503 1466 526 commune
1490 503 1639 537 expresse
1663 493 1805 526 concedit
1829 495 1964 538 appella-

1228 546 1359 587 tionem,
1379 556 1473 590 posse
1498 551 1602 591 partes
1626 547 1802 591 appellare,
1822 551 1852 579 et
1872 547 1965 580 colle-

1227 605 1347 634 ctorem
1372 600 1613 645 appellationem
1641 600 1679 633 ad
1703 604 1874 644 utrumque
1898 600 1967 634 effe·

1227 660 1312 688 ctum
1344 655 1508 699 recipere,
1542 659 1572 688 et
1595 654 1689 688 modo
1713 654 1858 699 superius
1884 654 1967 688 dicto

1228 707 1384 748 inhibere3
1399 717 1534 752 cumque
1552 712 1661 752 postea
1678 718 1772 752 super
1787 707 1968 741 declaratio-

1227 761 1319 793 nibus
1335 762 1383 794 vel
1408 761 1654 794 resolutionibus
1675 760 1843 804 praedictis
1861 766 1968 794 exorta

1227 814 1357 847 fuissent
1388 814 1549 858 sequentia
1573 813 1689 855 dubia,
1713 813 1871 847 videlicet:
1896 814 1964 858 pri-

1228 878 1325 910 mum,
1344 867 1381 900 ad
1406 878 1500 911 quem
1525 870 1680 912 spectaret
1704 877 1905 910 cognoscere,
1929 877 1967 900 an

1227 920 1462 953 commissarius
1487 921 1645 954 cruciatae
1669 924 1967 964 gravasset.partes‚

1228 973 1275 1006 vel
1300 974 1483 1007 excessisset
1499 974 1614 1007 limites
1639 984 1712 1007 suae
1736 966 1900 1014 facultatis,
1916 977 1969 1006 aut

1227 1028 1432 1071 processisset
1448 1027 1493 1060 uti
1518 1027 1634 1060 mixtus
1659 1032 1844 1071 exequutor,
1862 1027 1910 1060 vel
1929 1036 1968 1060 an

1227 1080 1454 1125 appellationes
1478 1080 1608 1114 fuissent
1636 1080 1839 1125 interpositae
1862 1079 1894 1113 in
1922 1089 1968 1113 ca-

1228 1134 1314 1166 sibus
1338 1133 1369 1166 in
1394 1133 1508 1177 quibus
1543 1133 1591 1166 ius
1622 1143 1789 1167 commune
1819 1142 1967 1178 expresse

1228 1188 1296 1222 illas
1313 1188 1498 1222 committit:
1520 1189 1705 1222 secundarie
1722 1199 1796 1223 vero
1820 1186 1966 1233 quando¹

1228 1247 1409 1275 censeretur
1439 1242 1676 1276 commissarius
1700 1242 1894 1287 procedere,
1921 1242 1968 1276 uti

1228 1305 1334 1328 merus
1359 1295 1407 1328 vel
1431 1295 1547 1328 mixtus
1571 1301 1760 1339 exequutor:
1781 1306 1817 1329 ac
1840 1295 1968 1329 demum

1228 1358 1266 1381 an
1291 1348 1526 1382 commissarius
1556 1348 1736 1392 praedictus
1760 1351 1790 1383 et
1813 1349 1968 1382 cruciatae

1227 1401 1348 1445 possint
1368 1401 1438 1444 cogi
1463 1401 1501 1434 ad
1527 1400 1712 1434 tradendum
1732 1406 1810 1443 acta,
1831 1401 1869 1434 ad
1888 1401 1966 1435 effe-

1228 1460 1313 1488 ctum
1342 1459 1376 1488 ut
1405 1455 1555 1489 collector
1584 1455 1621 1488 de
1649 1455 1829 1500 praemissis
1854 1466 1969 1499 cogno-

1229 1513 1348 1550 sceret,
1373 1514 1403 1542 et
1427 1519 1465 1541 an
1490 1509 1572 1542 idem
1598 1509 1834 1543 commissarius
1857 1519 1969 1554 parere

1229 1566 1390 1595 teneretur
1408 1561 1623 1596 inibitionibus
1641 1562 1777 1607 desuper
1797 1562 1855 1596 sibi
1872 1573 1889 1596 a
1909 1563 1970 1597 col—

1228 1615 1345 1649 lectore
1362 1616 1450 1649 sactis
1475 1616 1539 1649 sive
1563 1616 1729 1657 faciendi53
1748 1616 1842 1650 iidem
1866 1616 1967 1650 cardi-

1227 1670 1313 1703 nales
1338 1672 1400 1702 una
1425 1680 1496 1703 cum
1521 1670 1668 1713 praelatis
1695 1670 1873 1715 praedictis,
1897 1671 1969 1704 arti-

1228 1723 1306 1756 culis
1335 1724 1516 1757 huiusmodi
1543 1729 1649 1757 exacte
1673 1724 1832 1766 discussis,
1851 1725 1889 1758 ad
1908 1725 1969 1769 pri-

1228 1787 1314 1810 mum
1344 1777 1476 1810 dubium
1504 1777 1750 1821 responderant,
1776 1778 1967 1822 praedictam

1228 1830 1439 1872 cognitionem
1476 1835 1634 1875 spectasse
1668 1835 1698 1865 et
1731 1842 1791 1875 pro
1826 1836 1970 1876 tempore

1228 1889 1370 1927 spectare
1398 1884 1436 1916 ad
1467 1884 1669 1917 collectorem
1698 1884 1742 1918 uti
1771 1885 1969 1928 superiorem

1229 1937 1436 1970 commissarii
1452 1938 1623 1977 cruciatae;
1641 1937 1679 1971 ad
1697 1938 1868 1971 secundum
1883 1948 1968 1982 vero,

1229 1996 1302 2023 tunc
1327 1991 1473 2024 eumdem
1506 1991 1756 2024 commissarium
1793 1991 1968 2035 precedere

1229 2045 1272 2077 uti
1294 2055 1415 2077 merum
1440 2048 1676 2088 exequutorem,
1702 2044 1827 2088 quando
1851 2045 1969 2090 absque

1230 2096 1365 2129 iudiciali
1399 2097 1580 2139 cognitione
1613 2103 1821 2141 exequeretur
1850 2109 1968 2142 purum

1229 2157 1258 2184 et
1282 2151 1401 2184 nudum
1429 2151 1543 2184 sactum
1569 2161 1663 2195 super
1692 2151 1787 2184 rebus
1812 2153 1968 2196 expressis

1230 2205 1260 2237 in
1278 2205 1395 2237 eisdem
1418 2205 1529 2238 litteris
1553 2205 1727 2245 cruciatae;
1745 2206 1876 2239 mixtum
1894 2217 1969 2240 vero

1230 2264 1454 2302 exequutorem
1480 2258 1540 2291 dici
1573 2258 1698 2302 quando
1727 2264 1901 2293 assumeret
1924 2260 1970 2293 iu-

1230 2312 1372 2345 dicialem
1393 2312 1602 2355 cognitionem
1621 2323 1718 2356 super
1742 2323 1777 2346 re
1801 2314 1889 2357 prius
1906 2317 1968 2347 iton

1230 2365 1365 2407 cognita,
1383 2370 1435 2398 aut
1455 2365 1579 2409 quando
1604 2367 1636 2399 s'e
1661 2371 1836 2410 opponeret
1856 2366 1968 2410 aliquis

1230 2419 1388 2460 legitimus
1413 2419 1646 2459 contradictor;
1671 2419 1709 2452 ad
1735 2420 1860 2453 tertium
1886 2420 1969 2454 deni-

1229 2483 1300 2515 que,
1313 2483 1411 2516 posse
1425 2473 1569 2505 eumdem
1585 2474 1837 2507 commissarium
1854 2478 1884 2507 et
1902 2474 1968 2507 eius

1229 2526 1386 2558 notarium
1412 2527 1481 2569 cogi
1505 2537 1523 2559 a
1547 2528 1715 2561 collectore
1747 2527 1784 2560 ad
1816 2527 1968 2561 tradenda

1264 2641 1276 2667 1
1295 2640 1393 2668 Vocem
1409 2641 1523 2677 quando
1539 2649 1587 2670 nos
1602 2640 1725 2669 addimus
1741 2642 1779 2676 (n.
1792 2641 1840 2676 τ.).

1977 231 2027 262 An.
2042 232 2074 262 G.
2092 231 2161 262 ¹634
