2248 3229
267 209 355 238 Amc.
378 209 448 238 1632

289 750 411 773 Exordium.

280 1279 382 1301 indicatio
392 1280 444 1301 Con·

259 1307 374 1354 {thimonis
390 1308 443 1328 Pan·

284 1598 404 1620 Exordium.

307 2076 440 2103 Supplicatio

256 2105 359 2133 generatis
366 2104 439 2125 Socie-

256 2132 312 2150 tatis.

492 202 556 236 270

509 260 577 293 dem
593 258 875 292 commutationem
895 261 924 290 et
943 257 1200 290 relaxationem:

507 313 642 356 insuper
666 311 858 351 declaratio,
875 310 962 354 quod
978 311 1014 343 in
1031 310 1115 343 dieto
1132 316 1202 344 ‘voto

508 365 546 398 de
565 364 784 408 diqnitatibus
804 368 896 397 extra
915 364 1104 397 Societatem
1125 374 1203 396 eom-

502 417 752 461 prehenduntur
768 418 867 451 etiam
883 417 1060 461 diqnitates
1080 417 1203 451 secula-

505 481 555 503 res
579 475 607 504 et
632 471 739 515 officia
761 471 933 511 secularia,
962 481 1045 516 quae
1069 471 1203 504 iurisdi-

506 524 643 557 ctionem
668 524 786 558 liabent
809 528 901 558 eoetra
925 524 1123 558 Societatem.

665 614 802 642 Urbanus
823 615 902 649 Papa
920 615 995 650 vm,

585 660 621 686 ad
636 662 813 693 perpetuam
832 659 876 688 rei
896 659 1075 688 memoriam.

506 737 592 778 Vota,
610 748 689 782 quae
706 739 770 772 Deo
790 738 881 780 fiunt,
898 738 1026 772 omnino
1043 738 1132 772 reddi
1153 738 1202 772 de-

460 789 548 833 bent,
574 796 604 824 et
626 791 814 835 praesertim
839 792 864 825 si
888 792 920 825 in
945 792 1089 825 manibus
1113 803 1202 836 supe-

460 844 583 878 riorum
619 844 801 879 emittantur
836 857 894 889 per
927 846 1115 889 religiosos,
1147 846 1201 890 qui

461 903 546 931 tanto
570 898 642 941 plus
667 899 779 931 ceteris
796 903 943 932 tenentur
960 910 1067 943 opere,
1085 904 1201 943 quanto
1217 934 1219 945 λ

459 951 529 994 plus
553 951 768 995 promiserunt
795 953 999 996 professione.
1026 953 1112 986 Unde
1140 954 1219 1003 ¹³⁰<

459 1014 570 1038 manus
584 1005 734 1048 Pontifex,
749 1006 830 1039 inter
843 1007 996 1040 maximas
1010 1007 1200 1051 apostolicae

459 1058 618 1091 servitutis
643 1069 743 1101 ouras,
772 1059 803 1091 in
829 1070 896 1092 eam
920 1060 1072 1103 peculiari
1097 1060 1200 1094 studio

459 1109 574 1153 iugiter
590 1111 754 1152 incumbit,
773 1117 808 1144 ut
824 1112 964 1155 religiosi
985 1113 1044 1156 ipsi
1068 1113 1201 1146 reddant

458 1163 591 1198 Domino
616 1171 686 1198 vota
711 1176 767 1198 sua
790 1166 823 1198 in
847 1167 1008 1200 sanctitate
1034 1172 1064 1200 et
1081 1167 1199 1200 iustitia

459 1227 567 1250 eoram
591 1218 668 1261 ipso.

503 1271 518 1314 g
542 1270 572 1303 1.
597 1271 793 1315 Quapropter
816 1283 834 1305 a
849 1272 947 1306 felicis
972 1273 1199 1306 recordationis

459 1324 554 1357 Paulo
579 1325 601 1357 V
626 1325 868 1369 praedecessore
886 1332 994 1360 nostro
1019 1327 1103 1360 circa
1127 1333 1198 1360 vota

459 1378 647 1412 clericorum
679 1384 709 1411 et
741 1380 1000 1424 presbyterorum
1035 1380 1198 1413 Societatis

458 1431 528 1466 Iesu
545 1438 730 1465 emanarunt
745 1433 867 1466 litterae
884 1434 1001 1467 tenoris
1022 1434 1197 1480 sequentis:
1214 1470 1216 1478 δ

670 1487 798 1521 Paulus
822 1488 918 1532 Papa
948 1489 982 1529 V,

549 1540 593 1585 acl
614 1546 805 1585 perpetuam
830 1543 877 1573 rei
902 1542 1103 1575 memoriani

501 1594 545 1626 Ex
570 1594 762 1627 incumbenti
796 1595 886 1628 nobis
911 1596 1077 1639 pastoralis
1102 1595 1195 1629 officii

456 1645 560 1680 debito
581 1647 618 1679 ad
637 1658 671 1679 ea
692 1648 800 1680 sedulo
826 1648 1025 1689 intendimus,
1044 1659 1101 1691 per
1118 1659 1196 1691 quae

455 1699 677 1742 religiosorum
705 1701 897 1742 Ordinegin
922 1702 1065 1733 militanti
1091 1702 1196 1734 Eccle-

455 1753 500 1786 sia
525 1754 562 1786 ad
587 1755 682 1787 divini
707 1755 842 1788 nominis
867 1755 990 1787 laudem
1012 1761 1042 1787 et
1061 1756 1195 1797 gloriam

455 1807 695 1850 animarumque
720 1809 851 1841 salutern
872 1808 921 1851 pie
950 1814 1095 1851 recteque
1113 1808 1197 1841 insti-

456 1859 524 1900 tuti,
542 1860 599 1892 sub
619 1860 798 1894 salubribus
815 1871 924 1893 eorum
943 1861 1059 1903 regulis
1076 1866 1105 1893 et
1126 1872 1196 1893 con-

454 1912 668 1946 stitutionibus
692 1919 903 1957 perseverent,
920 1924 955 1946 ac
973 1914 1147 1947 maioribus
1164 1915 1195 1946 in
1211 1906 1213 1935 ἓ

455 1965 520 1998 dies
545 1965 576 1998 in
601 1966 655 1999 Dei
679 1966 830 2010 obsequio
863 1973 892 2000 et
917 1968 1079 2000 sanctitate
1115 1967 1194 2000 vitae

454 2019 622 2063 proficiant
644 2019 854 2053 incrementis.

499 2073 514 2116 ἓ
538 2073 567 2105 i.
592 2074 672 2107 Sane
696 2073 827 2107 dilectus
857 2074 939 2107 silius
963 2074 1075 2108 Mutius
1100 2074 1194 2107 Vitel-

454 2126 566 2166 iesous,
580 2126 742 2159 Societatis
766 2128 834 2160 Iesu
852 2127 1049 2171 praepositus
1067 2138 1196 2170 genera-

455 2179 503 2220 lis,
520 2179 610 2212 nobis
633 2190 735 2223 nuper
755 2180 868 2224 exponi
885 2181 965 2222 fecit,
987 2181 1071 2224 quod
1089 2180 1193 2213 cleriei

455 2234 617 2277 regulares
642 2234 782 2267 eiusdem
808 2234 980 2275 Societatis,
1004 2235 1058 2278 qui
1082 2234 1119 2267 ad
1143 2245 1212 2285 so-z

455 2288 591 2321 lemnem
616 2288 843 2332 professionem
877 2288 908 2320 in
932 2288 1015 2321 dicta
1040 2287 1193 2321 Societate

455 2341 671 2383 admittuntur,
701 2348 772 2386 post
795 2342 941 2375 emissam
965 2341 1193 2385 professionem

454 2395 644 2438 huiusmodi,
658 2394 713 2428 ut¹
732 2396 812 2429 inter
830 2396 889 2428 alia
909 2395 1105 2439 infrascripta
1122 2395 1193 2428 sim-
1209 2437 1211 2444 Ι

454 2449 547 2492 plicia
566 2455 637 2483 vota
661 2451 804 2483 emittere
829 2455 1068 2492 consueverunt,
1087 2448 1192 2482 verbis

454 2504 665 2547 sequentibus,
691 2504 852 2538 videlieet:

491 2620 501 2646 1
521 2617 652 2648 Particula
668 2622 696 2648 ut
711 2625 818 2655 praeter
832 2628 890 2649 rem
907 2619 1014 2649 videtur
1035 2624 1070 2655 tn.
1088 2619 1136 2654 r).

1044 208 1223 233 BULLARIUM
1246 208 1401 233 ROMARUM

1208 2598 1210 2613 t

1993 208 2044 236 An.
2056 207 2084 236 C.
2103 208 2174 238 1632

1930 310 1936 316 .
1990 270 2174 327 quatffifffissiit

1730 337 1737 352 ,
1769 321 1877 344 coram
1907 320 2173 372 etusffireungssionevo-

1282 257 1297 299 ἓ
1321 256 1350 288 2.
1365 255 1431 299 qu
1447 255 1504 296 N„
1523 256 1683 299 professus
1699 256 1868 291 Sooietatis
1886 253 1971 298 Iesu,

1234 310 1390 353 promitto
1415 309 1479 342 Deo
1504 309 1716 352 omnipotenti

1242 362 1376 406 Virqine
1399 363 1504 396 Matre
1523 368 1551 396 et
1573 363 1638 396 tota
1665 363 1765 397 Curia
1788 364 1926 405 caelesti,
1946 367 1976 397 et

1238 427 1345 449 coram
1369 416 1407 450 R.
1427 417 1467 450 P.
1487 417 1668 460 praeposito
1687 417 1833 460 =uenerati
1850 417 1912 461 (vel
1928 427 1977 451 co-

1236 480 1311 502 ram
1333 469 1373 503 N.
1401 469 1505 503 locum
1531 470 1712 514 praepositi
1741 470 1903 514 qeneralis
1935 475 1977 504 te-

1237 524 1343 567 nente)
1368 533 1551 568 numquam
1575 533 1625 557 me
1649 527 1800 557 acturum
1823 534 1977 568 quaeum-

1237 587 1299 619 que
1323 577 1461 618 ratione,
1488 576 1537 610 vel
1560 585 1811 619 consensurum,
1833 581 1872 611 ut
1894 587 1977 622 quae

1236 630 1390 663 ordinata
1406 634 1482 664 sunt
1507 631 1592 664 eirca
1607 636 1834 676 paupertatem
1851 630 1888 664 in
1904 641 1977 664 con-

1235 685 1461 717 stitutionibus
1478 684 1646 719 Societatis
1661 686 1887 726 immutentur,
1910 685 1978 718 nisi

1236 737 1368 781 quando
1381 749 1419 771 ea:
1438 740 1536 772 causa
1552 739 1639 772 iusta
1651 749 1763 772 rerum
1776 739 1977 783 exiqentium

1218 795 1219 798 ’
1235 792 1399 825 videretur
1414 796 1591 836 paupertas
1613 792 1840 836 restrinyenda
1856 793 1974 836 mayis:

1233 846 1389 888 promitto
1412 850 1589 889 praeterea,
1616 856 1800 890 numquam
1825 856 1871 879 me
1887 856 1978 879 cura-

1238 903 1359 940 turum,
1373 904 1663 943 praetensurmnve
1679 904 1772 933 extra
1787 899 1979 934 Societatem

1232 952 1469 995 praelationem
1501 953 1651 997 aliquam
1680 952 1729 986 vel
1759 952 1974 997 diqnitatem,

1234 1015 1291 1038 neo
1329 1016 1556 1039 consensurum
1594 1007 1631 1039 in
1669 1008 1734 1039 mei
1768 1006 1972 1047 electionem,

1234 1063 1397 1101 quantum
1421 1060 1458 1092 in
1477 1070 1526 1092 me
1541 1060 1652 1102 suerit,
1673 1059 1740 1092 nisi
1753 1063 1895 1092 eoactum
1911 1059 1976 1092 obe-

1234 1111 1360 1144 dientia
1384 1113 1462 1155 eius,
1480 1113 1539 1156 qui
1563 1113 1648 1145 milti
1669 1113 1856 1156 praecipere
1872 1116 1975 1156 potest

1233 1165 1292 1198 sub
1312 1167 1417 1209 poena
1440 1167 1572 1210 peccati.

1278 1219 1292 1262 ξ
1313 1218 1342 1252 3.
1368 1220 1444 1253 Cum
1469 1230 1543 1254 vero
1568 1226 1639 1253 vota
1663 1220 1843 1254 huiusmodi
1867 1220 1971 1253 lauda·
2013 1230 2172 1262 commodatio

1232 1270 1349 1305 bilibus
1363 1273 1540 1316 praedictae
1558 1274 1721 1307 Societatis
1739 1273 1887 1307 institutis
1901 1283 1971 1307 con·
1987 1260 2172 1307 ἷιῗὼῗῃοωνοω

1233 1325 1389 1358 venientia
1413 1326 1490 1367 sint,
1510 1337 1568 1360 nos
1592 1327 1631 1359 ad
1655 1327 1787 1360 eximios
1811 1332 1841 1360 et
1857 1328 1971 1360 uberes

1232 1379 1361 1421 fructus,
1376 1390 1455 1423 quos
1472 1380 1612 1412 eiusdem
1633 1380 1797 1413 Societatis
1817 1380 1923 1412 cleriei
1941 1379 1972 1412 in

1232 1442 1309 1475 agro
1334 1432 1492 1466 dominico
1513 1433 1543 1466 in
1564 1433 1630 1466 dies
1646 1433 1771 1473 faciunt,
1795 1433 1970 1466 considera-

1232 1486 1324 1518 tionis
1350 1491 1475 1519 nostrae
1501 1486 1672 1529 dirigentes
1691 1486 1849 1528 intuitum,
1869 1496 1908 1519 ne
1921 1486 1973 1520 So-

1214 1564 1215 1572 .
1232 1539 1326 1572 eietas
1343 1540 1501 1583 praedicta
1515 1551 1665 1584 processu
1682 1540 1829 1583 temporis
1846 1538 1971 1583 aliquod

1232 1594 1262 1625 in
1283 1594 1498 1637 spiritualibus
1515 1594 1738 1627 detrimentum
1757 1594 1859 1633 faeiat,
1877 1603 1972 1636 quan-

1232 1652 1296 1679 tum
1330 1658 1400 1679 cum
1431 1648 1564 1680 Domino
1596 1658 1773 1690 possumus,
1802 1646 1970 1690 providere

1230 1700 1384 1740 volentes,
1409 1700 1690 1743 supplicationibus
1719 1700 1859 1733 eiusdem
1884 1698 1970 1732 Mutii

1230 1754 1401 1796 praepositi
1425 1754 1516 1786 nobis
1534 1764 1628 1798 super
1645 1754 1705 1787 lioe
1722 1754 1883 1786 humiliter
1899 1763 1971 1796 por-

1230 1808 1322 1840 rectis
1348 1807 1505 1848 inclinati,

1274 1861 1288 1903 ξ
1312 1860 1340 1892 si.
1367 1860 1454 1899 Quod
1478 1861 1516 1893 de
1541 1865 1646 1894 cetero
1670 1859 1839 1905 perpetu0¹
1856 1860 1969 1893 futuris
2033 1869 2168 1895 Dispensatio

1230 1913 1427 1956 temporibus
1452 1924 1524 1946 cum
1549 1914 1673 1947 clericis
1697 1914 1838 1947 eiusdem
1863 1913 1968 1946 Socie·
1983 1897 2103 1944 {fficggtad
2113 1897 2168 1918 '³⁰¹²‘

1229 1966 1300 1999 tatis
1325 1977 1420 2010 super
1445 1967 1524 2000 votis
1552 1967 1720 2010 praedictis
1747 1967 1806 1999 nisi
1831 1977 1888 2010 per
1911 1977 1969 2000 nos

1211 2025 1282 2059 ¹aut
1310 2020 1487 2054 Romanum
1518 2021 1703 2054 Pontificem
1735 2031 1794 2064 pro
1825 2025 1970 2064 tempore

1229 2075 1412 2107 existentem
1443 2075 1617 2118 dispensari
1649 2075 1825 2107 nullatenus
1849 2075 1967 2118 possit,

1229 2128 1401 2171 apostolica
1415 2128 1609 2171 auctoritate,
1620 2133 1730 2161 tenore
1743 2127 1968 2172 praesentium,

1228 2181 1427 2215 decernimus
1452 2187 1482 2214 et
1506 2182 1705 2222 ordinamus,
1729 2192 1765 2214 ac
1789 2181 1968 2214 facultatem

1228 2245 1322 2279 super
1346 2235 1425 2269 votis
1449 2235 1618 2279 praedictis
1646 2234 1849 2279 dispensandi
1877 2234 1967 2268 nobis

1228 2293 1257 2321 et
1288 2289 1430 2322 Romano
1465 2289 1607 2322 Pontifici
1641 2299 1699 2332 pro
1737 2294 1878 2333 tempore
1902 2287 1965 2321 exi-

1227 2341 1319 2375 stenti
1343 2353 1550 2375 reservamus.

1272 2396 1286 2438 g
1303 2395 1331 2428 5.
1350 2396 1568 2436 Deeernentes‚
1586 2405 1800 2440 quascumque
1819 2399 1965 2428 votorum
1979 2401 2164 2452 weggfflgffisdss

1226 2449 1460 2492 praedictorum
1485 2450 1733 2493 dispensationes
1753 2454 1861 2482 eontra
1878 2458 1966 2492 prae·
1980 2454 2028 2476 liter
2042 2454 2115 2476 saetas·

1227 2502 1361 2537 sentium
1391 2509 1531 2537 tenorem
1561 2503 1822 2548 quandocumque
1850 2502 1963 2536 facien-

1207 2639 1210 2649 .
1262 2621 1273 2645 vt
1291 2620 1403 2648 Videtur
1417 2619 1562 2656 tegendum
1574 2620 1722 2655 perpetuis
1735 2620 1773 2655 (R.
1785 2620 1833 2654 r).
