2248 3229
207 184 260 214 An.
281 185 308 215 C.
326 185 392 216 1631
441 178 507 213 250

210 1522 319 1545 Contraria
330 1524 392 1546 tollit.

260 2162 326 2183 Huius
341 2163 397 2182 tran-

212 2189 300 2215 sumptis
340 2188 397 2208 credi

213 2215 273 2235 iubet
290 2218 310 2237 et
330 2217 397 2241 publi-

213 2244 284 2262 catam
303 2243 323 2263 in
343 2242 398 2264 Urbe

214 2273 285 2290 ornnes
333 2270 397 2296 ligare

214 2297 294 2317 statuit.

406 289 578 330 tendentes,
595 289 633 322 ad
653 289 714 322 hoc
734 287 833 321 vocati
854 291 884 320 et
906 287 1014 328 auditi,
1032 287 1148 320 minus-

407 354 468 387 que
485 353 606 383 causae,
621 345 753 385 propter
767 350 844 384 quas
858 339 985 373 eaedem
1004 350 1149 384 praesen-

406 401 453 429 tes
477 400 672 435 emanarunt,
693 393 856 434 adductae,
880 393 1068 434 verificatae,
1092 403 1147 427 seu

408 449 484 482 alias
498 448 680 481 iustificatae
698 457 760 480 non
770 447 896 487 suerint,
913 447 977 480 ullo
996 457 1146 490 umquam

407 506 549 545 tempore
571 501 609 534 de
632 500 844 544 subreptionis
874 500 921 532 vel
953 500 1148 543 obreptionis

408 565 463 587 seu
476 553 627 586 nullitatis
653 552 738 594 vitio,
756 557 809 585 aut
824 552 1005 586 intentionis
1021 557 1147 585 nostrae

407 607 453 638 vel
476 606 537 639 alio
551 605 662 649 quovis
679 606 772 638 etiam
790 605 991 649 quantumvis
1009 604 1148 638 substan-

406 660 473 693 tiali
489 660 622 701 defectu,
635 659 749 701 notari,
764 659 954 703 impugnari,
973 658 1147 700 invalidari,

406 713 593 754 retractari,
618 714 649 746 in
673 713 721 746 ius
746 713 794 745 vel
819 712 1067 746 controversiam
1091 722 1144 745 re-

408 767 525 809 vocari,
542 771 596 799 aut
615 766 653 799 ad
674 766 825 799 terminos
845 765 923 798 iuris
943 765 1062 806 reduci,
1079 764 1146 798 aut¹

408 819 494 853 aliud
514 819 737 864 quodcumque
759 818 846 859 iuris,
863 818 945 860 sacti,
964 818 1082 861 gratiae
1099 818 1147 850 vel

406 872 543 906 iustitiae
570 871 745 906 remedium
777 871 939 916 impetrari
971 871 1148 905 nullatenus

406 937 510 971 posse,
535 936 638 970 neque
662 925 720 958 sub
745 925 907 969 quibusvis
932 925 1082 958 similium
1100 926 1147 958 vel

407 979 608 1013 dissimilium
620 979 793 1023 gratiarum
807 978 1069 1021 revocationibus,
1084 989 1149 1012 sus-

407 1034 625 1079 pensionibus,
644 1033 896 1074 imitationibus,
920 1039 973 1066 aut
992 1033 1061 1066 aliis
1079 1043 1148 1066 con-

407 1087 513 1120 trariis
525 1086 782 1131 dispositionibus
792 1097 850 1131 pro
864 1092 1005 1130 tempore
1019 1096 1150 1130 quomo—

408 1140 527 1174 dolibet
543 1140 692 1173 faciendis
706 1140 944 1184 comprehendi,
957 1140 1012 1172 sed
1025 1149 1149 1183 semper

408 1194 447 1227 ab
467 1194 528 1227 illis
553 1199 708 1238 exceptas,
733 1204 923 1237 semperque
947 1193 1074 1235 validas,
1099 1193 1150 1225 fir-

407 1257 475 1280 mas
500 1252 529 1279 et
554 1247 696 1280 efficaces
717 1247 850 1279 existere
867 1252 897 1279 et
920 1247 997 1286 sore,
1013 1256 1150 1289 suosque

407 1300 567 1344 plenarios
599 1305 629 1333 et
653 1300 794 1343 integros
827 1300 956 1333 effectus
987 1299 1094 1333 sortiri
1120 1304 1149 1333 et

408 1353 562 1394 obtinere,
586 1364 622 1386 ac
647 1353 686 1386 ab
710 1353 858 1387 omnibus
882 1359 912 1386 et
935 1353 1089 1396 singulis,
1110 1353 1149 1385 ad

408 1417 488 1450 quos
512 1411 631 1450 spectat
662 1412 693 1440 et
724 1418 783 1451 pro
807 1412 952 1451 tempore
977 1407 1148 1451 spectabit,

409 1459 630 1494 inviolabiliter
655 1460 816 1493 observari
842 1460 972 1500 debere,

454 1514 470 1555 ξ
496 1512 526 1545 4.
552 1512 665 1556 Sicque
696 1524 752 1556 per
782 1524 1000 1557 quoscumque
1031 1513 1150 1546 iudices

409 1565 587 1606 ordinarios
611 1570 642 1598 et
666 1566 838 1609 delegatos,
865 1566 957 1599 etiam
983 1577 1148 1600 causarum

408 1618 516 1662 palatii
545 1618 707 1662 apostolici
739 1619 920 1660 auditores,
954 1630 991 1653 ae
1026 1625 1149 1653 sanetae

408 1673 567 1706 Romanae
591 1673 749 1706 Ecclesiae
778 1674 968 1714 cardinales,
993 1674 1087 1708 etiam
1112 1674 1150 1707 de

410 1726 507 1759 latere
531 1727 672 1769 legatos,
698 1726 862 1770 dictaeque
889 1727 977 1760 Sedis
1002 1727 1149 1767 nuntios,

411 1779 530 1812 sublata
554 1779 598 1811 eis
611 1783 641 1813 et
657 1790 768 1812 eorum
787 1779 915 1812 cuilibet
931 1779 1040 1822 quavis
1061 1779 1150 1812 aliter

410 1832 569 1865 iudicandi
587 1837 617 1864 et
634 1832 863 1876 interpretandi
887 1833 1033 1865 facultate
1053 1837 1083 1865 et
1099 1843 1151 1864 au-

411 1884 565 1925 ctoritate,
591 1884 721 1917 iudicari
751 1889 781 1917 et
815 1884 939 1917 deliniri
967 1884 1094 1925 debere,
1116 1895 1150 1917 ae

411 1937 536 1970 irritum
562 1940 592 1970 e't
615 1938 716 1978 inane,
742 1938 766 1970 si
792 1938 866 1981 quid
885 1948 974 1970 secus
992 1949 1086 1981 super
1103 1939 1150 1971 his

411 2002 429 2024 a
453 2002 630 2035 quoquam,
655 1992 764 2035 quavis
788 1992 991 2031 auctoritate,
1016 1992 1151 2025 scienter

412 2046 460 2079 vel
485 2046 689 2088 ignoranter,
715 2046 884 2089 contigerit
907 2046 1074 2087 attentari,
1099 2046 1152 2080 (le-

413 2099 580 2132 cernimus.

457 2153 472 2197 ἓ
496 2153 526 2186 5.
551 2154 619 2187 Non
643 2153 839 2186 obstantibus
859 2154 969 2196 regula
986 2155 1094 2187 nostra
1114 2153 1159 2194 de,

413 2206 481 2240 iure
506 2207 647 2250 quaesito
671 2217 734 2240 non
759 2206 896 2240 tollendo
925 2217 960 2239 ac
992 2207 1153 2250 quibusvis

413 2260 481 2293 aliis
492 2260 767 2294 constitutionibus
778 2265 807 2293 et
817 2260 1066 2294 ordinationibus
1083 2271 1154 2304 apo-

413 2314 541 2355 stolicis,
566 2324 689 2347 necnon
713 2313 882 2354 dictorum,
910 2319 973 2346 tam
991 2314 1155 2348 sanctiBe-

413 2367 538 2409 nedicti,
563 2367 795 2408 Cisterciensis,
820 2368 1154 2409 praemonstratensis,

415 2422 512 2456 sancti
537 2421 662 2455 Antonii
678 2421 716 2454 de
730 2428 837 2454 sancto
852 2422 988 2455 Antonio
1004 2422 1155 2455 Viennen-

416 2475 467 2518 sis,
490 2480 519 2508 et
540 2475 702 2509 Societatis
723 2475 792 2509 Iesu
813 2476 1039 2520 praefatorum,
1060 2485 1154 2520 quam

454 2593 465 2617 1
488 2591 585 2627 Supple
606 2592 740 2620 admistis
760 2599 807 2620 eas
826 2594 865 2627 (a.
883 2591 930 2626 r).

987 187 1165 212 BULLARIUM
1190 187 1344 212 Romanu

406 235 566 276 habentes,
592 245 646 269 seu
670 234 908 279 quomodolibet
927 234 1044 267 habere
1060 243 1164 277 prae-1

1180 245 1456 279 quorumcumque
1478 235 1613 270 aliorum
1637 238 1788 273 Ordinum
1802 265 1810 280 ‚
1842 248 1917 274 con-

1180 287 1416 330 gregationum,
1441 287 1625 323 societatum
1643 296 1673 324 et
1688 291 1918 334 institutorum,

1180 340 1273 373 etiam
1285 341 1472 383 iuramento,
1486 342 1724 378 confirmatione
1736 346 1917 390 apostolica,

1181 394 1228 426 vel
1243 394 1352 439 quavis
1366 394 1517 429 firmitate
1536 395 1596 429 alia
1613 396 1780 439 roboratis,
1797 399 1920 433 statutis

1180 451 1210 479 et
1236 447 1526 489 consuetudinibus,
1546 449 1639 482 etiam
1660 449 1920 485 immemorabili-

1181 499 1240 532 bus
1254 527 1262 540 ‚
1287 505 1317 532 et
1340 500 1514 544 privilegiis
1528 530 1535 544 ‚
1557 512 1683 536 necnon
1714 503 1860 547 praefatis
1890 510 1920 538 et

1181 552 1343 596 quibusvis
1367 553 1436 586 aliis
1459 555 1644 598 privilegiis,
1664 556 1793 590 indultis
1817 561 1848 590 et
1870 557 1920 590 lit·

1180 605 1256 639 teris
1280 607 1469 650 apostolicis,
1487 608 1582 641 etiam
1605 620 1694 643 mare
1717 620 1876 654 maynum
1891 616 1922 644 et

1181 659 1256 692 alias
1287 661 1528 704 quomodolibet
1561 663 1772 707 nuncupatis,
1801 663 1919 697 eisdem

1181 711 1361 754 Ordinibus,
1385 714 1694 757 congregationibus,
1719 716 1921 751 societatibus

1181 771 1212 799 et
1234 766 1392 808 institutis,
1417 778 1592 812 eorumque
1615 770 1842 813 superioribuS,
1863 771 1921 805 bo-

1181 819 1238 861 nis,
1264 819 1369 861 rebus,
1387 822 1596 862 monasteriis,
1613 822 1701 864 locis,
1720 823 1921 866 regularibus

1182 878 1213 906 et
1236 874 1390 917 personis,
1416 874 1474 908 sub
1494 875 1746 920 quibuscumque
1757 877 1922 911 tenoribus

1182 931 1212 974 et
1236 927 1356 968 l'ormis,
1380 938 1416 961 ae
1441 938 1512 961 eum
1538 928 1700 972 quibusvis
1720 930 1814 963 etiam
1834 930 1922 964 dero-

1181 980 1376 1022 gatoriarum
1400 981 1632 1025 derogatoriiS,
1661 982 1793 1027 aliisque
1817 984 1921 1018 effica-

1182 1033 1320 1066 cioribus
1345 1039 1375 1067 et
1398 1033 1531 1068 insolitis
1551 1035 1710 1077 clausulis,
1734 1042 1765 1070 et
1785 1037 1854 1070 aliis
1871 1037 1922 1071 de-

1182 1086 1291 1129 cretis,
1317 1087 1348 1120 in
1372 1097 1489 1130 genere
1513 1088 1561 1122 vel
1585 1089 1616 1122 in
1642 1089 1761 1133 specie,
1785 1100 1822 1124 ac
1846 1090 1922 1124 alias

1182 1139 1212 1171 in
1237 1139 1429 1173 contrarium
1455 1142 1704 1185 praemissorum
1727 1142 1922 1186 quomodoli-

1183 1192 1234 1226 bet
1258 1193 1437 1235 concessis,
1462 1194 1656 1228 confirmatis
1684 1199 1715 1230 et
1745 1196 1921 1238 innovatis;

1183 1245 1296 1288 quibus
1320 1246 1467 1279 omnibus
1491 1252 1521 1280 et
1544 1247 1687 1290 singulis,
1712 1248 1834 1282 etiamsi
1862 1260 1922 1294 pro

1183 1298 1309 1332 illorum
1349 1299 1516 1333 sufficienti
1551 1300 1755 1344 derogatione
1791 1302 1829 1336 de
1861 1303 1923 1337 illis

1183 1361 1357 1395 eorumque
1381 1353 1454 1386 totis
1478 1353 1641 1387 tenoribus
1664 1354 1826 1399 specialis,
1851 1366 1922 1400 spe-

1184 1404 1284 1445 cifica,
1298 1415 1447 1449 expressa
1471 1411 1501 1438 et
1524 1405 1694 1449 individua,
1712 1417 1748 1442 ac
1771 1407 1810 1441 de
1827 1408 1924 1443 verbo

1183 1457 1221 1490 ad
1235 1457 1376 1500 verbum,
1390 1468 1453 1492 non
1466 1464 1570 1492 autem
1585 1470 1643 1504 per
1657 1461 1812 1495 clausulas
1828 1472 1924 1505 gene-

1184 1511 1264 1544 rales
1283 1511 1367 1544 idem
1387 1512 1602 1556 importantes,
1620 1514 1739 1548 mentio
1759 1525 1814 1548 seu
1833 1526 1924 1560 quae-

1184 1564 1229 1597 vis
1242 1565 1302 1598 alia
1319 1566 1480 1609 expressio
1504 1566 1649 1600 habenda
1672 1572 1725 1600 aut
1744 1567 1848 1611 aliqua
1863 1568 1923 1602 alia

1184 1618 1339 1661 exquisita
1362 1619 1464 1652 forma
1487 1619 1527 1652 ad
1554 1620 1615 1653 hoc
1646 1620 1797 1653 servanda
1821 1621 1922 1661 foret,

1183 1671 1311 1705 illorum
1343 1672 1485 1706 omnium
1513 1678 1543 1705 et
1571 1672 1771 1715 singulorum
1796 1678 1921 1708 tenores

1184 1725 1403 1769 praesentibus
1416 1736 1475 1769 pro
1496 1726 1587 1769 plene
1606 1730 1636 1759 et
1659 1726 1850 1761 sufficienter
1875 1738 1923 1761 ex-

1184 1778 1302 1821 pressis
1325 1783 1356 1811 et
1379 1778 1417 1811 ad
1445 1778 1577 1812 verbum
1602 1778 1727 1812 insertis
1756 1779 1923 1822 habentes,

1185 1831 1246 1864 illis
1271 1831 1346 1864 alias
1370 1831 1402 1864 in
1423 1842 1479 1865 suo
1493 1832 1609 1865 robore
1623 1833 1848 1876 permansuris,
1865 1833 1924 1867 hae

1184 1884 1250 1917 vice
1275 1885 1436 1919 dumtaxat
1459 1885 1636 1929 specialiter
1660 1891 1690 1918 et
1711 1896 1858 1930 expresse
1874 1886 1924 1921 de-

1185 1948 1351 1980 rogamus,
1384 1938 1560 1982 cetcrisque
1589 1938 1757 1972 contrariis
1788 1939 1919 1983 quibus-

1185 2001 1330 2034 eumque.

1229 2046 1243 2089 ξ
1268 2045 1297 2078 6.
1317 2046 1466 2079 Volumus
1483 2050 1598 2087 autem,
1611 2045 1694 2090 quod
1711 2047 1923 2091 praesentium

1187 2101 1400 2144 transumptis,
1419 2100 1512 2133 etiam
1529 2100 1701 2144 impressis,
1721 2111 1816 2134 manu
1832 2101 1925 2136 alicu-

1188 2154 1235 2187 ius
1258 2153 1373 2187 notarii
1397 2153 1515 2197 publici
1538 2153 1743 2197 subscriptis,
1768 2159 1798 2187 et
1821 2154 1924 2198 sigillo

1187 2216 1340 2250 personae
1356 2205 1387 2238 in
1404 2205 1554 2249 dignitate
1574 2206 1785 2240 ecclesiastica
1803 2207 1922 2241 consti-

1188 2265 1272 2293 tutae
1289 2259 1427 2301 munitis,
1449 2259 1557 2293 eadem
1570 2270 1703 2304 prorsus
1716 2260 1832 2305 ubique
1848 2261 1926 2295 fides

1188 2313 1383 2354 adhibeatur,
1406 2324 1485 2357 quae
1505 2314 1722 2357 praesentibus
1741 2314 1818 2358 ipsis
1837 2314 1926 2348 adhi-

1188 2368 1326 2408 beretur,
1347 2367 1373 2401 si
1397 2368 1499 2401 forent
1523 2367 1679 2400 exhibitae
1699 2367 1747 2400 vel
1765 2372 1925 2408 ostensae3

1187 2421 1334 2465 quodque
1359 2421 1486 2454 eaedem
1511 2426 1692 2464 praesentes
1715 2420 1846 2462 litterae,
1871 2430 1926 2454 seu

1188 2475 1312 2507 illarum
1345 2475 1489 2519 exempla
1520 2475 1559 2507 ad
1587 2475 1691 2508 valvas
1724 2474 1925 2507 basilicarum

1188 2529 1215 2561 S.
1242 2528 1367 2561 loannis
1390 2528 1606 2562 Lateranensis
1622 2538 1658 2561 ae
1674 2526 1828 2571 Principis
1844 2528 1926 2570 Apo-

1187 2582 1339 2616 stolorum
1366 2582 1403 2616 de
1422 2582 1504 2616 Urbe
1518 2588 1548 2615 et
1561 2582 1591 2615 in
1609 2582 1674 2615 acic
1690 2581 1796 2625 Campi
1813 2580 1924 2615 Florae

1929 189 1979 218 An.
2001 189 2030 218 C.
2049 190 2109 218 1631

1995 1879 2055 1943 τε

1979 2055 2123 2081 Tranzumpus

1939 2081 2000 2103 tidem
2015 2081 2080 2103 addit.
