2248 3229
2 1491 7 1505 t

71 244 121 273 An.
142 243 172 273 C.
194 243 264 273 1638

112 1479 194 1501 can-ao
209 1486 257 1502 con-

73 1506 163 1527 cedendi
173 1506 257 1529 indutu.

891 245 1032 270 ramses
1056 244 1113 269 vm
1136 245 1182 269 PP.

271 298 365 326 ventu
390 293 620 335 constituendo,
637 303 683 335 ac,
701 298 853 337 quatenus
870 304 948 338 opus
962 294 1010 334 sit,
1045 293 1132 327 dines
1156 292 1338 337 promoveri
1363 301 1455 336 posse
1479 290 1650 325 decernere
1673 291 1712 325 de
1736 291 1786 325 be-

270 345 370 380 dictae
394 346 670 391 Congregationis,
694 347 787 381 etiam
812 347 1010 390 iuramento,
1045 347 1196 390 nignitate
1220 346 1392 390 apostolica
1416 345 1629 388 dignaremur.

270 399 509 434 confirmatione
536 401 720 445 apostolica,
744 401 791 434 vet
817 401 925 445 quavis
951 400 1007 434 tir'-

270 452 378 486 mitate
401 453 461 486 alia
485 454 658 495 roboratis,
683 454 805 487 statutis
830 457 859 488 et
883 464 1012 487 consuc-

271 506 452 548 tudinibus,
485 508 660 552 ceterisque
689 508 854 542 contrariis
882 507 1011 552 quibus-

270 571 416 605 cumque.

314 614 425 648 Datum
454 615 587 655 Romae,
610 615 692 659 apud
714 615 742 649 S.
767 615 893 649 Mariam
918 614 1011 647 Maio-

271 679 356 708 rem,
380 668 438 701 sub
467 669 583 702 annulo
609 669 786 708 piscatoris,
816 668 866 701 die
890 678 918 701 tx
945 667 1010 700 iulii

270 730 467 761 uncxxxwu,
481 721 682 765 pontificatus
696 721 795 755 nostri
815 732 898 755 anno
912 731 961 755 xv.

306 782 364 810 Dat.
381 782 425 810 die
439 783 456 811 9
471 783 530 811 iulii
545 783 624 819 1638,
645 784 740 820 pontii.
758 792 828 812 anno
843 791 886 811 xv,

593 928 689 962 DCXL

271 1008 500 1052 Superioribus
546 1009 689 1051 fratrum
733 1006 867 1041 Ordinis
908 1006 1013 1039 sancti

315 1061 487 1094 Francisci
511 1060 549 1094 de
574 1060 805 1101 Obseruantia,
825 1060 1013 1103 provinciae

315 1114 521 1158 Aquitaniae
534 1114 744 1157 antiquioris,
757 1113 897 1156 facultas
914 1112 1014 1145 datur

318 1166 444 1200 litteras
478 1166 713 1199 dimissoriales
747 1166 815 1198 suis
849 1166 1013 1209 religiosis

316 1219 359 1253 ad
382 1230 490 1253 sacros
513 1219 642 1253 ordines
659 1220 887 1264 promouendis
911 1230 1014 1253 conce-

316 1273 418 1307 dendi
433 1273 452 1306 ¹.

476 1354 614 1382 Urbanus
634 1354 713 1388 Papa
732 1354 810 1386 vm.

414 1399 451 1426 ad
470 1399 606 1426 futuram
630 1399 674 1426 rei
694 1399 874 1426 memoriam.

317 1470 437 1515 Exponi
461 1470 553 1504 nobis
573 1480 674 1514 nuper
693 1470 764 1504 secit
784 1470 915 1503 dilectus
931 1469 1014 1502 tilius

273 1524 406 1558 loannes
430 1524 592 1564 Jourdain,
617 1524 750 1556 fratrum
769 1523 894 1557 Ordinis
918 1524 1014 1556 Mino-

274 1588 346 1611 rum
365 1577 464 1611 sancti
482 1577 640 1610 Francisci
659 1576 826 1610 strictioris
845 1576 1015 1610 Observan-

267 1631 334 1664 tiae
355 1630 536 1676 provinciae
553 1630 737 1674 Aquitaniae
757 1630 944 1674 antiquioris
961 1630 1015 1663 mi-

125 2277 200 2307 Peiitio
214 2282 261 2303 pro-

77 2306 182 2325 curatoris
197 2310 262 2330 fleon·-

32 2357 33 2360 ,
77 2330 134 2351 nu«.

273 1684 370 1718 nister
391 1683 604 1728 provincialis,
623 1683 718 1727 quod,
744 1683 816 1716 licet
836 1683 977 1726 religiosi
997 1694 1014 1716 a

274 1737 533 1771 dioecesanorum
554 1736 768 1770 iurisdictione
789 1736 923 1780 exempti
944 1736 1014 1769 abs-

274 1801 335 1834 que
360 1791 486 1824 illorum
507 1790 771 1823 dimissorialibus
788 1790 901 1824 litteris
916 1800 934 1823 a
951 1790 1016 1834 qui-

274 1843 380 1876 busvis
404 1843 546 1877 locorum
567 1843 739 1876 Ordinariis
754 1854 824 1875 cum
842 1844 917 1876 solis
935 1844 1016 1877 testi-

275 1896 464 1930 monialibus
481 1907 610 1930 suorum
629 1896 831 1940 superiorum
849 1896 960 1929 litteris
977 1897 1014 1929 ad

275 1960 384 1983 omnes
408 1950 500 1983 etiam
526 1960 632 1983 sacros
657 1955 686 1982 et
711 1950 946 1994 presbyteratus
965 1961 1016 1983 or-

275 2004 364 2037 dines
384 2004 567 2048 promoveri
593 2003 725 2048 possint,
750 2003 954 2036 nibilominus
977 2010 1017 2036 ta-

276 2067 348 2090 men
373 2057 516 2090 nonnulli
550 2057 688 2101 episcopi
722 2057 752 2089 in
785 2057 844 2089 illis
875 2057 1016 2101 partibus

276 2111 433 2154 praefatos
457 2110 623 2153 religiosos
647 2110 766 2153 absque
790 2110 881 2143 dictis
905 2110 1015 2142 dimis-

276 2164 445 2198 sorialibus
470 2163 582 2196 litteris
607 2164 827 2207 episcoporum
853 2163 890 2195 ad
917 2163 1017 2196 dictos

276 2217 404 2251 ordines
424 2227 612 2261 promovere
629 2216 771 2249 dubitant
791 2221 819 2249 et
837 2216 994 2249 differunt.

321 2271 337 2313 ,ξ
360 2270 389 2303 Ξ.
415 2270 515 2309 Quare
539 2270 639 2303 dictus
664 2280 823 2314 exponens
846 2269 938 2302 nobis
962 2270 1018 2302 liu—

278 2323 394 2357 militer
409 2323 579 2367 supplicari
595 2323 675 2363 fecit,
687 2328 720 2355 ut
734 2323 834 2355 dictos
851 2322 1016 2366 religiosos

277 2387 348 2409 cum
374 2376 449 2409 solis
475 2376 738 2409 testimonialibus
757 2375 868 2410 litteris
885 2386 1015 2409 suorum

277 2429 475 2474 superiorum
501 2429 695 2472 regularium
720 2429 839 2472 absque
863 2429 1015 2462 dimisso-

277 2482 406 2515 rialibus
430 2483 654 2526 episcoporum
685 2482 807 2522 litteris,
831 2482 918 2515 nullo
942 2482 1017 2514 alias

278 2535 338 2568 illis
361 2537 506 2570 obstante
531 2536 768 2580 impedimento,
787 2535 825 2568 ad
846 2535 945 2570 dictos
965 2546 1016 2569 or-

315 2653 325 2679 i
349 2651 384 2679 Ex
405 2651 512 2688 Regest.
534 2651 559 2679 in
579 2651 681 2680 Secret.
703 2651 778 2679 Brev.

1090 400 1104 443 g
1129 399 1158 432 3.
1184 400 1246 433 Nos
1278 399 1384 442 igitur,
1409 399 1553 432 eumdem
1577 402 1785 443 exponentem

1046 453 1234 496 specialibus
1258 453 1418 486 favoribus
1443 458 1473 486 et
1497 453 1607 496 gratiis
1635 452 1785 498 prosequi

1046 505 1202 545 volentes,
1233 510 1263 537 ct
1295 515 1312 538 a
1340 504 1502 549 quibusvis
1531 504 1785 538 exeommunica—

1047 557 1149 599 tionis‚
1175 558 1390 602 suspensionis
1415 564 1444 591 et
1467 558 1634 599 interdicti,
1655 558 1786 602 aliisque

1046 610 1266 644 ecclesiasticis
1279 612 1450 653 sententiis,
1468 612 1609 645 censuris
1623 616 1653 645 et
1665 611 1785 656 poenis,

1045 674 1062 696 a
1087 664 1154 697 iurc
1179 665 1226 698 vel
1252 664 1291 699 ab
1321 665 1467 706 bomine,
1489 665 1598 709 quavis
1623 665 1787 698 occasione

1046 718 1093 750 vel
1118 719 1211 750 causa
1237 718 1325 758 latis,
1351 719 1375 751 si
1400 719 1516 762 quibus
1548 718 1788 762 quomodolibet

1046 770 1183 803 innodati
1201 771 1346 811 existunt,
1360 771 1398 804 ad
1413 772 1557 805 ess'ectum
1574 772 1785 816 praesentium

1046 823 1207 857 dumtaxat
1224 825 1489 869 consequendum,
1508 826 1620 859 harum
1637 826 1718 859 serie
1735 825 1789 858 ab·

1046 878 1201 911 solventes
1233 885 1263 912 et
1295 880 1474 913 absolutum
1507 880 1572 913 sore
1604 885 1786 920 censentes,

1047 931 1227 965 huiusmodi
1253 933 1536 977 supplicationibus
1562 933 1719 974 inclinati,
1749 932 1788 966 de

1047 986 1272 1019 venerabilium
1294 988 1426 1021 fratrum
1451 992 1632 1020 nostrorum
1653 987 1682 1020 S.
1701 987 1736 1020 R.
1754 986 1786 1019 E.

1047 1038 1253 1072 cardinalium
1279 1039 1414 1082 negotiis
1438 1040 1661 1084 episcoporum
1683 1043 1719 1073 et-
1737 1049 1788 1072 re-

1047 1092 1204 1134 gularium
1231 1093 1483 1136 praepositorum
1509 1092 1654 1134 consilio⁷
1681 1098 1788 1125 tenore

1048 1146 1260 1189 praesentium
1297 1146 1498 1179 decernimus
1531 1151 1560 1179 et
1592 1145 1789 1179 declaramus

1047 1209 1138 1242 posse
1163 1199 1344 1243 superiores
1368 1199 1532 1242 regulares
1562 1199 1627 1232 suis
1657 1199 1789 1232 subditis

1048 1252 1154 1285 itidem
1180 1253 1392 1296 regularibus,
1411 1253 1463 1296 qui
1482 1253 1642 1296 requisitis
1655 1252 1788 1297 praediti

1048 1306 1250 1349 qualitatibus
1274 1306 1312 1339 ad
1337 1306 1464 1340 ordines
1486 1306 1667 1350 promoveri
1688 1306 1790 1340 volue-

1049 1359 1121 1399 rint,
1132 1359 1251 1392 litteras
1265 1359 1461 1393 dimissorias
1472 1359 1646 1393 concedere
1663 1359 1700 1392 ad
1717 1370 1788 1393 eum

1049 1418 1152 1445 tamen
1178 1413 1399 1446 dioecesanum
1426 1414 1509 1447 illius
1526 1413 1707 1447 monasterii
1734 1413 1788 1446 ubi

1048 1466 1210 1508 regulares
1235 1467 1411 1507 ordinandi,
1436 1467 1476 1500 ab
1501 1467 1549 1499 his
1566 1466 1604 1499 ad
1621 1477 1700 1510 quos
1723 1476 1790 1510 spe-

1049 1524 1131 1559 ctat,
1164 1520 1307 1553 collocati
1342 1520 1475 1560 suerint;
1511 1530 1574 1563 quo
1605 1519 1790 1553 dioecesano

1049 1572 1186 1613 absente,
1202 1573 1250 1606 vel
1267 1573 1483 1607 ordinationes
1498 1583 1561 1607 non
1579 1573 1736 1615 habituro,
1751 1572 1788 1606 ad

1049 1637 1280 1671 quemcumque
1301 1628 1396 1660 alium
1418 1628 1612 1671 episcopum,
1637 1628 1662 1660 si
1687 1631 1788 1661 tamen

1049 1680 1186 1713 studiose
1203 1686 1233 1714 et
1253 1681 1290 1714 de
1313 1681 1467 1714 industria
1489 1681 1724 1714 concessionem
1743 1680 1789 1713 di-

1049 1733 1273 1766 missorialium
1287 1734 1462 1767 litterarum
1477 1733 1656 1767 huiusmodi
1672 1733 1703 1766 in
1717 1738 1791 1766 tem-

1049 1797 1107 1829 pus
1131 1797 1194 1830 quo
1218 1787 1424 1820 dioecesanus
1453 1787 1619 1831 episcopus
1650 1787 1696 1819 vel
1729 1786 1787 1819 ab-

1048 1840 1173 1874 futurus
1197 1842 1245 1873 vel
1269 1841 1371 1874 nullas
1396 1845 1477 1874 esset
1496 1839 1709 1874 ordinationes
1739 1839 1791 1872 ha-

1049 1894 1172 1927 biturus
1197 1904 1260 1927 non
1291 1894 1480 1927 distulerint.
1513 1893 1683 1927 Ordinandi
1715 1903 1790 1926 vero

1049 1947 1088 1979 ab
1113 1948 1260 1991 episcopo
1293 1947 1362 1980 illos
1387 1947 1572 1981 ordinaturo
1605 1945 1710 1991 quoad
1739 1946 1792 1979 do-

1050 2000 1183 2032 ctrinam
1208 2000 1440 2041 examinentur;
1466 2000 1528 2034 boc
1545 2000 1638 2032 etiam
1657 2005 1790 2040 servato,

1051 2058 1092 2094 ut,
1116 2064 1186 2086 cum
1212 2064 1229 2086 a
1253 2054 1473 2098 superioribus
1498 2053 1707 2096 regularibus,
1725 2053 1790 2096 epi-

1051 2117 1146 2150 scopo
1159 2107 1348 2140 dioecesano
1361 2107 1491 2139 absente
1512 2107 1558 2139 vel
1577 2106 1791 2139 ordinationes

1051 2169 1113 2192 nou
1130 2160 1274 2200 habente,
1287 2160 1408 2193 litterae
1427 2159 1652 2193 dimissoriales
1671 2159 1791 2193 dabun-

1052 2216 1117 2253 tur,
1144 2213 1173 2245 in
1199 2213 1310 2246 litteris
1341 2213 1522 2247 huiusmodi
1552 2213 1660 2258 utique
1691 2213 1792 2247 dictae

1050 2266 1208 2299 absentiae
1233 2267 1279 2299 vel
1305 2266 1537 2300 ordinationum
1563 2278 1580 2300 a
1603 2267 1687 2300 dicto
1707 2267 1791 2300 dioe-

1051 2331 1163 2354 cesano
1176 2331 1238 2353 non
1255 2321 1470 2354 habendarum
1482 2332 1575 2354 causa
1588 2321 1791 2365 exprimatur;

1051 2374 1134 2418 quod
1159 2374 1212 2418 qui
1226 2374 1328 2407 facere
1343 2374 1552 2417 neglexerint,
1570 2375 1674 2415 officii,
1691 2374 1793 2417 digni-

1051 2428 1194 2471 tatisque,
1215 2438 1250 2460 ac
1267 2428 1352 2461 vocis
1373 2427 1492 2461 activae
1517 2433 1547 2461 et
1571 2428 1712 2472 passivae
1731 2427 1793 2472 pri-

1051 2481 1182 2514 vationis
1206 2491 1340 2524 poenam
1367 2481 1529 2514 incurrant
1553 2491 1590 2514 eo
1616 2481 1694 2525 ipso.

1094 2535 1109 2577 ἓ
1133 2534 1162 2567 li.
1194 2535 1263 2568 Non
1295 2534 1493 2567 obstantibus
1517 2534 1792 2568 constitutionibus

1051 2592 1080 2620 et
1105 2587 1353 2621 ordinationibus
1382 2587 1580 2632 apostolicis,
1605 2598 1640 2622 ac
1667 2587 1792 2621 Ordinis

1051 2646 1081 2674 et
1094 2641 1275 2685 provinciae
1288 2641 1479 2682 huiusmodi,
1496 2642 1588 2675 etiarn
1604 2641 1790 2683 iuramento,

1682 233 1739 267 661
1792 243 1842 272 An.
1866 243 1893 271 c.
1916 243 1985 272 ¹638

1828 411 1948 436 Concessio.
1959 412 1985 433 dn

1801 444 1844 466 qua
1859 439 1880 460 in
1895 439 1986 460 rubrica.

1877 2540 1991 2567 Dei-ozano

1807 2570 1969 2589 contrariorum.
