2248 3229
94 224 144 251 An.
165 222 194 251 C.
211 222 280 252 1632

109 634 113 637 ἡ
123 603 235 627 Decretum
253 605 281 627 ir-

97 636 170 655 rit-ms.

170 1193 285 1214 Contrariis

103 1220 199 1246 ‹ti—rugat.

146 1933 292 1959 Transnmptis

109 1961 167 1982 credi
182 1961 276 1982 mandat.

899 218 1040 244 t'nnANUS
1066 218 1123 243 vm
1147 218 1194 242 PF.

292 270 401 317 pensi,
429 274 522 315 atque
544 268 615 303 laici
640 278 694 302 seu
719 268 861 303 conversi
886 274 919 301 ut
945 268 1032 312 prius

292 334 458 359 remanere
483 324 715 367 intelligantur,
740 333 776 356 ac
800 323 953 356 laicorum
978 332 1033 355 seu

293 388 518 413 conversorum
540 377 681 412 habitum
699 376 821 410 deterre
841 376 969 410 omnino
985 385 1034 409 eo-

293 436 416 476 gantur,
441 432 573 477 aliisque
596 431 708 476 poenis
734 430 924 463 mulctentur
949 428 1032 462 arbi-

293 486 355 520 trio
379 486 589 531 superiorum,
607 485 727 528 absque
752 494 806 528 spo
831 482 1033 528 dispensatio-

294 539 342 572 nis
367 540 398 572 in
417 538 598 583 praemissis
623 536 819 571 obtinendae.

340 593 355 636 ἓ
378 592 407 626 3.
425 593 634 626 Decernentes
651 595 831 635 praesentes
847 589 965 622 litteras
985 596 1035 620 va-

295 645 384 687 lidas,
400 645 508 679 firmas
531 651 562 679 et
585 645 727 679 essicaces
748 644 880 678 existere
903 647 934 675 et
957 641 1034 680 sore,

295 709 331 733 ac
354 698 393 732 ab
417 698 580 741 omnibus,
605 698 642 732 ad
667 708 746 742 quos
771 701 890 741 spectat
920 699 950 728 et
975 703 1034 738 pro

296 758 438 797 tempore
452 753 613 798 spectabit,
627 750 849 786 stiviolabiliter
863 747 1034 787 observari,

296 811 326 839 ct
349 807 394 840 sic
413 817 471 851 per
496 816 714 852 quoscumque
727 804 845 838 iudices
859 801 1035 836 ordinarios

297 864 326 892 ct
351 860 521 903 delegatos,
545 859 636 893 etiam
656 867 822 892 causarum
839 854 944 900 palatii
963 864 1036 898 apo-

297 913 398 946 stolici
423 913 592 956 auditores,
617 911 748 945 iudicari
772 916 803 943 ct
826 908 950 942 definiri
977 907 1034 940 de·

296 967 383 1007 bere,
401 977 436 1001 ac
461 967 586 1000 irritum
611 971 640 999 et
666 966 766 1005 inane,
797 963 821 996 si
848 962 923 1007 quid
949 971 1038 995 secus

298 1030 393 1064 super
416 1020 466 1054 his
485 1030 502 1053 a
518 1029 687 1064 quoquam,
709 1016 817 1061 quavis
842 1015 1038 1056 auctoritate,

299 1073 434 1107 scienter
462 1074 509 1107 vet
539 1073 732 1116 ignoranter,
747 1069 914 1113 contigeitit
935 1072 1036 1103 atten-

299 1127 368 1160 tari.

344 1181 360 1224 ἓ
383 1181 413 1213 4.
445 1181 513 1214 Non
543 1179 739 1213 obstantibus
764 1176 1041 1216 constitutionibus

301 1238 331 1267 et
355 1233 604 1268 ordinationibus
617 1232 808 1277 apostolicis,
826 1236 866 1272 et,
888 1234 1041 1274 quatenus

301 1298 382 1332 opus
406 1287 454 1328 sit,
479 1287 553 1321 dicti
573 1286 708 1326 Ordinis,
734 1286 828 1318 etiam
854 1285 1041 1323 iuramento,

302 1341 541 1374 confirmatione
557 1339 737 1384 apostolica,
755 1338 803 1371 vel
821 1337 929 1381 quavis
946 1336 1043 1369 sirmi-

302 1399 364 1427 tate
376 1394 543 1434 roboratis,
563 1392 686 1426 statutis
706 1396 736 1425 et
753 1390 1042 1430 consuetudinibus,

303 1447 480 1491 privilegiis
496 1457 632 1491 quoque,
651 1445 779 1479 indultis
795 1450 824 1478 et
841 1444 952 1477 litteris
973 1454 1044 1487 apo-

304 1493 421 1534 stdlicis
446 1501 476 1533 in
493 1500 686 1534 contrarium
703 1498 952 1543 praemissorum
970 1507 1044 1540 quo-

304 1553 476 1587 modolibet
500 1552 668 1592 concessis,
694 1550 888 1585 confirmatis
905 1555 935 1583 et
958 1550 1044 1582 inno-

304 1606 393 1645 vatis;
411 1606 525 1650 quibus
542 1605 689 1638 omnibus
707 1610 737 1637 et
753 1603 895 1647 singulis,
917 1603 1042 1636 illorum

305 1663 428 1693 tenores
452 1658 668 1703 praesentibus
693 1668 752 1702 pro
777 1656 969 1690 sufficienter
992 1666 1044 1689 ex-

303 1713 420 1757 pressis
443 1711 604 1754 habentes,
630 1711 690 1743 illis
707 1710 783 1743 alias
804 1712 835 1743 in
856 1720 912 1743 suo
929 1709 1045 1743 robore

304 1765 532 1809 permansuris,
557 1765 615 1798 hac
640 1764 706 1797 vice
726 1764 887 1796 dumtaxat
907 1763 1046 1808 speciali-

305 1824 397 1852 teret
412 1828 558 1862 expresse
571 1817 771 1861 derogamus,
786 1817 962 1860 ceterisque
977 1826 1046 1850 con-

307 1873 412 1906 trariis
429 1872 691 1916 quibuscumque.

351 1926 366 1969 §
384 1926 413 1959 5.
432 1926 583 1959 Volumus
601 1930 715 1966 autem,
729 1924 813 1968 quod
833 1923 1045 1968 praesentium

308 1978 470 2022 exemplis,
495 1979 588 2012 etiam
613 1977 784 2022 impressis,
805 1987 899 2010 manu
917 1976 1047 2009 alicuius

307 2032 421 2066 notarii
445 2031 565 2076 publici
590 2031 787 2075 subscriptis,
805 2036 835 2063 et
859 2030 962 2072 sigillo
982 2039 1050 2072 per-

309 2095 403 2118 sonae
420 2085 450 2118 in
467 2085 617 2128 dignitate
634 2083 844 2123 ecclesiastic-„⁴1
862 2082 1048 2116 constitutae

310 2137 569 2178 intinitiS‚eadeni
595 2147 726 2181 prorsus
750 2136 827 2169 sides
852 2135 1048 2177 adhibeatur,

310 2201 390 2235 quac
420 2191 495 2235 ipsis
525 2190 744 2235 praesentibus
778 2189 992 2229 aliliibcretur,
1025 2188 1049 2221 si

311 2246 412 2278 forent
438 2244 594 2277 exhibitae
618 2244 665 2277 vel
690 2248 842 2276 ostensae.

356 2299 468 2331 Datum
492 2298 619 2339 Romae,
633 2297 715 2342 apud
729 2298 757 2330 S.
777 2298 915 2337 Petrum,
930 2296 987 2329 sub
1001 2305 1051 2328 an-

312 2353 388 2385 nulo
417 2352 602 2393 Piscatoris,
627 2351 676 2384 (lie
701 2361 719 2384 x
753 2350 857 2383 martii
878 2360 1050 2390 mcxxxii,

313 2405 513 2450 pontificatus
525 2405 625 2438 nostri
645 2415 725 2438 anno
739 2415 781 2438 1x.

350 2467 408 2495 Dat.
428 2467 472 2494 die
494 2468 525 2495 10
544 2467 634 2495 martii
655 2467 731 2501 1632,
753 2467 846 2503 pontif.
868 2475 937 2494 anno
956 2473 994 2493 ix.

1707 204 1772 238 283
1817 212 1868 241 An.
1888 210 1918 240 C.
1935 211 2003 240 1632

1356 263 1518 300 CDXXXV.
1931 263 1933 266 “

1067 346 1218 381 Declarat
1243 345 1448 379 cardinalem
1479 343 1635 388 Bormam
1665 347 1695 377 et
1725 342 1807 376 alios

1111 400 1279 444 complices
1304 400 1404 432 etiam
1434 397 1620 432 cardinales
1645 397 1808 431 occasione

1111 463 1166 496 per
1191 463 1240 486 eos
1265 456 1427 496 qesloram
1452 460 1618 484 remanere
1642 450 1679 482 in
1700 449 1808 493 priori

1111 510 1200 539 static
1223 506 1259 538 in
1284 516 1346 549 quo
1371 508 1464 538 erant
1489 503 1622 548 quando
1646 503 1722 537 haec
1747 513 1810 546 yes-

1111 563 1223 593 serunt
1238 557 1256 591 ¹.

1273 629 1410 657 Urbanus
1431 629 1510 663 Papa
1528 629 1607 661 vl11,

1210 674 1247 702 ad
1267 674 1402 702 futuram
1426 673 1470 701 rei
1490 673 1670 701 memoriam.

1114 747 1128 791 ξ
1152 747 1182 779 ’1.
1207 746 1283 780 Cum
1308 755 1411 790 nuper
1435 744 1554 788 Caspai·
1578 744 1745 788 episcopus
1766 742 1813 776 Al·
1854 754 1958 775 Recenset
1973 758 2012 777 ea,

1071 800 1216 835 banensis
1233 799 1400 834 cardinalis
1414 798 1527 842 Borgia
1544 802 1755 842 nuncupatus,
1773 797 1812 831 ob
1828 783 1953 829 ffuciw‘itffia'ii
1961 782 2013 828 {¹2¹2}

1070 854 1221 889 nonnulla
1244 863 1301 897 per
1326 863 1408 895 cum,
1426 862 1489 885 non
1506 852 1604 896 petit-51
1628 862 1687 885 nee
1706 851 1814 884 habita
1829 841 1880 862 ‘3¹³¹'

1072 919 1089 941 a
1112 907 1206 941 nobis
1230 906 1368 947 licentia,
1385 906 1416 938 in
1438 905 1624 939 consistorio
1644 909 1753 938 nostro
1771 914 1816 937 se-

1072 967 1159 997 creto
1172 961 1203 995 in
1217 965 1431 1005 contemptum
1450 959 1630 1004 pontificiae
1647 958 1816 992 maiestatis

1073 1019 1199 1050 nostrae
1223 1025 1302 1048 ausu
1326 1014 1495 1048 temerario
1524 1018 1629 1057 gesta,
1658 1022 1775 1057 poenas
1799 1022 1817 1044 a

1074 1069 1171 1103 sacris
1197 1068 1369 1102 canonibus
1393 1078 1428 1101 ac
1452 1066 1586 1100 decretis
1608 1070 1638 1098 et
1669 1064 1816 1098 constitu-

1075 1124 1213 1159 tionibus
1233 1122 1413 1168 apostolicis
1438 1121 1572 1154 inflictas
1596 1119 1817 1153 damnabiliter

1076 1177 1271 1217 incurrisset,
1294 1186 1363 1217 nos,
1388 1185 1437 1217 ne,
1463 1175 1488 1208 si
1514 1175 1545 1208 in
1569 1173 1716 1207 eumdem
1741 1173 1817 1207 Gas-

1075 1241 1185 1275 parem
1211 1230 1396 1274 episcopum
1422 1233 1452 1262 et
1475 1227 1666 1261 cardinalem
1684 1237 1719 1260 ac
1736 1237 1819 1259 coni-

1076 1286 1174 1330 plices
1194 1284 1528 1324 animadvertercnms,
1548 1281 1578 1314 id
1603 1281 1708 1314 forsan
1727 1281 1821 1313 male-

1077 1339 1139 1372 voli
1163 1339 1194 1371 in
1220 1338 1327 1371 odium
1353 1335 1529 1370 charissimi
1555 1335 1585 1367 in
1610 1334 1734 1368 Christo
1763 1333 1819 1366 filii

1077 1391 1177 1425 nostri
1202 1390 1337 1434 Philippi
1362 1388 1583 1433 Hispaniarum
1607 1387 1691 1430 regis
1717 1386 1822 1419 catho-

1078 1445 1129 1478 lici
1154 1445 1270 1477 sactum
1300 1443 1598 1486 interpretarentur,
1627 1440 1821 1473 animadver-

1078 1499 1198 1532 sionem
1212 1496 1397 1531 huiusmodi
1418 1495 1456 1528 ad
1473 1494 1683 1539 opportunius
1695 1499 1821 1538 tempus

1079 1561 1134 1585 seu
1157 1549 1392 1594 beneplacitum
1417 1553 1559 1583 nostrum
1576 1547 1746 1580 transferre
1769 1557 1822 1580 vo-

1078 1605 1195 1637 luimus
1210 1631 1217 1645 ,
1242 1608 1339 1648 prout
1362 1603 1485 1647 plenius
1511 1601 1691 1636 continetur
1716 1601 1748 1633 in
1772 1600 1822 1634 lit-

1080 1659 1155 1692 toris
1171 1657 1310 1701 desuper
1327 1656 1482 1701 expeditis
1499 1655 1616 1689 tenoris
1634 1655 1825 1698 subsequen-

1080 1711 1127 1751 tis,
1153 1711 1314 1744 videlicet:
1347 1709 1494 1743 Urbanas
1513 1709 1609 1752 Papa
1637 1707 1738 1748 VIII,
1766 1711 1822 1740 etc.
1839 1741 1850 1763 d
1883 1714 2024 1761 ¹etpraece-

1080 1764 1273 1807 (Omittt'lar
1299 1769 1388 1797 tenor
1410 1764 1608 1802 litterarum,
1628 1762 1708 1806 quia
1726 1761 1825 1794 illam
1840 1747 2023 1790 ε(ῗιῗεῗῖἷῖιιιοῗιιῗῖκιη.Ι

1080 1817 1174 1851 habes
1191 1818 1250 1850 sul)
1264 1817 1316 1851 die
1332 1827 1388 1850 vm
1404 1817 1520 1850 martii
1534 1815 1715 1860 praesentis
1732 1815 1824 1855 anni,

1080 1882 1183 1916 supra
1204 1882 1281 1915 paq.
1312 1870 1412 1909 280).

1126 1926 1141 1969 ξ
1165 1925 1194 1958 02,
1221 1926 1293 1967 Nos,
1320 1925 1374 1969 qui
1399 1923 1545 1957 eumdem
1573 1923 1755 1967 Philippum
1780 1932 1844 1960 re·⁴
1872 1929 1930 1976 CAg
1948 1927 2024 1975 dgirlide

1082 1989 1154 2022 gem
1173 1978 1227 2021 (ob
1248 1979 1315 2012 eius
1340 1978 1533 2021 singularem
1559 1982 1589 2010 et
1608 1987 1625 2009 a
1651 1976 1825 2009 maioribus
1839 1961 2026 2034 ἕὲξᾜᾶῗὲιῗὲἕΐ

1083 2031 1157 2072 suis,
1181 2031 1396 2064 Romanorum
1422 2029 1682 2074 imperatoribus,
1707 2028 1822 2072 Hispa·
1840 2042 1899 2056 suam
1933 2035 2026 2055 toleran-

1840 2062 2026 2083 timndictnmcar-

1083 2084 1207 2117 niarum
1233 2084 1363 2127 regibus
1378 2112 1385 2125 ,
1409 2082 1620 2117 haereditario
1645 2082 1714 2114 iure
1738 2091 1826 2114 acce·
1840 2089 2025 2125 dmalffmetcom-

1084 2142 1173 2181 ptum
1203 2137 1400 2170 orthodoxae
1436 2136 1509 2169 fidei
1541 2134 1772 2169 conservandae
1797 2117 2026 2177 οῐξῖἶῗιξῖωἷπῑῗιῗέιῖ

1085 2190 1307 2234 propagandae
1331 2190 1452 2232 zelum,
1478 2189 1690 2233 eximiamque
1714 2189 1745 2221 in
1769 2199 1826 2222 nos
1842 2168 2024 2190 sms'elmfflm'

1085 2250 1115 2277 et
1140 2244 1220 2277 lianc
1244 2244 1388 2278 Sanctam
1414 2243 1525 2276 Scdem
1551 2243 1770 2284 devotionem,
1795 2253 1828 2275 a·-

1085 2298 1188 2341 liaque
1222 2297 1367 2331 catholici
1401 2296 1588 2340 cognomine
1613 2297 1734 2341 optimo
1759 2295 1827 2328 iure

1086 2351 1225 2394 insigniti
1241 2351 1325 2394 regis
1337 2351 1500 2395 praeclara
1514 2350 1640 2394 merita)
1655 2348 1827 2393 praecipuo

1087 2410 1236 2452 paternae
1261 2405 1421 2439 charitatis
1445 2404 1559 2438 affectu
1576 2403 1827 2447 complectimur,

1087 2457 1287 2501 congregatis
1311 2457 1349 2491 de
1374 2468 1463 2491 more
1488 2467 1595 2491 coram
1619 2456 1710 2489 nobis
1735 2455 1828 2489 hodie

1087 2511 1320 2545 venerabilibus
1352 2511 1502 2544 fratribus
1533 2510 1650 2544 nostris
1678 2509 1708 2544 S.
1733 2509 1768 2543 R.
1794 2508 1826 2541 E.

1126 2629 1136 2654 1
1160 2627 1197 2654 Ex
1217 2627 1324 2663 Regest.
1345 2627 1372 2654 in
1391 2627 1495 2655 Secret.
1518 2625 1593 2654 Brev.
