2226 3235
190 248 238 275 An.
257 247 286 275 C.
307 246 377 276 1630

238 947 325 968 Etiamsi
341 951 378 972 per

193 974 344 1000 pragmaticam
351 973 377 994 ab

195 1001 285 1026 ipsomet
329 1005 377 1025 rege

195 1027 323 1053 publicatam
351 1027 377 1048 sit

194 1053 330 1080 prohibitum.

241 1960 291 1981 Cum
307 1959 385 1985 Philip-

294 1986 385 2007 uoddani

201 2013 286 2033 tribuna
314 2013 384 2034 iussis·

201 2042 231 2060 set
248 2040 299 2065 erigi
308 2047 313 2063 3-

999 242 1140 268 URBANUS

388 303 421 328 se
445 293 645 327 submiserint
668 292 887 326 -iurisdietioni
921 291 1146 325 commissarii*

389 347 545 391 generalis
570 352 597 380 et
616 347 683 380 eius
696 346 991 389 subdelegatorum,
1008 345 1129 378 etiamsi

389 400 450 434 sint
474 400 606 434 subiecti
630 400 699 433 aliis
716 399 881 441 iudicibus,
898 397 1056 444 quamvis⁴
1076 398 1131 430 liu-

390 454 527 487 iusmodi
552 453 706 487 creditum
726 453 891 497 proveniat
915 464 952 486 ex
976 451 1131 485 fructibus

390 517 445 540 seu
476 506 672 548 redditibus,
703 506 741 539 dc
770 506 886 550 quibus
918 506 1070 539 debeatur
1101 508 1131 537 et

390 560 468 593 solvi
485 560 598 594 debeat
623 556 810 601 subsidium,
828 566 858 593 et
874 558 1047 593 dummodo
1067 568 1130 591 non
1146 574 1148 579 ι

391 613 519 647 excedat
543 614 758 657 quantitatem,
775 624 855 657 quae
878 612 1047 656 unicuique
1064 611 1130 644 suc-

391 666 432 699 rit
452 667 613 710 repat-uta,
631 677 687 700 nec
713 667 771 700 sint
790 666 895 700 debita
918 665 1057 705 decocta,
1074 674 1130 696 nec
1147 702 1149 713 ¹

391 719 550 753 debitores
574 720 795 753 intentaverint
812 729 938 753 causam
956 717 1132 761 graduatio-

392 773 450 813 nis,
473 779 503 806 et
523 773 608 815 alias,
633 779 727 818 prout
753 773 929 807 continetur
953 772 985 804 in
1010 771 1128 803 instru-
1148 794 1150 819 1

393 826 547 860 ctionibus
579 837 613 860 ac
644 826 878 872 provisionibus
908 831 934 858 ct
968 824 1133 868 scripturis

393 890 487 924 super
511 881 693 924 praemissis
717 880 805 913 datis.

437 934 452 977 ξ
469 934 481 967 ‘l
497 934 520 966 l.
534 934 694 979 Quodque,
712 944 782 968 cum
796 943 853 977 per
866 931 1102 977 pragmaticam,
1116 941 1133 963 a
1150 959 1151 963 ,

393 987 476 1021 dicto
501 988 646 1032 Philippo
670 997 746 1031 rege
765 987 803 1020 de
819 997 901 1019 anno
926 995 1056 1019 iuncxvu
1077 996 1135 1029 pu-

392 1041 562 1082 blicatam,
587 1041 668 1074 inter
698 1040 758 1073 alia
786 1040 1015 1084 prohibeatur,
1040 1049 1078 1072 ne
1104 1038 1153 1077 ing

394 1095 560 1139 scripturis
573 1094 822 1136 concessionum,
837 1093 900 1126 sive
915 1093 1136 1126 arrendamen-

395 1154 510 1188 torum,
535 1148 714 1181 reddituum
739 1153 769 1180 et
793 1146 973 1179 debitorum
999 1145 1134 1179 submis-

394 1201 498 1235 siones
515 1201 672 1235 iudicibus
689 1200 887 1245 specialibus,
904 1210 1005 1244 neque
1023 1199 1136 1232 salaria

395 1255 544 1289 solvenda
568 1255 723 1300 personis,
739 1265 819 1299 quae
843 1254 881 1287 ad
898 1254 966 1287 illas
984 1263 1137 1297 exequcn-
1152 1271 1154 1306 ἢ

395 1309 450 1342 das
467 1319 500 1342 se
525 1309 669 1343 conferre
694 1308 817 1348 debent,
834 1307 908 1352 poni
931 1307 1062 1351 possint,
1080 1317 1137 1351 per
1153 1307 1154 1330 ἒ

397 1363 455 1396 hoc
487 1373 550 1396 non
584 1362 797 1406 intelligatur²
833 1361 1008 1405 prohibitas
1042 1361 1136 1394 suissc

396 1415 494 1448 dictas
518 1415 743 1449 submissiones
761 1421 788 1448 et
815 1415 926 1447 salaria
952 1414 981 1446 in
1007 1413 1136 1446 redditi-

396 1467 456 1502 bus
476 1468 693 1502 ecclesiasticis
714 1468 752 1501 de
777 1468 891 1512 quibus
914 1467 1044 1500 solvitur
1069 1466 1138 1499 sub-

397 1521 513 1555 sidium
537 1526 567 1554 et
597 1527 797 1561 excusatum,
823 1521 877 1554 sed
910 1521 941 1553 in
974 1519 1137 1564 scripturis
1153 1529 1156 1571 Ξ

397 1575 554 1608 dictorum
572 1575 752 1608 reddituum
778 1574 1072 1614 ecclesiasticorum,
1087 1584 1138 1605 su-
1154 1576 1156 1597 ³

397 1639 455 1673 per
479 1628 595 1673 quibus
619 1628 785 1673 impositae
811 1628 872 1662 sint
896 1628 1015 1672 gratiae
1035 1627 1140 1660 huius-

397 1682 494 1725 modi,
511 1682 631 1726 possint
644 1683 719 1727 poni
736 1677 965 1716 submissiones
982 1687 1011 1714 et
1027 1681 1139 1714 salaria
1155 1705 1156 1713 v

397 1736 510 1769 iisdem
534 1747 666 1781 prorsus
698 1736 793 1770 modo
817 1741 845 1769 et
870 1736 992 1776 forma,
1025 1734 1139 1778 quibus

397 1790 467 1823 sieri
492 1796 718 1831 consueverat,
747 1793 913 1834 antequam
946 1788 1139 1833 pragmatica

399 1844 580 1877 huiusmodi
604 1843 1024 1888 promulgaretur,alioquin
1048 1852 1139 1886 prae-

400 1907 471 1931 sens
491 1897 661 1931 concordia
677 1897 821 1930 similiter
841 1897 927 1930 nulla
951 1897 991 1929 sit
1007 1906 1044 1929 eo
1062 1896 1138 1940 ipso.

437 1950 513 1994 §122⁴
528 1951 565 1983 Et
578 1950 724 1994 quoniam
738 1950 917 1994 praedictus
930 1949 1090 1993 Philippus
1100 1949 1139 1982 III

400 2014 482 2037 anno
514 2014 643 2038 uncxvn
675 2004 764 2037 iussit
799 2003 939 2047 expediri
972 2002 1160 2064 quamdam*b

402 2058 521 2101 regiam
547 2058 690 2091 cedulam
715 2057 753 2090 ad
778 2057 924 2090 effectum
958 2062 991 2088 ut
1017 2056 1047 2088 in
1072 2065 1159 2089 con-i

401 2111 475 2144 cilio
499 2111 636 2145 iustitiae
668 2111 791 2144 adesset
819 2110 976 2154 quoddam
1002 2109 1140 2142 tribunal

402 2175 457 2198 seu
481 2165 560 2207 aula,
590 2165 621 2197 in
641 2176 703 2209 quo
732 2175 787 2198 seu
811 2174 873 2208 qua
896 2163 1142 2198 terminarentur

402 2219 630 2262 competentiae
647 2228 727 2262 quae
747 2222 951 2252 occurrerent
971 2217 1052 2250 inter
1073 2226 1143 2250 con·

401 2271 508 2304 silium
531 2271 688 2305 cruciatae
716 2271 846 2316 eiusque
871 2270 1089 2313 subdelegatos
1113 2275 1160 2310 et'x

402 2324 563 2358 ministros
586 2335 622 2358 ex
651 2326 734 2366 una,
762 2335 797 2358 ac
828 2325 888 2357 alia
920 2323 1087 2358 tribunalia
1114 2320 1160 2360 et}

402 2377 522 2411 iudices
546 2378 701 2412 dictorum
719 2389 891 2422 regnorum
909 2388 946 2411 ex
962 2378 1060 2410 altera
1076 2387 1143 2421 par·
1158 2367 1160 2420 Ξ

402 2431 495 2472 tibus,
512 2435 543 2464 et
559 2431 643 2464 istud
661 2431 805 2464 similiter
821 2431 974 2465 concessit
994 2440 1092 2474 regno
1112 2431 1142 2463 in

403 2484 538 2517 comitiis
561 2490 763 2528 congregato,
789 2489 819 2517 et
842 2484 899 2518 suit
921 2494 982 2517 una
1007 2494 1042 2517 ex
1068 2476 1161 2531 const

442 2567 451 2592 1
468 2565 562 2601 Aptius
572 2565 598 2592 in
610 2564 668 2593 loco
679 2565 775 2601 parall.
786 2565 941 2593 dummodo
951 2566 1142 2600 tamem-mn).
1158 2535 1160 2595 i

438 2611 455 2637 2
468 2610 511 2637 Sic
526 2610 553 2637 in
568 2609 627 2638 loco
643 2609 737 2646 parali.
759 2609 825 2637 Male
841 2608 884 2636 hic
900 2609 964 2636 edit.
981 2609 1063 2637 Main.
1081 2609 1144 2644 legit
1159 2602 1161 2652 Ξ

406 2655 608 2689 intelligantur·
622 2655 659 2689 (R.
677 2657 724 2680 Τ.“.

1165 242 1221 267 vm
1244 242 1292 267 rr.
1811 231 1863 263 171

1162 290 1332 324 ditionibus
1364 289 1396 322 in
1420 288 1624 323 conventione
1653 298 1708 321 seu
1735 287 1902 321 concordia

1163 354 1258 387 super
1282 343 1409 377 servitio
1438 342 1615 376 millionum
1640 341 1716 374 inita
1740 341 1850 384 positis
1874 346 1900 373 ct

1163 397 1307 439 adiectis,
1334 402 1364 429 ct
1387 396 1531 440 quamvis
1555 406 1587 429 se
1612 394 1783 429 obtulerint
1807 394 1904 437 aliqui

1164 461 1264 491 casus,
1291 451 1321 483 in
1346 450 1460 494 quibus
1484 450 1656 490 decretum,
1681 448 1764 481 circa
1789 447 1903 480 dictam

1164 505 1267 537 aulam
1300 504 1526 548 competentiae
1564 515 1619 537 seu
1643 501 1904 546 incompetentiae

1165 558 1304 591 iudicum
1330 559 1455 599 sactum,
1475 557 1676 601 exequutioni
1695 555 1835 589 mandari
1853 566 1906 599 po-

1166 612 1292 653 tuisset,
1320 612 1350 644 id
1382 612 1586 645 nihilominus
1617 616 1748 655 propter
1780 610 1902 642 incom-

1165 666 1269 706 moda,
1287 676 1366 709 quae
1392 667 1515 698 suerunt
1544 666 1694 709 exposita,
1719 665 1832 698 sartum
1853 663 1907 695 mi-

1165 719 1249 752 nime
1275 720 1352 759 suit,

1211 773 1225 817 g
1255 773 1300 806 13.
1328 773 1363 805 Et
1388 774 1499 806 ultimo
1531 773 1599 805 loco
1630 772 1808 816 praedictus
1838 771 1907 803 Phi-
2031 780 2107 801 νοω..

1166 826 1269 870 lippus
1285 837 1358 867 rex,
1383 826 1554 870 propositis
1580 836 1637 869 per
1655 825 1819 858 consilinm
1841 835 1910 857 cru-
1924 813 2107 854 ‘tiiffimn‘i'ii'iiifiiifi

1168 880 1265 913 ciatac
1286 886 1315 913 et
1343 879 1620 922 congregationem
1647 884 1743 911 status
1768 877 1910 910 ccclesia·
1925 863 2109 907 {51i013'511t3¹.3.21¹2‡.1

1168 933 1237 966 stici
1252 933 1282 965 in
1296 933 1542 976 congregatione
1555 932 1660 964 habita
1673 942 1754 965 anno
1769 941 1909 964 uncxxix·
1925 913 2109 964 {221'1T²1{}2';is¹{2'¹.”‚¹‘

1168 987 1258 1020 dictis
1278 986 1495 1026 incommodis,
1510 985 1591 1018 idem
1607 985 1769 1029 Philippus
1783 996 1836 1017 rex
1854 996 1910 1028 per

1169 1050 1260 1073 suum
1286 1040 1448 1073 decretum
1475 1039 1669 1072 commiserit
1694 1038 1830 1082 praesidi
1855 1030 1910 1069 (IaL

1169 1084 1291 1135 stellae,
1316 1093 1401 1138 quod
1426 1104 1483 1137 pro
1508 1098 1581 1126 tunc
1606 1092 1683 1125 nihil
1709 1092 1911 1124 innovaretur

1169 1147 1252 1181 circa
1277 1147 1470 1181 exactionem
1504 1147 1649 1190 superius
1673 1146 1910 1178 mandatorum:

1170 1201 1288 1235 idcirco
1310 1206 1532 1242 convenerunt7
1550 1200 1634 1244 qnod
1650 1199 1728 1232 nibil
1746 1200 1912 1232 innovetur
1948 1207 2111 1227 minimuum..

1170 1255 1253 1288 circa
1278 1255 1469 1288 erectionem
1494 1253 1595 1286 dictae
1621 1253 1710 1285 aulae
1735 1235 1976 1295 compotem-‘¹⁰¹¹‘
1992 1236 2097 1254 ⁵¹³⁸¹¹¹¹¹¹¹³

1171 1309 1230 1341 tiae
1256 1319 1310 1341 seu
1343 1307 1606 1351 incompetentiac
1638 1306 1912 1343 iurisdictiomun,

1170 1362 1223 1395 sed
1248 1362 1332 1406 quod
1357 1371 1466 1395 omnes
1490 1361 1560 1393 lites
1584 1366 1613 1393 et
1637 1360 1762 1403 negotia
1788 1364 1914 1402 tangen-

1171 1415 1211 1449 tia
1232 1415 1349 1448 dictum
1368 1414 1523 1448 cruciatae
1545 1413 1709 1446 consilium
1730 1418 1912 1453 tractentur,

1172 1474 1405 1513 prosequantur
1427 1473 1453 1500 et
1481 1467 1689 1500 terminentur
1714 1466 1866 1511 privative
1884 1466 1915 1498 in

1172 1522 1380 1555 tribunalibus
1412 1532 1541 1555 suorum
1576 1521 1853 1563 subdclegatorum
1886 1525 1912 1551 ct

1172 1576 1202 1608 in
1224 1575 1384 1620 praedicto
1406 1575 1548 1615 consilio,
1571 1574 1701 1618 perinde
1726 1584 1761 1606 ac
1787 1573 1811 1606 si
1834 1572 1915 1605 dicta

1173 1629 1260 1673 regia
1277 1629 1385 1662 cedula
1402 1634 1430 1661 et
1449 1628 1612 1661 concessio
1627 1627 1710 1660 dicto
1724 1637 1822 1670 regno
1836 1626 1916 1659 sacta

1172 1693 1236 1716 non
1261 1688 1474 1722 emanassent,
1499 1681 1593 1714 modo
1619 1686 1648 1714 et
1674 1681 1774 1713 forma
1799 1680 1915 1723 quibus

1174 1737 1304 1770 eatenus
1320 1741 1451 1769 tractata
1465 1736 1597 1775 fuerant,
1612 1734 1751 1778 alioquin
1764 1743 1914 1778 praesens

1173 1790 1274 1833 gratia
1300 1789 1418 1834 pariter
1438 1789 1523 1821 nulla
1544 1788 1581 1821 sit
1605 1799 1641 1821 eo
1662 1788 1741 1831 ipso.

1219 1844 1233 1886 ἓ
1256 1843 1307 1876 Η.
1333 1843 1508 1883 Praeterea,
1526 1847 1557 1874 ut
1577 1852 1635 1885 pro
1652 1847 1741 1885 parte
1758 1841 1914 1874 dictorum

1175 1897 1311 1940 Philippi
1332 1897 1416 1940 regis
1434 1901 1461 1930 et
1483 1900 1581 1930 status
1595 1895 1796 1929 ecclesiastici
1822 1905 1914 1938 prae-

1175 1950 1332 1983 dictorum
1368 1956 1540 1992 regnorum
1578 1948 1772 1993 supplicetur
1804 1947 1915 1986 nobis,

1175 2004 1258 2048 quod
1279 2003 1525 2037 concederemus
1542 2003 1648 2044 Breve,
1670 2013 1732 2046 quo
1749 2002 1916 2035 confirma-

1175 2068 1282 2090 remus
1307 2063 1336 2090 et
1361 2057 1613 2101 approbaremus
1637 2055 1750 2096 dictam
1778 2065 1912 2088 concor*

1175 2111 1269 2152 diam,
1295 2121 1389 2154 quam
1416 2114 1579 2144 teneantur
1608 2109 1782 2153 adimplere
1807 2119 1917 2142 omnes

1176 2164 1325 2198 ecclesiae
1349 2165 1506 2198 dictorum
1538 2173 1733 2207 regnorum,
1759 2168 1821 2195 tam
1847 2162 1918 2194 illae

1176 2229 1310 2262 quarum
1336 2221 1559 2262 procuratores
1592 2217 1635 2249 ibi
1660 2217 1806 2255 aderant,
1838 2226 1917 2259 quae

1178 2272 1330 2306 maiorem
1356 2277 1478 2315 partem
1503 2270 1706 2311 constituunt,
1724 2280 1816 2314 quam
1836 2270 1915 2310 illac,

1177 2335 1310 2370 quarum
1337 2329 1562 2369 procuratores
1579 2329 1668 2357 erant
1692 2323 1847 2362 absentes,
1865 2327 1918 2354 ant

1176 2389 1239 2411 non
1274 2377 1529 2421 subscripserunt
1560 2385 1591 2408 sc
1622 2375 1802 2409 huiusmodi
1837 2385 1916 2408 con-

1177 2430 1311 2464 cordiae.

1221 2484 1236 2528 ξ
1256 2484 1307 2517 15.
1326 2485 1454 2523 Rursus,
1473 2483 1555 2527 quod
1575 2483 1810 2516 commissarius
1827 2493 1918 2526 gene-

1918 239 1965 266 An.
1983 240 2010 266 C.
2033 239 2101 267 1630

1958 1848 2050 1867 Petcnila
2064 1852 2114 1873 pon-

1932 1874 1995 1894 uncia
2027 1879 2115 1893 convor-

1932 1901 1980 1920 diae
2006 1901 2114 1921 count-ina·

1932 1930 1968 1947 tio,

1975 2488 2116 2509 Commissarii

1933 2516 2037 2538 penei-alis
2097 2517 2115 2535 et

1159 2561 1160 2572 v
1176 2537 1260 2580 ralis,
1275 2537 1367 2570 iudex
1381 2537 1581 2581 apostolicus,
1603 2541 1776 2580 exequutor
1790 2547 1917 2579 genera·
1932 2542 2117 2567 sut›d⁹¹vssator1¹m

1932 2574 2005 2588 munus
2052 2569 2115 2594 quate

1177 2592 1214 2624 lis
1234 2591 1334 2624 dictae
1360 2591 1572 2624 concessionis
1591 2601 1646 2623 seu
1672 2591 1915 2634 prorogationis,
1933 2600 1978 2615 Μ
1994 2594 2077 2615 dehac<

1177 2645 1227 2678 det
1251 2650 1281 2677 et
1305 2644 1379 2677 dare
1399 2644 1510 2676 debeat
1533 2644 1730 2687 provisiones
1755 2649 1783 2676 ct
1809 2643 1917 2676 subde-
