2248 3229
213 243 261 270 An.
278 243 306 271 C.
329 244 395 271 1637

277 940 392 960 Contrariis

211 967 304 991 derogat.

443 235 506 269 598
988 246 1167 270 arctanion

410 292 500 326 ritate
524 292 630 324 nostra
655 292 824 335 apostoliea
848 292 1000 332 absolvas,
1019 297 1047 327 et
1073 297 1167 326 tota⁴l

410 346 479 379 liter
496 345 621 385 liberes,
638 345 797 388 dictasque
812 355 929 388 poenas
947 346 991 379 cis
1011 347 1148 389 gratiose

410 398 549 431 remittas
568 403 597 430 et
617 398 784 437 condones,
802 409 837 431 ac
858 399 960 431 onmia
980 405 1009 431 et
1026 399 1148 442 singula

410 451 536 493 gratias,
562 450 684 483 favores
702 457 732 484 et
755 452 919 495 privilegia
937 452 1027 485 dictis
1049 452 1149 486 fratri-

410 504 468 535 bus
494 503 525 535 in
549 504 687 537 favorem
719 505 886 538 erectionis
914 506 1045 549 praefati
1074 517 1148 539 cou-

410 562 517 588 winus
542 556 804 591 Barcliinonensis
821 569 980 600 concessa,
1002 560 1148 603 ipsasque
1166 564 1167 567 ’

410 609 598 643 erectionem
633 611 692 643 iam
718 611 829 644 factam
854 618 884 645 ct
919 614 1147 656 possessionem

410 668 439 693 ut
476 664 654 706 praefertur
687 670 807 708 captam
840 665 1008 699 confirmes
1034 672 1064 699 et
1094 676 1166 710 ap-:

409 714 533 758 probes,
560 726 595 749 ac
620 727 728 750 omnes
761 723 789 750 ct
814 718 955 761 singulos
980 724 1042 752 tam
1073 719 1149 752 iuris

408 778 502 810 quam
527 769 599 802 sacti
624 769 762 803 defectus
787 773 986 815 quantumvis
1011 773 1149 806 substan-

410 821 506 862 tialeS‚
524 822 548 854 si
569 823 622 866 qui
643 823 780 868 desuper
800 825 1038 869 quomodolibet
1058 827 1149 860 inter-

409 879 571 916 venerunt,
594 877 751 920 suppleas.

453 928 467 970 g
499 927 527 961 5.
559 929 627 962 'Non
662 930 858 964 obstantibus
889 933 1080 976 praemissis,
1113 944 1165 966 ac¹

409 980 684 1016 constitutionibus
709 989 739 1016 ct
756 984 1007 1019 ordinationibus
1027 992 1149 1030 aposto-

409 1034 486 1075 licis,
501 1045 546 1076 ac,
564 1041 718 1079 quatenus
731 1048 811 1081 opus
825 1039 873 1079 sit,
888 1039 1012 1072 Ordinis
1031 1045 1060 1072 et
1078 1051 1150 1074 con-

408 1088 600 1131 gregationis
624 1090 814 1134 huiusmodi⁷
840 1092 932 1125 etiam
960 1093 1147 1134 iuramento,

409 1142 646 1176 confirmatione
674 1146 863 1188 apostolica,
891 1146 936 1179 rel
961 1148 1070 1190 quavis
1094 1148 1147 1180 sir-

409 1195 515 1228 initate
540 1197 599 1229 alia
625 1197 792 1239 roboratis,
818 1200 940 1232 statutis
965 1205 995 1232 ct
1019 1211 1165 1234 consuo-¹

408 1247 585 1291 tudinibus,
604 1251 778 1294 privilegiis
803 1263 939 1296 quoque,
965 1253 1092 1288 indultis
1119 1261 1165 1302 et}

409 1300 520 1334 litteris
538 1304 726 1346 apostolicis,
743 1305 771 1336 in
789 1306 983 1338 contrarium
1000 1308 1148 1350 praemis-

408 1365 513 1387 sorum
540 1357 774 1399 quomodolibet
797 1359 964 1400 concessis,
983 1360 1148 1393 confirma-

408 1407 454 1447 tis,
480 1409 662 1452 approbatis
680 1414 708 1444 et
728 1410 895 1451 innox·atis;
913 1413 1026 1456 quibus
1047 1414 1147 1447 omni-

407 1459 464 1493 bus
490 1467 518 1494 et
543 1463 684 1505 singulis,
711 1464 836 1497 illorum
856 1471 980 1499 tenores
1004 1477 1148 1510 praesen-

408 1514 489 1546 tibus
513 1526 572 1558 pro
598 1517 752 1559 expressis
777 1529 811 1550 ac
837 1518 873 1551 de
901 1519 996 1552 verbo
1017 1520 1054 1552 ad
1083 1531 1147 1553 vcr—

406 1566 480 1598 bum
507 1567 629 1601 insertis
654 1569 819 1611 habentes,
846 1572 905 1604 iltis
930 1573 1004 1605 alias
1034 1573 1063 1605 in
1090 1584 1146 1607 suo

406 1620 520 1653 robore
544 1624 768 1665 permansuris,
794 1625 851 1657 liae
877 1625 943 1658 vice
968 1626 1144 1669 dumtaxat,

406 1674 583 1716 specialiter
597 1681 626 1708 et
647 1687 792 1720 expresse
810 1678 1146 1722 de1·oganuis;ccteris-

406 1737 465 1769 que
483 1729 648 1761 contrariis
661 1730 922 1775 (piilniscumcpie.

449 1781 558 1814 Datum
585 1783 711 1824 Romae,
737 1785 818 1828 apud
844 1786 872 1819 S.
899 1786 1026 1819 Mariam
1049 1784 1163 1820 Maio-t

405 1844 483 1875 rein,
501 1835 558 1868 sub
572 1837 687 1870 annulo
703 1837 880 1879 piscatoris,
891 1839 940 1872 die
954 1850 1053 1873 xxxin
1069 1841 1143 1873 iunii

405 1898 590 1929 nncxxxvn,
607 1891 806 1934 pontificatus
826 1893 926 1926 nostri
943 1904 1024 1927 anno
1049 1905 1112 1928 x1v.

1160 1869 1162 1883 t

442 1949 498 1976 ttat.
516 1949 558 1978 die
574 1951 608 1978 ‘28
624 1952 688 1979 iunii
708 1953 783 1989 ¹637,
804 1955 898 1989 pontif.
917 1963 985 1983 anuo
1002 1963 1053 1982 xiv.

698 2122 852 2158 DLXXlll.

407 2209 498 2250 Quod
522 2210 558 2244 cle
582 2215 680 2245 cetero
706 2223 768 2246 non
796 2214 898 2257 licea!7
922 2214 982 2258 pro
1002 2216 1161 2250 licentiisa

450 2263 621 2297 laborandi
645 2265 754 2299 <liebus
780 2268 902 2309 festivis
929 2269 968 2301 ab
997 2270 1161 2314 episcopo¹

451 2317 704 2361 Carllzayi'nensef
729 2320 936 2354 concedendis
966 2332 1025 2366 pro
1054 2334 1160 2366 prae-¹

447 2372 618 2412 paratione
637 2377 664 2405 el
690 2375 932 2408 uzanulente'onc
961 2376 1042 2408 urlz's
1065 2376 1142 2408 svm·-

449 2434 503 2456 cue
528 2435 547 2456 a
572 2436 677 2458 mense
699 2428 816 2460 martio
837 2439 934 2472 usque
951 2428 993 2461 [a]
1011 2430 1080 2462 cius
1098 2430 1161 2466 itt-i

451 2481 574 2519 lryram
598 2480 838 2521 confectionem,
867 2481 1051 2525 quidquam
1077 2482 1143 2515 exi-

450 2541 521 2571 qcrc
536 2531 553 2563 ¹.

446 2647 451 2671 l
473 2645 506 2671 Ex
526 2645 630 2681 [lv—gesti
649 2648 673 2674 in
690 2647 789 2675 Secrct.
813 2649 891 2675 Brev.

1188 246 1343 271 ROMANL'M

1386 295 1522 322 Urbanus
1544 296 1621 329 Papa
1640 297 1717 330 vm,

1326 340 1362 366 ad
1381 340 1513 367 futuram
1532 340 1576 367 rei
1596 341 1776 368 memoriam.

1937 249 1987 276 An.
2003 250 2030 278 C.
2055 250 2120 278 1637

1228 402 1320 443 Cum,
1347 402 1426 435 sicut
1450 401 1554 434 dilecti
1579 401 1634 434 filii
1661 403 1868 436 communitas
1894 409 1923 437 et
1965 418 2122 448 commmunia

1185 454 1328 488 homines
1360 455 1468 499 oppidi
1500 455 1635 488 Murciae
1670 445 2123 498 Carthaginensis³¹“‘⁰¹³2¹³‘“⁰²³·

1184 507 1336 541 dioecesis
1366 507 1456 541 uobis
1488 518 1589 552 nuper
1614 508 1726 552 exponi
1759 508 1922 550 fecerunt,

1184 561 1268 604 ipsis,
1286 561 1350 605 qui,
1374 567 1408 594 ut
1424 566 1575 603 asserunt,
1595 561 1761 605 quotannis
1783 572 1798 594 a
1817 572 1922 595 mense

1184 614 1286 647 martii
1318 625 1376 658 per
1407 619 1507 647 totum
1538 625 1678 648 mensem
1708 615 1806 657 iunii,
1831 620 1922 659 atque

1184 668 1276 701 etiam
1302 668 1360 701 sub
1384 668 1574 712 principium
1600 668 1664 701 iulii
1691 679 1758 702 sese
1782 669 1813 701 in
1837 679 1924 713 prae-

1183 722 1344 766 paratione
1370 723 1627 766 confectioneque
1651 728 1734 756 setae
1766 729 1922 763 exercent,

1165 786 1309 808 ¹necesse
1335 775 1372 808 sit
1404 776 1677 820 praeparationem
1705 781 1734 808 et
1759 775 1922 810 confectio-

1182 840 1253 862 nem
1279 829 1460 863 huiusmodi
1495 830 1588 862 etiam
1614 830 1645 862 in
1669 830 1780 863 dicbus
1805 829 1922 863 festivis

1183 883 1309 916 interim
1326 883 1565 917 occurrentibus
1579 894 1736 924 exercere,
1749 883 1840 916 nobis
1853 894 1923 927 pro-

1182 941 1288 981 pterea
1312 937 1474 970 humiliter
1502 937 1673 981 supplicari
1703 938 1864 980 fecerunt,
1890 941 1923 971 ut

1183 990 1240 1024 sibi
1263 1002 1357 1034 super
1373 990 1507 1024 licentiis
1531 996 1698 1035 propterea
1716 990 1922 1024 concedendis

1182 1049 1361 1088 opportune
1386 1044 1554 1088 providere
1571 1044 1608 1078 de
1632 1044 1825 1088 benignitate
1850 1054 1922 1089 apo-

1164 1132 1165 1136 ,
1183 1098 1292 1131 stolica
1318 1098 1533 1141 dignaremur.

1228 1151 1296 1195 ga.

1183 1204 1315 1237 cialibus
1340 1204 1500 1238 favoribus
1521 1210 1549 1238 ct
1575 1205 1684 1248 gratiis
1706 1205 1854 1249 prosequi
1872 1217 1921 1239 xo-

1182 1258 1299 1297 lentes,
1325 1263 1354 1290 ct
1383 1268 1493 1291 eorum
1525 1258 1700 1301 singulares
1729 1269 1880 1302 personas
1903 1270 1919 1292 a

1182 1311 1343 1354 (piibusxis
1369 1312 1716 1353 excommunicationis,
1741 1313 1920 1357 suspensio-

1182 1364 1228 1396 nis
1263 1369 1291 1396 et
1328 1364 1506 1405 interdicti,
1541 1365 1673 1408 aliisque
1704 1366 1921 1399 ecclesiasticis

1318 1152 1380 1184 Nos
1402 1151 1508 1194 igitur,
1525 1151 1625 1185 dictos
1646 1157 1836 1196 exponentes
1853 1163 1921 1196 spe-
1965 1161 2119 1185 Decretum-te

1937 1194 1978 1214 (μω
1990 1189 2009 1208 iu
2025 1189 2118 1208 rubrica.

1163 1417 1353 1457 sententiis,
1375 1417 1516 1451 censuris
1540 1423 1570 1451 et
1595 1419 1714 1462 poenis,
1735 1429 1751 1451 a
1777 1419 1845 1452 iure
1874 1420 1919 1452 vel

1181 1470 1219 1502 ab
1243 1470 1391 1512 homine,
1423 1471 1531 1514 quavis
1560 1471 1724 1504 occasione
1754 1472 1800 1504 vel
1828 1474 1920 1505 causa

1180 1524 1264 1564 latis,
1291 1524 1314 1556 si
1340 1523 1453 1567 quibus
1487 1525 1722 1569 quomodolibet
1755 1525 1920 1558 innodatae

1180 1577 1331 1619 existunt,
1357 1577 1395 1610 ad
1422 1577 1566 1611 effectum
1591 1579 1802 1622 praesentium
1828 1579 1919 1611 dum-

1180 1635 1263 1663 taxat
1287 1631 1542 1674 consrquendnm
1568 1631 1680 1664 harum
1705 1631 1785 1664 serie
1816 1632 1919 1665 absol-

1162 1711 1163 1717 ,
1180 1689 1286 1716 ventes
1311 1689 1338 1716 et
1361 1683 1521 1716 absolutos
1540 1684 1605 1717 sore
1623 1690 1796 1726 censentes,
1815 1685 1920 1718 huius-

1181 1737 1263 1770 modi
1290 1736 1574 1780 supplicationibus
1599 1737 1748 1778 inclinati,
1773 1737 1810 1770 de
1829 1749 1920 1771 vene-

1180 1789 1327 1822 rabilium
1353 1790 1486 1823 fratrum
1508 1795 1689 1824 nostrorum
1710 1790 1739 1823 S.
1757 1791 1791 1823 R.
1813 1791 1846 1823 E.
1868 1792 1920 1824 Ec-

1180 1843 1291 1876 clesiae
1310 1842 1516 1876 cardinalium
1540 1843 1679 1886 negociis
1697 1843 1919 1888 cpiscoporum

1179 1895 1432 1940 praepositorum
1458 1896 1606 1939 consilio,
1631 1902 1740 1930 tenore
1764 1908 1919 1941 praesen-

1180 1949 1267 1989 tium,
1292 1949 1469 1982 nullatenus
1493 1949 1599 1990 licere,
1624 1960 1683 1993 pro
1701 1949 1835 1983 licentiis
1854 1950 1920 1983 die-

1178 2002 1236 2034 bus
1261 2001 1377 2035 festivis
1401 2002 1440 2034 ab
1462 2002 1612 2046 episcopo
1633 2002 1842 2035 concedendis
1859 2013 1918 2046 pro

1179 2055 1421 2099 praeparatione
1446 2060 1475 2088 et
1501 2055 1734 2100 manutentionc
1752 2056 1828 2088 artis
1845 2055 1918 2088 seri-

1179 2119 1232 2141 cae
1256 2119 1273 2142 a
1297 2119 1403 2142 mense
1421 2109 1524 2143 martii
1545 2119 1644 2152 usque
1669 2109 1706 2141 ad
1732 2109 1860 2142 totalem
1883 2109 1919 2141 il-

1179 2163 1237 2195 lius
1263 2162 1490 2195 confectionem
1515 2162 1554 2195 de
1580 2172 1685 2195 mense
1709 2162 1814 2203 iulii‚¹
1841 2162 1918 2194 nihil

1178 2225 1308 2259 prorsus
1333 2216 1378 2247 xcl
1416 2216 1580 2248 minimum
1607 2215 1688 2258 exigi
1722 2215 1854 2257 debere,
1882 2215 1919 2247 li-

1177 2269 1293 2302 centias
1319 2269 1498 2302 huiusmodi
1525 2269 1621 2311 gratis
1646 2269 1774 2302 omniuo
1807 2278 1919 2302 conce-

1177 2322 1303 2362 dendas,
1329 2329 1422 2367 atrine
1448 2323 1489 2355 ita
1515 2323 1552 2355 de
1569 2328 1674 2356 cetero
1695 2323 1918 2356 inviolabiliter

1179 2375 1345 2408 tenendum
1372 2375 1666 2419 observandumque
1691 2375 1756 2409 sore
1777 2380 1807 2409 ct
1828 2386 1915 2417 csse,

1177 2429 1347 2472 apostolica
1380 2429 1546 2462 autoritate
1578 2429 1778 2463 decernimus
1810 2435 1839 2462 et
1864 2429 1916 2461 de-

1178 2482 1342 2515 claramus.
1369 2483 1401 2515 ln
1427 2483 1619 2516 contrarium
1645 2482 1827 2516 facientibus
1852 2493 1914 2515 non

1178 2535 1372 2568 obstantibus
1397 2536 1658 2580 quibuscumque.

1220 2588 1331 2620 Datum
1357 2589 1483 2630 Itomae,
1508 2589 1591 2632 apud
1616 2589 1644 2622 S
1669 2589 1794 2622 Mariam
1822 2588 1915 2621 Maio-

1216 2652 1221 2674 t
1243 2649 1342 2677 Decsse
1360 2650 1463 2678 iidctur
1480 2651 1593 2685 aliquid
1609 2650 1733 2684 tnrt'ycrc.
1752 2651 1798 2678 sul
1821 2650 1852 2676 ‘tr
1867 2653 1913 2686 T.).
