2248 3229
244 213 294 243 An.
311 215 340 243 G.
359 215 427 243 1632

287 1233 355 1264 Causa
370 1233 432 1254 huius

249 1263 411 1282 constitutionis.

293 2296 390 2317 Fratrum
404 2300 442 2323 po·

257 2323 350 2345 stutatio.

473 206 538 240 282

443 264 596 304 ctoritate,
621 262 754 296 scienter
786 261 834 294 vel
866 260 1058 303 ignoranter,
1084 260 1183 293 conti-

443 319 524 362 gerit
548 314 701 357 attent'ari‚
718 316 840 349 sublata
858 315 1052 359 quibuslibet
1075 314 1184 359 quavis

443 372 534 404 aliter
557 369 714 403 iudicandi
734 373 764 403 et
787 368 1014 413 interpretandi
1039 368 1185 402 facultate

444 428 473 457 et
497 422 692 456 auctoritate.

486 476 599 509 Datum
624 476 761 516 Romae,
787 475 871 519 apud
895 475 924 508 S.
951 475 1101 515 Petrum,
1127 473 1185 507 sub

443 529 558 563 annulo
575 528 813 569 Piscatoris,die
828 538 883 561 vni
899 528 1004 561 martii
1021 537 1185 569 nncxxxn,

443 581 642 626 pontificatus
655 581 755 615 nostri
769 591 851 615 anno
868 591 911 615 ix.

478 645 537 673 Dat.
558 645 602 672 die
621 645 637 672 8
657 644 747 672 martii
768 644 846 679 1632,
868 644 962 680 pontif.
983 652 1054 672 anno
1074 650 1112 671 lx.

728 786 905 820 (mxxxiv.

444 867 631 901 Prohibitio
647 877 744 910 super
754 867 952 899 concessione
967 865 1116 899 licentiae
1126 875 1186 909 pro

489 921 648 963 fratribus
662 920 770 953 beatae
784 920 909 953 Mariae
925 919 963 952 de
976 918 1116 952 Mercede
1128 920 1188 953 Re-

490 973 685 1017 demplionis
710 973 912 1017 captivorum
934 971 1127 1005 transeundi
1145 971 1188 1005 ad

491 1032 614 1061 statum
639 1027 820 1060 clericalem
832 1026 852 1059 ¹.

650 1107 788 1135 Urbanus
808 1107 886 1140 Papa
905 1107 983 1140 vm,

590 1152 626 1179 ad
646 1152 779 1179 futuram
798 1151 844 1179 rei
863 1151 1045 1178 memoriam.

493 1222 612 1267 Exponi
630 1221 720 1256 nobis
737 1231 840 1265 nuper
856 1221 996 1255 fecerunt
1012 1220 1117 1254 dilecti
1134 1220 1190 1252 filii

448 1276 584 1310 vicarius
610 1281 639 1308 et
664 1279 853 1319 procurator
878 1271 1041 1317 generales
1065 1273 1191 1313 Ordinis

447 1329 582 1363 fratrum
595 1329 705 1362 heatae
721 1327 836 1361 Mariae
852 1327 891 1360 de
908 1327 1050 1360 Mercede
1072 1326 1192 1360 redem-

446 1383 562 1428 ptionis
587 1382 795 1427 captivorum,
813 1381 908 1425 quod,
929 1391 1001 1414 cum
1019 1380 1094 1413 alias
1113 1390 1192 1414 non-

447 1436 590 1470 nonnulli
608 1435 707 1480 ipsius
726 1435 850 1469 Ordinis
868 1434 937 1467 laici
956 1433 1019 1467 sive
1037 1433 1191 1473 conversi,

448 1490 497 1523 vel
523 1500 595 1522 cum
620 1489 696 1522 salsa
722 1487 890 1528 narrativa,
908 1498 962 1521 seu
979 1487 1065 1527 alias,
1082 1497 1099 1519 a
1119 1486 1193 1519 dile-

449 1548 499 1577 cto
523 1542 588 1576 silio
621 1547 729 1575 nostro
760 1547 790 1574 et
821 1540 1019 1584 Apostolieae
1043 1539 1130 1573 Sedis
1162 1539 1205 1589 in·

449 1596 556 1639 regnis
581 1595 804 1639 Hispaniarum
833 1593 948 1627 nuncio
973 1593 1113 1626 licentias
1138 1593 1193 1626 ob-

451 1649 625 1692 tinuissent,
658 1659 793 1693 quarum
831 1648 939 1691 vigore
968 1658 1000 1686 se
1025 1646 1063 1679 ad
1088 1656 1193 1679 sacros

452 1703 578 1737 ordines
603 1702 784 1747 promoveri
808 1702 946 1734 fecerant
973 1707 1000 1733 et
1027 1700 1192 1740 faciebant,

451 1757 587 1800 indeque
617 1756 725 1800 gravia
748 1756 779 1788 in
800 1755 882 1788 dieto
907 1755 1021 1788 Ordine
1046 1754 1192 1787 inconve-

452 1810 571 1843 nientia
594 1820 658 1843 non
691 1810 756 1842 sine
780 1809 834 1841 Dei
860 1808 979 1841 offensa
1011 1807 1192 1847 orirentur,

454 1862 647 1895 venerabiles
671 1862 785 1894 fratres
802 1861 901 1893 nostri
925 1860 953 1893 S.
977 1860 1010 1892 R.
1037 1860 1069 1892 Ε.
1097 1859 1195 1893 cardi-

453 1916 539 1948 nales
556 1914 690 1957 negotiis
715 1914 938 1958 episcoporum
956 1918 985 1946 et
1001 1912 1193 1955 regularium

453 1968 643 2013 praepositi,
672 1968 784 2011 quibus
808 1978 866 2010 pro
891 1970 1070 2010 opportuno
1100 1976 1194 2009 super

454 2021 636 2066 praemissis
667 2020 808 2054 remedio
841 2020 1052 2063 supplicatum
1076 2020 1194 2059 suerat,

456 2075 556 2108 eidem
582 2074 697 2107 nuncio
722 2079 752 2107 et
777 2073 927 2116 magistro
957 2072 1096 2115 generali
1121 2072 1194 2105 dicti

456 2128 579 2163 Ordinis
603 2128 815 2169 iniunxerunt,
833 2130 866 2161 ut
887 2126 936 2159 ille
956 2137 972 2159 a
994 2126 1142 2158 similium
1163 2125 1196 2158 li-

457 2182 630 2216 centiarum
645 2173 845 2215 concessione
862 2181 1043 2220 abstineret,
1056 2180 1107 2213 liic
1122 2190 1195 2213 vcro

454 2236 612 2281 praefatos
637 2245 804 2269 conversos
829 2234 962 2278 puniret.
1118 2239 1120 2241 ’

502 2291 517 2334 ξ
541 2290 570 2322 l.
591 2290 666 2323 Cum
686 2293 801 2330 autem,
817 2288 897 2321 sicut
917 2287 1024 2320 eadem
1043 2285 1196 2330 expositio

458 2343 688 2386 subiungebat,
709 2342 851 2385 magistri
876 2340 1031 2384 generalis
1057 2338 1196 2373 officium

457 2397 638 2430 huiusmodi
663 2396 749 2429 brevi
775 2395 925 2439 temporis
958 2393 1059 2438 spatio
1084 2393 1196 2432 duret,

493 2487 505 2512 1
524 2486 568 2512 Isti
583 2485 679 2513 fratres
692 2493 746 2512 non
761 2488 873 2520 possunt
888 2485 1003 2511 transire
1016 2484 1049 2510 ad
1061 2482 1197 2510 Calceatos

459 2529 560 2564 absque
580 2530 690 2557 licentia
707 2529 783 2557 Sedis
803 2529 989 2564 Apostolicae‚
1010 2532 1040 2555 ut
1058 2528 1086 2554 in
1106 2526 1196 2553 Const.

459 2579 560 2601 ccexxv
579 2575 629 2607 (al.
650 2574 724 2609 253),
745 2574 878 2603 Iniuncli
892 2573 982 2607 nobis,
1004 2576 1033 2600 ut
1052 2576 1116 2599 tom.
1137 2577 1196 2604 xm,

461 2625 523 2654 pag.
543 2618 603 2646 623.

1023 213 1201 236 nULLAmUM
1225 212 1378 236 ROMANUM

1218 264 1247 293 et
1271 259 1354 293 Ordo
1378 256 1535 303 praetatus
1551 259 1583 292 in
1598 260 1711 295 multas
1729 260 1817 303 adeo,
1834 259 1958 304 sibique

1219 312 1353 346 maxime
1384 312 1535 346 distantes
1569 312 1655 346 orbis
1685 318 1790 357 partes
1825 313 1958 346 diffusus

1218 365 1340 406 existat,
1356 370 1390 398 ut
1413 365 1454 399 ob
1470 365 1606 398 maxima
1622 369 1778 399 terrarum
1795 366 1958 400 intervalla

1219 419 1266 452 sui
1291 419 1488 462 generalatus
1512 424 1654 463 tempore
1679 418 1824 451 mandata
1847 429 1903 452 sua
1926 419 1959 451 in

1219 472 1336 506 eisdem
1362 473 1505 517 partibus
1541 471 1744 516 exequutioni
1775 471 1959 505 demandari

1218 526 1320 559 faeere
1337 530 1484 569 nequeat:
1504 525 1595 559 nobis
1613 529 1782 569 propterea
1797 524 1958 557 humiliter

1219 578 1390 623 supplicari
1415 579 1569 620 fecerunt,
1587 583 1622 612 ut
1645 578 1676 611 in
1699 576 1881 622 praemissis
1905 587 1960 621 op-

1220 637 1355 676 portune
1379 631 1546 675 providere
1563 630 1812 674 <ie-benignitate
1837 634 1960 674 aposto-

1220 685 1280 718 lica
1305 684 1518 727 dignaremur.
1664 688 1672 695 “

1265 738 1279 781 g
1303 737 1332 770 2.
1358 738 1420 770 Nos
1444 736 1557 780 igitur,
1583 735 1701 770 dictum
1721 741 1961 781 procuratorem

1220 791 1399 834 generalem
1413 800 1430 823 a
1443 789 1606 833 quibusvis
1619 790 1961 831 excommunicationis,

1220 844 1432 888 suspensionis
1457 847 1488 876 et
1512 843 1686 885 interdicti,
1707 843 1838 887 aliisque
1862 843 1962 877 eccle-

1222 898 1362 939 siasticis,
1388 896 1560 938 sententiis,
1581 897 1722 929 censuris
1746 900 1776 930 et
1799 897 1920 940 poenis,
1944 908 1962 930 a

1222 951 1289 984 iure
1315 951 1362 983 vel
1387 950 1426 983 ab
1443 950 1580 991 homine,
1600 950 1708 994 quavis
1725 950 1890 983 occasione
1914 950 1962 983 vel

1222 1005 1315 1037 eausa
1340 1003 1419 1044 latis,
1437 1004 1462 1036 si
1483 1003 1597 1047 quibus
1614 1003 1854 1047 quomodolibet
1878 1003 1964 1036 inno-

1222 1057 1312 1089 datus
1343 1056 1467 1097 existit,
1499 1056 1536 1089 ad
1569 1056 1714 1089 effectum
1750 1056 1963 1100 praesentium

1223 1112 1383 1145 dumtaxat
1400 1111 1665 1155 consequendum,
1683 1110 1796 1143 harum
1814 1110 1895 1143 serie
1914 1110 1964 1143 ab-

1224 1166 1378 1198 solventes
1414 1170 1444 1198 et
1476 1165 1655 1198 absolutum
1691 1164 1757 1197 fore
1791 1168 1962 1206 censentes,

1224 1218 1407 1252 huiusmodi
1432 1217 1713 1262 supplicationibus
1738 1217 1898 1258 inclinati,
1926 1217 1964 1250 de

1224 1271 1452 1304 venerabilium
1477 1271 1609 1304 fratrum
1633 1276 1816 1304 nostrorum
1841 1275 1965 1304 sanctae

1226 1324 1383 1357 Romanae
1408 1323 1564 1356 Ecclesiae
1595 1323 1801 1356 cardinalium
1831 1324 1965 1367 negotiis

1226 1377 1420 1421 regularium
1445 1377 1700 1421 praepositorum
1724 1377 1866 1419 consilio,
1890 1377 1967 1411 dile-

1226 1437 1276 1465 cto
1289 1431 1354 1464 tilio
1372 1430 1524 1464 moderno
1542 1435 1572 1464 et
1587 1441 1646 1475 pro
1662 1435 1805 1475 tempore
1825 1431 1966 1465 existenti

1227 1487 1378 1529 magistro
1392 1486 1542 1529 generali,
1561 1486 1736 1530 ceterisque
1750 1485 1966 1529 superioribus

1226 1539 1349 1572 Ordinis
1373 1539 1565 1580 huiusmodi,
1586 1539 1625 1571 ad
1648 1549 1727 1582 quos
1751 1543 1878 1582 spectat,
1895 1548 1968 1582 apo-

1227 1592 1335 1626 stolica
1358 1592 1533 1634 autoritate,
1556 1597 1664 1625 tenore
1684 1591 1908 1635 praesentium,
1924 1592 1966 1624 in-

1227 1645 1384 1685 hibemus,
1400 1654 1439 1677 ne
1456 1645 1494 1678 de
1512 1649 1626 1687 cetero,
1644 1644 1821 1678 inconsulta
1837 1655 1968 1687 congre·

1227 1699 1351 1741 gatione
1387 1698 1573 1731 eorumdem
1609 1697 1815 1731 cardinalium
1843 1702 1873 1730 et
1900 1697 1967 1731 sine

1227 1753 1374 1795 expressa
1394 1751 1475 1783 illius
1493 1750 1732 1794 approbatione,
1748 1750 1895 1794 praefatis
1910 1750 1968 1784 sra-

1229 1804 1328 1838 tribus
1352 1804 1439 1837 laicis
1457 1814 1512 1836 seu
1536 1803 1695 1837 conversis
1711 1803 1869 1837 licentiam
1887 1807 1968 1838 tran—

1228 1857 1337 1891 seundi
1364 1868 1380 1890 a
1401 1862 1481 1889 statu
1505 1856 1606 1889 laicali
1632 1857 1669 1889 ad
1694 1857 1892 1898 clericalem,
1913 1868 1968 1891 seu

1228 1912 1265 1944 dc
1290 1922 1322 1944 se
1346 1910 1526 1955 promoveri
1547 1910 1689 1944 faciendo
1713 1910 1751 1943 ad
1776 1910 1914 1943 minores
1931 1921 1968 1944 ac

1229 1974 1334 1997 saeros
1348 1963 1484 2005 ordines,
1500 1963 1564 1996 ullo
1581 1963 1675 1996 modo
1692 1963 1878 2003 concedam
1896 1963 1969 1997 alio-

1229 2018 1304 2062 quin
1319 2017 1460 2060 magistri
1475 2017 1636 2060 generales
1650 2027 1685 2050 ac
1695 2017 1873 2060 superiores
1882 2027 1969 2061 prae-

1972 211 2020 239 An.
2036 212 2064 239 C.
2088 212 2155 240 1632

1998 749 2122 774 Prohibitio,
2132 749 2159 770 do

1976 782 2018 803 qua
2030 777 2052 797 in
2066 776 2158 797 rubrica.

1229 2072 1280 2104 t'ati
1316 2071 1574 2104 contrafacientes
1617 2070 1996 2111 excommunicationisf

1229 2136 1352 2159 necnon
1376 2125 1462 2158 vocis
1486 2125 1603 2157 activae
1629 2129 1658 2157 et
1683 2123 1823 2168 passivae
1848 2135 1883 2158 ae
1901 2124 1969 2157 offi-

1230 2179 1352 2212 ciorum
1370 2180 1448 2222 quae
1469 2177 1607 2210 obtinent
1633 2176 1826 2221 privationis,
1844 2187 1880 2210 ac
1898 2188 1968 2221 per-

1230 2237 1341 2276 petuae
1365 2231 1567 2264 inhabilitatis
1597 2231 1635 2264 ad
1668 2230 1727 2263 alia
1751 2230 1781 2263 in
1805 2235 1967 2274 posterum

1230 2285 1408 2328 obtinenda,
1426 2295 1543 2329 poenas
1561 2295 1598 2318 eo
1614 2285 1682 2328 ipso
1702 2284 1879 2317 incurrant:
1897 2284 1968 2318 laici

1231 2349 1304 2372 vero
1323 2349 1378 2372 seu
1395 2338 1547 2381 conversi,
1562 2339 1615 2382 qui
1629 2349 1700 2371 cum
1713 2338 1847 2371 licentiis
1864 2337 1969 2371 huius-

1231 2392 1338 2433 modi,
1367 2393 1414 2425 vel
1439 2392 1529 2425 aliter
1564 2392 1682 2436 absque
1717 2391 1845 2436 speciali
1869 2391 1968 2435 ipsius

1231 2446 1484 2489 congregationis
1520 2446 1762 2489 approbatione,
1787 2444 1825 2477 ad
1853 2449 1967 2477 statum

1231 2499 1407 2532 clericalem
1425 2498 1621 2542 praedictum
1642 2497 1832 2538 transierint,
1850 2497 1898 2530 vel
1914 2497 1969 2530 mi-

1231 2562 1323 2584 nores
1348 2562 1383 2584 ac
1414 2561 1520 2584 sacros
1552 2551 1678 2584 ordines
1709 2549 1926 2594 susceperint,
1951 2561 1969 2583 a

1232 2604 1383 2649 susceptis
1400 2604 1562 2638 ordinibus
1578 2604 1636 2637 sint
1655 2604 1685 2637 in
1700 2608 1886 2648 perpetuum
1905 2613 1969 2637 sus-
