2248 3229
82 205 131 233 An.
147 202 176 232 G.
198 203 267 232 1634

896 204 1038 228 uanANUS

282 261 353 285 mus
378 250 524 284 dominus
549 260 681 294 magnus
705 251 854 295 magister
875 262 910 285 ae
935 262 1025 285 vene-

283 304 416 338 randum
452 304 621 338 concilium
658 306 849 349 completum
885 306 1024 348 legitime

285 363 511 401 congregatum
526 386 533 399 ,
563 359 720 392 intellecta
745 359 847 392 denuo
872 359 1023 392 relatione

283 411 498 456 praefatorum
516 412 818 453 commissariorum,
836 415 1025 456 maturaque

284 464 511 498 deliberatione
536 465 738 509 praehabita,
770 476 841 499 cum
874 465 1024 498 scrutinio

284 518 496 560 ballottarum,
515 518 572 551 sub
590 519 788 562 beneplacito
808 524 837 551 ct
863 520 1027 552 confirma-

286 571 370 605 tione
394 571 588 605 §amarissimi
619 569 742 604 Domini
777 572 876 606 nostri
906 573 1025 616 Papae,

286 625 415 668 eiusque
439 624 527 658 Sedis
551 625 759 668 Apostolicae,
781 630 810 658 et
834 636 897 658 non
922 625 1023 665 aliter,

284 688 342 711 nec
359 678 419 711 alio
437 677 542 719 modo,
556 678 789 720 ordinaverunt,
808 683 982 712 statuerunt
998 685 1028 711 et

286 731 503 775 imposuerunt
520 741 555 764 ac
576 731 742 775 imponunt
759 732 942 775 pensionem
963 731 1026 764 sive
1043 744 1045 757 ι

285 783 519 828 impositionem
537 784 703 817 duodecim
718 785 850 817 millium
865 789 1026 817 scutorum

285 843 429 871 monetae
453 838 491 871 de
527 839 642 872 tarenis
676 838 843 872 duodecim
876 848 934 882 pro
965 837 1045 870 sin-¹

286 891 367 935 gulis
392 892 488 925 scutis
513 902 607 936 super
639 893 785 926 omnibus
813 891 1026 935 prioratibus,

287 945 466 979 castellania
496 952 668 990 empostae,
689 946 919 987 baiulivatibus,
945 956 1027 979 com-

287 999 419 1040 mendis,
444 1000 608 1040 membris,
632 999 844 1043 pensionibus,
874 1010 909 1032 ae
937 999 1027 1032 bonis

287 1052 411 1087 Ordinis
434 1058 497 1086 tam
529 1053 682 1096 exemptis
713 1063 806 1096 quam
836 1063 898 1086 non
923 1064 1027 1086 exem-

286 1106 359 1150 ptis,
376 1106 468 1139 etiam
493 1117 549 1150 per
574 1117 741 1139 commune
766 1106 923 1139 aerarium
942 1107 980 1150 (si
997 1107 1029 1139 in

287 1160 463 1194 mortuario
488 1163 518 1194 et
542 1159 662 1193 vacanti
683 1160 864 1203 extiterint),
882 1160 914 1193 in
931 1161 1029 1204 quoli-

287 1213 342 1246 bet
365 1223 402 1246 ex
425 1213 527 1246 tribus
551 1213 695 1257 proxime
721 1213 923 1257 sequentibus
939 1214 1028 1247 annis

287 1271 409 1301 tantum
432 1271 463 1301 et
486 1267 656 1307 dumtaxat,
681 1272 807 1311 praeter
831 1272 861 1299 et
885 1268 967 1300 ultra
984 1278 1030 1301 re-

288 1321 472 1365 sponsiones
488 1326 517 1354 et
533 1321 752 1364 impositiones
769 1321 953 1362 ordinarias,
971 1332 1028 1365 pro

288 1376 357 1408 rata
385 1380 414 1408 et
442 1375 527 1407 iuxta
552 1380 654 1408 taxam
687 1375 751 1408 sive
779 1375 1028 1408 aestimationem

289 1428 328 1462 de
350 1438 432 1462 anno
449 1438 611 1462 MDLxxxnI
632 1428 762 1468 editam,
787 1427 1029 1462 exsolvendum¹

288 1481 321 1514 in
337 1482 482 1526 capitulis
506 1482 751 1526 provincialibus
768 1481 934 1514 cuiuslibet
950 1482 1032 1525 prio-

288 1541 376 1569 ratus
400 1536 431 1568 in
456 1536 587 1579 singulis
611 1536 723 1570 futuris
747 1535 836 1568 annis
860 1545 1030 1577 uncxxxw,

288 1599 437 1624 mncxxxv
466 1594 495 1622 et
521 1599 683 1623 nncxxxvi
709 1589 914 1630 celebrandis,
937 1596 1031 1633 prout

288 1643 367 1677 solvi
392 1648 622 1676 consueverunt
638 1643 859 1686 responsiones
884 1648 914 1675 et
933 1643 1049 1687 impe-i

289 1696 436 1738 sitiones,
464 1697 541 1730 itaut
565 1696 597 1729 in
622 1696 792 1740 praedictis
817 1696 918 1730 tribus
943 1696 1031 1729 annis

290 1760 414 1784 summa
438 1750 567 1793 triginta
598 1761 651 1783 sex
683 1749 816 1783 millium
846 1755 1031 1790 scutorum,

290 1803 330 1837 ad
360 1804 567 1848 praemissum
601 1803 747 1837 effectum
779 1809 810 1837 et
839 1814 903 1837 non
935 1803 1030 1836 alium

291 1857 460 1901 eroganda,
481 1857 563 1900 exigi
588 1857 687 1900 possit
711 1864 741 1890 et
764 1857 885 1899 debeat,
902 1868 960 1891 nec
983 1859 1031 1891 ul-

291 1911 400 1952 terius,
417 1911 455 1944 iis
471 1911 646 1951 transactis,
664 1911 775 1955 quovis
799 1915 961 1954 praetextu
978 1922 1031 1945 seu

291 1965 398 1999 colore
422 1964 491 2009 ipsa
516 1964 676 2008 impositio
709 1964 885 1997 continuari
910 1965 1051 2008 valeat,

291 2019 345 2053 sed
363 2018 467 2052 statim
486 2028 656 2062 suppressa
670 2022 699 2051 et
715 2018 850 2051 extincta
866 2018 905 2051 sit
921 2024 951 2051 et
966 2029 1033 2051 esse

291 2077 466 2108 censeatur.
496 2072 651 2111 l'olentes,
672 2077 707 2104 ut
733 2072 886 2115 pecuniae
914 2082 950 2104 ex
975 2072 1033 2104 hu-

291 2126 428 2160 iusmodi
453 2125 654 2170 impositione
679 2131 891 2168 proventurae
912 2126 943 2157 in
960 2127 1033 2158 arca
1050 2134 1052 2144 t

292 2180 351 2214 sub
388 2179 526 2213 clavibus
557 2190 631 2213 suae
661 2179 849 2212 eminentiae
881 2183 910 2213 et
942 2190 1030 2212 com-

293 2233 511 2268 missariorum
532 2243 627 2277 super
649 2233 921 2266 fortificationibus
941 2233 1053 2283 depu-'5

293 2292 431 2321 talorum
456 2292 691 2325 conserventur,
713 2292 742 2319 et
767 2286 887 2327 exinde,
908 2286 1033 2330 quando
1051 2293 1053 2319 ζ

294 2352 374 2386 opus
393 2340 463 2381 erit,
482 2340 602 2374 extrahi
617 2340 738 2373 valeant
755 2350 811 2384 per
829 2351 882 2372 eos
899 2339 1034 2373 fideliter
1051 2330 1053 2392 i

294 2395 327 2429 in
343 2395 520 2439 praefatum
548 2404 639 2426 usum
670 2393 914 2437 impendendae3
940 2393 1053 2440 quod-¹}

294 2459 355 2494 que
372 2448 503 2491 singulis
529 2447 689 2480 mensibus
713 2448 808 2481 iidem
826 2449 1035 2482 commissarii

295 2503 433 2536 rationes
460 2506 490 2534 et
525 2506 672 2545 computa
704 2512 911 2545 expensarum
944 2513 1033 2536 vene-

294 2556 394 2591 rando
432 2555 587 2596 concilio,
618 2555 676 2588 sub
701 2557 802 2600 poena
834 2556 872 2589 de
905 2557 1036 2601 proprio

329 2620 344 2648 1
360 2620 431 2655 Lege
444 2619 646 2650 eoesolvenclam
660 2618 696 2646 id.
716 2619 929 2654 impositionem
939 2621 1036 2656 (n.'r.).

365 2673 444 2703 Buzl.
465 2673 549 2702 Rom.
570 2688 604 2692 —-
627 2672 685 2703 Vol.
705 2672 782 2702 XIV.
927 2674 961 2701 47

1061 204 1118 228 vin
1142 204 1190 228 PP.
1702 192 1766 227 369

1057 252 1141 296 ipsas
1169 261 1320 296 expensas
1344 251 1427 285 illius
1443 250 1561 284 mensis
1580 249 1797 292 satisfaciendi,

1058 306 1190 339 reddere
1207 310 1379 339 teneantur.

1102 360 1139 392 Et
1163 360 1236 404 quia
1262 360 1303 393 ita
1328 371 1359 393 se
1384 360 1478 392 habet
1502 358 1630 400 veritas,
1658 358 1800 400 factaque

1059 413 1142 446 fideli
1161 424 1232 446 cum
1250 412 1394 455 originali
1413 413 1590 453 collatione,
1608 410 1800 445 concordare

1059 466 1289 509 comperimus,
1320 466 1388 499 ideo
1414 466 1444 499 in
1469 466 1562 499 buius
1587 466 1633 498 rei
1658 464 1799 498 testimo-

1042 519 1200 567 3monium
1226 520 1310 552 bulla
1335 525 1442 552 nostra
1462 519 1652 562 magistralis
1676 518 1706 550 in
1728 520 1800 551 cera

1059 572 1149 614 nigra
1174 572 1393 616 praesentibus
1425 578 1471 605 est
1495 572 1656 616 impressa.
1689 571 1800 604 Datum

1061 625 1180 657 Melitae
1205 625 1236 657 in
1262 630 1416 658 conventu
1434 630 1558 666 nostro,
1576 625 1625 658 die
1643 634 1694 658 xlx
1718 633 1800 656 men-

1061 678 1102 711 sis
1126 679 1309 711 novembris
1333 688 1504 712 uncxxxttl.

1105 732 1119 775 ἓ
1143 731 1172 764 3.
1190 731 1264 766 Cum
1283 738 1398 773 autem,
1416 732 1497 765 sicut
1513 731 1622 765 eadem
1648 730 1800 775 expositio

1060 784 1280 828 subiungebat,
1311 786 1385 819 dicti
1411 791 1602 830 exponentes
1626 785 1801 829 impositio-

1059 849 1131 871 nem
1163 839 1366 879 huiusmodi,
1392 839 1591 884 desuperque
1626 840 1801 873 consectum

1061 891 1223 925 decretum
1248 893 1492 936 praeinsertum,
1509 904 1572 937 quo
1596 893 1734 926 exactius
1751 892 1803 926 ob-

1061 950 1234 986 serventur,
1247 946 1411 990 apostolici
1424 947 1550 980 roboris
1560 947 1707 980 firmitate
1721 957 1803 980 com-

1061 999 1177 1032 muniri
1204 1010 1407 1045 summopere
1427 1000 1619 1033 desiderent:
1641 1010 1708 1040 nos,
1733 1000 1803 1033 illos

1061 1053 1250 1097 specialibus
1281 1054 1441 1087 favoribus
1466 1058 1496 1086 et
1520 1053 1629 1096 gratiis
1654 1054 1802 1098 prosequi

1061 1107 1211 1149 volentes,
1232 1112 1262 1140 et
1286 1118 1396 1141 eorum
1421 1107 1596 1150 singulares
1620 1116 1770 1150 personas
1787 1116 1804 1138 a

1062 1161 1224 1204 quibusvis
1249 1160 1600 1202 excommunicationis,
1626 1160 1805 1204 suspensio·

1062 1214 1110 1246 nis
1135 1219 1164 1247 et
1198 1215 1375 1257 interdicti,
1401 1215 1533 1258 aliisque
1567 1214 1804 1255 ecclesiasticis,

1063 1268 1233 1308 sententiis,
1259 1268 1401 1301 censuris
1426 1272 1455 1302 et
1479 1268 1599 1312 poenis,
1622 1278 1639 1300 a
1663 1267 1732 1300 iure
1757 1268 1805 1300 vel

1064 1321 1101 1353 ab
1122 1321 1260 1362 homine,
1281 1322 1390 1365 quavis
1407 1321 1570 1355 occasione
1587 1322 1634 1354 vel
1656 1323 1748 1354 causa
1766 1322 1806 1354 la-

1065 1374 1112 1415 tis,
1130 1375 1154 1408 si
1172 1375 1288 1419 quibus
1305 1375 1542 1419 quomodolibet
1561 1375 1725 1408 innodatae
1743 1375 1805 1408 exi-

1064 1433 1158 1470 stunt,
1177 1429 1215 1462 ad
1237 1429 1383 1462 effectum
1408 1429 1622 1473 praesentium
1647 1428 1806 1461 dumtaxat

1064 1483 1338 1526 consequendum,
1359 1483 1472 1516 harum
1505 1483 1585 1516 serie
1610 1482 1807 1516 absolventes

1065 1541 1094 1569 et
1114 1536 1272 1569 absolutas
1298 1537 1363 1569 fore
1384 1541 1557 1577 censentes,
1574 1536 1807 1580 supplicationi-

1065 1589 1122 1622 bus
1139 1589 1265 1623 illorum
1290 1589 1419 1623 nomine
1443 1590 1535 1622 nobis
1559 1600 1654 1632 super
1673 1589 1733 1622 hoc
1753 1589 1807 1622 hu-

1065 1643 1181 1675 militer
1205 1643 1361 1687 porrectis
1387 1643 1542 1684 inclinati,
1572 1643 1806 1687 impositionem

1064 1696 1269 1740 praedictam,
1285 1696 1485 1740 desuperque
1502 1696 1678 1729 consectum
1697 1695 1807 1729 decre-

1065 1756 1130 1783 tum
1154 1750 1398 1794 praeinsertum,
1416 1750 1589 1794 apostolica
1613 1750 1807 1791 auctoritate,

1065 1809 1173 1837 tenore
1198 1805 1423 1848 praesentium,
1448 1804 1662 1848 approbamus
1686 1809 1717 1836 et
1739 1814 1808 1837 con-

1064 1858 1240 1899 firmamus,
1257 1868 1293 1891 ac
1318 1868 1427 1891 omnes
1445 1862 1474 1891 et
1489 1858 1631 1901 singulos
1649 1862 1710 1892 tam
1730 1857 1808 1890 iuris

1065 1923 1158 1956 quam
1185 1912 1256 1945 sacti
1281 1911 1430 1952 desectus,
1450 1912 1476 1944 si
1500 1911 1553 1956 qui
1578 1911 1714 1955 desuper
1734 1921 1808 1955 quo-

1066 1965 1240 1999 modolibet
1263 1965 1498 2004 intervenerint,
1523 1966 1713 2009 supplemus.

1111 2019 1126 2062 ἓ
1149 2018 1180 2051 4.
1205 2019 1414 2052 Decernentes
1440 2019 1675 2062 impositionem
1701 2023 1730 2051 et
1754 2018 1808 2052 de-

1067 2078 1188 2105 cretum
1213 2072 1395 2105 huiusmodi
1420 2076 1664 2117 praesentesque
1689 2073 1808 2106 litteras

1068 2125 1178 2165 valida,
1196 2125 1288 2157 firma
1308 2131 1338 2158 et
1362 2125 1499 2158 efficacia
1519 2125 1654 2159 existere
1678 2131 1708 2159 et
1732 2126 1808 2166 sore,

1068 2190 1103 2212 ac
1128 2179 1166 2212 ab
1191 2179 1359 2220 omnibus,
1386 2179 1424 2212 ad
1449 2191 1529 2223 quos
1554 2185 1672 2224 spectat
1697 2186 1726 2213 et
1750 2191 1809 2224 pro

1067 2238 1209 2277 tempore
1223 2233 1384 2277 spectabit,
1399 2233 1620 2266 inviolabiliter
1637 2233 1810 2274 observari,

1068 2288 1174 2331 sicque
1200 2297 1257 2331 per
1287 2298 1504 2331 quoscumque
1538 2287 1655 2320 iudices
1683 2287 1809 2320 ordina-

1068 2341 1132 2374 rios
1157 2346 1185 2373 et
1210 2340 1385 2384 delegatos,
1414 2341 1507 2374 etiam
1533 2351 1699 2374 causarum
1726 2341 1811 2384 pala-

1069 2395 1102 2427 tii
1121 2394 1283 2438 apostolici
1301 2395 1470 2435 auditores,
1488 2394 1620 2427 iudicari
1638 2400 1668 2427 et
1687 2394 1810 2428 definiri

1070 2449 1194 2487 debere,
1213 2459 1248 2482 ac
1272 2448 1397 2481 irritum
1423 2453 1453 2481 et
1477 2448 1578 2488 inane,
1603 2448 1628 2480 si
1653 2458 1742 2481 secus
1763 2459 1812 2481 su-

1070 2514 1127 2548 per
1152 2503 1199 2536 his
1224 2513 1241 2535 a
1271 2513 1451 2546 quoquam,
1476 2502 1584 2546 quavis
1613 2502 1810 2543 auctoritate,

1070 2557 1204 2590 scienter
1229 2556 1276 2589 vel
1302 2556 1493 2598 ignoranter,
1518 2555 1686 2598 contigerit
1709 2560 1808 2588 atten-

1070 2611 1137 2645 tari.
1163 2612 1232 2645 Non
1251 2610 1448 2644 obstantibus
1472 2609 1665 2654 praemissis,
1683 2620 1719 2643 ae
1740 2619 1811 2643 con-

1814 202 1862 229 Αη.
1883 203 1910 229 C.
1931 202 1996 231 1634

1887 743 2001 765 Confirmat

1817 771 1919 792 Pontifex.

1854 2025 2008 2055 Decretum-ir-

1824 2054 1889 2075 ritans
1899 2054 1993 2080 apponit.
