2248 3229
190 250 240 279 An.
261 249 289 278 c.
308 250 374 279 1638
421 242 484 276 666

964 249 1140 273 namnum
1166 249 1319 272 ROMANUM

388 311 475 340 rare,
501 298 589 332 cuius
610 298 757 331 frumenti
790 298 821 329 in
851 296 964 329 dictam
990 296 1262 329 insulam'missis
1291 306 1347 339 per
1380 296 1518 339 aliquam
1548 301 1638 329 taxae
1672 306 1767 340 super
1802 296 1897 331 rebus

388 351 568 397 importati¹
601 352 697 383 salina
715 350 742 390 ⁴²,
777 351 859 382 ultra
895 351 1007 382 malam
1043 349 1126 381 illius

389 406 608 443 conditionem,
634 404 673 436 ob
697 404 840 436 locorum
866 402 1053 442 distantiam,
1077 412 1127 445 pe-

388 458 515 492 nuriosa
539 462 692 500 tempora,
716 455 803 488 lucra
820 455 1036 499 pecuniarum,
1054 454 1127 487 fide-

388 512 552 550 iussiones,
567 510 689 543 cambia
703 515 730 542 et
746 509 903 542 reeambia
917 514 1124 550 monetarum,

388 565 510 607 aliaque
534 563 734 603 inter-usuria,
756 562 792 594 ad
817 572 974 595 summam
999 561 1126 595 octode-

389 617 448 650 cim
475 621 636 649 scutorum
662 615 810 648 ascendit.
828 615 914 648 Unde
937 620 979 655 tu,
995 614 1127 658 provide

389 669 590 703 considerans
615 669 698 712 quod
726 669 919 701 frumentum
946 667 1127 700 huiusmodi

388 723 420 755 in
445 722 510 755 dies
530 721 668 754 deterius
693 721 853 762 evadebat,
874 720 1016 764 illudque
1039 721 1126 753 brevi

387 775 618 820 proiiciendum
644 778 719 815 erat,
744 774 850 807 habita
869 773 990 807 ratione
1007 773 1128 816 dispen-

388 829 430 861 dii
454 829 645 872 populorum
670 827 769 860 dictae
792 827 921 867 insulae,
941 826 1126 870 praesertim

388 892 462 914 vero
474 881 709 924 pauperiorum,
720 880 884 920 mandasti,
893 885 924 912 ut
936 880 1127 913 frumentum

387 935 583 979 praedictum
607 945 701 978 quam
725 934 874 967 citissime
896 934 1010 977 partim
1036 944 1125 967 com-

389 988 584 1021 modioribus
616 987 716 1020 dictae
749 987 867 1020 insulae
899 986 1044 1030 personis
1069 997 1128 1030 pro

389 1041 499 1074 eodem
516 1041 617 1084 pretio
631 1040 806 1073 octodecim
824 1045 996 1081 scutorum,
1012 1039 1128 1082 partim

389 1094 457 1126 aliis
490 1094 527 1126 ad
558 1094 712 1126 rationem
745 1093 933 1133 duodecim,
967 1092 1128 1125 residuum

388 1159 474 1189 vero,
500 1147 584 1190 quod
602 1147 727 1179 interim
742 1146 883 1178 vitiatum
898 1151 927 1178 et
944 1150 1128 1188 corruptum

390 1206 466 1241 erat,
491 1200 528 1232 ad
548 1200 703 1233 rationem
719 1204 788 1231 octo
803 1203 964 1231 scutorum
980 1198 1129 1230 similium

388 1264 448 1297 pro
473 1253 610 1296 qualibet
643 1253 740 1284 salma
765 1251 1016 1284 distribueretur.
1042 1250 1130 1289 Quod

389 1317 452 1340 non
472 1316 583 1350 parum
609 1306 743 1349 populos
768 1305 868 1338 dictae
894 1305 1012 1338 insulae
1029 1304 1132 1338 suble-

390 1359 492 1398 vavit,
517 1358 631 1390 damno
657 1364 761 1390 tamen
792 1357 919 1390 interim
943 1357 1040 1401 ipsius
1065 1357 1132 1389 uni-

390 1412 529 1445 versitati
547 1417 576 1444 et
595 1411 777 1443 bominibus
798 1411 918 1443 ratione
943 1410 1132 1443 diversitatis

391 1465 565 1509 pretiorum
580 1464 761 1498 huiusmodi
778 1464 845 1496 suit.
863 1463 930 1503 Qui,
945 1474 1016 1496 cum
1031 1474 1067 1496 ex
1082 1473 1133 1506 pe-

393 1519 493 1552 cuniis
516 1524 738 1560 mercatorum,
763 1517 920 1550 mediante
941 1517 1133 1550 interusurio

392 1582 448 1605 seu
471 1571 625 1604 beneficio
641 1571 776 1603 (luorum
792 1576 971 1603 tarenorum
987 1580 1045 1614 pro
1059 1580 1135 1613 quo-

392 1625 468 1658 libet
492 1630 597 1664 scuto,
622 1624 758 1668 prctium
783 1624 932 1656 frumenti
954 1623 1133 1656 huiusmodi

393 1678 476 1711 illius
501 1677 717 1710 venditoribus
747 1676 918 1717 solverint,
948 1676 1133 1709 eorumdem

393 1736 606 1764 mercatorum
624 1740 687 1763 non
704 1730 805 1763 solum
831 1730 862 1762 in
886 1730 1005 1762 iactura
1022 1729 1135 1773 pretio-

394 1795 482 1824 rum,
508 1783 562 1816 sed
587 1784 679 1816 etiam
704 1783 867 1815 lucrorum
897 1782 1057 1815 debitores
1086 1792 1135 1814 re-

396 1842 531 1870 manent.
550 1836 694 1875 Quinimo
707 1835 845 1879 oportuit
867 1835 950 1878 ipsos
963 1835 1134 1867 notabilem

395 1889 601 1933 pecuniarum
626 1898 780 1920 summam
799 1887 1028 1920 mercatoribus
1049 1898 1136 1930 prae-

396 1942 495 1983 dictis,
520 1952 559 1974 ne
576 1952 591 1973 a
609 1942 825 1984 negociatione
842 1941 887 1974 rei
912 1941 1136 1973 frumentar·Iae

396 1996 533 2028 maxime
558 1995 618 2027 illis
638 1995 814 2038 penuriosis
837 1994 1032 2038 temporibus
1053 1998 1135 2026 etex

398 2049 465 2081 aliis
490 2049 592 2081 causis
617 2048 868 2088 deterrerentur,
900 2047 1031 2079 solvere.
1057 2047 1136 2086 Qua-

397 2107 537 2146 propter,
556 2112 627 2134 cum
649 2101 800 2144 praedicti
827 2100 1013 2133 universitas
1031 2105 1059 2132 et
1081 2100 1137 2132 lio-

398 2156 497 2188 mines
518 2165 575 2187 nec
595 2155 676 2187 bona
694 2154 833 2198 propria,
854 2164 910 2186 nce
931 2154 1061 2197 peculia,
1081 2164 1138 2186 nee

399 2209 476 2242 alios
501 2208 629 2241 effectus
653 2208 712 2240 nisi
737 2218 835 2251 pauca
860 2207 1048 2251 possideant,
1077 2207 1139 2239 illa—

399 2273 460 2307 que
478 2263 508 2294 in
527 2261 756 2305 reparationem
774 2267 930 2293 certarum
949 2261 1138 2294 fabricarum

401 2317 555 2349 destinata
580 2316 727 2354 existant,
760 2325 816 2347 nec
848 2315 916 2347 aliis
942 2310 1157 2358 suinlnibus‚I

403 2380 480 2412 quos
498 2369 675 2401 necessario
690 2370 791 2400 faeere
805 2373 959 2407 tenentur,
972 2368 1139 2400 sufficiant:

403 2423 492 2456 nobis
517 2422 635 2455 idcirco
667 2422 827 2454 lnunilitcr
858 2421 1027 2465 supplicari
1060 2421 1140 2453 sece-

405 2482 475 2508 runt
496 2476 646 2519 praedicti
669 2480 869 2520 exponentes,
886 2481 919 2507 ut
937 2476 994 2507 sibi
1013 2475 1042 2507 in
1056 2485 1141 2518 prae-

442 2557 452 2580 1
470 2555 590 2582 Pessime
606 2555 668 2581 edit.
686 2555 768 2581 Main.
786 2555 850 2589 legit
864 2555 1023 2589 ‘importari
1038 2555 1076 2589 (n.
1093 2558 1140 2585 T.).

441 2600 458 2625 9.
479 2600 552 2626 Idest
574 2608 685 2633 seyme,
712 2600 752 2625 vel
777 2600 858 2634 sella,
883 2600 999 2635 pondus,
1024 2599 1140 2634 sarcina,

407 2652 476 2677 quae
491 2652 570 2679 super
586 2644 675 2670 sellam
692 2644 801 2678 panitur
814 2646 851 2677 (n.
868 2650 892 2670 T.
910 2653 941 2671 ex
958 2643 1104 2676 Utceffiun).

1159 348 1410 382 comestibilibus
1422 348 1667 392 impositionem,
1682 354 1716 381 ut
1726 349 1815 389 infra,
1828 361 1898 394 pro-

1159 402 1265 435 videre
1296 401 1335 434 de
1365 401 1555 444 benignitate
1586 401 1759 445 apostolica
1791 402 1898 445 digna-

1160 466 1277 489 remur.

1203 509 1217 552 ξ
1242 508 1270 541 02.
1296 510 1359 542 Nos
1379 508 1486 551 igitur,
1504 508 1632 541 eosdem
1650 508 1838 552 specialibus
1859 510 1899 541 sa-

1161 561 1288 594 voribus
1312 565 1342 595 et
1365 561 1474 604 gratiis
1506 561 1656 605 prosequi
1686 562 1824 594 volentes
1839 588 1846 602 ,
1871 567 1900 594 et

1160 624 1271 647 eorum
1300 614 1477 657 singulares
1507 624 1660 657 personas
1691 624 1708 646 a
1737 614 1900 658 quibusvis

1161 667 1505 707 excommunicationis,
1530 667 1746 711 suspensionis
1762 672 1792 700 et
1805 668 1901 700 inter-

1160 720 1245 762 dicti,
1259 720 1389 764 aliisque
1403 719 1623 753 ecclesIasticis
1647 720 1819 760 sententiis,
1832 731 1901 753 cen-

1161 773 1244 806 suris
1268 776 1298 806 et
1321 772 1448 816 poenis,
1474 783 1491 805 a
1515 773 1584 805 iure
1607 773 1655 805 vel
1688 772 1726 805 ab
1754 772 1899 814 homine,

1161 825 1270 869 quavis
1295 825 1459 858 occasione
1476 826 1523 858 vel
1540 827 1632 858 causa
1649 826 1729 866 latis,
1745 826 1770 858 si
1787 826 1901 869 quibus

1161 878 1398 922 quomodolibet
1421 878 1587 911 innodatae
1611 879 1757 919 existunt,
1774 879 1813 911 ad
1829 879 1902 913 effe-

1162 937 1247 965 ctum
1278 932 1493 976 praesentium
1517 931 1678 965 dumtaxat
1701 942 1899 975 consequen-

1162 986 1248 1026 dum,
1262 985 1375 1018 harum
1393 985 1474 1018 serie
1491 984 1688 1017 absolventes
1703 989 1732 1017 et
1745 984 1903 1019 absolutas

1162 1038 1229 1071 fore
1240 1042 1412 1078 censentes,
1426 1038 1606 1071 huiusmodi
1623 1038 1903 1082 supplicationibus

1163 1091 1316 1133 inclinati,
1342 1091 1415 1131 tibi,
1440 1095 1474 1125 ut
1497 1102 1556 1134 pro
1580 1091 1639 1124 hac
1664 1092 1730 1125 vice
1763 1097 1903 1134 tantum,

1163 1154 1226 1177 non
1258 1150 1362 1176 tamen
1386 1144 1489 1188 quoad
1513 1145 1661 1177 ecclesias
1693 1149 1723 1177 et
1753 1155 1904 1189 personas

1164 1196 1400 1237 ecclesiasticas,
1424 1207 1520 1229 unam
1546 1202 1647 1230 taxam
1665 1197 1729 1230 sive
1749 1198 1904 1240 gabellam

1164 1249 1195 1281 in
1218 1249 1381 1292 praedicta
1405 1249 1517 1290 insula,
1534 1249 1649 1283 nedum
1671 1260 1764 1294 super
1784 1261 1818 1283 re
1842 1251 1904 1284 fru-

1165 1303 1332 1342 mentaria,
1358 1302 1412 1335 sed
1436 1303 1531 1336 etiam
1557 1314 1652 1346 super
1678 1303 1760 1343 vino,
1781 1304 1850 1337 oleo
1875 1309 1905 1337 et

1165 1355 1312 1388 omnibus
1336 1355 1405 1387 aliis
1430 1355 1526 1388 rebus
1555 1355 1801 1388 comestibilibus
1827 1365 1902 1389 ven-

1166 1409 1276 1441 dendis
1296 1412 1326 1442 ct
1345 1409 1486 1442 emendis
1506 1409 1699 1452 exigendam,
1724 1409 1906 1442 duraturam

1166 1462 1266 1496 donec
1290 1467 1320 1496 et
1343 1473 1508 1506 quousque
1538 1463 1689 1506 praedicti
1720 1463 1908 1496 universitas

1167 1521 1196 1549 et
1213 1516 1357 1549 homines
1379 1526 1536 1549 summam
1562 1516 1671 1559 viginti
1696 1526 1749 1549 sex
1773 1517 1908 1549 millium

1167 1569 1294 1602 circiter
1319 1572 1480 1603 scutorum
1495 1569 1606 1602 exinde
1620 1569 1831 1613 perceperint,
1847 1581 1909 1613 qua

1168 1622 1399 1656 mercatoribus
1424 1622 1633 1656 creditoribus
1658 1622 1722 1654 suis
1751 1622 1854 1656 debite
1878 1628 1908 1656 et

1167 1675 1290 1718 integre
1314 1675 1454 1715 satisfiat,
1479 1675 1642 1718 imponere
1660 1675 1759 1707 libere
1776 1680 1806 1707 et
1822 1675 1905 1708 licite

1167 1729 1268 1772 possis
1293 1733 1322 1760 et
1346 1728 1449 1760 valeas
1464 1755 1471 1768 ,
1496 1727 1669 1771 apostolica
1700 1728 1884 1762 auctoritate
1900 1756 1907 1769 ,

1168 1786 1277 1814 tenore
1300 1781 1529 1824 praesentium,
1554 1781 1733 1814 facultatem
1757 1781 1905 1814 concedi—

1169 1845 1239 1866 mus
1265 1839 1295 1866 et
1320 1834 1530 1877 impertimur.

1213 1886 1271 1930 {3-
1289 1887 1356 1920 Non
1375 1887 1571 1926 ⁸obstantibus
1586 1886 1862 1921 constitutionibus
1881 1894 1911 1921 et

1169 1940 1419 1973 ordinationibus
1439 1939 1629 1983 apostolicis,
1650 1940 1788 1984 dictique
1807 1941 1912 1985 hospi·

1170 1993 1249 2034 talis,
1270 1993 1363 2025 etiam
1382 1992 1569 2034 iuramento,
1588 1992 1827 2027 confirmatione
1841 2004 1911 2037 apo-

1171 2046 1291 2085 stolica,
1310 2045 1357 2078 vel
1375 2045 1484 2089 quavis
1499 2045 1645 2079 firmitate
1662 2046 1722 2078 alia
1742 2046 1910 2087 roboratis,

1171 2099 1293 2131 statutis
1313 2099 1551 2142 capitularibus,
1576 2099 1751 2143 privilegiis
1775 2110 1911 2143 quoque,

1172 2152 1300 2184 indultis
1325 2157 1355 2184 et
1378 2152 1490 2185 litteris
1515 2152 1694 2196 apostolicis
1724 2153 1756 2185 in
1785 2159 1910 2186 contra-

1173 2206 1254 2238 rium
1284 2205 1532 2250 praemissorum
1569 2205 1805 2249 quomodolibet
1837 2218 1912 2241 con—

1173 2259 1289 2299 cessis,
1318 2259 1513 2293 confirmatis
1538 2264 1567 2291 et
1591 2259 1765 2300 innovatis;
1796 2260 1912 2304 quibus

1173 2313 1320 2346 omnibus
1334 2318 1363 2345 et
1380 2313 1521 2355 singulis,
1541 2312 1667 2345 illorum
1689 2319 1814 2346 tenores
1826 2324 1913 2358 prae-

1174 2367 1313 2400 sentibus
1338 2377 1398 2410 pro
1423 2368 1513 2411 plene
1535 2372 1564 2399 et
1581 2366 1772 2399 sufficienter
1790 2377 1913 2411 expres-

1174 2421 1214 2453 sis
1239 2431 1274 2453 ae
1298 2421 1336 2453 de
1361 2420 1457 2454 verbo
1482 2420 1519 2452 ad
1545 2421 1677 2453 verbum
1704 2420 1830 2453 insertis
1858 2421 1911 2453 ha-

1174 2474 1294 2514 bentes,
1309 2474 1370 2507 illis
1391 2474 1465 2507 alias
1478 2474 1509 2506 in
1523 2484 1579 2507 suo
1596 2473 1712 2507 robore
1731 2484 1913 2518 permansu-

1174 2527 1227 2567 ris,
1253 2528 1290 2560 ad
1315 2527 1562 2572 praemissorum
1588 2527 1744 2570 effectum,
1769 2527 1827 2560 hac
1847 2527 1913 2560 vice

1174 2581 1332 2614 dumtaxat
1357 2581 1535 2625 specialiter
1560 2585 1588 2615 et
1613 2591 1758 2625 expresse
1778 2580 1910 2623 deroga-

1174 2644 1258 2673 mus;
1284 2634 1458 2677 ceterisque
1472 2633 1636 2667 contrariis
1651 2633 1910 2676 quibuscumque.

1909 248 1955 276 An.
1979 249 2008 275 C.
2027 249 2097 277 1638

1966 523 2098 543 facultatem

1914 554 1988 574 magns]
1999 552 2098 575 magistro

1917 575 1973 596 illam
1991 575 2100 602 imponen-

1916 602 1937 622 di
1952 603 2056 622 concedit.

1973 1896 2109 1918 Obstannbus

1926 1923 2020 1948 dei-ngat.
