2248 3229
113 212 164 242 An.
179 211 208 241 C.
230 211 299 241 1636

187 1288 276 1319 nerent
281 1288 301 1309 io

117 1317 190 1337 contu
194 1321 278 1337 norum.

922 211 1064 237 [tamnus

313 269 368 293 seu
380 259 532 293 nullitatis
548 259 635 301 vitio,
649 264 702 294 aut
719 260 899 294 intentionis
918 265 1054 301 nostrae,

312 313 360 347 vel
384 313 446 348 alio
470 324 670 359 quocumque
695 314 831 356 defectu,
857 315 970 355 notari,
995 314 1073 347 ini-1

312 367 456 411 pugnari,
481 368 648 411 redargui,
674 368 853 408 retractari,
879 368 910 400 in
935 368 982 401 ius
1008 368 1072 399 vel·

312 421 560 454 controversiam
587 421 729 455 revocari
754 421 931 454 nullatenus
951 426 1054 464 posse,

312 473 367 506 sed
392 484 443 507 eas
467 484 592 518 semper
616 480 646 508 et
666 480 818 518 perpetuo
842 474 976 515 validas,
1000 473 1055 506 sir-

313 536 380 559 inas
405 533 435 560 et
458 528 600 560 efficaces
624 527 768 568 existere,
795 531 823 562 et
852 538 869 560 a
894 527 977 560 dicto
1002 536 1072 569 ges

313 580 422 621 nerali,
448 585 571 614 rectore
596 586 626 614 et
650 581 899 625 poenitentiariis
930 579 1055 624 praedi-

313 633 382 673 ctis,
407 632 550 678 aliisque,
568 634 608 667 ad
627 645 706 678 quos
723 639 843 679 spectat
860 639 890 667 ct
905 644 963 678 pro
982 640 1057 666 tcm-

312 696 390 730 porc
422 687 596 731 spectabit,
621 688 842 722 inviolabiliter
874 687 1055 727 observari,

313 740 420 783 sicque
434 751 491 784 per
504 751 719 785 quoscumque
733 742 851 775 iudices
868 741 1056 790 ordinarios,

313 793 407 827 etiam
433 805 600 842 causarum
625 796 730 840 palatii
756 795 920 840 apostolici
938 794 1057 828 audito-

312 858 364 881 res
389 854 420 882 et
443 854 568 882 sanctae
593 850 753 883 Romanae
778 849 935 883 Ecclesiae
959 848 1058 882 cardi-

313 901 409 943 nales,
434 903 527 936 etiam
550 903 588 936 de
612 903 709 937 latere
726 903 855 946 legatos,
873 902 996 935 sublata
1013 901 1058 934 eis

314 960 345 988 ct
369 966 489 989 eorum·
505 957 634 990 cuilibet
656 957 764 1001 quavis
789 956 880 989 aliter
899 954 1056 988 iudicandi

315 1014 345 1043 et
369 1010 594 1054 interpretandi
626 1010 772 1044 facultate
796 1014 827 1043 ct
849 1009 1057 1050 auctoritate,

316 1062 448 1096 iudicari
473 1069 503 1097 et
527 1063 652 1097 definiri
677 1063 802 1104 debere,
827 1074 862 1096 ac
887 1062 1012 1096 irritum
1029 1066 1058 1095 et

317 1117 418 1158 inane,
437 1117 463 1150 si
480 1128 570 1151 secus
584 1128 678 1162 super
696 1117 745 1150 liis
761 1127 778 1150 a
796 1127 966 1161 quoquam,
984 1126 1059 1161 qua-

317 1170 362 1204 vis
389 1171 595 1211 auctoritate,
620 1171 756 1204 scienter
781 1171 828 1204 vel
854 1170 1056 1214 ignoranter,

316 1224 486 1267 contigerit
509 1225 665 1259 attentari.

361 1278 376 1321 g
401 1277 430 1311 7.
458 1278 526 1312 Non
551 1278 748 1312 obstantibus
765 1279 969 1312 cancellariae
987 1289 1060 1322 apo-

316 1331 445 1365 stolic-ac
475 1332 612 1375 regulis,
637 1337 687 1375 et,
712 1337 867 1376 quatenus
892 1342 975 1376 opus
999 1332 1059 1372 sit,

319 1385 370 1418 itta
386 1385 424 1418 de
441 1385 509 1418 iure
523 1385 664 1429 quaesito
678 1396 741 1419 non
760 1385 907 1426 tollendo,
928 1386 1060 1430 aliisque

318 1439 568 1484 quibuscumque
583 1440 856 1474 constitutionibus
869 1439 1059 1484 apostolicis,

319 1502 354 1525 ac
367 1492 468 1526 dictae
481 1493 748 1537 poenitentiariae,
763 1493 1060 1537 etianfiiuramento,
1076 1488 1079 1519 't

320 1546 559 1580 confirmatione
587 1547 778 1590 apostolica,
803 1547 850 1580 vel
876 1547 985 1591 quavis
1010 1546 1061 1579 sir-

320 1599 426 1633 mitate
450 1599 511 1632 alia
535 1599 703 1640 roboratis,
722 1600 844 1634 statutis
868 1604 898 1634 et
923 1610 1061 1634 consue-

321 1651 491 1694 tudinibus,
515 1653 710 1697 privilegiis,
743 1653 872 1686 indultis
897 1657 926 1687 ct
950 1653 1062 1687 litteris

320 1706 510 1750 apostolicis,
535 1707 684 1751 vivaeque
708 1707 794 1741 vocis
819 1706 955 1740 oraculis
971 1706 1062 1739 dictis

321 1761 470 1803 generali,
493 1761 650 1805 religioni,
675 1761 791 1795 rectori
812 1766 842 1794 et
861 1760 1063 1805 poenitentia-

321 1813 377 1846 riis
400 1813 580 1858 praedictis,
605 1819 634 1847 et
659 1815 822 1858 quibusvis
839 1814 907 1848 aliis
923 1814 981 1847 sub
998 1813 1064 1858 qui-

322 1866 519 1911 buscumque
544 1867 707 1901 tenoribus
731 1873 761 1901 et
784 1868 905 1908 formis,
929 1878 966 1902 ac
991 1878 1061 1901 cum

322 1921 482 1965 quibusvis
513 1921 607 1954 etiam
637 1921 910 1964 derogatoriarum
935 1921 1065 1964 deroga-

324 1974 426 2016 toriis,
458 1974 588 2018 aliisque
621 1974 851 2008 efficacioribus
875 1979 905 2007 et
930 1974 1064 2008 insolitis

323 2027 481 2068 clausulis,
498 2027 592 2061 etiam
609 2038 680 2061 cuin
699 2027 838 2061 clausula
862 2027 949 2072 quod
969 2038 1065 2060 num-

323 2092 425 2125 qnam
448 2080 504 2114 sub
528 2081 600 2114 istis
624 2081 829 2114 ret-ocutoriis
861 2080 1065 2124 comprehen-

325 2133 457 2177 dantur,
482 2139 512 2167 ct
535 2134 629 2168 ctiam
653 2134 738 2178 quod
755 2133 859 2166 addita
878 2133 1066 2166 t'ueritclau-

324 2187 393 2221 sula
425 2187 511 2232 quod
535 2187 623 2222 dicta
653 2187 851 2232 priristqicz,
880 2186 1014 2220 indulta
1038 2191 1066 2219 et

325 2241 395 2275 alia
418 2241 609 2286 supradicta
632 2252 756 2285 semper
779 2245 971 2274 censeantur
994 2251 1066 2274 con-

326 2305 411 2328 cessa
427 2296 486 2328 sub
501 2295 674 2339 posteriori
697 2295 784 2335 itata,
802 2300 832 2327 ct
848 2294 917 2327 aliis
933 2294 1067 2327 decretis

326 2354 355 2381 ct
372 2346 531 2389 clausulis,
547 2349 639 2382 etiam
661 2349 803 2391 insolitis⁷
821 2349 914 2381 etiam
939 2348 1066 2392 speciali

327 2402 485 2436 mentione
511 2402 635 2446 dignis,
663 2402 756 2435 ctiam
793 2402 1067 2445 derogatoriarum

327 2455 546 2499 derogatoriis,
565 2455 596 2488 in
613 2466 728 2499 genere
746 2461 776 2488 ct
793 2455 823 2488 in
841 2455 956 2499 specie,
974 2455 1067 2488 ctiam

328 2515 415 2543 motu
438 2509 507 2553 pari
531 2514 561 2542 et
585 2508 855 2548 consistorialiter,
880 2519 915 2542 ac
939 2508 1015 2542 alias
1037 2509 1069 2541 in

327 2563 534 2603 contrarium,
558 2562 795 2607 quomodolibet
815 2563 982 2605 concessis,
999 2573 1070 2596 con-

331 2617 462 2651 tii-matis
487 2623 516 2651 ct
542 2616 703 2651 innovatis.
729 2616 847 2655 Quibus
872 2616 1020 2650 omnibus
1041 2621 1070 2650 et

1088 211 1145 236 vin
1169 211 1218 236 ΓΡ.
1737 199 1797 234 531
1846 209 1937 238 Aac.
1959 209 2028 238 1636

1090 259 1242 303 singulis,
1268 258 1390 292 etiamsi
1421 268 1480 302 pro
1512 256 1678 292 sufficienti
1702 257 1831 291 illorum

1088 312 1292 355 derogatione
1318 312 1355 345 de
1381 312 1442 345 illis
1467 322 1638 355 eorumque
1667 310 1829 345 tenoribus

1089 366 1243 409 specialis,
1269 366 1415 409 specifica
1440 371 1469 398 ct
1493 375 1640 409 expressa
1664 375 1700 398 ac
1724 363 1832 397 indivi-

1089 419 1150 451 dua‘
1174 425 1201 452 et
1223 418 1261 451 dc
1288 419 1382 452 verbo
1407 418 1445 451 ad
1470 419 1614 459 verbum,
1640 428 1703 451 non
1727 421 1831 451 autem

1089 483 1146 516 per
1160 472 1316 505 clausulas
1333 472 1496 515 generales
1515 472 1597 505 idem
1615 471 1831 515 importantcs,

1090 525 1208 558 mentio
1222 536 1276 558 seu
1290 525 1417 568 quaevis
1435 525 1494 557 alia
1509 525 1672 569 expressio
1686 523 1831 557 habenda

1089 583 1142 611 aut
1171 578 1275 622 aliqua
1308 578 1367 611 alia
1400 579 1553 622 exquisita
1585 579 1686 612 l'orma
1709 577 1748 610 ad
1772 578 1833 610 lioc

1090 631 1242 664 servanda
1267 632 1365 672 toret,
1392 636 1514 666 tenores
1544 631 1723 665 huiusmodi
1747 641 1784 664 ac
1807 630 1833 663 si

1090 686 1128 719 de
1154 686 1250 719 verbo
1274 685 1313 718 ad
1344 685 1475 718 verbum
1506 686 1722 718 insererentur
1745 695 1834 729 prae-

1091 739 1232 772 sentibus
1256 750 1316 783 pro
1340 739 1498 783 expressis
1523 744 1552 772 et
1576 739 1614 771 ad
1639 739 1770 772 verbum
1781 739 1835 771 ·in-

1091 792 1182 826 sertis
1207 792 1369 833 habentes,
1395 792 1456 825 illis
1480 792 1556 825 alias
1581 792 1612 824 in
1636 803 1692 825 suo
1717 792 1834 825 robore

1090 845 1318 889 permansuris,
1331 845 1370 878 ad
1387 845 1534 879 css'cctum
1550 845 1758 889 praemissum
1772 844 1835 889 ple-

1090 899 1219 932 nissime
1244 899 1445 942 derogamus.

1135 953 1151 996 g
1175 952 1205 985 8.
1236 952 1385 986 Volumus
1408 958 1535 995 autem,
1561 952 1646 996 quod
1671 957 1832 986 transum-

1092 1011 1182 1050 ptum
1207 1007 1337 1040 istarum
1362 1007 1541 1040 litterarum
1567 1016 1662 1039 manu
1681 1011 1712 1040 ct
1731 1005 1834 1050 sigillo

1092 1060 1222 1094 maioris
1247 1061 1482 1105 poenitentiarii
1507 1061 1674 1102 munitum,
1692 1066 1722 1093 et
1746 1070 1834 1104 prac-

1092 1116 1154 1148 sato
1185 1115 1325 1158 generali
1354 1115 1517 1149 Societatis
1549 1115 1641 1156 Iesu,
1665 1114 1780 1148 rectori
1805 1120 1835 1147 et.

1890 963 2035 989 Transumpus

1850 990 1920 1012 danda
1935 990 1994 1011 tides.

1074 1169 1343 1216 ¹poenitentiariis
1375 1169 1544 1212 praedictis
1572 1179 1656 1202 nunc
1680 1167 1837 1202 existenti-

1093 1223 1151 1256 bus
1169 1222 1446 1256 extraiudicialiter
1459 1223 1553 1260 etiam
1572 1223 1760 1263 intimatum,
1775 1223 1836 1255 vim

1093 1277 1207 1310 habeat
1228 1277 1377 1311 solemnis
1402 1276 1632 1321 publicationis.

1138 1331 1249 1363 Datum
1275 1331 1403 1373 Romae,
1428 1330 1510 1374 apud
1534 1331 1564 1363 S.
1590 1330 1718 1363 Mariam
1743 1329 1837 1364 Maio-

1095 1395 1161 1417 rem
1178 1412 1185 1425 ,
1214 1384 1272 1417 sub
1301 1385 1416 1417 annulo
1435 1383 1613 1424 piscatoris,
1635 1382 1685 1416 die
1698 1393 1741 1417 xx
1757 1383 1837 1416 iunii

1095 1447 1273 1478 iincxxxvl,
1298 1437 1499 1482 pontificatus
1522 1437 1623 1471 nostri
1646 1446 1728 1470 anno
1748 1442 1814 1470 xiii.

1131 1499 1188 1527 Dat.
1207 1499 1250 1527 dic
1265 1499 1300 1526 ΞΟ
1314 1499 1380 1526 iunii
1398 1499 1476 1532 1636,
1494 1499 1588 1535 pontit.
1606 1506 1675 1527 anno
1690 1505 1747 1526 xttt.
1779 1505 1783 1509 ’

1401 1642 1527 1676 DXLIII.

1096 1723 1250 1756 Extensio
1283 1723 1526 1757 constitutionis
1559 1723 1708 1766 Greyorii
1739 1721 1840 1763 XIII,

1140 1787 1180 1810 ne
1199 1777 1465 1811 subcoltectorum
1489 1782 1515 1811 ct
1541 1777 1841 1810 commissariorum

1141 1830 1322 1874 spoliorzt'm
1357 1831 1499 1864 crimina
1536 1831 1660 1874 possint
1695 1830 1842 1874 coqnosci

1141 1884 1210 1917 uisa·
1231 1895 1252 1917 α
1274 1885 1407 1918 manetis
1430 1889 1459 1917 et
1483 1884 1703 1918 collectoribus
1720 1888 1842 1928 aposto-

1144 1937 1216 1970 licis
1242 1937 1277 1970 (ἠ
1302 1948 1400 1981 regyno
1424 1938 1654 1982 Neapolitana,
1682 1937 1725 1970 ad
1740 1947 1843 1970 exces-

1142 2000 1197 2022 sus
1219 1994 1248 2023 et
1272 1991 1414 2023 crimina
1431 1995 1567 2034 patrata
1585 1991 1620 2023 in
1637 1990 1716 2023 aliis
1732 1985 1843 2033 refluis

1143 2048 1172 2076 et
1203 2044 1399 2087 provinciis,
1433 2045 1532 2078 etiam
1565 2044 1700 2088 expletis
1732 2054 1844 2077 corum

1144 2096 1286 2139 officiis¹.

1305 2178 1440 2206 Urbanus
1462 2179 1542 2214 Papa
1560 2179 1638 2214 VIII,

1226 2223 1262 2250 ad
1282 2227 1460 2258 perpetuam
1479 2224 1524 2252 'rei
1542 2224 1723 2252 memoriam.

1146 2294 1229 2328 Affis
1254 2295 1439 2329 recolendae
1470 2296 1642 2329 memoriae
1672 2294 1844 2338 Gregorius
1883 2299 2043 2349 s⁴.³.s1⁰⁰⁰'s¹f‚x{-¹¹.

1102 2347 1183 2391 Papa
1199 2348 1264 2380 Xlll
1282 2348 1507 2391 praedecessor
1524 2352 1631 2382 noster
1648 2347 1845 2382 indemnitati
1858 2335 1947 2377 iiiii-ur
1972 2342 1977 2348 ’
1994 2335 2033 2349 ¹¹³¹

1103 2401 1320 2434 ministrorum
1338 2412 1481 2435 camerac
1498 2401 1701 2445 apostolicae,
1717 2411 1756 2434 nc
1773 2401 1845 2434 ullis

1103 2455 1272 2496 molestiis,
1297 2454 1404 2488 litibus
1428 2456 1476 2489 vel
1502 2455 1712 2488 incommodis
1735 2454 1844 2498 fatiga-

1142 2537 1149 2562 t
1168 2535 1313 2570 Gregorius
1329 2535 1387 2562 xttt
1405 2535 1487 2563 edidit
1501 2535 1670 2563 sanctionem
1686 2535 1776 2563 solum
1795 2544 1845 2571 pro

1102 2588 1184 2613 regno
1200 2579 1336 2615 Neapolis,
1352 2588 1432 2615 quani
1448 2579 1532 2607 babes
1547 2579 1619 2607 inter
1633 2580 1719 2615 ipsius
1733 2579 1844 2608 Constit.

1102 2634 1178 2652 uum.
1197 2631 1241 2659 xi,
1259 2625 1420 2659 Cupientes,
1437 2628 1504 2652 toni.
1520 2631 1576 2660 vttt,
1593 2633 1654 2661 pag.
1672 2624 1733 2653 105.
