2226 3235
121 243 170 269 An.
187 240 216 268 C.
236 240 305 268 1629

143 515 241 536 Urbanus
252 515 306 535 idem

122 542 255 567 privilegium
273 547 305 561 ex-

122 569 190 589 tondit
205 568 230 588 ad
243 573 306 594 ipsos.

153 1477 179 1498 Et
201 1476 311 1497 Antonium

127 1503 154 1524 de
176 1503 228 1524 Soto
249 1503 311 1523 huius

128 1529 202 1550 indulti
216 1530 311 1550 coninns·

127 1557 206 1578 sarium
221 1557 288 1583 eligit.

154 1903 273 1925 Clausulas.

199 2116 314 2143 Derogatio

130 2144 292 2165 couti-ariorum.

933 236 1074 261 URBANUS

319 286 461 332 plumbo,
479 296 575 331 quam
600 286 632 319 in
657 285 751 319 simili
768 286 870 319 forma
888 285 994 319 Brevis
1015 285 1064 319 de-

320 351 417 384 super
441 339 594 383 expeditis
618 339 740 378 litteris,
763 349 897 383 quarum
922 338 1062 372 omnium

321 399 446 427 tenores
465 392 682 437 praesentibus
702 403 760 436 pro
777 391 936 436 expressis
952 392 1063 425 haberi

321 447 479 488 volumus,
505 445 628 490 plenius
653 446 839 479 continetur.

365 500 380 543 ἓ
404 498 434 532 3.
460 500 549 532 Nunc
573 503 678 531 autem
697 509 763 537 nos,
782 498 936 542 spirituali
957 508 1064 531 conso-

321 553 429 586 lationi
442 553 706 597 patriarcharum,
725 553 929 596 primatuum,
946 551 1065 584 archic-

322 606 536 650 piscoporum,
554 606 788 649 episcoporum,
805 605 1002 649 aliorumque
1016 605 1064 637 in-

322 659 473 692 teriorum
505 650 719 703 praelatorum
750 664 781 692 et
805 659 1063 703 presbyterorum

322 712 512 745 secularium
530 711 766 755 praedictorum
783 712 953 752 dumtaxat,
969 721 1065 755 quan-

323 771 387 799 tum
409 776 480 799 cum
498 765 631 799 Domino
648 776 827 810 possumus,
843 765 978 807 benigne
995 775 1066 798 con-

322 819 425 852 sulere
460 819 624 860 volentes,
660 818 939 862 supplicationibus
971 818 1063 851 etiam

323 874 493 908 maiestatis
518 879 589 907 tuae
620 873 748 915 nomine
773 873 863 906 nobis
887 883 982 916 super
1006 872 1066 906 hoc

323 927 485 960 humiliter
499 928 653 972 porrectis
671 927 820 967 inclinati,
834 926 1066 960 venerabilibus

323 981 474 1014 fratribus
498 981 696 1025 patriarchis,
721 979 919 1023 primatibus,
943 980 1066 1013 archie-

323 1034 493 1079 piscopis,
514 1033 670 1077 episcopis
702 1038 733 1066 et
763 1034 832 1066 aliis
866 1033 1067 1067 inferioribus

324 1087 492 1131 praelatis,
516 1097 640 1120 necnon
674 1086 796 1120 clericis
822 1091 851 1120 et
875 1083 1085 1132 presbyteris'ss

325 1141 520 1176 secularibus
544 1140 725 1185 praedictis*
740 1145 873 1181 tantum,
889 1146 923 1174 ut
938 1141 1068 1185 quadra-

326 1194 470 1238 gesimali
494 1199 648 1238 tempore,
665 1194 867 1227 hebdomada
883 1199 989 1227 tamen
1006 1205 1068 1227 ma-

325 1247 385 1282 iori
410 1249 550 1291 excepta,
572 1247 639 1281 ovis
668 1247 813 1281 similiter
837 1253 867 1281 et
892 1248 1066 1291 lacticiniis,

324 1312 383 1346 pro
408 1312 519 1335 eorum
543 1301 633 1334 libito
649 1329 656 1342 ‚
682 1302 727 1334 uti
752 1307 781 1335 et
807 1302 890 1335 vesci
914 1302 1014 1335 libere
1039 1309 1086 1343 et}

325 1355 408 1388 licite
434 1355 570 1395 valeant,
600 1355 771 1398 apostolica
799 1355 995 1397 auctoritate,
1024 1360 1067 1390 tc-

325 1418 402 1442 nore
426 1407 655 1452 praesentium,
679 1407 890 1450 indulgemus.

371 1461 428 1505 34.
442 1462 486 1494 Ac
499 1461 647 1494 dilectum
661 1461 760 1494 filium
772 1461 942 1494 Antonium
956 1461 993 1495 de
1005 1462 1070 1495 Sot-

327 1515 472 1557 tomaior,
498 1514 622 1548 Ordinis
648 1514 783 1547 fratrum
813 1514 1067 1548 praedicatorum

326 1569 549 1613 professorem,
563 1568 797 1612 praedictarum
811 1569 984 1611 gratiarum
1001 1579 1070 1602 exe-

327 1627 495 1667 quutorem
513 1627 542 1654 et
556 1621 809 1655 commissarium
828 1622 1002 1666 apostolica
1019 1632 1070 1655 au-

328 1675 472 1709 ctoritate
495 1675 688 1719 deputatum,
710 1680 740 1707 et
764 1676 977 1719 praesentium
999 1686 1068 1708 exe-

327 1734 495 1774 quutorem
509 1734 540 1762 et
557 1729 818 1769 commissarium,
836 1729 1022 1763 auctoritate
1040 1735 1070 1763 et
1086 1733 1088 1741 '

328 1789 437 1816 tenore
454 1782 622 1827 praedictis
638 1782 781 1826 facimus,
799 1783 1018 1817 constituimus
1041 1789 1069 1817 et

328 1836 527 1881 deputamus.

373 1890 389 1933 ἓ
413 1889 442 1922 5.
468 1889 675 1922 Decernentes
704 1889 829 1922 irritum
855 1892 885 1923 et
908 1889 1019 1932 inane,
1045 1889 1070 1922 si

328 1954 418 1977 secus
443 1953 539 1987 super
564 1943 612 1976 his
637 1953 654 1976 a
680 1953 858 1988 quoquam,
882 1943 990 1987 qua-vis
1014 1954 1069 1976 au-

329 1998 482 2037 ctoritate,
511 1997 646 2030 scienter
674 1997 721 2029 vel
751 1996 944 2039 ignoranter,
969 1997 1069 2030 conti-

329 2052 412 2095 gerit
436 2051 591 2085 attentari⁴

373 2106 388 2150 ἓ
412 2105 441 2138 6.
462 2106 531 2139 Non
551 2105 746 2138 obstantibus
763 2104 875 2137 litteris
891 2105 1069 2149 praedictis,

329 2170 365 2193 ac
382 2159 530 2193 omnibus
550 2159 596 2201 iis,
613 2169 692 2202 quae
710 2159 741 2192 in
758 2159 819 2192 illis
836 2169 983 2192 concessa
1001 2163 1071 2193 sunt

328 2223 391 2246 non
415 2213 561 2254 obstare,
591 2213 766 2256 ceterisque
798 2213 964 2246 contrariis
995 2207 1089 2256 (μή-ἶ

328 2259 534 2310 buscu‘mque.
568 2267 787 2300 Praesentibus
819 2267 856 2300 ad
888 2260 1089 2300 sexeiiniuiii³

329 2325 450 2354 tantum
475 2320 626 2354 valituris.

373 2375 484 2409 Datum
505 2375 632 2415 Romae,
656 2375 739 2419 apud
763 2375 793 2409 S.
815 2375 945 2409 Mariam
969 2375 1067 2409 Maio-

329 2439 415 2470 rem,
440 2429 498 2462 sub
524 2429 637 2462 annulo
662 2429 839 2469 piscatoris,
860 2429 910 2462 die
935 2440 955 2463 x
984 2435 1089 2466 octo-v

329 2483 395 2517 bris
411 2493 561 2523 mccxxiii,
578 2482 778 2527 pontificatus
797 2483 897 2516 nostri
918 2493 999 2517 anno
1017 2494 1069 2517 vn.
1087 2474 1089 2481 ¹

365 2546 424 2575 Dat.
442 2546 486 2575 die
503 2547 535 2575 10
549 2546 669 2575 octobris
686 2547 764 2580 1610,
780 2547 876 2583 pontit.
893 2555 963 2576 anno
979 2554 1027 2575 vn.

413 2707 493 2738 Bull.
513 2708 598 2738 Rom.
640 2708 700 2739 Vol.
719 2707 795 2738 XIV.
969 2708 1001 2737 15

1100 236 1156 261 vin
1179 236 1226 261 rr.
1738 225 1800 260 113
1847 236 1895 262 An.
1913 234 1940 261 c.
1964 235 2032 262 1629

1391 282 1532 318 CCCLIII.

1097 365 1239 400 Iubz'laei
1266 364 1461 398 universalis
1497 363 1653 396 concessio
1686 362 1728 396 acl
1752 362 1837 396 clivi-

1141 428 1220 451 mzm
1245 428 1333 461 opem
1362 428 1420 461 pro
1453 416 1699 450 imminentibus
1729 416 1766 448 in
1789 417 1839 449 {Ii-

1141 471 1238 504 versz's
1265 471 1440 504 christiani
1468 470 1553 504 orbis
1582 470 1734 514 partibus
1756 471 1839 513 peri-

1143 524 1225 557 culis
1242 524 1486 568 postulandam.

1306 605 1442 632 Urbanus
1456 605 1536 638 Papa
1551 604 1629 633 VIII.

1099 657 1255 685 Universis
1275 657 1523 685 christifidelibus
1553 651 1729 692 praesentes
1756 658 1841 686 litte-

1133 709 1182 730 ras
1203 701 1407 736 inspecturis,
1429 703 1559 730 salutem
1589 706 1619 731 ot
1644 703 1839 737 apostolicam

1132 745 1382 774 benedictionem.

1143 817 1285 850 Irritatus
1309 817 1442 851 assiduis
1457 817 1586 851 humani
1608 819 1732 861 generis
1753 820 1841 863 flagi·
1891 836 1959 857 Cau„
1977 836 2038 856 huius

1856 868 1998 883 concessionis
2009 863 2039 883 tu-

1101 871 1150 904 tiis
1163 871 1243 905 Deus
1261 872 1423 905 consuevit
1436 873 1616 906 iracundiae
1630 885 1703 907 suae
1717 874 1840 917 flagella
1856 890 1918 910 mim
1933 892 1953 909 ei
1969 890 2039 909 horta-

1100 925 1224 969 saepius
1238 931 1405 967 ostentare,
1419 931 1453 959 ut
1466 932 1607 960 errantes
1622 927 1841 971 derelinquant
1856 916 1993 970 {2⁰q330ffl
2006 921 2039 936 ὅδ’

1100 979 1164 1012 vias
1189 989 1281 1020 suas,
1308 984 1337 1012 et
1370 979 1538 1024 aliquando
1568 981 1671 1013 visitat
1696 981 1726 1014 in
1752 982 1840 1025 virga

1101 1032 1280 1076 iniquitates
1304 1037 1335 1065 et
1359 1032 1390 1065 in
1414 1033 1599 1067 verberibus
1624 1039 1772 1078 peccata;
1789 1044 1840 1068 no-

1101 1087 1167 1120 lens
1180 1092 1283 1119 tamen
1297 1087 1433 1130 aliquem
1447 1087 1567 1131 perire,
1584 1087 1732 1120 remediis
1745 1087 1843 1120 acrio—

1101 1141 1188 1174 ribus
1213 1141 1327 1175 excitat
1350 1146 1552 1186 peccatorum
1574 1141 1691 1185 sopitas
1712 1147 1841 1181 mentes,

1101 1200 1134 1227 ut
1158 1195 1376 1239 resipiscentes
1401 1195 1439 1228 ad
1464 1206 1534 1228 eum
1554 1200 1759 1228 revertamur.
1780 1195 1843 1229 Nos

1102 1248 1207 1291 igitur,
1234 1259 1249 1281 e
1273 1249 1420 1292 pastorali
1446 1249 1582 1292 specula,
1601 1248 1750 1282 dominici
1775 1260 1844 1292 gre-

1102 1302 1150 1345 gis
1173 1302 1285 1343 nobis,
1316 1302 1388 1335 licet
1420 1302 1595 1342 immeritis,
1622 1302 1742 1343 crediti,
1764 1313 1844 1346 pro-

1103 1355 1269 1399 spicientes
1295 1356 1396 1397 saluti,
1425 1366 1496 1388 cum
1522 1355 1654 1400 propius
1678 1355 1844 1389 imminere

1103 1409 1284 1442 discrimina
1316 1409 1531 1453 pestilentiae,
1558 1415 1587 1442 et
1611 1409 1722 1441 damna
1756 1409 1844 1442 samis

1102 1462 1278 1506 pervagari,
1293 1462 1428 1506 bellique
1454 1462 1594 1496 turbines
1619 1462 1650 1494 in
1674 1462 1844 1495 detrimen-

1104 1521 1169 1548 tum
1191 1516 1364 1549 catholicae
1380 1515 1544 1559 religionis
1564 1515 1665 1548 varias
1684 1516 1845 1548 christiani

1104 1569 1189 1603 orbis
1214 1575 1319 1613 partes
1343 1569 1506 1610 invadere,
1531 1574 1562 1602 et
1586 1569 1700 1602 ibidem
1726 1569 1845 1603 violen-

1104 1624 1165 1657 tius
1185 1624 1428 1668 percrebescere
1453 1623 1758 1664 animadvertamus,
1776 1634 1847 1657 ocu-

1105 1678 1150 1711 los
1175 1678 1205 1710 in
1232 1678 1389 1711 excelsum
1416 1678 1553 1711 tollimus
1577 1677 1615 1710 ad
1641 1678 1846 1719 Altissimum,

1104 1731 1168 1775 qui,
1188 1731 1261 1764 licet
1285 1731 1324 1764 sit
1348 1731 1458 1770 iustus,
1476 1731 1569 1764 etiam
1595 1731 1777 1764 misericors
1802 1736 1847 1766 est

1105 1790 1132 1818 et
1158 1785 1318 1829 placabilis
1336 1795 1432 1828 super
1457 1784 1630 1827 nequitiam
1656 1785 1766 1828 populi
1785 1785 1845 1825 sui3

1105 1843 1144 1879 et,
1170 1838 1314 1882 publicae
1332 1838 1483 1871 orationis
1504 1838 1654 1880 anchora,
1677 1838 1761 1881 quod
1786 1848 1848 1872 sae-

1104 1892 1174 1936 pius
1189 1892 1329 1932 fecimus,
1347 1891 1461 1925 iterum
1482 1892 1589 1934 innixi,
1610 1892 1752 1924 instantis
1774 1897 1848 1925 tem-

1105 1946 1232 1990 pestatis
1249 1945 1400 1989 impetum
1422 1945 1538 1979 evitare
1559 1956 1730 1989 speramus.
1749 1945 1848 1978 Adea—

1106 2010 1175 2032 mus
1200 1999 1304 2043 itaque
1323 2000 1353 2032 in
1371 1999 1579 2032 amaritudine
1599 1999 1776 2032 animarum
1795 2009 1848 2033 no-

1106 2047 1243 2087 strarum
1262 2080 1269 2094 ,
1299 2053 1508 2096 recogitantes
1544 2053 1623 2085 vitae
1660 2053 1849 2097 praeteritae

1106 2117 1214 2147 annos,
1237 2117 1323 2140 aram
1349 2106 1638 2140 misericordiarum
1664 2106 1798 2147 Domini,
1818 2112 1849 2140 et

1106 2161 1172 2194 sine
1198 2161 1430 2193 intermissione
1447 2165 1572 2193 orantes
1593 2160 1717 2194 contriti
1744 2160 1848 2194 cordis

1106 2220 1136 2247 et
1161 2214 1317 2247 humiliati
1343 2214 1471 2258 spiritus
1497 2213 1667 2246 offeramus
1693 2213 1720 2246 ei
1745 2213 1845 2247 sacri-

1106 2268 1224 2309 ficium,
1245 2273 1288 2308 ut,
1305 2267 1358 2311 qui
1374 2267 1533 2300 interdurn
1560 2277 1651 2311 opem
1678 2267 1848 2310 imploran-

1106 2322 1186 2355 tibus
1212 2321 1372 2355 dormiens
1397 2321 1462 2354 vult
1487 2321 1596 2362 videri,
1615 2326 1644 2353 et
1660 2321 1848 2364 quandoque

1106 2375 1347 2420 supplicantium
1365 2386 1475 2420 preces
1493 2375 1592 2408 serius
1613 2375 1708 2414 audit,
1723 2374 1848 2408 tandem

1106 2430 1262 2464 cumulate
1287 2429 1440 2471 exaudiat,
1466 2433 1496 2462 et
1519 2428 1634 2462 nostris
1655 2433 1685 2461 et
1709 2438 1848 2462 commu-

1105 2484 1196 2518 nibus
1221 2483 1361 2516 fidelium
1395 2483 1475 2516 votis
1500 2482 1532 2515 in
1556 2487 1698 2525 tempore
1723 2492 1848 2526 oppor—

1106 2544 1181 2572 tuno
1206 2537 1314 2570 adesse
1338 2536 1495 2579 dignetur,
1514 2541 1544 2569 et
1561 2540 1662 2569 tantos
1677 2535 1848 2569 aestuantis

1106 2591 1202 2624 maris
1217 2595 1320 2623 motus
1334 2588 1547 2631 dissidiorum,
1563 2588 1663 2622 ventis
1677 2588 1846 2633 imperans,

1106 2645 1213 2686 sedet,
1243 2647 1278 2679 ut
1308 2647 1413 2688 optata
1444 2642 1498 2677 fiat
1532 2642 1751 2688 tranquillitas.
1780 2643 1847 2679 Hoc
