2248 3229
106 239 157 267 An.
177 238 206 267 C.
228 232 296 266 ¹637

174 512 225 533 Cum
241 517 290 532 vero

106 539 158 560 nihil
177 545 214 565 per
232 538 290 559 bien-

105 572 163 586 nium
177 568 251 585 contra
268 565 290 586 il·

106 592 148 613 lum
170 592 233 612 suerit
255 593 291 613 de·

105 619 202 642 ducturi»,

127 1257 201 1279 satem
213 1259 290 1279 nunu-ie

105 1285 227 1305 tei-uitatem
253 1285 289 1305 dat

105 1316 153 1332 eum
163 1312 289 1333 dimittendi.

109 2587 221 2610 obeuntia
233 2588 293 2610 tollit.

918 239 1059 264 L'RBANUS
1084 239 1139 264 vul
1163 239 1211 264 1¹1².

303 286 404 320 forma
429 285 534 320 Brevis
558 287 680 328 litteris,
698 287 755 321 sub
772 287 821 321 die
839 287 950 322 ultima
968 288 1044 321 iunii

305 349 451 374 nncxxxv
477 341 640 386 expeditis,
657 353 791 386 quarum
817 348 942 376 tenores
959 353 1046 387 prae-

304 394 444 428 sentibus
468 406 526 439 pro
550 396 706 440 expressis
739 395 847 429 haberi
879 396 1044 439 volumus,

305 447 428 491 plenius
442 448 646 483 continetur-¹.

349 501 365 544 ἓ
389 500 417 534 2.
441 501 579 546 Cumque
603 502 635 535 in
660 503 900 547 exequutionem
926 503 1047 547 praedi-

307 559 429 587 ctarum
454 560 635 588 nostrarum
671 556 846 591 litterarum
872 556 954 589 idem
979 556 1047 588 Phi-

307 606 412 651 lippus
436 607 700 652 Christophorus,
733 609 988 653 archiepiscopus
1017 614 1046 642 et

306 660 424 695 elector
448 662 649 696 'treverensis
676 674 711 696 ac
734 664 900 708 episcopus
925 663 1048 707 Spiren-

306 714 358 756 sis,
376 714 433 747 tibi
450 715 544 748 eliam
561 717 689 749 nomine
702 717 772 761 piae
789 718 959 750 memoriae
977 717 1047 750 Fer-

306 766 432 800 dinandi
458 767 483 800 ll
508 770 593 812 regis
619 770 834 804 Romanorum
857 770 888 803 in
916 770 1048 814 impera-

307 823 408 854 torem
429 821 519 855 electi
537 823 749 866 consignatus,
767 827 796 857 et
812 823 973 866 hucusque
992 834 1047 866 per

307 879 335 906 te
361 874 454 908 suerit
479 875 634 917 detentus,
652 882 801 910 ettamen
815 877 915 921 spatio
930 876 1046 909 biennii

305 938 413 961 coram
426 928 516 962 nobis
533 936 563 962 et
575 940 682 963 coram
697 936 725 963 te
740 935 850 964 contra
865 930 966 974 ipsum
982 929 1048 962 l‘hi-

306 981 427 1025 lippum
460 982 746 1027 Christophorum‚
773 983 1046 1026 archiepiscopum

305 1034 475 1068 electorem
501 1041 531 1068 et
555 1036 751 1080 episcopum,
775 1036 854 1069 nihil
877 1036 1046 1069 deductum

305 1092 335 1119 ct
352 1088 520 1131 probatum
535 1089 655 1129 existat,
669 1089 759 1122 cuius
773 1089 881 1132 vigore
899 1089 949 1122 ille
964 1089 1048 1122 iuxta

305 1141 471 1174 canonicas
495 1143 672 1176 sanctiones
697 1143 826 1176 retineri
848 1149 877 1176 et
895 1143 1048 1177 custodiri

304 1192 434 1226 debeat:

351 1247 366 1290 g
390 1246 421 1280 3.
447 1247 568 1281 Idcirco
595 1258 667 1291 nos,
686 1249 916 1283 calamitatibus
939 1254 970 1283 et
993 1249 1047 1282 da-

306 1300 397 1341 mnis,
411 1305 474 1333 tam
499 1312 652 1345 personae
681 1303 853 1346 pontificali
878 1309 908 1336 et
933 1303 1048 1337 electo-

305 1353 372 1395 rali,
390 1364 484 1397 quam
510 1355 650 1388 ecclesiis
675 1356 850 1399 insignibus
869 1357 933 1389 suis
957 1367 1048 1401 prae-

305 1405 406 1449 dictis,
421 1412 591 1451 propterea
615 1408 719 1449 illatis,
737 1420 773 1442 ac
790 1409 884 1442 etiam
904 1419 962 1453 per
981 1409 1049 1442 eius

305 1459 423 1494 litteras
446 1471 548 1505 nuper
576 1462 667 1496 nobis
696 1464 830 1508 scriptas
854 1463 1047 1507 significatis,

305 1517 436 1557 paterna
453 1515 604 1551 charitate
622 1517 859 1560 compatientes,
876 1523 916 1558 et,
929 1527 968 1550 ne
982 1517 1048 1561 ipse

304 1567 439 1611 amplius
463 1568 650 1610 detineatur,
670 1570 819 1604 ecclesiae
837 1581 912 1604 vero
931 1570 1048 1604 diutius

304 1630 413 1653 earum
437 1626 562 1665 pastore
587 1622 754 1656 destitutae
779 1623 850 1665 sint,
867 1629 897 1657 et
917 1629 1048 1667 propter

304 1673 371 1706 eius
400 1673 574 1707 absentiam
607 1675 709 1708 maius
741 1675 965 1709 detrimentum
990 1687 1047 1720 pa·

305 1726 433 1768 tiantur,
452 1733 604 1771 quantum
625 1739 697 1762 cum
725 1729 858 1763 Domino
879 1740 1047 1773 possumus

305 1780 398 1813 etiam
424 1781 592 1824 providere
615 1783 766 1824 volentes,
795 1788 882 1816 motu
906 1783 1047 1827 proprio,

308 1838 338 1866 et
361 1844 398 1867 ex
423 1836 509 1867 certa
535 1835 664 1868 scientia
692 1846 728 1870 ac
749 1839 872 1869 matura
896 1836 1048 1870 delibera-

307 1887 390 1920 tione
410 1888 537 1929 nostris,
554 1888 655 1932 deque
675 1890 867 1932 apostolicae
884 1890 1047 1933 potestatis

307 1940 518 1984 plenitudine,
547 1941 611 1983 tibi,
640 1948 672 1975 ut
696 1942 841 1976 eumdem
867 1943 1046 1987 Philippum

306 1994 569 2039 Christophorum
587 1995 814 2029 Treverensem
839 1996 1048 2040 archiepisco-

306 2059 380 2091 pum
405 2054 443 2081 et·
459 2049 630 2082 electorem
660 2060 695 2083 ac
716 2049 900 2094 episcopum
925 2050 1048 2094 Spiren-

307 2112 372 2134 sem
401 2112 418 2135 a
441 2102 602 2146 praedicta
633 2102 814 2136 detentione
845 2109 873 2136 et
906 2103 1046 2137 custodia

307 2155 430 2198 penitus
454 2156 638 2190 auctoritate
663 2156 836 2200 apostolica
861 2156 997 2189 dimittas
1018 2162 1047 2189 et

307 2208 434 2250 liberes,
447 2208 668 2254 licentiamque
682 2209 847 2243 recedendi
862 2209 962 2242 eidem
977 2220 1048 2242 con-

307 2261 417 2302 cedas,
437 2268 471 2295 ut
496 2263 577 2307 apud
602 2263 750 2297 ecclesias
776 2274 847 2296 suas
872 2263 1047 2307 praedictas

309 2315 457 2356 residere,
478 2316 608 2360 illasque
628 2322 662 2349 ut
686 2316 774 2360 prius
800 2327 911 2360 regere
935 2322 965 2349 et
993 2328 1048 2359 gu-

309 2363 452 2409 berna‘i‘e,
469 2369 600 2413 eiusque
625 2369 827 2402 dioecesanos
852 2374 881 2402 et
905 2369 1047 2402 subditos

308 2421 404 2455 verbo
421 2428 451 2455 et
464 2423 608 2466 exemplo
624 2434 754 2467 pascere
774 2423 870 2467 possit
887 2429 916 2456 et
936 2423 1046 2464 valcat,

307 2474 418 2508 eadem
443 2476 650 2516 auctoritate,
678 2482 786 2510 tenore
811 2476 1024 2520 praesentium
1039 2503 1046 2517 ,

307 2529 535 2562 committimus
559 2534 589 2561 et
608 2529 803 2562 mandamus.

352 2581 420 2626 §4
451 2583 518 2615 Non
554 2582 752 2616 obstantibus
782 2582 986 2627 praemissis,
1011 2593 1047 2616 ac

347 2647 356 2671 t
379 2645 450 2676 Quas
471 2645 530 2672 vide
549 2653 630 2680 supra
651 2653 711 2680 pag.
732 2644 784 2672 45³5
804 2646 839 2680 (a.
854 2645 903 2679 T.).

1723 228 1786 262 627

1060 291 1062 326 ἶ
1079 287 1355 321 constitutionibus
1371 292 1400 320 et
1425 285 1675 320 ordinationibus
1699 292 1822 329 aposto-

1060 331 1168 382 lucis,
1193 347 1224 374 ct
1249 341 1279 374 in
1304 340 1448 374 conciliis
1471 339 1672 383 generalibus
1697 344 1727 372 et
1751 350 1821 383 pro-

1061 386 1063 425 l
1081 394 1264 427 vincialibus
1282 404 1317 427 ac
1334 393 1544 438 synodalibus
1561 403 1597 426 ac
1614 393 1700 433 alias,
1718 392 1749 424 in
1770 402 1822 434 gc-

1061 437 1063 455 *
1079 458 1154 481 nere
1172 451 1201 481 et
1222 448 1252 480 in
1269 448 1383 491 specie,
1396 447 1496 486 editis,
1515 452 1544 479 et
1564 446 1749 490 praesertim
1768 445 1821 477 itta

1081 500 1265 534 recolendae
1284 500 1455 533 memoriae
1479 499 1627 533 Bonit'acii
1643 499 1742 543 Papae
1757 498 1822 532 Vlll

1062 554 1118 600 ‚de
1144 555 1216 594 uua,
1242 559 1271 586 ct
1296 553 1419 587 concilii
1446 552 1601 595 generalis
1633 552 1672 585 dc
1701 551 1822 584 duabus

1081 607 1183 648 dietis,
1203 617 1325 641 necnon
1349 607 1582 651 praedictarum
1607 605 1821 647 ecclesiarum,

1063 671 1117 707 ¹ac
1142 661 1274 694 aliarum
1300 670 1584 704 quarumcumque,
1609 664 1639 692 et
1664 658 1822 702 capitulo-

1083 725 1152 747 rum
1178 725 1213 747 ac
1239 724 1445 758 personarum
1471 712 1708 757 quomodolibet
1728 712 1824 756 quali-

1082 768 1245 801 ficatarnm
1271 768 1444 812 privilegiis
1469 773 1497 801 et
1522 767 1659 807 indultis,
1677 778 1713 800 ac
1730 766 1823 800 etiam

1082 822 1224 862 statutis,
1249 822 1342 855 etiam
1368 822 1544 855 iuramento
1569 821 1723 861 firmatis,
1753 824 1782 854 et
1807 830 1824 852 a

1064 874 1161 928 ¹Sede
1185 875 1367 918 Apostolica
1395 875 1487 908 etiam
1512 885 1569 918 per
1593 884 1650 907 nos
1677 873 1772 906 semel
1794 878 1824 905 et

1083 927 1203 971 pluries
1227 929 1410 972 approbatis
1427 934 1457 961 et
1474 928 1677 970 contii-matis,
1693 937 1823 961 consue-

1084 980 1308 1025 tudinibusque
1333 981 1427 1014 etiam
1453 982 1646 1025 longissimis
1663 985 1693 1015 et
1717 981 1824 1014 iinme-

1084 1035 1302 1075 morabilibus,
1317 1035 1494 1078 ceterisque
1515 1035 1682 1068 contrariis
1699 1035 1825 1079 quibus-

1064 1097 1066 1106 *
1083 1098 1236 1132 cunique;
1253 1099 1390 1132 quorum
1408 1088 1550 1121 omnium
1573 1093 1603 1121 et
1627 1088 1824 1130 singulorum

1085 1141 1208 1174 tenores
1245 1141 1339 1174 ctiam
1373 1141 1545 1185 ampliores
1569 1152 1628 1185 pro
1659 1142 1751 1185 plene
1776 1151 1825 1173 ex-

1082 1194 1199 1237 pressis
1219 1195 1380 1236 habentes,
1402 1195 1463 1228 illis
1479 1195 1518 1228 ad
1542 1194 1740 1239 praedictum
1754 1193 1825 1227 ess‘e-

1082 1251 1166 1281 ctum
1192 1248 1373 1291 plenissime
1398 1248 1597 1291 derogamus.

1126 1301 1238 1334 Datum
1247 1302 1375 1343 Romae,
1383 1302 1466 1346 apud
1477 1302 1505 1335 S.
1516 1302 1653 1343 Petrum,
1667 1302 1724 1335 sub
1731 1313 1825 1335 annu-

1083 1356 1112 1389 lo
1123 1355 1301 1398 Piseatoris,
1311 1355 1361 1388 die
1371 1366 1434 1388 xvn
1452 1355 1628 1389 decembris
1638 1365 1823 1396 nncxxxvn,

1083 1408 1283 1453 pontificatus
1307 1409 1406 1442 nostri
1432 1418 1514 1442 anno
1530 1419 1582 1442 xv.

1118 1471 1177 1499 Dat.
1194 1472 1238 1499 die
1256 1472 1286 1499 17
1303 1471 1457 1499 decembris
1475 1471 1552 1506 1637,
1568 1471 1664 1508 pontis.
1681 1479 1751 1499 anno
1768 1478 1812 1498 xv.

1408 1597 1492 1631 DXC.

1082 1668 1287 1702 Manutentio
1312 1668 1550 1712 archiepiscopi
1578 1669 1722 1702 electoris
1755 1669 1825 1702 Tre·

1126 1723 1266 1755 ¹vei·«msz's
1283 1722 1318 1755 in
1326 1722 1533 1765 possessione,
1545 1723 1688 1766 etquasi,
1702 1722 1738 1755 in
1755 1733 1823 1766 qua

1128 1779 1266 1819 tempore
1291 1785 1369 1808 suae
1393 1775 1587 1808 detentionis
1611 1780 1691 1816 erat,
1718 1785 1824 1818 respe-

1126 1833 1179 1861 ctu
1204 1829 1423 1869 ecclesiarum„
1441 1828 1661 1869 abbatiarum,
1678 1833 1825 1861 statuum

1126 1886 1154 1915 ct
1174 1883 1321 1916 aliarum
1340 1883 1555 1926 clianitatum,
1570 1894 1643 1916 cum
1666 1883 1823 1926 facultate

1125 1937 1246 1969 nuncio
1263 1936 1352 1980 apud
1370 1937 1596 1980 imperatorem
1615 1935 1825 1980 coquosccndc'

1126 1994 1154 2022 et
1173 1989 1374 2022 terminandi
1394 2000 1509 2023 causas
1534 1994 1644 2023 contra
1668 2000 1741 2023 eum
1763 2000 1825 2022 mo-

1127 2046 1175 2075 tas
1192 2046 1221 2075 et
1247 2041 1447 2084 movendas'.

1082 2122 1251 2149 Venerabili
1266 2122 1354 2149 tratri
1370 2122 1546 2150 malatestae
1563 2122 1701 2156 episcopo
1721 2123 1825 2150 Pisau-

1116 2166 1211 2199 rensi,
1223 2166 1302 2199 apud
1322 2166 1534 2193 charissimum
1550 2166 1581 2193 in
1598 2167 1715 2194 Christo
1729 2167 1824 2194 filium

1117 2203 1253 2238 nostrum
1274 2210 1494 2238 rerdinandum
1509 2211 1705 2238 Romanorum
1725 2219 1824 2246 regem

1115 2254 1146 2282 in
1168 2257 1380 2289 imperatorem
1400 2256 1531 2283 electum
1551 2259 1654 2283 nostro
1681 2259 1712 2283 et
1730 2256 1824 2290 Apos-

1116 2299 1226 2326 tolicae
1247 2299 1333 2327 Sedis
1354 2300 1474 2333 nuncio.

1286 2354 1423 2381 Urbanus
1444 2354 1522 2388 Papa
1542 2354 1619 2382 vm.

1293 2415 1484 2443 Venerabilis
1504 2415 1610 2449 frater,

1116 2461 1247 2488 salutem
1267 2463 1298 2488 et
1318 2461 1516 2495 apostolicam
1536 2460 1784 2490 benedictionem.

1118 2646 1127 2672 l
1147 2645 1183 2672 Ex
1201 2645 1305 2680 aegest.
1324 2646 1349 2672 iu
1365 2646 1465 2674 Set-ret.
1485 2646 1560 2673 Brev.

1834 237 1884 265 An.
1901 237 1930 265 C.
1949 236 2019 264 1637

1846 2570 1892 2584 GVH*

1062 2595 1140 2677 ,pus
1164 2584 1410 2628 Christophorus
1435 2584 1690 2629 archiepiscopus
1712 2591 1741 2618 et
1762 2586 1820 2618 ele·
1836 2591 1916 2611 dente>-

1125 2531 1141 2574 ἓ
1161 2531 1189 2563 l.
1209 2531 1377 2575 Postquain
1396 2531 1582 2564 venerabilis
1599 2532 1821 2576 sraterPhilip-
1837 2566 1841 2582 Ι
1875 2537 1975 2558 Rev-‘¹¹⁴⁰‘
1988 2538 2020 2558 Μ·

1932 2571 2008 2590 praeci}
2015 2575 2020 2579 ·
