2248 3229
195 239 244 268 An.
260 239 289 268 C.
311 239 379 268 1636
427 231 489 265 538

393 299 451 322 nos
466 293 495 321 ct
512 288 621 321 Sedem
647 286 857 329 Apostolicam
875 284 1057 328 protectori,
1077 293 1129 316 ne-

395 342 528 376 cessaria
542 341 606 373 visa
619 340 743 380 suerint,
758 339 921 382 dictusque
935 337 1132 371 Cbernbinus

395 396 446 428 illa
471 394 583 435 omnia,
608 404 666 436 pro
688 392 799 425 maiori
823 392 949 424 illorum
974 391 1132 431 firmitate,

396 448 583 492 apostolicae
620 445 867 479 confirmationis
901 445 1014 478 robore
1047 455 1132 478 eom-

397 501 511 534 muniri
535 499 707 543 plurimum
732 498 906 531 desideret:

441 555 455 597 ξ
480 553 508 585 5.
530 553 602 593 Nos,
620 552 737 584 dictum
762 551 973 585 Clierubinum
1000 550 1037 583 de
1062 551 1134 583 reli-

397 607 498 651 gionis
512 607 588 647 zelo,
602 605 732 649 aliisque
745 605 954 638 laudabilibus
969 604 1133 639 rii-tutibus

397 661 461 693 suis
485 659 567 703 apud
591 669 648 692 nos
672 658 733 691 side
762 659 930 701 dignorum
956 658 1134 691 testimonio

397 713 568 757 plurimum
594 711 858 753 commendatum,
882 712 997 745 horum
1023 711 1134 743 intuitu

398 765 583 809 specialibus
608 765 767 798 favoribus
792 770 821 798 et
846 765 955 808 gratiis
986 764 1135 808 prosequi

398 819 547 859 volentes,
565 823 594 851 et
614 829 631 850 a
655 818 818 862 quibusvis
843 817 1136 851 excomn'iunicatio-

398 872 466 912 iiis,
495 872 709 915 suspensionis
741 877 770 904 et
802 871 979 914 interdicti,
1005 871 1137 914 aliisque

399 924 615 958 ecclesiasticis
640 924 817 965 sententiis,
843 924 983 957 censuris
1007 928 1037 958 et
1060 934 1137 967 poe-

399 979 467 1018 nis,
493 988 509 1010 a
534 978 601 1011 iure
631 979 678 1010 vel
703 978 742 1010 ab
768 977 919 1019 homine⁷
945 977 1053 1021 quavis
1079 987 1134 1010 oc-

400 1031 523 1064 casione
549 1031 597 1063 vel
628 1034 721 1064 causa
753 1031 844 1071 latis,
872 1031 896 1064 si
920 1031 1033 1074 quibus
1058 1042 1137 1074 quo-

400 1084 572 1118 modolibet
595 1084 761 1117 innodatus
786 1084 896 1126 existit,
925 1085 963 1117 ad
992 1085 1137 1118 effectum

400 1138 611 1181 praesentium
626 1138 785 1170 dumtaxat
807 1138 1071 1181 consequendum,
1089 1139 1140 1171 lia-

400 1201 472 1224 rum
497 1191 577 1224 serie
602 1191 797 1225 absolventes
823 1197 852 1224 et
876 1191 1053 1224 absolutum
1073 1191 1139 1224 sore

401 1251 582 1285 censentes,
611 1244 891 1288 supplicationibus
924 1245 990 1278 eius
1014 1245 1139 1278 nomine

400 1298 491 1332 nobis
515 1308 610 1342 super
634 1297 695 1330 lioc
723 1298 884 1331 humiliter
914 1299 1069 1342 porrectis
1094 1299 1140 1331 in-

403 1351 519 1392 clinati,
537 1351 695 1392 articulos,
714 1351 778 1384 sive
802 1351 928 1384 decreta
948 1351 1140 1392 huiusmodi,

401 1414 523 1438 necnon
538 1404 792 1438 constitutionem
807 1410 836 1437 et
853 1404 1085 1448 deputationeni
1104 1405 1141 1438 de

401 1460 537 1502 persona
563 1458 635 1491 dicti
655 1458 823 1491 Cliernbini
841 1458 871 1490 in
889 1458 1140 1491 commissarium

403 1512 598 1545 visitatorem
630 1511 730 1545 dictae
765 1511 944 1555 provinciae
968 1512 1140 1553 Turoniae‚

404 1571 435 1598 nt
461 1565 648 1609 practbrtur,
674 1566 752 1598 sacta
778 1571 804 1597 et
830 1566 940 1606 sac-tas,
973 1565 1141 1609 apostolica

405 1619 597 1658 auctoritate,
615 1623 723 1651 tenore
749 1619 968 1662 praesentium,
990 1619 1142 1662 approba-

405 1683 475 1705 mus
501 1678 527 1705 et
554 1672 788 1708 confirmamus,
806 1672 929 1716 illisque
955 1672 1142 1705 inviolabilis

405 1726 593 1770 apostolicae
624 1725 781 1758 firmitatis
814 1725 911 1758 robur
946 1725 1143 1765 adiiciiinus,

405 1791 441 1812 ae
465 1789 574 1812 omnes
605 1784 635 1811 et
667 1779 806 1821 singulos
842 1783 905 1810 lain
942 1778 1018 1810 iuris
1049 1788 1142 1821 quam

406 1833 477 1865 sacti
501 1833 638 1866 defectus
653 1859 660 1873 ,
682 1832 705 1864 si
732 1832 785 1876 qui
809 1831 942 1875 desuper
968 1831 1143 1875 quomodo-

407 1886 482 1919 libet
517 1885 764 1926 intervenerint,
789 1885 991 1929 stippleiiitis;
1023 1895 1143 1918 necnon

407 1940 555 1973 articulos
580 1945 609 1972 et
633 1939 768 1982 decreta,
789 1950 824 1972 ac
850 1940 1102 1973 constitutionem
1117 1944 1145 1971 et

408 1993 639 2036 deputationem
658 1992 695 2024 de
716 1993 851 2035 persona
876 1992 949 2025 dicti
966 1992 1145 2033 Cherubim,

409 2053 441 2079 ut
466 2046 642 2089 praefertur
669 2047 749 2079 sacta
777 2051 803 2078 et
835 2046 940 2086 saetas,
959 2056 1049 2078 suum
1073 2047 1142 2089 ple-

408 2099 531 2132 narium
556 2104 586 2131 et
610 2098 767 2142 integrum
791 2098 896 2132 sortiri
923 2098 1036 2131 debere
1066 2099 1142 2131 esse-

409 2156 503 2192 ctnm,
518 2149 639 2182 etiamsi
658 2149 830 2193 capitulum
847 2149 946 2182 dictae
966 2149 1147 2193 provinciae

409 2203 600 2236 celebratum
618 2202 732 2243 suerit3
756 2213 791 2235 ac
818 2203 941 2235 irritum
955 2208 986 2235 et
1002 2203 1103 2246 inane,
1122 2203 1145 2236 si

409 2268 498 2290 secus
522 2256 682 2301 superbis
717 2266 733 2288 a
765 2267 934 2300 quoquam,
963 2257 1070 2301 quavis
1099 2268 1148 2290 au-

410 2310 569 2352 ctoritate,
599 2310 732 2342 scienter
757 2310 805 2343 rel
830 2310 1022 2354 ignoranter,
1048 2312 1147 2344 conti-

410 2365 491 2407 gerit.
515 2364 669 2404 attentari,
695 2364 902 2397 decernimus.

214 2424 395 2471 Chemgifflnffiilq
455 2417 469 2459 ξ
498 2417 526 2449 6.
563 2417 741 2450 Mandantes
776 2422 943 2461 propterea
975 2418 1005 2450 in
1035 2419 1148 2450 virtute

214 2482 256 2523 figi*
299 2476 395 2497 mandata
411 2476 534 2503 sanctae
559 2470 755 2503 obedientiae
780 2471 880 2503 eidem
899 2472 1086 2514 CherubinQ
1111 2471 1148 2504 ad

253 2519 257 2522 ”
411 2525 550 2568 praefata
569 2529 603 2557 ut
630 2525 809 2567 praefertur
833 2525 998 2566 destinato,
1027 2532 1061 2559 ut
1081 2536 1150 2559 con-

414 2584 502 2611 vocet
527 2583 632 2621 patres
657 2578 756 2611 dictae
785 2579 964 2622 provinciae
995 2579 1149 2613 Turoiiiae

417 2636 446 2663 et
470 2630 664 2673 definitores,
683 2641 717 2664 ac
737 2641 792 2675 per
817 2641 943 2673 annum,
962 2644 978 2664 a
996 2630 1050 2665 sua
1068 2642 1151 2665 rece-

225 567 321 588 Urbanus
335 572 381 587 con-

199 594 272 615 firmat.

978 236 1155 260 BL'LLARIL'M
1180 236 1333 260 ROMANUM

1916 237 1965 265 An.
1982 236 2011 265 C.
2031 237 2100 265 1636

1166 284 1272 328 ptione
1297 289 1325 316 et
1358 282 1546 316 admissione
1577 283 1608 316 in
1632 284 1713 317 dicta
1738 283 1901 328 provincia

1167 348 1235 372 com
1239 336 1424 381 putandum,
1435 341 1559 370 maneat
1569 336 1722 370 visitando
1733 343 1903 372 conventus

1167 391 1305 424 eiusdem
1320 390 1510 434 provinciae,
1524 400 1560 423 ac
1572 394 1675 423 cetera
1686 391 1800 431 omnia,
1809 397 1905 435 prout

1168 444 1199 476 in
1223 444 1313 477 dictis
1337 443 1449 477 litteris
1473 453 1509 476 ac
1532 442 1673 475 articulis
1690 453 1745 475 seu
1771 443 1904 477 decretis

1168 497 1310 531 ordinata
1335 496 1545 538 continentur,
1574 496 1767 541 exequendo,
1791 506 1827 529 ac
1850 508 1904 530 vo-

1167 551 1275 591 lentes,
1300 556 1334 583 ut
1360 555 1421 583 tam
1442 549 1585 582 minister
1602 560 1695 593 quam
1717 549 1832 592 singuli
1848 550 1906 582 sra-

1168 608 1230 636 tres
1256 603 1356 637 dictae
1380 603 1559 646 provinciae
1579 602 1692 635 subditi
1711 602 1743 634 in
1760 601 1906 635 omnibus

1167 656 1314 700 praefatis
1339 655 1441 688 eidem
1465 655 1643 689 Cherubino
1668 655 1825 688 obediant.

1213 710 1227 752 ἓ
1253 709 1281 741 7.
1314 709 1381 742 Non
1406 708 1600 742 obstantibus
1631 709 1907 743 constitutionibus
1922 723 2104 744 Obsiannaioim.

1169 768 1197 796 et
1222 761 1471 795 ordinationibus
1501 761 1701 805 apostolicis,
1727 772 1762 794 ac
1787 762 1907 795 ordinis

1169 822 1199 850 et
1222 815 1402 860 provinciae
1426 815 1639 859 praefatorum
1654 842 1661 855 ‚
1693 815 1785 848 etiam
1817 816 1904 849 iura-

1171 874 1285 909 mento,
1295 868 1535 902 confirmatione
1547 868 1785 912 apostolica,ve1
1800 869 1908 912 quavis

1171 922 1319 955 firmitate
1345 920 1405 953 alia
1430 920 1604 961 roboratis,
1632 921 1755 954 statutis
1776 926 1805 954 et
1829 931 1906 954 con-

1172 975 1405 1015 suetudinibus,
1434 974 1610 1018 ceterisque
1642 975 1808 1008 contrariis
1839 974 1909 1018 qui-

1171 1031 1374 1074 bnscumque.

1215 1084 1326 1116 Datum
1352 1084 1481 1124 Romae,
1505 1082 1587 1126 apud
1608 1082 1636 1115 S.
1662 1082 1790 1119 Mariam
1815 1083 1911 1116 Maio-

1172 1148 1252 1178 rem,
1277 1136 1334 1170 sub
1359 1137 1474 1169 annulo
1503 1136 1688 1177 Piscatoris,
1718 1136 1769 1169 die
1799 1146 1821 1169 ii
1845 1136 1912 1170 iulii

1173 1200 1355 1231 iincxxxw,
1379 1189 1578 1233 pontificatus
1603 1189 1702 1223 nostri
1727 1200 1808 1224 anno
1823 1200 1889 1225 xili.

1209 1252 1268 1279 Dat.
1286 1251 1327 1279 die
1343 1252 1361 1279 2
1374 1251 1432 1279 iulii
1450 1251 1528 1286 1636,
1549 1251 1645 1287 pontif.
1662 1259 1730 1279 anno
1746 1258 1803 1279 xm.

1502 1368 1626 1401 DXLVI.

1175 1439 1361 1473 Facultates
1374 1439 1502 1483 colteqz‘z'
1519 1439 1684 1472 doctorum
1700 1439 1842 1473 cit-itatis
1860 1440 1913 1473 Ur-

1220 1493 1288 1526 bini
1304 1503 1401 1536 super
1422 1493 1604 1536 cognitione
1622 1492 1825 1526 causarum&

1377 1564 1513 1591 Urbanus
1533 1564 1613 1598 Papa
1631 1565 1710 1596 VIII,

1299 1609 1335 1636 ad
1354 1612 1529 1643 perpetuam
1545 1609 1589 1636 rei
1607 1608 1788 1636 memoriam.

1221 1672 1235 1715 ἓ
1261 1672 1289 1704 sl.
1315 1671 1390 1705 Cum
1417 1671 1510 1713 (sicut
1533 1681 1592 1714 pro
1615 1675 1704 1715 parte
1727 1671 1913 1705 dilectorum
1955 1683 2113 1713 mosamiu-

1177 1724 1314 1757 filiorum
1340 1725 1572 1757 communitatis
1596 1730 1623 1757 et
1650 1725 1812 1757 hominurn
1834 1725 1911 1758 ciri·
1930 1711 2114 1765 iissk'tssussi'mfi'e‘ii'si}

1178 1778 1248 1810 tatis
1272 1783 1397 1811 nostrae
1421 1778 1654 1819 L’1·binateiisis,
1677 1789 1800 1812 necnon
1820 1779 1914 1812 colle-
1929 1763 2115 1810 ἓῖἶῗὲῗηηῗῗιηω

1178 1832 1305 1875 gialium
1332 1832 1456 1875 collegii
1481 1832 1645 1865 doctorum
1678 1833 1817 1866 eiusdem
1842 1833 1917 1866 civi-

1180 1885 1258 1927 tatis,
1283 1885 1374 1918 nobis
1397 1895 1499 1929 nuper
1522 1886 1701 1929 expositum
1725 1886 1795 1930 suit)
1821 1887 1916 1920 colle-

1179 1939 1265 1981 gium
1298 1938 1515 1982 praedictum,
1550 1939 1581 1971 in
1612 1949 1674 1983 quo
1712 1939 1918 1973 admittuntur

1180 2001 1287 2024 omnes
1302 1991 1333 2032 ii,
1347 1992 1411 2035 qui,
1426 2002 1461 2025 ex
1475 1997 1564 2035 patre
1583 1992 1651 2025 cive
1671 1992 1746 2033 nati,
1762 1993 1799 2025 ad
1815 1993 1919 2027 docto-

1180 2050 1266 2078 ratus
1279 2045 1410 2088 gradum
1426 2045 1534 2079 Urbini
1548 2050 1785 2090 promoventur,
1798 2052 1919 2090 praete-

1181 2104 1233 2132 xtu
1250 2099 1427 2131 litterarum
1445 2099 1543 2132 felicis
1561 2099 1787 2133 recordationis
1805 2099 1874 2133 Iulii
1894 2101 1919 2134 II

1181 2163 1276 2196 super
1289 2152 1445 2186 erectione
1460 2152 1533 2185 dicti
1549 2153 1683 2196 collegii,
1698 2159 1727 2186 et
1751 2153 1795 2186 Pii
1812 2154 1845 2196 V,
1863 2156 1920 2188 Ro-

1182 2216 1349 2239 manorum
1367 2205 1553 2239 Pontificum
1571 2206 1850 2250 praedecessorum
1868 2219 1920 2242 no-

1182 2265 1329 2301 strorum,
1351 2270 1445 2303 super
1466 2259 1705 2293 confirmatione
1724 2266 1825 2294 certae
1849 2272 1919 2294 con-

1183 2313 1307 2346 cordiae
1332 2313 1412 2345 inter
1437 2313 1562 2346 eosdem
1588 2313 1755 2357 doctores,
1787 2319 1817 2348 et
1845 2320 1920 2348 tune

1183 2367 1367 2399 existentem
1387 2366 1661 2410 archiepiscopum
1679 2368 1918 2401 [ssrbinatenseni

1183 2429 1277 2462 super
1302 2429 1466 2452 causarum
1492 2419 1670 2462 cognitione
1692 2421 1722 2453 in
1747 2421 1858 2465 prima,
1877 2431 1920 2454 se-

1183 2472 1284 2505 cunda
1309 2477 1337 2505 et
1364 2473 1453 2505 tertia
1472 2472 1626 2506 instantiis
1646 2473 1740 2507 initae
1764 2479 1920 2507 emanata-

1183 2536 1271 2566 rum,
1297 2526 1472 2559 facultatem
1497 2526 1653 2559 iudicandi
1678 2527 1709 2559 in
1733 2527 1833 2560 causis
1862 2537 1919 2571 ap-

1185 2579 1387 2622 pellationum
1419 2584 1479 2611 tani
1513 2579 1541 2611 in
1575 2580 1643 2613 foro
1667 2580 1798 2613 seculari
1823 2591 1917 2624 quam

1221 2643 1229 2668 1
1255 2642 1291 2668 lix
1312 2642 1418 2677 Regest.
1440 2642 1466 2668 in
1486 2641 1586 2669 Secret.
1604 2642 1682 2669 Brev.
