2248 3229
247 235 297 264 An.
315 236 344 266 C.
362 237 431 266 1636
476 227 540 263 566

275 833 393 853 Clausulas.

249 1312 360 1333 Contraria
371 1313 430 1333 101111,

444 291 556 325 matus,
580 284 665 317 nulla
689 282 750 316 alia
775 282 1014 316 confirmatione
1042 292 1180 325 unquam

444 338 581 380 indigeat
608 336 662 370 sed
687 336 789 369 statim
814 335 914 379 possit
938 345 1085 368 exercere
1113 335 1182 368 ossi·

444 391 526 424 cium
551 389 686 422 ministri
711 388 866 431 generalis
891 388 985 421 totius
1010 398 1181 431 congrega-

443 443 535 477 tionis
558 442 691 475 fratrum
708 442 975 475 Discalceatorum
988 441 1182 482 huiusmodi,

444 507 513 530 cum
539 496 680 540 ipsismet
703 497 907 538 auctoritate,
932 496 1129 529 facultatibus
1154 501 1184 528 et

442 550 696 593 praeeminentiis
714 550 782 582 aliis
800 550 1017 594 superioribus
1034 549 1184 593 generali-

442 603 501 635 bus
519 603 652 636 aliorum
667 602 819 636 Ordinum
833 614 869 636 ex
882 603 1048 647 privilegio
1062 608 1184 647 aposto-

443 657 503 689 lico
521 657 568 689 vel
585 657 660 689 alias
678 657 918 700 quomodolibet
934 656 1184 700 competentibus

445 715 474 742 ct
490 710 658 750 concessis,
675 710 847 754 apostolica
864 709 1059 750 auctoritate,
1076 713 1185 743 tenore

445 763 666 806 praesentium,
685 764 887 797 concedimus
904 769 934 797 et
951 763 1160 806 indulgemus.

489 817 504 860 g
527 815 557 849 53.
582 817 790 850 Decernentes
807 822 987 861 praesentes
1000 818 1120 850 litteras
1139 828 1186 850 ra-

445 869 541 912 lidas,
560 870 667 904 sirmas
687 877 715 903 01
734 871 875 904 efficaces
896 871 1029 904 existere
1055 876 1084 904 et
1109 872 1184 913 sore,

445 934 581 967 suosque
605 924 762 967 plenarios
776 929 805 957 et
822 924 962 967 integros
980 924 1109 958 effectus
1123 935 1186 958 sor-

445 977 496 1010 tiri
514 981 543 1012 et
559 977 710 1020 obtinere,
731 989 765 1011 ac
779 977 817 1011 ab
834 978 980 1011 omnibus
997 984 1027 1011 01
1043 978 1184 1021 singulis,

445 1030 483 1063 ad
507 1042 586 1075 quos
603 1036 721 1074 spectat
737 1037 767 1064 et
786 1042 844 1075 pro
862 1037 1005 1075 tempore
1023 1032 1185 1076 spectabit,

446 1084 667 1118 inviolabiliter
692 1089 721 1119 et
745 1085 929 1119 inconcusse
951 1086 1113 1118 observari
1133 1085 1186 1118 de-

445 1137 530 1179 bere,
540 1148 575 1171 ac
586 1138 709 1171 irritum
720 1144 749 1171 et
763 1139 862 1180 inane,
871 1140 895 1171 si
908 1139 982 1182 quid
993 1150 1082 1172 secus
1091 1150 1186 1183 super

446 1191 494 1224 1115
511 1202 528 1223 a
542 1202 711 1236 quoquam,
722 1192 830 1235 quavis
843 1192 1039 1232 auctoritate,
1052 1193 1186 1225 scienter

447 1245 494 1276 vol
521 1245 711 1287 ignoranter,
731 1245 899 1288 contigerit
923 1246 1078 1279 attentari.

492 1298 506 1342 ἓ
524 1298 552 1330 4.
569 1300 636 1332 Non
653 1299 847 1332 obstantibus
867 1299 1141 1334 constitutionibus
1159 1303 1187 1333 et

448 1351 696 1385 ordinationibus
731 1353 926 1397 apostolicis,
952 1364 987 1386 ac
1012 1353 1136 1386 Ordinis
1158 1359 1188 1386 et

448 1406 700 1448 congregationis
713 1406 905 1447 huiusmodi,
923 1407 1016 1439 etiam
1034 1407 1188 1439 iuramen-

448 1464 500 1498 to,
526 1459 764 1493 confirmatione
796 1460 968 1503 apostolica
997 1460 1045 1492 vel
1077 1460 1188 1504 quavis

447 1512 596 1545 firmitate
621 1513 681 1545 alia
704 1513 878 1555 roboratis,
905 1514 1028 1547 statutis
1053 1518 1083 1546 01
1107 1524 1184 1546 0011-

448 1566 676 1607 suetudinibus,
696 1568 871 1611 privilegiis
889 1579 1014 1612 quoque
1028 1595 1035 1608 ,
1059 1567 1187 1600 indultis

449 1624 478 1651 et
501 1619 612 1653 litteris
636 1621 817 1663 apostolicis
843 1621 873 1653 111
890 1621 1083 1654 contrarium
1101 1631 1188 1664 prae-

449 1672 618 1706 missorum
642 1673 881 1717 quomodolibet
910 1675 1087 1715 concessis,
1113 1685 1188 1707 con-

449 1726 580 1760 firmatis
606 1731 635 1761 et
658 1727 826 1767 innox·atis;
852 1728 965 1771 quibus
989 1728 1135 1761 omnibus
1159 1734 1189 1761 et

450 1779 590 1822 singulis,
608 1790 718 1813 eorum
737 1781 877 1813 omnium
898 1786 1021 1814 tenores
1046 1790 1189 1824 praesen-

451 1832 533 1866 tibus
559 1843 617 1877 pro
641 1834 732 1876 plene
757 1840 787 1866 et
811 1834 1002 1867 sufficienter
1031 1834 1189 1877 expressis

450 1886 613 1929 habentes,
640 1887 701 1920 illis
724 1887 799 1920 alias
833 1887 864 1919 in
894 1898 950 1920 suo
975 1888 1091 1920 robore
1116 1898 1188 1931 per-

451 1940 628 1983 mansuris,
653 1940 712 1973 hac
736 1941 802 1973 vice
827 1941 989 1973 dumtaxat
1013 1941 1190 1984 specialiter

451 1999 481 2026 et
505 2004 651 2037 expresse
676 1994 881 2037 derogamus;
908 1995 1083 2037 ceterisque
1109 2004 1186 2027 0011-

452 2047 555 2079 trariis
569 2047 832 2091 quilmscumque.

495 2100 605 2133 Datum
620 2101 747 2141 Romae,
768 2101 849 2144 apud
869 2101 897 2133 S.
913 2101 1051 2141 Petrum,
1065 2101 1123 2133 sub
1139 2110 1191 2133 an-

452 2154 526 2187 nulo
537 2154 715 2195 piscatoris,
726 2154 775 2187 die
786 2165 819 2187 111
828 2154 1005 2188 decembris
1015 2165 1189 2195 nncxxxvl,

453 2208 651 2250 pontificatus
665 2208 765 2241 nostri
782 2219 864 2242 anno
883 2219 945 2242 xlv.

490 2270 546 2298 Dat.
564 2271 607 2298 die
624 2271 639 2299 3
655 2271 805 2298 decembris
824 2271 899 2304 1630,
921 2271 1014 2307 pontis.
1033 2279 1103 2298 anno
1118 2278 1172 2297 x1v.

772 2405 869 2438 DLXI.

458 2475 601 2509 Licentia
625 2476 772 2519 eriqemtz·
791 2477 910 2510 Romae
935 2476 1111 2516 ecclesiam,
1138 2474 1191 2507 Ιιο-

499 2530 633 2572 spitium
660 2537 687 2562 el
712 2530 881 2573 collegium
911 2541 971 2573 pro
1005 2529 1193 2563 nationibus

499 2583 682 2624 provinciae
707 2583 873 2616 Marclu‘ac
890 2583 907 2616 ¹.

494 2645 501 2668 1
523 2643 557 2670 Ex
574 2643 680 2678 Regem.
699 2645 722 2671 iu
738 2648 841 2674 secret.
860 2647 937 2673 131101-4

1029 233 1208 259 BULLARIUM
1232 233 1386 258 ROMANUM
1967 234 2016 263 An.
2034 233 2064 262 G.
2082 232 2150 262 1636

1238 281 1352 310 Dilecto
1371 281 1433 309 filio
1453 282 1555 309 nostro
1574 282 1606 309 in
1626 282 1703 310 alma
1722 282 1797 311 Urbe
1815 281 1929 311 vicario

1370 327 1400 354 in
1421 327 1632 361 spiritualibus
1654 329 1797 363 generali,

1428 381 1564 419 Urbanus
1576 380 1654 415 Papa
1666 381 1741 409 VIII.

1489 442 1604 470 Dilecte
1624 442 1678 474 fili,

1252 489 1380 516 salutem
1403 491 1434 516 et
1456 488 1650 522 apostolicam
1669 486 1918 516 benedictionem.

1261 551 1276 594 ἓ
1293 551 1322 584 ’1.
1340 550 1491 594 Exposuit
1508 550 1598 584 nobis
1611 560 1712 594 nuper
1724 549 1856 584 dilectus
1873 549 1955 583 filius
1992 561 2152 591 Piceniflomae

1217 610 1324 637 noster
1348 604 1478 637 Ioannes
1503 603 1640 648 Baptista
1664 603 1745 636 tituli
1772 602 1868 636 sancti
1893 589 2153 647 Syl-{ffliffi‘ff‘e‘issss

1971 641 2065 665 erigendi
2081 643 2155 667 petunt

1201 658 1313 699 ⁴vestri
1334 657 1498 702 presbyter
1522 657 1689 691 cardinalis
1709 657 1860 691 Pallottus
1881 666 1957 689 nun·
1972 668 2101 689 facultatem.

1219 716 1369 755 cupatus,
1395 716 1458 744 tam
1482 722 1538 744 suo
1563 711 1694 755 proprio
1718 721 1812 755 quam
1829 710 1957 743 nomine

1219 770 1397 798 ceterorum
1412 765 1616 798 nationalium
1632 764 1812 808 provinciae
1826 764 1957 797 Picenae

1219 819 1249 851 in
1263 819 1346 851 alma
1360 818 1442 852 Urbe
1456 820 1564 851 nostra
1582 818 1855 860 commorantium,
1873 817 1958 861 quod

1219 873 1286 917 ipse
1311 872 1487 913 cardinalis,
1513 871 1674 915 ceterique
1693 871 1877 913 nationales,
1898 881 1959 914 pro

1219 927 1334 960 eximio
1364 931 1457 969 atque
1489 925 1642 968 singulari
1666 935 1760 969 quem
1787 935 1863 968 erga
1885 924 1958 957 bea-

1219 980 1371 1013 tissimam
1400 979 1561 1022 Virginem
1592 979 1721 1012 Mariam
1751 979 1958 1012 Lauretanam

1219 1038 1332 1077 gerunt
1349 1033 1523 1066 devotionis
1541 1032 1687 1066 affectum
1697 1033 1717 1073 ¹,
1735 1037 1765 1065 et
1781 1032 1820 1065 ad
1835 1042 1960 1076 promo-

1220 1088 1355 1120 vendum
1380 1086 1573 1130 peramplius
1598 1086 1737 1120 eiusdem
1762 1086 1959 1120 beatissimae

1220 1141 1356 1183 Virginis
1380 1140 1495 1174 Mariae
1519 1141 1649 1182 cultum,
1675 1139 1893 1183 spiritualique
1910 1149 1961 1172 eo-

1220 1194 1364 1226 rumdem
1391 1193 1598 1227 nationalium
1624 1198 1654 1226 et
1678 1193 1814 1226 aliorum
1842 1191 1961 1225 christi-

1220 1247 1360 1280 fidelium
1380 1247 1590 1280 aedificationi
1608 1238 1847 1288 consulendum,
1864 1255 1960 1278 unam

1221 1300 1252 1332 in
1277 1300 1358 1332 alma
1382 1300 1467 1332 Urbe
1498 1301 1607 1332 nostra
1637 1298 1801 1332 ecclesiam
1818 1325 1825 1339 ‚
1857 1302 1962 1331 orato-

1221 1353 1313 1393 rium,
1338 1353 1492 1396 hospitale
1507 1379 1514 1392 ‚
1543 1362 1667 1385 necnon
1697 1351 1865 1394 collegium
1889 1351 1959 1383 alu-

1221 1417 1368 1439 mnorum
1394 1417 1453 1449 pro
1477 1405 1658 1438 nationibus
1683 1404 1864 1448 provinciae
1888 1404 1964 1436 Mar-

1221 1461 1309 1493 chiae
1343 1460 1400 1492 sub
1432 1458 1687 1492 denominatione
1718 1458 1817 1490 almae
1847 1457 1964 1490 Domus

1220 1513 1420 1546 beatissimae
1446 1512 1583 1555 Virginis
1607 1511 1646 1544 de
1671 1512 1805 1545 Laureto
1829 1510 1964 1543 nationis

1222 1567 1352 1600 Picenae
1383 1570 1568 1599 construere
1601 1570 1631 1597 et
1669 1564 1836 1597 aedificare
1869 1573 1960 1606 posse

1222 1630 1424 1664 summopere
1449 1618 1651 1657 desiderent,
1683 1617 1709 1649 si
1737 1621 1845 1650 nostra
1868 1616 1906 1648 ad
1930 1615 1961 1648 id

1222 1674 1266 1707 eis
1291 1673 1416 1706 licentia
1440 1672 1631 1714 suffragetur
1656 1674 1686 1704 et
1709 1670 1849 1702 facultas.

1267 1727 1282 1770 ξ
1306 1727 1335 1759 2.
1359 1727 1433 1766 Nos,
1458 1725 1510 1768 qui
1528 1724 1688 1767 negotium
1706 1722 1888 1756 huiusmodi
1905 1732 1962 1766 per
1977 1763 1985 1775 ς
2015 1729 2112 1776 ιῑῖινξρηιιε
2128 1734 2161 1749 as-

1223 1785 1251 1812 te
1270 1784 1301 1812 et
1325 1777 1603 1820 congregationem
1623 1775 1814 1808 visitationis
1833 1776 1963 1818 Aposto-
1977 1763 2030 1778 *⁹¹³¹
2069 1772 2073 1776 '

1222 1833 1299 1865 licae
1325 1836 1447 1864 mature
1472 1829 1733 1869 examinandum,
1761 1827 1962 1861 consideran-

1222 1886 1360 1929 dumque
1374 1883 1600 1923 commisimus,
1618 1882 1725 1915 habita
1743 1881 1780 1915 de
1798 1892 1835 1915 eo
1852 1892 1964 1926 oppor-

1223 1941 1297 1973 tuna
1321 1944 1351 1971 ct
1372 1937 1538 1971 sufficienti
1555 1936 1719 1976 relatione,
1733 1935 1793 1978 piis
1807 1934 1964 1968 dictorum

1223 1993 1347 2027 Ioannis
1360 1992 1518 2036 Baptistae
1531 1990 1709 2030 cardinalis,
1724 1994 1964 2032 ceterorumque

1223 2046 1428 2080 nationalium
1453 2046 1542 2085 votis,
1560 2049 1710 2088 quantum
1736 2054 1807 2076 cum
1831 2043 1964 2076 Domino

1224 2110 1410 2144 possumus,
1437 2108 1594 2139 annuere,
1620 2097 1753 2141 illosque
1777 2095 1964 2140 specialibus

1224 2153 1383 2186 favoribus
1408 2158 1437 2185 et
1462 2152 1570 2195 gratiis
1594 2150 1742 2194 prosequi
1765 2149 1914 2189 volentes,
1935 2153 1963 2182 01

1225 2218 1335 2241 eorum
1368 2206 1543 2249 singulares
1575 2214 1725 2248 personas
1755 2214 1773 2236 a
1804 2201 1964 2246 quibusvis

1225 2258 1568 2299 excommunicationis,
1585 2256 1799 2301 suspensionis
1820 2259 1849 2290 01
1874 2255 1967 2288 inter-

1225 2314 1308 2356 dicti7
1327 2314 1457 2357 aliisque
1474 2311 1692 2346 ecclesiasticis
1710 2309 1881 2349 sententiis,
1899 2318 1967 2342 cen-

1225 2368 1307 2400 suris
1322 2372 1351 2400 01
1367 2366 1487 2410 poenis,
1506 2376 1523 2397 a
1540 2365 1608 2398 iure
1624 2364 1671 2397 vel
1689 2363 1728 2396 ab
1744 2363 1882 2403 homine,
1896 2372 1967 2406 qua-

1226 2421 1271 2453 115
1295 2420 1459 2454 occasione
1484 2419 1531 2452 rel
1563 2420 1655 2451 causa
1687 2417 1773 2457 latis,
1798 2416 1823 2449 si
1853 2415 1967 2459 quibus

1226 2474 1464 2518 ‹piornodolibet
1488 2472 1653 2506 innodatae
1678 2471 1823 2511 existunt,
1839 2469 1877 2502 ad
1898 2468 1969 2501 effe-

1227 2533 1311 2561 ctum
1343 2528 1558 2572 praesentium
1584 2526 1744 2559 dumtaxat
1773 2531 1968 2566 consequen-

1227 2582 1311 2623 dum,
1322 2582 1435 2614 barum
1450 2581 1531 2614 serie
1551 2579 1746 2613 absolventes
1763 2582 1792 2610 et
1809 2575 1968 2609 absolutas

1268 2645 1274 2667 1
1296 2643 1389 2678 Aptius
1404 2643 1507 2677 legeres
1522 2642 1625 2677 affectu
1640 2647 1677 2676 111.
1693 2640 1739 2675 r).
