2248 3229
210 221 261 249 An.
275 221 303 250 C.
327 221 394 250 1632

273 920 390 943 Contrariis

206 947 300 973 dei-ngat.

438 214 503 248 310

407 272 545 305 oratoria
572 272 691 316 privata
716 272 856 313 habere,
881 272 1042 316 ipsiusque
1066 273 1146 307 Con-

406 326 598 368 gregationis
614 325 788 369 presbyteri
798 325 931 369 professi
942 325 972 358 in
983 325 1026 359 eis
1040 337 1146 360 sacro-

407 384 547 411 sanctum
565 379 677 411 missae
691 378 881 412 sacrificium
892 379 923 412 in
936 390 1144 423 personarum

407 432 438 464 in
458 431 547 465 dictis
565 432 853 476 orphanotrophiis,
871 433 1058 475 seminariis,
1076 444 1146 467 aca-

406 484 516 517 demiis
545 489 575 519 et
606 485 823 519 convictorum
854 487 994 530 collegiis
1024 487 1143 530 degen-

407 538 484 571 tium
509 542 539 573 et
569 540 834 573 commorantium
859 542 1058 585 praesentia,
1084 546 1164 574 tam=

405 591 487 624 intra
503 603 596 636 quam
614 598 702 626 extra
719 599 843 638 tempus
861 595 1018 628 Pasehatis
1033 595 1147 628 Resur-

406 645 552 679 rectionis
569 646 750 680 Dominicae
767 648 941 681 festivitatis
954 648 1146 690 huiusmodi,

406 699 568 733 celebrare
599 700 698 734 libere
723 706 753 734 et
777 702 860 735 licite
885 703 1006 746 possint
1030 707 1060 736 et
1086 714 1142 736 va-

406 752 497 795 leant,
515 754 688 797 apostolica
713 756 908 797 auctoritate,
929 760 1037 789 tenore
1057 767 1146 800 prae-

405 806 540 840 sentium
555 835 562 848 ,
587 807 794 850 declaramus,
814 820 860 853 ac,
886 815 1039 855 quatenus
1065 821 1146 854 opus

406 860 453 902 sit,
479 860 523 893 eis
548 861 586 894 de
610 872 692 895 novo
716 863 919 896 concedimus
949 867 978 898 et
1001 864 1145 907 indulge-

406 924 484 947 mus.
509 915 577 948 Non
602 915 797 950 obstantibus
813 917 1003 961 praemissis,
1021 927 1056 950 ac
1074 928 1146 951 con-

405 968 619 1002 stitutionibus
636 974 666 1002 et
683 970 935 1004 ordinationibus
954 972 1144 1015 apostolicis,

406 1021 579 1066 ceterisque
600 1023 766 1057 contrariis
783 1024 1043 1068 quibuscumque.

449 1075 559 1108 Datum
568 1076 694 1119 Romae,
705 1077 787 1121 apud
796 1078 823 1111 S.
835 1078 971 1121 Petrum,
983 1079 1040 1111 sub
1051 1089 1145 1112 annu-

405 1129 678 1170 loPiscatoris‚die
699 1142 766 1165 xx11
782 1131 959 1165 decembris
979 1143 1144 1173 mncxxxn,

404 1182 604 1225 pontificatus
629 1184 728 1216 nostri
753 1195 878 1217 annox.

438 1244 496 1271 Dat.
514 1245 557 1272 die
572 1245 606 1272 22
627 1245 781 1274 decembris
799 1247 876 1282 1632,
894 1248 989 1283 pontif.
1010 1256 1081 1276 anno
1098 1255 1123 1275 x.

719 1372 827 1406 CDLII.

403 1449 558 1484 Facutcas
572 1451 739 1486 cardinali
758 1453 933 1487 Francisco
947 1454 1140 1496 Barberino,

447 1504 579 1537 modum
592 1509 621 1539 et
633 1510 756 1539 statum
770 1507 958 1549 officiorum,
971 1509 1144 1552 maqistra-

449 1562 553 1599 tuum,
578 1563 645 1592 tam
670 1557 866 1603 optimatum
890 1572 990 1605 quam
1015 1562 1140 1605 populi,

447 1615 476 1644 et
499 1612 653 1655 yuberm'i
679 1614 876 1657 temporalis,
902 1615 938 1647 in
958 1615 1144 1648 civitatibus

448 1669 475 1698 ct
502 1665 578 1698 locis
597 1666 707 1699 Status
730 1667 845 1700 Urbini
864 1668 917 1711 ad·
931 1669 1043 1702 Sedent
1062 1670 1145 1712 Apo-

447 1718 596 1752 stolicctm
611 1720 780 1762 devolutis,
801 1732 837 1754 ac
858 1722 956 1755 etiam
968 1722 1140 1763 custodiae,

448 1772 723 1817 militiarumque,
751 1774 794 1807 acl
817 1776 953 1818 sormam
975 1781 1003 1809 et
1026 1777 1145 1809 metho-

448 1826 525 1859 dum
549 1828 722 1870 reyimim's
757 1833 785 1861 et
813 1829 967 1871 qubernit'
1001 1830 1143 1862 aliorum

450 1879 592 1912 locorum
606 1880 713 1914 Status
730 1881 948 1915 Ecclesiasticz'
964 1883 1142 1927 rediyemli,

448 1937 476 1966 et
501 1934 629 1967 comites
662 1934 850 1978 palatinos,
878 1941 975 1980 atque
1007 1944 1144 1970 auratac

447 1986 589 2021 militiae
609 1989 740 2032 equites,
766 2000 868 2033 usque
891 1990 933 2023 acl
957 2001 1143 2034 quemama-

447 2050 509 2083 que
525 2051 710 2083 numerum,
729 2042 862 2076 aremuli
872 2042 890 2076 ¹.

403 2120 516 2148 Dilecto
544 2121 606 2148 filio
636 2122 765 2150 nostro2
794 2124 821 2150 S.
852 2124 1007 2152 Laurentii
1031 2125 1062 2152 in
1087 2125 1143 2152 Da-

438 2172 521 2192 maso
542 2166 666 2194 diacono
687 2168 833 2195 cardinali
853 2169 1011 2196 Barberino
1026 2176 1144 2198 nuncu-

437 2213 520 2243 pato,
533 2210 631 2238 S.R.E.
644 2211 904 2246 vicecancellario‚
921 2217 1024 2241 nostro
1037 2222 1144 2242 secun-

440 2255 508 2281 dum
528 2262 650 2282 carnem
665 2263 699 2282 ex
715 2256 808 2284 fratre
829 2265 967 2292 germano
984 2260 1095 2293 nepoti,
1112 2260 1143 2286 in

438 2298 631 2327 Urbinatensi
644 2322 652 2334 ,
673 2300 828 2334 Euquhina
845 2322 852 2335 ,
883 2302 1056 2330 Pisaurensi
1076 2326 1083 2338 ,
1109 2311 1144 2331 ao

440 2344 565 2378 reliquis
586 2345 763 2373 civitatibus
779 2349 809 2373 et
825 2347 950 2380 oppidis.
972 2351 1075 2375 nostro
1096 2348 1142 2375 in-

440 2390 659 2422 corporationis
680 2390 800 2417 decreto
821 2392 1045 2425 comprehensis
1061 2396 1092 2419 et
1107 2392 1142 2419 ad

440 2433 547 2460 dictam
578 2434 683 2461 sedem
703 2434 863 2467 devolutis,
884 2439 988 2464 nostro
1009 2440 1040 2464 et
1060 2436 1143 2464 Sedis

438 2478 628 2512 Apostolioae
649 2478 684 2505 de
704 2479 800 2506 latere
820 2481 930 2514 legato,

594 2529 728 2557 Urbanus
763 2530 842 2564 Papa
875 2530 950 2558 vm.

442 2590 452 2615 1
476 2589 513 2616 Ex
533 2590 639 2626 Regest.
661 2592 688 2618 in
709 2592 809 2620 Secret.
831 2593 907 2620 Brev.

444 2636 453 2661 1
472 2634 508 2661 Ex
524 2636 599 2664 rubr.
616 2638 711 2672 supple
727 2646 826 2666 nomen
841 2639 998 2668 Franeisco
1015 2642 1050 2672 (R.
1063 2638 1111 2673 T.).

991 226 1174 251 BULLARIUM
1194 227 1348 253 ROMANUM

1396 275 1514 305 Dilecto
1530 277 1575 305 fili
1587 281 1703 312 noster,

1223 320 1352 348 salutem
1368 323 1398 348 et
1414 322 1609 356 apostolicam
1623 324 1870 353 benedictionem.

1223 381 1238 425 ἓ
1263 382 1292 415 ’1.
1317 383 1488 422 Quoniam¹
1506 383 1538 416 in
1557 385 1712 428 regimine
1735 387 1917 421 Urbinaten-

1180 434 1234 475 cis,
1259 435 1453 478 Eugubinae‚
1470 437 1663 471 pisaurensis
1680 444 1710 471 et
1725 440 1917 484 reliquarum

1179 487 1339 521 civitatum
1356 494 1386 522 et
1402 489 1602 534 oppidorum,
1623 491 1818 536 aliorumque
1837 494 1918 528 loco-

1179 553 1250 575 rum
1282 554 1555 588 quorumcumque
1586 556 1643 589 per
1672 546 1794 579 obitum
1817 547 1918 582 bonae

1180 597 1352 630 memoriae
1376 598 1534 632 Francisci
1558 600 1671 633 Mariae
1699 600 1807 633 Urbini
1832 600 1920 635 ducis

1179 650 1217 682 ad
1250 651 1362 684 Sedem
1395 652 1607 695 Apostolicam
1636 653 1856 687 devolutorum
1890 659 1920 688 et

1179 704 1344 737 universae
1369 704 1479 738 ditioni
1496 706 1664 750 temporali
1689 707 1776 740 Sedis
1799 708 1921 752 praedi-

1179 761 1245 791 ctae
1269 761 1378 792 nostro
1399 758 1526 792 decreto
1550 759 1837 804 incorporatorum‚
1862 771 1920 805 per

1179 821 1235 844 nos
1250 810 1260 827 ²
1285 811 1436 855 singulari
1463 817 1533 846 tuae
1557 812 1630 846 fidei
1662 818 1754 858 atque
1774 814 1917 858 pruden-

1180 864 1238 897 tiae
1255 864 1348 898 hodie
1365 865 1544 907 commisso,
1562 870 1691 910 propter
1707 867 1919 901 diversitatem

1178 918 1323 960 gubernii
1348 919 1484 961 ducalis,
1511 919 1568 953 sub
1592 931 1654 964 quo
1679 920 1834 964 civitates,
1864 932 1919 966 op-

1178 972 1250 1015 pida
1282 978 1311 1005 et
1343 973 1412 1007 loca
1448 973 1629 1007 huiusmodi
1661 974 1811 1008 hactenus
1835 981 1920 1008 recta

1178 1026 1315 1067 suerunt,
1333 1032 1362 1060 et
1382 1027 1585 1061 ecclesiastici
1602 1028 1659 1061 sub
1683 1039 1746 1072 quo
1771 1028 1919 1073 deinceps

1179 1079 1300 1121 erunt³,
1319 1081 1417 1114 multa
1433 1081 1617 1124 contingere
1635 1086 1774 1125 possunt,
1793 1093 1871 1126 quae
1889 1082 1919 1114 in

1178 1132 1380 1166 facultatibus
1400 1133 1565 1177 legationis
1590 1135 1762 1176 civitatum,
1787 1135 1919 1179 oppido-

1178 1196 1248 1218 rum
1267 1190 1298 1218 et
1317 1186 1460 1220 locorum
1484 1187 1668 1221 eorumdem
1692 1198 1755 1221 non
1780 1194 1852 1222 sunt
1868 1200 1918 1222 ex-

1176 1249 1294 1282 pressa,
1312 1250 1347 1272 ae
1367 1240 1494 1283 speciali
1509 1243 1582 1274 nota
1599 1241 1692 1284 digna
1708 1248 1829 1275 essent:

1221 1292 1236 1335 g
1260 1291 1288 1324 Ξ.
1314 1293 1387 1334 Nos,
1404 1303 1443 1326 ne
1466 1298 1637 1338 propterea
1661 1294 1811 1336 civitates,
1828 1296 1918 1339 oppi-

1177 1345 1216 1378 da
1241 1351 1271 1379 et
1294 1347 1362 1380 loca
1393 1346 1575 1381 huiusmodi
1607 1349 1734 1392 aliquod
1761 1349 1919 1393 patiantur

1177 1398 1412 1441 detrimentum,
1437 1400 1492 1433 sed
1515 1406 1549 1434 ut
1573 1404 1606 1435 tu
1630 1402 1744 1444 onmia,
1769 1413 1849 1446 quae
1880 1402 1918 1436 ad

1177 1463 1366 1497 prosperum
1390 1464 1425 1486 ac
1449 1454 1521 1487 felix
1539 1455 1682 1498 regimen
1702 1455 1829 1489 illorum
1850 1467 1920 1500 per-

1179 1506 1286 1549 tinent,
1302 1506 1451 1551 dirigere,
1469 1513 1606 1542 statuere
1621 1509 1701 1542 etde
1717 1519 1798 1543 novo
1815 1510 1918 1552 etiam,

1178 1560 1209 1593 in
1234 1561 1358 1594 casibus
1382 1562 1413 1594 in
1438 1562 1553 1606 quibus
1578 1563 1735 1607 oportebit
1759 1569 1789 1597 et
1814 1568 1845 1598 tu
1870 1575 1919 1598 ex-

1178 1613 1287 1657 pedire
1301 1614 1498 1656 indicaveris,
1517 1616 1662 1649 ordinare
1679 1617 1790 1660 possis,
1807 1628 1918 1662 oppor-

1178 1671 1251 1699 tune
1267 1667 1434 1711 providere
1446 1669 1592 1711 volentes,
1605 1670 1687 1702 ultra
1703 1680 1918 1714 quascumque

1178 1721 1253 1754 alias
1270 1722 1430 1754 facultates
1449 1722 1643 1766 supradictas
1661 1723 1808 1766 (quarum
1829 1729 1918 1757 teno-

1179 1785 1244 1807 rem
1266 1775 1483 1818 praesentibus
1500 1786 1557 1819 pro
1575 1777 1730 1820 expressis
1748 1777 1867 1819 haberi,
1888 1783 1918 1811 et

1179 1838 1255 1870 quas
1279 1838 1404 1871 semper
1429 1829 1528 1861 salvas
1545 1834 1575 1861 et
1599 1829 1722 1862 illaesas
1746 1840 1814 1863 esse
1830 1831 1918 1864 volu-

1179 1881 1260 1923 mus)
1276 1880 1552 1924 circumspectioni
1567 1887 1636 1914 tuae
1651 1882 1753 1925 (cuius
1766 1883 1918 1926 singulari

1178 1934 1363 1976 prudentiae
1376 1934 1395 1975 ⁴,
1421 1935 1493 1967 fidei
1514 1941 1544 1968 et
1567 1935 1747 1979 diligentiae
1771 1937 1918 1980 gravissi-

1179 1987 1237 2019 mis
1251 1988 1282 2020 in
1299 1988 1433 2031 negotiis
1450 1989 1559 2023 toties⁵
1574 1989 1723 2033 probatae
1740 1991 1830 2034 plane
1847 2001 1918 2024 con-

1178 2040 1286 2083 sidere,
1311 2053 1347 2075 ac
1371 2042 1476 2076 omnia
1501 2048 1567 2076 tuto
1592 2044 1788 2077 committere
1804 2050 1833 2077 et
1853 2056 1918 2078 cre-

1178 2095 1252 2128 dere
1283 2097 1469 2140 possumus)
1500 2097 1555 2129 ut⁶
1580 2097 1709 2130 modum
1740 2103 1769 2131 ct
1801 2103 1916 2131 statum

1178 2149 1365 2192 officiorum,
1380 2149 1632 2193 magistratuum,
1646 2155 1708 2183 tam
1729 2151 1916 2195 optimatum

1177 2214 1270 2247 quam
1295 2204 1415 2247 pepuli,
1440 2209 1469 2237 et
1493 2204 1638 2247 gubernii
1659 2206 1855 2249 temporalis,
1880 2216 1917 2239 ac

1177 2256 1269 2289 etiam
1291 2256 1461 2299 custodiae,
1476 2257 1733 2302 militiarumque‚
1752 2264 1781 2292 et
1801 2259 1915 2303 pracsi-

1213 2330 1223 2355 1
1242 2328 1326 2359 Quam
1341 2329 1506 2356 simillimam
1532 2331 1637 2357 constit.
1660 2330 1744 2358 habes
1767 2340 1850 2367 supra
1869 2340 1916 2368 pa-

1175 2372 1237 2408 gina
1250 2373 1311 2405 ⁹227,
1329 2373 1459 2400 directam
1474 2375 1587 2402 Antonio
1603 2375 1750 2402 Barberino
1765 2381 1805 2409 (Β.
1822 2377 1870 2411 τ.).

1211 2417 1226 2443 ⁵2
1243 2417 1311 2444 Edit.
1327 2417 1407 2446 Main.
1424 2418 1488 2454 legit
1503 2428 1560 2445 non
1577 2428 1625 2454 pro
1641 2428 1692 2447 nos
1704 2421 1742 2454 (n.
1759 2422 1808 2454 T.).

1211 2461 1233 2488 3⁷
1243 2461 1312 2487 Edit.
1329 2461 1407 2488 Main.
1424 2462 1490 2498 legit
1505 2464 1561 2491 erit
1576 2464 1613 2497 (a.
1627 2466 1677 2497 T.).

1211 2505 1227 2531 4
1248 2505 1316 2532 Edit.
1338 2506 1417 2533 Maia.
1438 2507 1503 2541 legit
1520 2508 1681 2542 prudentia
1702 2509 1737 2543 (a.
1754 2508 1802 2543 Τ.).

1210 2549 1227 2576 5
1243 2550 1387 2585 Perperam
1397 2552 1441 2578 ed.
1452 2551 1531 2579 Main.
1541 2556 1610 2580 lenes
1620 2561 1667 2588 pro
1676 2553 1757 2581 toties
1765 2553 1829 2589 legit
1837 2554 1913 2588 (ass).

1211 2594 1227 2621 6
1244 2594 1404 2623 Particulam
1419 2599 1461 2631 ul,
1478 2606 1557 2632 quam
1574 2597 1672 2625 senties
1691 2599 1869 2626 necessariam
1883 2606 1915 2627 ex

1176 2639 1365 2675 sequentibus,
1382 2649 1430 2669 uos
1445 2640 1567 2669 addimus
1581 2642 1619 2676 (R.
1635 2642 1685 2677 T.).

1936 232 1985 259 An.
1999 232 2027 260 C.
2050 231 2117 261 1633

1968 401 2050 423 Causae
2067 406 2117 423 con-

1932 428 2041 458 cedendae
2053 428 2117 450 sacul-

1932 457 1989 476 taus.

1970 1309 2073 1332 Familias.
2090 1309 2117 1329 do

1934 1341 1976 1361 qua
1991 1336 2012 1356 in
2026 1335 2117 1356 rubrica.
