2221 3224
201 220 251 245 An.
268 220 296 246 c.
319 219 386 247 1628
431 209 474 243 16

203 1078 313 1098 Obstautia
326 1078 384 1097 tollit.

397 267 448 300 nia
472 271 503 300 et
526 267 649 310 singula
673 267 704 300 in
728 267 919 310 praemissis,
941 271 971 299 et
995 266 1077 299 circa
1102 276 1137 299 ea

397 320 575 353 necessaria
608 325 637 352 et
666 319 903 363 quomodolibet
938 324 1137 363 opportuna,

398 373 517 405 etiamsi
543 373 616 405 talia
640 373 700 405 sint
720 373 768 405 vel
792 372 917 413 fuerint,
940 382 1021 416 quae
1038 372 1138 415 magis

397 426 575 470 specialem,
590 425 767 469 specificam
791 429 821 457 et
840 435 1021 468 expressam
1037 425 1138 469 requi-

398 484 504 512 rerent
530 478 731 517 mentionem,
757 478 905 518 faciendi,
930 478 1064 519 dicendi,
1089 489 1139 521 ge-

398 531 486 564 rendi
510 536 540 563 et
564 530 749 573 exequendi,
774 531 860 570 omni
885 536 915 563 et
940 542 1138 576 quacumque

398 584 622 628 appellatione,
647 584 813 624 nullitatis,
837 584 931 617 etiam
957 595 993 618 ex
1017 585 1138 626 tribus,

398 637 542 678 dictione,
568 637 764 670 restitutione
777 637 808 669 in
822 637 991 680 integrum,
1008 638 1139 681 aliisque

399 689 545 723 remediis
570 689 738 722 ordinariis
757 695 787 722 et
804 690 1060 723 extraordinariis
1076 701 1140 724 om-

399 742 472 776 nino
496 742 626 775 remotis
646 747 676 775 et
697 743 828 775 sublatis
846 744 986 786 (attento,
1003 744 1086 787 quod
1108 744 1138 776 in

399 795 575 829 visitatione
597 795 872 828 extraiudicialiter
896 797 1089 840 proceditur,
1109 802 1139 830 et

399 849 459 881 tela
483 848 655 889 iudiciaria,
680 849 728 881 vel
753 849 902 892 strepitus
927 854 979 881 aut
999 849 1077 882 ordo
1097 850 1140 882 iu-

400 902 519 935 dicialis
536 912 598 935 non
618 904 785 946 servatur),
806 902 942 946 plenam,
962 902 1093 935 liberam
1111 908 1140 935 et

400 956 537 999 amplam
562 956 740 989 facultatem
765 961 795 988 et
819 955 1038 989 auctoritatem
1070 966 1140 989 con-

401 1009 540 1043 cedimus
565 1015 595 1042 et
618 1009 829 1053 impertimur.

445 1064 461 1108 g
485 1062 514 1096 3.
540 1063 608 1096 Non
636 1063 833 1096 obstantibus
865 1063 1140 1097 constitutionibus

402 1123 432 1151 et
456 1117 708 1151 ordinationibus
732 1117 922 1160 apostolicis,
939 1128 975 1149 ac
995 1117 1140 1150 omnibus

402 1170 473 1211 illis,
499 1180 577 1214 quae
602 1170 633 1202 in
658 1170 748 1203 dictis
773 1170 885 1203 litteris
909 1170 1065 1203 voluimus
1079 1180 1140 1202 non

403 1223 544 1263 obstare,
569 1224 694 1267 quibus,
713 1233 824 1256 eorum
849 1223 991 1256 omnium
1016 1228 1142 1256 tenores

402 1277 619 1321 praesentibus
643 1287 701 1320 pro
725 1277 816 1320 plene
833 1281 863 1309 et
882 1277 1073 1310 sufficienter
1096 1287 1143 1310 ex-

402 1330 518 1374 pressis
543 1330 704 1370 habentes,
722 1330 780 1363 hac
803 1330 870 1363 vice
895 1330 1057 1363 dumtaxat
1076 1341 1144 1374 spe-

403 1384 523 1417 cialiter
540 1388 570 1418 et
586 1394 733 1428 expresse
746 1384 951 1426 derogamus3
969 1385 1142 1429 ceterisque

404 1437 571 1471 contrariis
595 1438 856 1481 quibuscumque.

447 1490 559 1524 Datum
584 1491 711 1531 Romae,
736 1491 817 1534 apud
842 1491 871 1523 S.
897 1491 1025 1524 Mariam
1049 1491 1144 1525 Maio-

405 1555 483 1585 rem,
511 1545 568 1577 sub
593 1545 708 1577 annulo
733 1544 917 1585 piscatoris,
937 1545 987 1578 die
1011 1555 1066 1578 xvi
1090 1556 1142 1578 se-

405 1597 558 1642 ptembris
592 1607 775 1639 iuncxxvlu,
809 1597 1011 1641 pontificatus
1045 1599 1144 1632 nostri

406 1661 488 1684 anno
514 1660 555 1683 Vl.

442 1713 499 1741 Dat.
516 1713 560 1741 die
577 1713 608 1740 16
623 1713 786 1749 septembris
803 1713 880 1749 1628,
897 1715 994 1750 pontif.
1010 1723 1079 1742 anno
1095 1722 1130 1742 Vt.

705 1849 846 1883 CCCVIll.

412 1922 504 1963 Quod
518 1921 661 1961 indulta,
675 1920 968 1970 concessctffiversis
985 1921 1078 1954 Urbis
1093 1922 1148 1953 tri-

455 1975 627 2009 bunatz'bus
640 1979 668 2007 et
683 1972 1061 2017 iudicibus‘'coquoscemli
1077 1985 1149 2007 cau—

452 2039 503 2061 sas
529 2028 716 2061 criminales
736 2038 832 2070 super
849 2027 975 2059 delictis
994 2037 1149 2070 quarum-

453 2093 589 2126 cumque
608 2092 835 2126 personarum,
855 2081 1018 2124 privative
1042 2080 1149 2124 quoad

454 2135 547 2171 alios,
567 2145 632 2167 non
646 2134 807 2178 privative
832 2133 939 2177 quoad
961 2133 1149 2177 [subternata-

453 2199 520 2221 rem
548 2188 642 2221 Urbis
671 2198 730 2231 pro
764 2191 902 2230 tempore
934 2187 1145 2227 existentem,

454 2242 506 2275 sed
530 2241 727 2274 cumulative
752 2251 825 2274 cum
849 2251 882 2274 co
912 2251 1057 2273 concessa
1090 2241 1146 2273 in-

456 2295 650 2339 tellt'qantur
663 2295 682 2328 ¹.

447 2403 457 2428 1
481 2401 639 2428 Huiusmodi
660 2400 763 2428 indulta
782 2400 873 2427 multis
899 2399 1149 2435 archiospstatibus,

411 2446 540 2481 collegiis,
556 2446 690 2481 capitulis,
706 2445 817 2478 militiis,
830 2454 860 2472 ac
874 2445 1008 2472 similibus
1024 2452 1151 2471 concessa

411 2499 426 2517 a
441 2491 553 2518 diversis
571 2491 744 2518 Pontificibus
761 2491 869 2526 require
886 2490 911 2516 in
927 2489 1024 2524 indice,
1046 2489 1073 2516 iu
1094 2489 1150 2516 sin-

411 2534 481 2570 gulis
501 2543 593 2562 eorum
615 2535 788 2568 nominibus3
810 2534 1000 2561 auctoritatem
1022 2542 1083 2560 vero
1102 2541 1152 2568 gu-

411 2578 562 2605 bernatoris
572 2580 652 2606 Urbis
667 2580 725 2615 lege
741 2580 767 2606 in
784 2579 879 2606 Leonis
890 2578 920 2613 X,
932 2578 1022 2605 Const.
1036 2584 1074 2608 ιχ,
1089 2578 1153 2605 Etsi

411 2626 593 2657 cunctarum,
614 2628 679 2651 tom.
696 2631 722 2660 v,
739 2633 801 2661 pag.
818 2625 884 2659 6143
901 2623 968 2651 etin
983 2623 1023 2651 Pii
1037 2622 1069 2651 1V
1085 2622 1153 2650 Con-

971 218 1150 243 BULLARIUM
1175 217 1330 243 ROMANUM

1919 220 1970 248 An.
1991 220 2021 248 C.
2039 220 2108 249 ¹628

1374 267 1509 295 urbanus
1530 268 1610 302 Papa
1629 268 1707 300 vm.

1297 313 1333 338 ad
1352 315 1526 346 perpetuam
1545 312 1589 339 rei
1608 313 1789 341 memoriam.

1215 373 1308 406 Decet
1322 373 1497 406 Romanurn
1510 374 1704 415 Pontificem,
1720 375 1809 418 aequi
1822 375 1910 408 boni·
1951 387 2072 409 Exordium.

1171 436 1232 470 que
1249 436 1430 469 supremum
1449 432 1636 460 assertorem
1648 454 1655 467 ‚
1672 427 1698 460 si
1718 425 1798 471 qua¹
1815 427 1910 460 dubia

1171 479 1254 511 circa
1274 479 1458 512 constitutas
1485 479 1750 513 administrandae
1773 480 1910 514 iustitiae

1172 532 1308 565 rationes
1333 532 1484 574 oriantur,
1509 533 1727 567 declarationis
1748 544 1821 566 suae
1838 544 1909 567 ora-

1172 586 1242 618 culo
1263 585 1305 617 ita
1322 585 1504 626 dilucidare,
1522 592 1564 626 ut,
1581 587 1723 630 praecisa
1736 587 1911 620 cuiuscum-

1172 649 1233 682 que
1257 639 1471 672 haesitationis
1494 639 1558 672 sive
1578 640 1664 673 dubii
1684 641 1826 682 materia,
1843 641 1911 674 uni-

1172 693 1286 736 cuique
1310 692 1394 736 quod
1430 703 1521 725 suum
1547 697 1593 727 est
1616 704 1674 737 per
1697 698 1909 737 competentes

1172 745 1290 778 iudices
1307 749 1336 779 et
1353 745 1515 778 ministros
1528 749 1627 789 aequa
1641 747 1728 779 lance
1741 747 1909 780 tribuatur.

1217 799 1231 843 g
1255 799 1284 831 ’1.
1310 799 1387 832 Cum
1412 799 1527 843 itaque,
1552 799 1632 832 sicut
1656 800 1844 844 accepimus,
1862 811 1912 833 va·
1962 814 2112 845 iadau-qon-

1172 851 1219 884 ria
1242 851 1374 885 diversis
1399 852 1498 885 almae
1516 852 1608 885 Urbis
1628 857 1754 886 nostrae
1777 841 2111 888 tribuna-'Siliiiits'ssdr'ec'cgffi

1173 905 1254 938 libus
1279 911 1310 938 et
1334 906 1499 947 iudicibus,
1525 906 1617 939 etiam
1643 907 1672 940 S.
1698 907 1732 939 R.
1757 907 1790 939 E.
1817 907 1914 939 cardi-
1927 897 2006 915 “um

1173 959 1315 999 nalibus,
1339 959 1573 1003 protectoribus
1608 965 1638 992 et
1674 960 1836 1003 collegiis,
1863 960 1912 992 vel

1172 1012 1241 1045 aliis
1268 1012 1360 1045 etiam
1388 1013 1439 1046 hic
1458 1013 1496 1046 de
1524 1014 1710 1046 necessitate
1737 1013 1915 1057 exprimen-

1173 1065 1230 1106 dis,
1251 1065 1371 1098 indulta
1394 1076 1609 1110 quascumque
1634 1076 1743 1099 causas
1767 1066 1915 1099 crimina-

1174 1119 1228 1159 leS,
1248 1119 1296 1151 vel
1321 1129 1430 1152 earum
1456 1119 1586 1162 aliquas,
1604 1130 1698 1164 super
1714 1119 1916 1163 quibuscum-

1174 1182 1236 1215 que
1248 1172 1379 1214 delictis,
1398 1173 1583 1206 criminibus
1599 1178 1629 1206 et
1646 1174 1825 1206 excessibus
1843 1184 1916 1217 qua-

1174 1236 1384 1269 rumcumque
1408 1237 1638 1270 personarum,
1667 1232 1729 1260 tam
1761 1227 1914 1260 laicarum

1176 1289 1270 1322 quam
1287 1279 1599 1320 eccelesiasticarum,
1613 1280 1705 1313 etiam
1720 1280 1915 1323 regularium

1176 1336 1207 1364 et
1230 1331 1424 1375 militiarum,
1446 1333 1538 1366 etiam
1557 1333 1683 1376 speciali
1708 1335 1781 1366 nota
1805 1333 1915 1376 digna-

1177 1396 1266 1426 rum,
1290 1386 1442 1429 privative
1474 1386 1576 1429 quoad
1601 1386 1678 1419 alios
1702 1397 1919 1430 quoscumque

1177 1438 1398 1481 cognoscendi,
1409 1449 1467 1482 per
1480 1439 1637 1472 Romanos
1651 1439 1817 1472 Pontifices
1830 1449 1920 1483 prae-

1178 1491 1359 1526 decessores
1372 1497 1509 1533 nostros,
1522 1503 1558 1526 ac
1576 1492 1669 1525 etiam
1685 1503 1753 1535 nos,
1771 1503 1921 1526 concessa

1178 1546 1252 1579 sint:

1223 1599 1238 1642 5
1262 1599 1291 1632 2.
1316 1599 1388 1640 Nos,
1407 1599 1529 1632 debitae
1550 1599 1732 1632 earumdem
1753 1609 1919 1632 causarum
1956 1609 2118 1640 manationi·

1179 1652 1350 1695 cognitioni
1363 1657 1457 1696 atque
1470 1652 1668 1696 expeditioni,
1683 1657 1833 1696 quantum
1847 1663 1919 1686 cum
1934 1643 1977 1665 ‘¹¹¹²
1989 1643 2011 1658 ¹⁰
2025 1636 2118 1659 ‘mm'

1178 1705 1311 1739 Domino
1346 1716 1537 1749 possumus,
1567 1706 1732 1738 consulere
1763 1706 1919 1747 volentes,

1179 1769 1301 1792 necnon
1328 1759 1469 1792 omnium
1501 1764 1531 1791 et
1558 1759 1754 1801 singulorum
1784 1759 1920 1792 indulto·

1179 1824 1251 1846 rum
1271 1812 1504 1856 praedictorum
1526 1817 1652 1845 tenores
1676 1823 1713 1845 ac
1734 1812 1820 1845 datas
1836 1823 1924 1856 prae-

1180 1866 1319 1899 sentibus
1350 1877 1410 1910 pro
1441 1865 1599 1909 expressis
1632 1865 1804 1905 habentes,
1836 1871 1925 1899 motu

1180 1920 1320 1963 proprio,
1334 1925 1363 1953 et
1377 1930 1413 1953 ex
1431 1922 1517 1952 certa
1532 1919 1664 1952 scientia
1689 1929 1724 1952 ac
1738 1921 1860 1952 matura
1874 1919 1926 1952 de-

1181 1974 1368 2007 liberatione
1393 1973 1520 2013 nostris,
1540 1973 1641 2016 deque
1669 1973 1858 2016 apostolicae
1872 1982 1925 2016 po-

1181 2027 1300 2060 testatis
1314 2026 1517 2070 plenitudine,
1538 2026 1620 2069 quod
1636 2025 1742 2058 omnia
1759 2030 1788 2058 et
1802 2025 1923 2068 singula

1182 2080 1300 2114 indulta
1334 2079 1515 2113 huiusmodi
1546 2089 1609 2112 non
1634 2078 1787 2122 privative
1819 2079 1924 2122 quoad

1183 2134 1367 2167 modernum
1390 2139 1419 2166 et
1439 2143 1497 2176 pro
1514 2138 1659 2175 tempore
1676 2132 1859 2164 existentem
1877 2131 1924 2164 di-

1182 2193 1249 2221 ctae
1271 2187 1362 2220 Urbis
1385 2186 1640 2229 gubernatorem,
1661 2185 1714 2218 sed
1735 2185 1925 2218 cumulative

1183 2251 1255 2274 cum
1282 2251 1318 2273 eo
1336 2249 1484 2272 concessa
1501 2239 1724 2281 intelligantur,
1745 2244 1775 2272 et
1792 2238 1924 2282 intelligi

1183 2294 1337 2333 debeant,

1228 2347 1242 2390 g
1258 2346 1287 2379 3.
1306 2346 1429 2389 Sicque,
1449 2350 1479 2378 et
1491 2355 1553 2378 non
1569 2344 1668 2385 aliter,
1688 2355 1745 2389 per
1762 2354 1927 2388 quoscum-

1184 2410 1319 2443 cumque
1352 2399 1471 2432 iudices
1496 2398 1673 2432 ordinarios
1702 2403 1732 2431 et
1756 2398 1924 2442 delegatos,

1966 2350 2088 2373 clausulae.

1184 2489 1239 2516 stit.
1264 2494 1283 2520 1,
1310 2488 1379 2515 Cum
1404 2487 1493 2521 sicut,
1520 2490 1584 2514 tom.
1611 2493 1658 2520 vu,
1684 2494 1744 2522 pag.
1768 2488 1800 2521 13
1821 2494 1926 2514 necnon

1186 2533 1224 2559 Pii
1243 2532 1261 2558 V
1283 2532 1373 2559 Const.
1394 2538 1438 2561 CL.
1462 2532 1535 2559 Cum
1554 2531 1720 2566 apostolica,
1742 2530 1768 2558 in
1788 2530 1816 2558 h.
1833 2539 1860 2560 n.
1880 2530 1924 2560 ed.

1184 2583 1254 2610 cmx,
1269 2576 1336 2603 ibid.
1355 2584 1415 2612 pag.
1433 2576 1494 2603 847.

1221 2623 1234 2648 1
1256 2620 1326 2648 Edit.
1346 2620 1424 2648 Main.
1446 2620 1510 2657 legit
1527 2621 1554 2650 si
1575 2628 1647 2656 quae
1666 2621 1706 2656 (n.
1724 2620 1773 2655 12).
