2248 3229
851 212 943 235 txnex
972 210 1101 236 nt'nntcA
1108 212 1171 236 REM

330 266 362 297 et
377 262 416 296 (le
434 261 559 296 nuvere
575 264 605 297 in
619 265 746 298 civitate
762 264 977 298 Avenioncusi
1012 268 1013 299 l

331 315 543 350 subiiciuntur
560 318 706 360 regimini
727 326 835 350 sacrae
852 318 986 360 Congre-
1012 310 1014 338 Ρ

330 372 466 413 gationis
491 371 530 403 de
556 370 764 414 Pi·-·pagamla
791 371 863 410 title,
890 366 984 404 7215st
1012 364 1014 407 i

244 423 515 465 DCXLVtt.Quod
531 425 692 457 secretarii
709 425 875 467 generales
889 424 986 459 Ordi-
1012 427 1015 437 ⁶

315 477 382 510 -nis
408 478 564 510 Minorum
587 478 625 511 de
646 476 857 512 Observantiti
873 478 904 511 in
929 478 987 510 mi-
1013 495 1015 532 ι

334 530 469 564 nistrum
498 542 553 564 seu
575 532 831 564 commissarium
859 542 987 573 genera·
1013 533 1014 538 ’

335 583 397 617 lem
413 584 485 627 eligi
504 595 566 617 non
587 585 720 628 possint,
745 585 803 617 nisi
828 591 986 618 transacio
1013 604 1015 631 l

335 638 491 671 sexennio
506 638 545 670 ab
555 638 684 681 expleto
700 648 758 671 suo
776 639 894 676 oflicio.
909 639 984 672 729.
1013 635 1015 671 i

248 690 607 726 DCXLVlll.Conlirmat
621 692 730 725 omnia
744 698 773 725 ct
787 692 912 734 singula
928 693 988 736 pri·
1013 683 1015 706 ⁴*

331 744 447 786 vilegia
473 755 490 777 a
513 744 678 778 Clemente
707 744 773 778 Vlll
803 745 987 788 provinciae
1014 739 1015 779 l

336 797 367 831 S.
388 797 515 831 loannis
527 798 685 841 Baptistae
705 797 838 833 Ordinis
853 799 987 832 fratrum

336 851 494 885 Minorum
526 853 795 886 Discaleeatorum
827 863 989 896 nuncupa-

337 910 443 939 torum
464 906 618 948 regularis
635 904 867 940 Observantiae
887 907 988 939 sancti
1014 923 1016 953 ρ

337 958 496 993 Franeisci
519 959 548 992 in
564 959 716 1003 Hispania
736 968 897 998 concessa,
914 960 988 993 730.
1015 977 1017 997 2

250 1011 408 1047 DCXth.
435 1013 561 1047 Erectio
587 1014 770 1046 alumnatus
800 1023 858 1056 pro
891 1013 991 1056 Abys-
1015 1023 1017 1045 i

337 1067 414 1100 sinis
438 1077 474 1100 ac
500 1066 685 1100 Bracmanis
716 1066 746 1098 in
776 1066 912 1106 collegio
938 1065 990 1100 Ur·
1016 1080 1017 1120 ἶ

338 1120 422 1153 bano
437 1121 475 1153 de
494 1119 704 1164 Propagandti
730 1119 817 1159 Fide,
842 1120 915 1154 734.
1016 1121 1017 1186 l

248 1171 332 1207 DCL.
358 1171 500 1215 Abrogat
529 1173 638 1205 omnia
667 1178 697 1205 et
727 1173 854 1215 singula
886 1173 987 1217 privi-
1016 1216 1017 1219 Ἴ

337 1226 420 1268 legia
445 1226 627 1270 personalia
644 1236 702 1269 per
719 1226 886 1269 religiosos
912 1226 991 1260 Con·
1016 1233 1017 1238 ¹

337 1281 535 1323 gregationis
564 1280 764 1314 Clericorum
792 1281 989 1323 regularium

337 1334 497 1368 Minorum
534 1341 794 1379 nuncupatorum
837 1325 1017 1375 obtenta‚]

338 1398 422 1431 quae
435 1388 625 1421 eorumdem
643 1388 926 1422 constitutionibus
936 1388 991 1422 ad-

339 1447 516 1482 versantur,
543 1442 615 1474 739.

249 1492 350 1528 DCLt.
386 1493 553 1534 Declarat,
595 1495 682 1538 quod
719 1494 751 1527 in
787 1494 1018 1528 monasteriis'·

339 1547 370 1581 S.
395 1547 500 1581 Basilii
527 1548 577 1581 del
603 1548 730 1581 Tardon
756 1554 784 1581 et
810 1549 840 1582 S.
862 1550 989 1582 Antonii

341 1601 380 1634 de
405 1600 631 1643 Gualliguillos
652 1602 809 1635 choristae
835 1608 865 1635 et
892 1612 992 1636 sacer-

340 1654 431 1688 dotes
456 1661 614 1698 quartam,
634 1655 703 1687 laici
726 1666 801 1688 vero
821 1656 899 1689 alias
929 1662 992 1690 tres

339 1713 447 1751 partes
473 1709 680 1750 constituant,
709 1709 783 1741 ΤΗ.
1018 1742 1019 1745 ,

251 1759 365 1794 DCth.
385 1759 586 1802 Indulgentia
606 1761 750 1804 plenaria
765 1768 921 1805 perpetua
935 1772 992 1806 pro

342 1813 557 1846 confratribus
591 1820 622 1846 et
653 1815 882 1847 consororibus
918 1827 994 1849 eon—

342 1867 550 1900 fraternitatis
581 1867 640 1900 sub
680 1868 880 1901 invocatione
912 1868 993 1903 Con-

343 1921 498 1964 ceptionis
524 1920 555 1953 B.
577 1921 692 1954 Mariae
715 1920 851 1963 Virginis
874 1922 933 1955 loci
955 1923 994 1956 de

341 1973 441 2008 Cliaul
478 1974 612 2007 Goensis
638 1975 794 2009 dioecesis
831 1975 863 2008 in
896 1971 1021 2024 lndiis]

342 2027 562 2063 orientalibus.
593 2027 665 2061 7213.
1020 2028 1021 2057 l

1670 206 1734 240 807

1038 264 1168 299 DCLlll.
1199 265 1374 308 Abrogatio
1407 266 1552 299 omnium
1585 265 1775 311 privilegio-

1127 330 1197 352 rum
1228 320 1446 363 personalium
1473 320 1626 354 fratribus
1652 320 1781 355 Ordinis

1127 372 1283 406 Minorum
1303 384 1541 413 concessorum,
1571 374 1644 407 744.

1038 425 1168 460 DCLtV.
1198 427 1366 460 Restitutio
1388 434 1513 471 patrum
1538 427 1721 471 provinciae
1746 434 1776 461 et

1129 480 1290 512 revocatio
1315 490 1369 512 scu
1398 480 1576 513 moderatio
1602 480 1780 524 Motuspro-

1129 532 1189 576 prii
1222 532 1367 575 Gregorii
1395 533 1448 566 XV
1474 543 1532 577 pro
1560 533 1623 566 tota
1660 532 1780 566 familia

1131 586 1368 619 ultramontana
1389 586 1520 621 Ordinis
1535 587 1694 620 Minorum
1713 597 1782 621 san-

1131 640 1172 672 cti
1195 640 1352 672 Francisei
1375 641 1413 674 de
1435 640 1655 681 Observantiti,
1679 642 1754 675 746.

1040 691 1155 727 DCLV.
1192 693 1392 734 Declaiatio,
1433 695 1519 738 quod
1555 705 1780 740 quaecumque

1130 748 1295 791 pactiones
1308 748 1550 791 particularium
1569 759 1777 792 personarum

1129 811 1227 845 super
1253 802 1414 834 montibus
1440 803 1487 835 vel
1511 802 1588 835 loeis
1621 802 1778 835 montium

1130 865 1344 898 quocumque,
1372 856 1471 888 factae
1502 855 1622 899 absque
1648 855 1783 889 Sanctae

1131 908 1220 941 Sedis
1247 909 1294 941 vel
1326 915 1543 952 protectorum
1573 915 1627 943 aut
1662 909 1782 943 officia-

1132 961 1209 993 lium
1235 961 1274 994 ad
1297 961 1328 995 id
1357 968 1386 995 et
1410 963 1449 994 ad
1476 962 1711 996 conficiendum
1738 963 1784 997 lit-

1132 1020 1216 1046 teras
1233 1020 1378 1057 patentes
1399 1015 1625 1059 deputatorum
1645 1014 1783 1057 licentia,

1132 1077 1196 1100 non
1223 1068 1439 1109 attendantur,
1461 1079 1519 1102 nec
1537 1069 1677 1103 afficiant
1696 1079 1782 1104 mon—

1133 1126 1178 1154 tes
1199 1127 1230 1154 et
1250 1122 1320 1154 loca
1342 1122 1537 1159 huiusmodi,
1567 1123 1640 1157 748.

1042 1173 1170 1208 DCLVI.
1192 1175 1310 1209 Contra
1327 1176 1512 1219 superiores
1529 1175 1662 1211 Ordinis
1682 1176 1783 1212 Mino-

1133 1238 1203 1261 rum
1222 1229 1322 1261 sancti
1342 1229 1500 1262 Francisci
1517 1230 1555 1262 de
1573 1229 1784 1265 observantia

1133 1287 1161 1314 et
1177 1282 1450 1319 Reformatorum,
1471 1283 1536 1326 qui⁷
1553 1284 1675 1317 favores
1693 1289 1784 1318 extra

1132 1345 1225 1368 suum
1250 1334 1407 1370 Ordinem
1429 1336 1641 1376 attendentes,
1666 1337 1783 1380 officia

1133 1388 1303 1431 dignitates
1330 1394 1361 1422 et
1385 1390 1505 1433 gratias
1531 1389 1729 1429 concedunt;
1755 1396 1786 1424 et

1133 1449 1244 1475 contra
1261 1442 1391 1475 eosdem
1411 1443 1526 1476 fratres
1541 1443 1642 1476 dictos
1660 1443 1786 1477 favores

1133 1496 1371 1540 conquirentes,
1395 1503 1455 1529 etc.
1481 1497 1554 1529 749.

1044 1550 1188 1584 DCLVll.
1226 1542 1319 1592 Quod
1354 1551 1522 1583 consilium
1556 1556 1655 1584 status
1683 1550 1787 1596 hospi-

1135 1604 1203 1637 talis
1218 1604 1247 1637 S.
1262 1604 1388 1637 loannis
1409 1604 1787 1648 l‘licrosolymitani‚sede

1132 1657 1305 1700 magistrali
1323 1664 1464 1697 vacante,
1480 1658 1578 1701 possit
1592 1659 1722 1703 quidem
1740 1659 1786 1692 uti

1132 1711 1189 1744 sua
1215 1711 1377 1744 ordinaria
1411 1711 1602 1744 auctoritate
1628 1712 1658 1744 in
1686 1712 1788 1755 provi·

1135 1765 1240 1797 dendo
1271 1765 1366 1797 rebus
1391 1764 1466 1797 dicti
1497 1765 1663 1808 hospitalis
1688 1772 1718 1798 et
1744 1765 1788 1799 in-

1134 1818 1221 1850 sulae
1239 1818 1417 1857 Melitanae,
1435 1828 1498 1850 non
1519 1824 1621 1851 tamen
1644 1819 1786 1852 adimere

1133 1882 1190 1904 seu
1225 1871 1406 1904 diminuere
1434 1872 1610 1915 privilegia,
1643 1872 1786 1906 redditus

1134 1930 1164 1957 et
1193 1925 1261 1957 iura
1282 1935 1398 1968 magno
1424 1926 1576 1968 magistro
1602 1932 1787 1970 competen—

1135 1978 1188 2019 tia,
1218 1978 1290 2013 750.

760 2235 858 2270 FINIS
881 2235 972 2270 TOMt
996 2236 1280 2276 DECIMIQUARTI.

912 2494 943 2527 V.
969 2505 1007 2527 ex
1027 2493 1227 2537 cleleqatione
1247 2494 1284 2527 D.
1309 2494 1347 2527 D.
1371 2494 1617 2539 Arclu'episcopi
1641 2495 1739 2529 Taur.

974 2556 1007 2589 P.
1032 2557 1244 2591 Cronovimrs
1263 2566 1282 2589 A
1302 2555 1505 2590 Commoris
1525 2555 1600 2590 Ord.
1622 2556 1694 2591 Min.
