<?xml version="1.0" encoding="UTF-8"?>
<!DOCTYPE html PUBLIC "-//W3C//DTD XHTML 1.0 Transitional//EN"
    "http://www.w3.org/TR/xhtml1/DTD/xhtml1-transitional.dtd">
<html xmlns="http://www.w3.org/1999/xhtml" xml:lang="en" lang="en">
 <head>
  <title>
</title>
<meta http-equiv="Content-Type" content="text/html;charset=utf-8" />
  <meta name='ocr-system' content='tesseract 3.04.00' />
  <meta name='ocr-capabilities' content='ocr_page ocr_carea ocr_par ocr_line ocrx_word'/>
</head>
<body>
  <div class='ocr_page' id='page_1' title='image "./bullarumdiplomat14cath_0813.png"; bbox 0 0 2248 3229; ppageno 0'>
   <div class='ocr_carea' id='block_1_1' title="bbox 71 193 256 224">
    <p class='ocr_par' dir='ltr' id='par_1_1' title="bbox 71 193 256 224">
     <span class='ocr_line' id='line_1_1' title="bbox 71 193 256 224; baseline 0.011 -2"><span class='ocrx_word' id='word_1_1' title='bbox 71 194 122 223; x_wconf 79' lang='lat' dir='ltr'>An.</span> <span class='ocrx_word' id='word_1_2' title='bbox 142 193 172 223; x_wconf 86' lang='lat' dir='ltr'>C.</span> <span class='ocrx_word' id='word_1_3' title='bbox 188 194 256 224; x_wconf 79' lang='lat'><strong>1639</strong></span> 
     </span>
    </p>
   </div>
   <div class='ocr_carea' id='block_1_2' title="bbox 71 582 257 684">
    <p class='ocr_par' dir='ltr' id='par_1_2' title="bbox 71 582 257 684">
     <span class='ocr_line' id='line_1_2' title="bbox 99 582 256 604; baseline -0.006 0"><span class='ocrx_word' id='word_1_4' title='bbox 99 582 181 604; x_wconf 81' lang='lat' dir='ltr'>Dictum</span> <span class='ocrx_word' id='word_1_5' title='bbox 192 582 256 603; x_wconf 74' lang='lat' dir='ltr'>veeti-</span> 
     </span>
     <span class='ocr_line' id='line_1_3' title="bbox 72 609 257 635; baseline -0.005 -5"><span class='ocrx_word' id='word_1_6' title='bbox 72 609 106 635; x_wconf 73' lang='grc' dir='ltr'>μ]</span> <span class='ocrx_word' id='word_1_7' title='bbox 138 609 257 635; x_wconf 69' lang='lat' dir='ltr'>augendum</span> 
     </span>
     <span class='ocr_line' id='line_1_4' title="bbox 71 636 257 656; baseline 0 0"><span class='ocrx_word' id='word_1_8' title='bbox 71 638 160 656; x_wconf 66' lang='lat' dir='ltr'>senalus</span> <span class='ocrx_word' id='word_1_9' title='bbox 177 636 257 656; x_wconf 76' lang='lat' dir='ltr'>Pauor·</span> 
     </span>
     <span class='ocr_line' id='line_1_5' title="bbox 72 663 256 684; baseline -0.005 0"><span class='ocrx_word' id='word_1_10' title='bbox 72 663 162 684; x_wconf 73' lang='lat' dir='ltr'>mimus</span> <span class='ocrx_word' id='word_1_11' title='bbox 177 665 256 684; x_wconf 76' lang='lat' dir='ltr'>conset.</span> 
     </span>
    </p>
   </div>
   <div class='ocr_carea' id='block_1_3' title="bbox 74 2177 260 2285">
    <p class='ocr_par' dir='ltr' id='par_1_3' title="bbox 74 2177 260 2285">
     <span class='ocr_line' id='line_1_6' title="bbox 162 2177 259 2207; baseline 0 -9"><span class='ocrx_word' id='word_1_12' title='bbox 162 2177 259 2207; x_wconf 73' lang='lat' dir='ltr'>illudque</span> 
     </span>
     <span class='ocr_line' id='line_1_7' title="bbox 74 2204 260 2226; baseline -0.011 0"><span class='ocrx_word' id='word_1_13' title='bbox 74 2204 102 2226; x_wconf 77' lang='lat' dir='ltr'>ab</span> <span class='ocrx_word' id='word_1_14' title='bbox 109 2204 260 2225; x_wconf 63' lang='lat' dir='ltr'>eeclesia-tici·</span> 
     </span>
     <span class='ocr_line' id='line_1_8' title="bbox 74 2231 258 2285; baseline -0.005 -6"><span class='ocrx_word' id='word_1_15' title='bbox 74 2232 216 2285; x_wconf 46' lang='lat' dir='ltr'>tierent*</span> <span class='ocrx_word' id='word_1_16' title='bbox 224 2231 258 2252; x_wconf 78' lang='lat'>‘¹⁰&#39;</span> 
     </span>
    </p>
   </div>
   <div class='ocr_carea' id='block_1_4' title="bbox 271 196 1033 2644">
    <p class='ocr_par' dir='ltr' id='par_1_4' title="bbox 271 196 1033 2644">
     <span class='ocr_line' id='line_1_9' title="bbox 888 196 1030 221; baseline 0.007 -1"><span class='ocrx_word' id='word_1_17' title='bbox 888 196 1030 221; x_wconf 60' lang='lat' dir='ltr'>ennasus</span> 
     </span>
     <span class='ocr_line' id='line_1_10' title="bbox 271 243 1013 289; baseline 0 -11"><span class='ocrx_word' id='word_1_18' title='bbox 271 254 411 278; x_wconf 88' lang='lat' dir='ltr'>summas</span> <span class='ocrx_word' id='word_1_19' title='bbox 436 243 494 276; x_wconf 88' lang='lat' dir='ltr'>sibi</span> <span class='ocrx_word' id='word_1_20' title='bbox 520 243 642 277; x_wconf 83' lang='lat' dir='ltr'>debitas</span> <span class='ocrx_word' id='word_1_21' title='bbox 667 244 793 277; x_wconf 83' lang='lat' dir='ltr'>realiter</span> <span class='ocrx_word' id='word_1_22' title='bbox 818 250 847 278; x_wconf 85' lang='lat' dir='ltr'>et</span> <span class='ocrx_word' id='word_1_23' title='bbox 873 244 903 277; x_wconf 90' lang='lat' dir='ltr'>in</span> <span class='ocrx_word' id='word_1_24' title='bbox 922 256 1013 289; x_wconf 86' lang='lat' dir='ltr'>pecu-</span> 
     </span>
     <span class='ocr_line' id='line_1_11' title="bbox 271 297 1012 341; baseline 0 -11"><span class='ocrx_word' id='word_1_25' title='bbox 271 297 323 330; x_wconf 78' lang='lat' dir='ltr'>nia</span> <span class='ocrx_word' id='word_1_26' title='bbox 356 299 520 330; x_wconf 79' lang='lat' dir='ltr'>numerata</span> <span class='ocrx_word' id='word_1_27' title='bbox 550 303 837 341; x_wconf 75' lang='lat' dir='ltr'>consequeremur,</span> <span class='ocrx_word' id='word_1_28' title='bbox 866 298 1012 331; x_wconf 72' lang='lat' dir='ltr'>adhibitis</span> 
     </span>
     <span class='ocr_line' id='line_1_12' title="bbox 272 350 1012 395; baseline 0 -12"><span class='ocrx_word' id='word_1_29' title='bbox 272 356 440 395; x_wconf 87' lang='lat' dir='ltr'>propterea</span> <span class='ocrx_word' id='word_1_30' title='bbox 465 350 559 382; x_wconf 82' lang='lat' dir='ltr'>variis</span> <span class='ocrx_word' id='word_1_31' title='bbox 586 350 766 393; x_wconf 76' lang='lat' dir='ltr'>diligentiis,</span> <span class='ocrx_word' id='word_1_32' title='bbox 796 350 919 383; x_wconf 88' lang='lat' dir='ltr'>taudem</span> <span class='ocrx_word' id='word_1_33' title='bbox 941 362 1012 384; x_wconf 89' lang='lat' dir='ltr'>con-</span> 
     </span>
     <span class='ocr_line' id='line_1_13' title="bbox 272 403 1011 447; baseline 0.003 -12"><span class='ocrx_word' id='word_1_34' title='bbox 272 409 382 437; x_wconf 73' lang='lat' dir='ltr'>vocato</span> <span class='ocrx_word' id='word_1_35' title='bbox 399 403 449 436; x_wconf 92' lang='lat' dir='ltr'>die</span> <span class='ocrx_word' id='word_1_36' title='bbox 474 413 528 436; x_wconf 85' lang='lat' dir='ltr'>xnt</span> <span class='ocrx_word' id='word_1_37' title='bbox 554 403 703 436; x_wconf 87' lang='lat' dir='ltr'>februarii</span> <span class='ocrx_word' id='word_1_38' title='bbox 729 414 913 437; x_wconf 65' lang='lat' dir='ltr'>›mcxxxvm</span> <span class='ocrx_word' id='word_1_39' title='bbox 939 408 1011 447; x_wconf 86' lang='lat' dir='ltr'>pro&#39;-</span> 
     </span>
     <span class='ocr_line' id='line_1_14' title="bbox 272 456 1029 500; baseline -0.003 -12"><span class='ocrx_word' id='word_1_40' title='bbox 272 456 347 489; x_wconf 76' lang='lat' dir='ltr'>xinii</span> <span class='ocrx_word' id='word_1_41' title='bbox 366 456 526 500; x_wconf 86' lang='lat' dir='ltr'>praeteriti</span> <span class='ocrx_word' id='word_1_42' title='bbox 545 456 673 500; x_wconf 83' lang='lat' dir='ltr'>publico</span> <span class='ocrx_word' id='word_1_43' title='bbox 692 456 833 497; x_wconf 84' lang='lat' dir='ltr'>consilio,</span> <span class='ocrx_word' id='word_1_44' title='bbox 851 456 942 488; x_wconf 85' lang='lat' dir='ltr'>aliani</span> <span class='ocrx_word' id='word_1_45' title='bbox 961 466 1012 499; x_wconf 78' lang='lat' dir='ltr'>ga·</span> <span class='ocrx_word' id='word_1_46' title='bbox 1028 466 1029 486; x_wconf 78' lang='lat' dir='ltr'>t</span> 
     </span>
     <span class='ocr_line' id='line_1_15' title="bbox 272 508 1012 553; baseline 0 -12"><span class='ocrx_word' id='word_1_47' title='bbox 272 508 386 542; x_wconf 86' lang='lat' dir='ltr'>bellam</span> <span class='ocrx_word' id='word_1_48' title='bbox 408 509 542 541; x_wconf 89' lang='lat' dir='ltr'>duorum</span> <span class='ocrx_word' id='word_1_49' title='bbox 565 515 738 549; x_wconf 86' lang='lat' dir='ltr'>scutorum,</span> <span class='ocrx_word' id='word_1_50' title='bbox 758 513 882 553; x_wconf 90' lang='lat' dir='ltr'>praeter</span> <span class='ocrx_word' id='word_1_51' title='bbox 905 520 1012 553; x_wconf 84' lang='lat' dir='ltr'>supra-</span> 
     </span>
     <span class='ocr_line' id='line_1_16' title="bbox 273 562 1011 605; baseline -0.001 -10"><span class='ocrx_word' id='word_1_52' title='bbox 273 562 388 595; x_wconf 80' lang='lat' dir='ltr'>dietam</span> <span class='ocrx_word' id='word_1_53' title='bbox 406 562 535 605; x_wconf 75' lang='lat' dir='ltr'>triginta</span> <span class='ocrx_word' id='word_1_54' title='bbox 552 573 605 595; x_wconf 80' lang='lat' dir='ltr'>sex</span> <span class='ocrx_word' id='word_1_55' title='bbox 631 568 823 602; x_wconf 85' lang='lat' dir='ltr'>tarenorum,</span> <span class='ocrx_word' id='word_1_56' title='bbox 841 573 896 595; x_wconf 90' lang='lat' dir='ltr'>seu</span> <span class='ocrx_word' id='word_1_57' title='bbox 918 563 1011 595; x_wconf 90' lang='lat' dir='ltr'>trium</span> 
     </span>
     <span class='ocr_line' id='line_1_17' title="bbox 273 616 1011 660; baseline 0 -12"><span class='ocrx_word' id='word_1_58' title='bbox 273 621 433 648; x_wconf 85' lang='lat' dir='ltr'>scutorum</span> <span class='ocrx_word' id='word_1_59' title='bbox 452 616 612 656; x_wconf 80' lang='lat' dir='ltr'>similium,</span> <span class='ocrx_word' id='word_1_60' title='bbox 630 626 709 660; x_wconf 91' lang='lat' dir='ltr'>quae</span> <span class='ocrx_word' id='word_1_61' title='bbox 727 616 765 648; x_wconf 88' lang='lat' dir='ltr'>ad</span> <span class='ocrx_word' id='word_1_62' title='bbox 784 626 932 660; x_wconf 87' lang='lat' dir='ltr'>praesens</span> <span class='ocrx_word' id='word_1_63' title='bbox 950 616 1011 648; x_wconf 92' lang='lat' dir='ltr'>sol-</span> 
     </span>
     <span class='ocr_line' id='line_1_18' title="bbox 273 665 1031 713; baseline -0.001 -11"><span class='ocrx_word' id='word_1_64' title='bbox 273 669 364 710; x_wconf 69' lang='lat' dir='ltr'>vitur,</span> <span class='ocrx_word' id='word_1_65' title='bbox 383 669 424 702; x_wconf 88' lang='lat' dir='ltr'>ita</span> <span class='ocrx_word' id='word_1_66' title='bbox 443 675 476 702; x_wconf 91' lang='lat' dir='ltr'>ut</span> <span class='ocrx_word' id='word_1_67' title='bbox 501 669 530 702; x_wconf 94' lang='lat' dir='ltr'>in</span> <span class='ocrx_word' id='word_1_68' title='bbox 556 675 655 702; x_wconf 89' lang='lat' dir='ltr'>totum</span> <span class='ocrx_word' id='word_1_69' title='bbox 680 670 818 713; x_wconf 84' lang='lat' dir='ltr'>quinque</span> <span class='ocrx_word' id='word_1_70' title='bbox 843 673 929 703; x_wconf 87' lang='lat' dir='ltr'>scuta</span> <span class='ocrx_word' id='word_1_71' title='bbox 954 665 1031 702; x_wconf 70' lang='lat' dir='ltr'>sot-3</span> 
     </span>
     <span class='ocr_line' id='line_1_19' title="bbox 272 722 1030 766; baseline 0 -12"><span class='ocrx_word' id='word_1_72' title='bbox 272 726 384 756; x_wconf 75' lang='lat' dir='ltr'>vantur</span> <span class='ocrx_word' id='word_1_73' title='bbox 401 733 460 766; x_wconf 90' lang='lat' dir='ltr'>pro</span> <span class='ocrx_word' id='word_1_74' title='bbox 485 722 625 766; x_wconf 89' lang='lat' dir='ltr'>quolibet</span> <span class='ocrx_word' id='word_1_75' title='bbox 645 723 729 756; x_wconf 92' lang='lat' dir='ltr'>dolio</span> <span class='ocrx_word' id='word_1_76' title='bbox 755 722 816 755; x_wconf 71' lang='lat' dir='ltr'>vini</span> <span class='ocrx_word' id='word_1_77' title='bbox 842 722 872 755; x_wconf 93' lang='lat' dir='ltr'>in</span> <span class='ocrx_word' id='word_1_78' title='bbox 897 722 1030 763; x_wconf 65' lang='lat' dir='ltr'>dietam,</span> 
     </span>
     <span class='ocr_line' id='line_1_20' title="bbox 271 771 1029 819; baseline 0 -11"><span class='ocrx_word' id='word_1_79' title='bbox 271 774 429 808; x_wconf 76' lang='lat' dir='ltr'>civitatem</span> <span class='ocrx_word' id='word_1_80' title='bbox 453 775 691 819; x_wconf 80' lang='lat' dir='ltr'>quomodolibet</span> <span class='ocrx_word' id='word_1_81' title='bbox 716 775 951 817; x_wconf 86' lang='lat' dir='ltr'>introducendi,</span> <span class='ocrx_word' id='word_1_82' title='bbox 977 771 1029 808; x_wconf 59' lang='lat' dir='ltr'>ac*</span> 
     </span>
     <span class='ocr_line' id='line_1_21' title="bbox 271 828 1029 862; baseline 0.001 -1"><span class='ocrx_word' id='word_1_83' title='bbox 271 828 310 861; x_wconf 90' lang='lat' dir='ltr'>ab</span> <span class='ocrx_word' id='word_1_84' title='bbox 334 828 446 862; x_wconf 87' lang='lat' dir='ltr'>incolis</span> <span class='ocrx_word' id='word_1_85' title='bbox 465 834 495 861; x_wconf 89' lang='lat' dir='ltr'>et</span> <span class='ocrx_word' id='word_1_86' title='bbox 517 829 746 862; x_wconf 85' lang='lat' dir='ltr'>habitatoribus</span> <span class='ocrx_word' id='word_1_87' title='bbox 763 829 862 862; x_wconf 81' lang='lat' dir='ltr'>dictae</span> <span class='ocrx_word' id='word_1_88' title='bbox 880 829 1012 862; x_wconf 70' lang='lat' dir='ltr'>civitatis</span> <span class='ocrx_word' id='word_1_89' title='bbox 1028 829 1029 842; x_wconf 67' lang='lat'>¹</span> 
     </span>
     <span class='ocr_line' id='line_1_22' title="bbox 272 882 1010 926; baseline 0 -12"><span class='ocrx_word' id='word_1_90' title='bbox 272 886 301 914; x_wconf 89' lang='lat' dir='ltr'>ct</span> <span class='ocrx_word' id='word_1_91' title='bbox 326 882 476 915; x_wconf 74' lang='lat' dir='ltr'>circuitus</span> <span class='ocrx_word' id='word_1_92' title='bbox 502 882 584 915; x_wconf 88' lang='lat' dir='ltr'>illius</span> <span class='ocrx_word' id='word_1_93' title='bbox 607 892 664 926; x_wconf 90' lang='lat' dir='ltr'>per</span> <span class='ocrx_word' id='word_1_94' title='bbox 682 892 779 914; x_wconf 90' lang='lat' dir='ltr'>unum</span> <span class='ocrx_word' id='word_1_95' title='bbox 800 882 933 914; x_wconf 89' lang='lat' dir='ltr'>milliare</span> <span class='ocrx_word' id='word_1_96' title='bbox 951 882 1010 914; x_wconf 87' lang='lat' dir='ltr'>cir-</span> 
     </span>
     <span class='ocr_line' id='line_1_23' title="bbox 272 936 1013 976; baseline -0.001 -7"><span class='ocrx_word' id='word_1_97' title='bbox 272 936 431 969; x_wconf 86' lang='lat' dir='ltr'>cumcirca</span> <span class='ocrx_word' id='word_1_98' title='bbox 448 936 601 969; x_wconf 75' lang='lat' dir='ltr'>vendendi</span> <span class='ocrx_word' id='word_1_99' title='bbox 626 947 680 969; x_wconf 89' lang='lat' dir='ltr'>seu</span> <span class='ocrx_word' id='word_1_100' title='bbox 706 936 921 976; x_wconf 88' lang='lat' dir='ltr'>consumendi,</span> <span class='ocrx_word' id='word_1_101' title='bbox 941 936 1013 968; x_wconf 86' lang='lat' dir='ltr'>abo-</span> 
     </span>
     <span class='ocr_line' id='line_1_24' title="bbox 272 989 1011 1033; baseline -0.001 -11"><span class='ocrx_word' id='word_1_102' title='bbox 272 989 326 1022; x_wconf 83' lang='lat' dir='ltr'>lita</span> <span class='ocrx_word' id='word_1_103' title='bbox 351 995 379 1023; x_wconf 89' lang='lat' dir='ltr'>et</span> <span class='ocrx_word' id='word_1_104' title='bbox 405 991 541 1023; x_wconf 78' lang='lat' dir='ltr'>extincta</span> <span class='ocrx_word' id='word_1_105' title='bbox 561 990 620 1022; x_wconf 79' lang='lat' dir='ltr'>alia</span> <span class='ocrx_word' id='word_1_106' title='bbox 641 989 763 1033; x_wconf 67' lang='lat' dir='ltr'>gabellii</span> <span class='ocrx_word' id='word_1_107' title='bbox 782 989 890 1032; x_wconf 76' lang='lat' dir='ltr'>viginti</span> <span class='ocrx_word' id='word_1_108' title='bbox 916 989 1011 1021; x_wconf 88' lang='lat' dir='ltr'>trium</span> 
     </span>
     <span class='ocr_line' id='line_1_25' title="bbox 273 1043 1030 1087; baseline -0.001 -11"><span class='ocrx_word' id='word_1_109' title='bbox 273 1048 455 1076; x_wconf 88' lang='lat' dir='ltr'>tarenorum</span> <span class='ocrx_word' id='word_1_110' title='bbox 477 1049 507 1076; x_wconf 87' lang='lat' dir='ltr'>et</span> <span class='ocrx_word' id='word_1_111' title='bbox 527 1053 698 1086; x_wconf 85' lang='lat' dir='ltr'>granorum</span> <span class='ocrx_word' id='word_1_112' title='bbox 720 1043 828 1076; x_wconf 87' lang='lat' dir='ltr'>decem</span> <span class='ocrx_word' id='word_1_113' title='bbox 854 1053 914 1087; x_wconf 91' lang='lat' dir='ltr'>pro</span> <span class='ocrx_word' id='word_1_114' title='bbox 938 1054 1030 1087; x_wconf 61' lang='lat' dir='ltr'>quo-1</span> 
     </span>
     <span class='ocr_line' id='line_1_26' title="bbox 273 1095 1008 1140; baseline 0.001 -12"><span class='ocrx_word' id='word_1_115' title='bbox 273 1095 350 1129; x_wconf 89' lang='lat' dir='ltr'>libet</span> <span class='ocrx_word' id='word_1_116' title='bbox 373 1096 459 1130; x_wconf 91' lang='lat' dir='ltr'>dolio</span> <span class='ocrx_word' id='word_1_117' title='bbox 483 1097 545 1129; x_wconf 75' lang='lat' dir='ltr'>vini</span> <span class='ocrx_word' id='word_1_118' title='bbox 576 1097 701 1130; x_wconf 81' lang='lat' dir='ltr'>aliunde</span> <span class='ocrx_word' id='word_1_119' title='bbox 732 1107 825 1140; x_wconf 91' lang='lat' dir='ltr'>quam</span> <span class='ocrx_word' id='word_1_120' title='bbox 858 1107 894 1129; x_wconf 80' lang='lat' dir='ltr'>ex</span> <span class='ocrx_word' id='word_1_121' title='bbox 921 1097 1008 1129; x_wconf 86' lang='lat' dir='ltr'>terri-</span> 
     </span>
     <span class='ocr_line' id='line_1_27' title="bbox 273 1150 1014 1195; baseline 0.001 -12"><span class='ocrx_word' id='word_1_122' title='bbox 273 1150 362 1183; x_wconf 89' lang='lat' dir='ltr'>toriis</span> <span class='ocrx_word' id='word_1_123' title='bbox 385 1150 486 1184; x_wconf 87' lang='lat' dir='ltr'>dictae</span> <span class='ocrx_word' id='word_1_124' title='bbox 507 1150 640 1184; x_wconf 86' lang='lat' dir='ltr'>civitatis</span> <span class='ocrx_word' id='word_1_125' title='bbox 664 1150 893 1193; x_wconf 84' lang='lat' dir='ltr'>introducendi,</span> <span class='ocrx_word' id='word_1_126' title='bbox 919 1150 1014 1195; x_wconf 91' lang='lat' dir='ltr'>impo-</span> 
     </span>
     <span class='ocr_line' id='line_1_28' title="bbox 273 1202 1031 1247; baseline 0 -11"><span class='ocrx_word' id='word_1_127' title='bbox 273 1209 412 1237; x_wconf 89' lang='lat' dir='ltr'>suerunt.</span> <span class='ocrx_word' id='word_1_128' title='bbox 431 1203 464 1236; x_wconf 88' lang='lat' dir='ltr'>ln</span> <span class='ocrx_word' id='word_1_129' title='bbox 482 1213 543 1247; x_wconf 91' lang='lat' dir='ltr'>qua</span> <span class='ocrx_word' id='word_1_130' title='bbox 559 1202 686 1247; x_wconf 87' lang='lat' dir='ltr'>quidem</span> <span class='ocrx_word' id='word_1_131' title='bbox 705 1203 906 1246; x_wconf 72' lang='lat' dir='ltr'>impositione</span> <span class='ocrx_word' id='word_1_132' title='bbox 924 1213 1013 1236; x_wconf 90' lang='lat' dir='ltr'>sena·</span> <span class='ocrx_word' id='word_1_133' title='bbox 1028 1210 1031 1223; x_wconf 79' lang='lat'><strong>⁴</strong></span> 
     </span>
     <span class='ocr_line' id='line_1_29' title="bbox 273 1256 1012 1301; baseline 0 -11"><span class='ocrx_word' id='word_1_134' title='bbox 273 1263 322 1290; x_wconf 93' lang='lat' dir='ltr'>tus</span> <span class='ocrx_word' id='word_1_135' title='bbox 349 1267 385 1290; x_wconf 92' lang='lat' dir='ltr'>ac</span> <span class='ocrx_word' id='word_1_136' title='bbox 413 1256 560 1301; x_wconf 71' lang='lat' dir='ltr'>syndicus</span> <span class='ocrx_word' id='word_1_137' title='bbox 590 1262 620 1290; x_wconf 93' lang='lat' dir='ltr'>et</span> <span class='ocrx_word' id='word_1_138' title='bbox 646 1262 835 1300; x_wconf 88' lang='lat' dir='ltr'>procurator</span> <span class='ocrx_word' id='word_1_139' title='bbox 863 1257 1012 1300; x_wconf 89' lang='lat' dir='ltr'>praedicti</span> 
     </span>
     <span class='ocr_line' id='line_1_30' title="bbox 272 1310 1012 1356; baseline 0 -12"><span class='ocrx_word' id='word_1_140' title='bbox 272 1321 423 1356; x_wconf 86' lang='lat' dir='ltr'>personas</span> <span class='ocrx_word' id='word_1_141' title='bbox 447 1310 674 1344; x_wconf 87' lang='lat' dir='ltr'>ecclesiasticas</span> <span class='ocrx_word' id='word_1_142' title='bbox 698 1311 785 1343; x_wconf 91' lang='lat' dir='ltr'>nullo</span> <span class='ocrx_word' id='word_1_143' title='bbox 811 1310 905 1343; x_wconf 90' lang='lat' dir='ltr'>modo</span> <span class='ocrx_word' id='word_1_144' title='bbox 926 1322 1012 1344; x_wconf 89' lang='lat' dir='ltr'>com-</span> 
     </span>
     <span class='ocr_line' id='line_1_31' title="bbox 273 1364 1015 1410; baseline -0.004 -11"><span class='ocrx_word' id='word_1_145' title='bbox 273 1364 518 1410; x_wconf 87' lang='lat' dir='ltr'>prehenderunt,</span> <span class='ocrx_word' id='word_1_146' title='bbox 537 1364 595 1397; x_wconf 90' lang='lat' dir='ltr'>nisi</span> <span class='ocrx_word' id='word_1_147' title='bbox 613 1364 730 1397; x_wconf 89' lang='lat' dir='ltr'>eisdem</span> <span class='ocrx_word' id='word_1_148' title='bbox 751 1364 872 1397; x_wconf 87' lang='lat' dir='ltr'>senatui</span> <span class='ocrx_word' id='word_1_149' title='bbox 898 1370 927 1397; x_wconf 91' lang='lat' dir='ltr'>et</span> <span class='ocrx_word' id='word_1_150' title='bbox 947 1375 1015 1409; x_wconf 62' lang='lat' dir='ltr'>syn-</span> 
     </span>
     <span class='ocr_line' id='line_1_32' title="bbox 273 1417 1014 1462; baseline -0.001 -11"><span class='ocrx_word' id='word_1_151' title='bbox 273 1418 344 1453; x_wconf 85' lang='lat' dir='ltr'>dico</span> <span class='ocrx_word' id='word_1_152' title='bbox 364 1422 394 1452; x_wconf 89' lang='lat' dir='ltr'>et</span> <span class='ocrx_word' id='word_1_153' title='bbox 410 1418 609 1462; x_wconf 75' lang='lat' dir='ltr'>procuratori</span> <span class='ocrx_word' id='word_1_154' title='bbox 626 1417 751 1451; x_wconf 89' lang='lat' dir='ltr'>easdem</span> <span class='ocrx_word' id='word_1_155' title='bbox 767 1428 918 1461; x_wconf 75' lang='lat' dir='ltr'>personas</span> <span class='ocrx_word' id='word_1_156' title='bbox 932 1428 1014 1451; x_wconf 89' lang='lat' dir='ltr'>com-</span> 
     </span>
     <span class='ocr_line' id='line_1_33' title="bbox 273 1471 1013 1518; baseline -0.001 -12"><span class='ocrx_word' id='word_1_157' title='bbox 273 1472 490 1518; x_wconf 82' lang='lat' dir='ltr'>prehendendi</span> <span class='ocrx_word' id='word_1_158' title='bbox 521 1482 538 1504; x_wconf 93' lang='lat' dir='ltr'>a</span> <span class='ocrx_word' id='word_1_159' title='bbox 569 1472 660 1506; x_wconf 90' lang='lat' dir='ltr'>nobis</span> <span class='ocrx_word' id='word_1_160' title='bbox 696 1477 725 1505; x_wconf 90' lang='lat' dir='ltr'>et</span> <span class='ocrx_word' id='word_1_161' title='bbox 750 1471 829 1506; x_wconf 89' lang='lat' dir='ltr'>Sede</span> <span class='ocrx_word' id='word_1_162' title='bbox 854 1472 1013 1516; x_wconf 77' lang='lat' dir='ltr'>praedicta</span> 
     </span>
     <span class='ocr_line' id='line_1_34' title="bbox 273 1525 1033 1587; baseline -0.003 -27"><span class='ocrx_word' id='word_1_163' title='bbox 273 1527 403 1560; x_wconf 81' lang='lat' dir='ltr'>facultas</span> <span class='ocrx_word' id='word_1_164' title='bbox 425 1525 653 1560; x_wconf 77' lang='lat' dir='ltr'>concederetur</span> <span class='ocrx_word' id='word_1_165' title='bbox 673 1525 758 1558; x_wconf 86' lang='lat' dir='ltr'>iuxta</span> <span class='ocrx_word' id='word_1_166' title='bbox 780 1536 942 1559; x_wconf 88' lang='lat' dir='ltr'>sacrorum</span> <span class='ocrx_word' id='word_1_167' title='bbox 964 1534 1033 1587; x_wconf 55' lang='grc' dir='ltr'><strong>ρει-ἱ</strong></span> 
     </span>
     <span class='ocr_line' id='line_1_35' title="bbox 272 1579 1033 1624; baseline -0.001 -10"><span class='ocrx_word' id='word_1_168' title='bbox 272 1591 390 1614; x_wconf 90' lang='lat' dir='ltr'>nonum</span> <span class='ocrx_word' id='word_1_169' title='bbox 404 1579 656 1624; x_wconf 75' lang='lat' dir='ltr'>dispositionem,</span> <span class='ocrx_word' id='word_1_170' title='bbox 671 1579 906 1612; x_wconf 84' lang='lat' dir='ltr'>remanentibus</span> <span class='ocrx_word' id='word_1_171' title='bbox 916 1580 944 1612; x_wconf 91' lang='lat' dir='ltr'>in</span> <span class='ocrx_word' id='word_1_172' title='bbox 955 1580 1014 1613; x_wconf 89' lang='lat' dir='ltr'>hoc</span> <span class='ocrx_word' id='word_1_173' title='bbox 1030 1590 1033 1606; x_wconf 74' lang='lat'>⁸</span> 
     </span>
     <span class='ocr_line' id='line_1_36' title="bbox 273 1632 1015 1678; baseline -0.001 -11"><span class='ocrx_word' id='word_1_174' title='bbox 273 1644 345 1667; x_wconf 85' lang='lat' dir='ltr'>casu</span> <span class='ocrx_word' id='word_1_175' title='bbox 360 1633 504 1678; x_wconf 84' lang='lat' dir='ltr'>personis</span> <span class='ocrx_word' id='word_1_176' title='bbox 521 1632 738 1666; x_wconf 86' lang='lat' dir='ltr'>ecclesiasticis</span> <span class='ocrx_word' id='word_1_177' title='bbox 757 1633 925 1676; x_wconf 88' lang='lat' dir='ltr'>praedictis</span> <span class='ocrx_word' id='word_1_178' title='bbox 942 1634 1015 1666; x_wconf 88' lang='lat' dir='ltr'>libe—</span> 
     </span>
     <span class='ocr_line' id='line_1_37' title="bbox 272 1685 1014 1730; baseline -0.001 -9"><span class='ocrx_word' id='word_1_179' title='bbox 272 1688 327 1730; x_wconf 87' lang='lat' dir='ltr'>ris,</span> <span class='ocrx_word' id='word_1_180' title='bbox 351 1686 546 1720; x_wconf 87' lang='lat' dir='ltr'>immunibus</span> <span class='ocrx_word' id='word_1_181' title='bbox 570 1691 600 1719; x_wconf 88' lang='lat' dir='ltr'>et</span> <span class='ocrx_word' id='word_1_182' title='bbox 624 1685 778 1730; x_wconf 83' lang='lat' dir='ltr'>exemptis</span> <span class='ocrx_word' id='word_1_183' title='bbox 807 1697 867 1730; x_wconf 90' lang='lat' dir='ltr'>pro</span> <span class='ocrx_word' id='word_1_184' title='bbox 892 1688 1014 1730; x_wconf 89' lang='lat' dir='ltr'>quanti-</span> 
     </span>
     <span class='ocr_line' id='line_1_38' title="bbox 274 1739 1014 1783; baseline 0 -10"><span class='ocrx_word' id='word_1_185' title='bbox 274 1746 334 1774; x_wconf 90' lang='lat' dir='ltr'>tate</span> <span class='ocrx_word' id='word_1_186' title='bbox 358 1740 442 1780; x_wconf 78' lang='lat' dir='ltr'>vini,</span> <span class='ocrx_word' id='word_1_187' title='bbox 467 1749 560 1783; x_wconf 86' lang='lat' dir='ltr'>quam</span> <span class='ocrx_word' id='word_1_188' title='bbox 589 1749 647 1783; x_wconf 88' lang='lat' dir='ltr'>pro</span> <span class='ocrx_word' id='word_1_189' title='bbox 678 1739 742 1772; x_wconf 88' lang='lat' dir='ltr'>suis</span> <span class='ocrx_word' id='word_1_190' title='bbox 770 1745 800 1772; x_wconf 88' lang='lat' dir='ltr'>et</span> <span class='ocrx_word' id='word_1_191' title='bbox 824 1740 1014 1773; x_wconf 81' lang='lat' dir='ltr'>familiarum</span> 
     </span>
     <span class='ocr_line' id='line_1_39' title="bbox 274 1793 1015 1834; baseline 0.001 -8"><span class='ocrx_word' id='word_1_192' title='bbox 274 1803 402 1827; x_wconf 87' lang='lat' dir='ltr'>suarum</span> <span class='ocrx_word' id='word_1_193' title='bbox 420 1793 529 1826; x_wconf 87' lang='lat' dir='ltr'>usibus</span> <span class='ocrx_word' id='word_1_194' title='bbox 553 1798 786 1834; x_wconf 85' lang='lat' dir='ltr'>consumerent,</span> <span class='ocrx_word' id='word_1_195' title='bbox 803 1794 896 1826; x_wconf 88' lang='lat' dir='ltr'>etiam</span> <span class='ocrx_word' id='word_1_196' title='bbox 922 1794 1015 1827; x_wconf 77' lang='lat' dir='ltr'>liuius</span> 
     </span>
     <span class='ocr_line' id='line_1_40' title="bbox 274 1846 1014 1891; baseline 0.003 -11"><span class='ocrx_word' id='word_1_197' title='bbox 274 1846 481 1891; x_wconf 85' lang='lat' dir='ltr'>exemptionis</span> <span class='ocrx_word' id='word_1_198' title='bbox 505 1846 568 1879; x_wconf 88' lang='lat' dir='ltr'>sive</span> <span class='ocrx_word' id='word_1_199' title='bbox 594 1846 801 1880; x_wconf 90' lang='lat' dir='ltr'>immunitatis</span> <span class='ocrx_word' id='word_1_200' title='bbox 821 1848 935 1882; x_wconf 90' lang='lat' dir='ltr'>solutio</span> <span class='ocrx_word' id='word_1_201' title='bbox 960 1859 1014 1882; x_wconf 85' lang='lat' dir='ltr'>seu</span> 
     </span>
     <span class='ocr_line' id='line_1_41' title="bbox 274 1901 1016 1949; baseline 0.003 -15"><span class='ocrx_word' id='word_1_202' title='bbox 274 1901 443 1934; x_wconf 81' lang='lat' dir='ltr'>satisfactio</span> <span class='ocrx_word' id='word_1_203' title='bbox 454 1901 598 1944; x_wconf 83' lang='lat' dir='ltr'>personis</span> <span class='ocrx_word' id='word_1_204' title='bbox 611 1901 830 1949; x_wconf 46' lang='lat' dir='ltr'>ecflesiasticis</span> <span class='ocrx_word' id='word_1_205' title='bbox 848 1902 1016 1946; x_wconf 89' lang='lat' dir='ltr'>praedictis</span> 
     </span>
     <span class='ocr_line' id='line_1_42' title="bbox 273 1953 1015 1999; baseline 0.003 -12"><span class='ocrx_word' id='word_1_206' title='bbox 273 1965 330 1999; x_wconf 87' lang='lat' dir='ltr'>per</span> <span class='ocrx_word' id='word_1_207' title='bbox 354 1953 480 1988; x_wconf 90' lang='lat' dir='ltr'>eosdem</span> <span class='ocrx_word' id='word_1_208' title='bbox 502 1959 642 1986; x_wconf 88' lang='lat' dir='ltr'>senatum</span> <span class='ocrx_word' id='word_1_209' title='bbox 661 1958 691 1986; x_wconf 88' lang='lat' dir='ltr'>et</span> <span class='ocrx_word' id='word_1_210' title='bbox 715 1954 878 1997; x_wconf 67' lang='lat' dir='ltr'>syndicum</span> <span class='ocrx_word' id='word_1_211' title='bbox 897 1959 927 1989; x_wconf 90' lang='lat' dir='ltr'>et</span> <span class='ocrx_word' id='word_1_212' title='bbox 946 1966 1015 1999; x_wconf 89' lang='lat' dir='ltr'>pro-</span> 
     </span>
     <span class='ocr_line' id='line_1_43' title="bbox 274 2007 1017 2042; baseline 0.001 -1"><span class='ocrx_word' id='word_1_213' title='bbox 274 2013 452 2041; x_wconf 87' lang='lat' dir='ltr'>curatorem</span> <span class='ocrx_word' id='word_1_214' title='bbox 480 2007 568 2040; x_wconf 84' lang='lat' dir='ltr'>fieret</span> <span class='ocrx_word' id='word_1_215' title='bbox 585 2013 615 2040; x_wconf 90' lang='lat' dir='ltr'>et</span> <span class='ocrx_word' id='word_1_216' title='bbox 635 2007 704 2040; x_wconf 84' lang='lat' dir='ltr'>sieri</span> <span class='ocrx_word' id='word_1_217' title='bbox 729 2007 857 2041; x_wconf 87' lang='lat' dir='ltr'>deberet</span> <span class='ocrx_word' id='word_1_218' title='bbox 878 2009 971 2042; x_wconf 92' lang='lat' dir='ltr'>modo</span> <span class='ocrx_word' id='word_1_219' title='bbox 987 2013 1017 2042; x_wconf 90' lang='lat' dir='ltr'>et</span> 
     </span>
     <span class='ocr_line' id='line_1_44' title="bbox 274 2060 1016 2105; baseline 0.001 -10"><span class='ocrx_word' id='word_1_220' title='bbox 274 2061 376 2095; x_wconf 73' lang='lat' dir='ltr'>forma</span> <span class='ocrx_word' id='word_1_221' title='bbox 402 2061 433 2094; x_wconf 94' lang='lat' dir='ltr'>in</span> <span class='ocrx_word' id='word_1_222' title='bbox 457 2060 654 2105; x_wconf 80' lang='lat' dir='ltr'>exemptione</span> <span class='ocrx_word' id='word_1_223' title='bbox 678 2061 873 2103; x_wconf 82' lang='lat' dir='ltr'>gabellarum</span> <span class='ocrx_word' id='word_1_224' title='bbox 898 2062 1016 2096; x_wconf 86' lang='lat' dir='ltr'>farinae</span> 
     </span>
     <span class='ocr_line' id='line_1_45' title="bbox 275 2115 698 2168; baseline -0.002 -20"><span class='ocrx_word' id='word_1_225' title='bbox 275 2120 305 2148; x_wconf 90' lang='lat' dir='ltr'>et</span> <span class='ocrx_word' id='word_1_226' title='bbox 329 2115 441 2148; x_wconf 89' lang='lat' dir='ltr'>carnis.</span> <span class='ocrx_word' id='word_1_227' title='bbox 683 2155 698 2168; x_wconf 52' lang='grc' dir='ltr'><strong>ο</strong></span> 
     </span>
     <span class='ocr_line' id='line_1_46' title="bbox 319 2168 1017 2213; baseline -0.001 -10"><span class='ocrx_word' id='word_1_228' title='bbox 319 2168 537 2213; x_wconf 52' lang='grc' dir='ltr'>ἐᾶῦυιηᾳυθ,</span> <span class='ocrx_word' id='word_1_229' title='bbox 554 2168 635 2201; x_wconf 87' lang='lat' dir='ltr'>sicut</span> <span class='ocrx_word' id='word_1_230' title='bbox 651 2168 758 2202; x_wconf 87' lang='lat' dir='ltr'>eadem</span> <span class='ocrx_word' id='word_1_231' title='bbox 777 2168 931 2212; x_wconf 76' lang='lat' dir='ltr'>expositio</span> <span class='ocrx_word' id='word_1_232' title='bbox 948 2169 1017 2202; x_wconf 89' lang='lat' dir='ltr'>sub-</span> 
     </span>
     <span class='ocr_line' id='line_1_47' title="bbox 276 2215 1015 2266; baseline 0 -10"><span class='ocrx_word' id='word_1_233' title='bbox 276 2222 434 2266; x_wconf 83' lang='lat' dir='ltr'>iungebat,</span> <span class='ocrx_word' id='word_1_234' title='bbox 459 2222 619 2256; x_wconf 81' lang='lat' dir='ltr'>facultates</span> <span class='ocrx_word' id='word_1_235' title='bbox 644 2222 795 2255; x_wconf 87' lang='lat' dir='ltr'>laicorum</span> <span class='ocrx_word' id='word_1_236' title='bbox 820 2215 1015 2256; x_wconf 83' lang='lat' dir='ltr'>dissolutioni</span> 
     </span>
     <span class='ocr_line' id='line_1_48' title="bbox 274 2275 1013 2319; baseline 0 -10"><span class='ocrx_word' id='word_1_237' title='bbox 274 2276 356 2309; x_wconf 86' lang='lat' dir='ltr'>aeris</span> <span class='ocrx_word' id='word_1_238' title='bbox 380 2275 472 2310; x_wconf 87' lang='lat' dir='ltr'>alieni</span> <span class='ocrx_word' id='word_1_239' title='bbox 498 2275 678 2309; x_wconf 87' lang='lat' dir='ltr'>huiusmodi</span> <span class='ocrx_word' id='word_1_240' title='bbox 711 2286 747 2309; x_wconf 78' lang='lat' dir='ltr'>ex</span> <span class='ocrx_word' id='word_1_241' title='bbox 779 2278 871 2308; x_wconf 78' lang='lat' dir='ltr'>causa</span> <span class='ocrx_word' id='word_1_242' title='bbox 901 2277 1013 2319; x_wconf 83' lang='lat' dir='ltr'>pestis,</span> 
     </span>
     <span class='ocr_line' id='line_1_49' title="bbox 274 2329 1015 2374; baseline 0 -12"><span class='ocrx_word' id='word_1_243' title='bbox 274 2335 307 2362; x_wconf 90' lang='lat' dir='ltr'>ut</span> <span class='ocrx_word' id='word_1_244' title='bbox 322 2330 508 2374; x_wconf 85' lang='lat' dir='ltr'>praefertur,</span> <span class='ocrx_word' id='word_1_245' title='bbox 528 2329 679 2363; x_wconf 89' lang='lat' dir='ltr'>contracti</span> <span class='ocrx_word' id='word_1_246' title='bbox 699 2340 761 2363; x_wconf 90' lang='lat' dir='ltr'>non</span> <span class='ocrx_word' id='word_1_247' title='bbox 782 2335 970 2373; x_wconf 83' lang='lat' dir='ltr'>suppetant;</span> <span class='ocrx_word' id='word_1_248' title='bbox 987 2336 1015 2363; x_wconf 92' lang='lat' dir='ltr'>et</span> 
     </span>
     <span class='ocr_line' id='line_1_50' title="bbox 274 2383 1017 2428; baseline 0 -12"><span class='ocrx_word' id='word_1_249' title='bbox 274 2389 440 2428; x_wconf 84' lang='lat' dir='ltr'>propterea</span> <span class='ocrx_word' id='word_1_250' title='bbox 461 2389 586 2416; x_wconf 89' lang='lat' dir='ltr'>senatus</span> <span class='ocrx_word' id='word_1_251' title='bbox 606 2387 635 2417; x_wconf 89' lang='lat' dir='ltr'>ct</span> <span class='ocrx_word' id='word_1_252' title='bbox 652 2383 798 2427; x_wconf 67' lang='lat' dir='ltr'>syndicus</span> <span class='ocrx_word' id='word_1_253' title='bbox 816 2389 845 2416; x_wconf 90' lang='lat' dir='ltr'>et</span> <span class='ocrx_word' id='word_1_254' title='bbox 870 2394 1017 2427; x_wconf 88' lang='lat' dir='ltr'>procura-</span> 
     </span>
     <span class='ocr_line' id='line_1_51' title="bbox 275 2435 1017 2480; baseline 0 -11"><span class='ocrx_word' id='word_1_255' title='bbox 275 2442 325 2470; x_wconf 90' lang='lat' dir='ltr'>tor</span> <span class='ocrx_word' id='word_1_256' title='bbox 349 2435 498 2480; x_wconf 86' lang='lat' dir='ltr'>praedicti</span> <span class='ocrx_word' id='word_1_257' title='bbox 517 2436 609 2469; x_wconf 89' lang='lat' dir='ltr'>etiam</span> <span class='ocrx_word' id='word_1_258' title='bbox 625 2447 775 2480; x_wconf 86' lang='lat' dir='ltr'>personas</span> <span class='ocrx_word' id='word_1_259' title='bbox 792 2437 1017 2470; x_wconf 80' lang='lat' dir='ltr'>ecclesiasticas</span> 
     </span>
     <span class='ocr_line' id='line_1_52' title="bbox 275 2489 1017 2531; baseline 0.001 -9"><span class='ocrx_word' id='word_1_260' title='bbox 275 2489 314 2522; x_wconf 89' lang='lat' dir='ltr'>ad</span> <span class='ocrx_word' id='word_1_261' title='bbox 330 2489 431 2523; x_wconf 88' lang='lat' dir='ltr'>dictae</span> <span class='ocrx_word' id='word_1_262' title='bbox 443 2489 579 2522; x_wconf 90' lang='lat' dir='ltr'>duorum</span> <span class='ocrx_word' id='word_1_263' title='bbox 598 2495 759 2523; x_wconf 85' lang='lat' dir='ltr'>scutorum</span> <span class='ocrx_word' id='word_1_264' title='bbox 777 2490 918 2531; x_wconf 71' lang='lat' dir='ltr'>gabellac</span> <span class='ocrx_word' id='word_1_265' title='bbox 937 2491 1017 2523; x_wconf 87' lang='lat' dir='ltr'>solu-</span> 
     </span>
     <span class='ocr_line' id='line_1_53' title="bbox 276 2544 1017 2578; baseline -0.001 0"><span class='ocrx_word' id='word_1_266' title='bbox 276 2544 392 2578; x_wconf 85' lang='lat' dir='ltr'>tionem</span> <span class='ocrx_word' id='word_1_267' title='bbox 418 2544 602 2578; x_wconf 86' lang='lat' dir='ltr'>auctoritate</span> <span class='ocrx_word' id='word_1_268' title='bbox 624 2547 731 2578; x_wconf 83' lang='lat' dir='ltr'>nostra</span> <span class='ocrx_word' id='word_1_269' title='bbox 757 2544 855 2577; x_wconf 83' lang='lat' dir='ltr'>teneri</span> <span class='ocrx_word' id='word_1_270' title='bbox 881 2555 1017 2577; x_wconf 84' lang='lat' dir='ltr'>summo-</span> 
     </span>
     <span class='ocr_line' id='line_1_54' title="bbox 275 2598 1016 2644; baseline 0.001 -12"><span class='ocrx_word' id='word_1_271' title='bbox 275 2608 350 2644; x_wconf 87' lang='lat' dir='ltr'>pere</span> <span class='ocrx_word' id='word_1_272' title='bbox 374 2598 568 2639; x_wconf 80' lang='lat' dir='ltr'>desiderent;</span> <span class='ocrx_word' id='word_1_273' title='bbox 589 2598 744 2643; x_wconf 85' lang='lat' dir='ltr'>nobisque</span> <span class='ocrx_word' id='word_1_274' title='bbox 771 2599 865 2632; x_wconf 90' lang='lat' dir='ltr'>etiam</span> <span class='ocrx_word' id='word_1_275' title='bbox 890 2598 1016 2633; x_wconf 89' lang='lat' dir='ltr'>illorum</span> 
     </span>
    </p>
   </div>
   <div class='ocr_carea' id='block_1_5' title="bbox 1028 249 1035 2048">
    <p class='ocr_par' dir='ltr' id='par_1_5' title="bbox 1028 249 1035 2048">
     <span class='ocr_line' id='line_1_55' title="bbox 1028 249 1035 2048; baseline 0 0"><span class='ocrx_word' id='word_1_276' title='bbox 1028 249 1035 2048; x_wconf 95' lang='lat' dir='ltr'> </span> 
     </span>
    </p>
   </div>
   <div class='ocr_carea' id='block_1_6' title="bbox 1045 189 1787 505">
    <p class='ocr_par' dir='ltr' id='par_1_6' title="bbox 1045 189 1787 398">
     <span class='ocr_line' id='line_1_56' title="bbox 1055 189 1756 224; baseline 0.006 -4"><span class='ocrx_word' id='word_1_277' title='bbox 1055 197 1111 221; x_wconf 85' lang='lat' dir='ltr'>vni</span> <span class='ocrx_word' id='word_1_278' title='bbox 1136 198 1183 222; x_wconf 77' lang='lat' dir='ltr'>rr.</span> <span class='ocrx_word' id='word_1_279' title='bbox 1693 189 1756 224; x_wconf 78' lang='lat'>703</span> 
     </span>
     <span class='ocr_line' id='line_1_57' title="bbox 1045 246 1787 291; baseline 0.004 -13"><span class='ocrx_word' id='word_1_280' title='bbox 1045 246 1173 279; x_wconf 88' lang='lat' dir='ltr'>nomine</span> <span class='ocrx_word' id='word_1_281' title='bbox 1197 246 1301 280; x_wconf 88' lang='lat' dir='ltr'>denuo</span> <span class='ocrx_word' id='word_1_282' title='bbox 1326 246 1487 280; x_wconf 83' lang='lat' dir='ltr'>humiliter</span> <span class='ocrx_word' id='word_1_283' title='bbox 1515 247 1682 291; x_wconf 86' lang='lat' dir='ltr'>supplicari</span> <span class='ocrx_word' id='word_1_284' title='bbox 1707 248 1787 282; x_wconf 87' lang='lat' dir='ltr'>fece-</span> 
     </span>
     <span class='ocr_line' id='line_1_58' title="bbox 1047 300 1787 345; baseline 0.003 -13"><span class='ocrx_word' id='word_1_285' title='bbox 1047 300 1098 341; x_wconf 81' lang='lat' dir='ltr'>ris,</span> <span class='ocrx_word' id='word_1_286' title='bbox 1117 306 1148 332; x_wconf 92' lang='lat' dir='ltr'>ut</span> <span class='ocrx_word' id='word_1_287' title='bbox 1167 301 1349 343; x_wconf 84' lang='lat' dir='ltr'>praemissis</span> <span class='ocrx_word' id='word_1_288' title='bbox 1369 306 1547 344; x_wconf 83' lang='lat' dir='ltr'>opportune</span> <span class='ocrx_word' id='word_1_289' title='bbox 1567 301 1733 345; x_wconf 72' lang='lat' dir='ltr'>providere</span> <span class='ocrx_word' id='word_1_290' title='bbox 1750 301 1787 334; x_wconf 83' lang='lat' dir='ltr'>de.</span> 
     </span>
     <span class='ocr_line' id='line_1_59' title="bbox 1046 354 1660 398; baseline 0.002 -12"><span class='ocrx_word' id='word_1_291' title='bbox 1046 354 1236 397; x_wconf 69' lang='lat' dir='ltr'>benignitate</span> <span class='ocrx_word' id='word_1_292' title='bbox 1254 355 1424 398; x_wconf 77' lang='lat' dir='ltr'>apostolica</span> <span class='ocrx_word' id='word_1_293' title='bbox 1443 355 1660 397; x_wconf 73' lang='lat' dir='ltr'>dignaremur:</span> 
     </span>
    </p>

    <p class='ocr_par' dir='ltr' id='par_1_7' title="bbox 1047 407 1787 505">
     <span class='ocr_line' id='line_1_60' title="bbox 1092 407 1787 452; baseline 0.004 -13"><span class='ocrx_word' id='word_1_294' title='bbox 1092 408 1106 449; x_wconf 61' lang='grc' dir='ltr'><strong>ἓ</strong></span> <span class='ocrx_word' id='word_1_295' title='bbox 1131 407 1159 439; x_wconf 69' lang='lat' dir='ltr'>li.</span> <span class='ocrx_word' id='word_1_296' title='bbox 1185 408 1258 447; x_wconf 71' lang='lat' dir='ltr'>Nos,</span> <span class='ocrx_word' id='word_1_297' title='bbox 1283 408 1471 441; x_wconf 82' lang='lat' dir='ltr'>eximiorum</span> <span class='ocrx_word' id='word_1_298' title='bbox 1498 409 1787 452; x_wconf 85' lang='lat' dir='ltr'>circumspectionis</span> 
     </span>
     <span class='ocr_line' id='line_1_61' title="bbox 1047 460 1786 505; baseline 0.004 -14"><span class='ocrx_word' id='word_1_299' title='bbox 1047 465 1116 492; x_wconf 89' lang='lat' dir='ltr'>tuae</span> <span class='ocrx_word' id='word_1_300' title='bbox 1132 460 1161 492; x_wconf 88' lang='lat' dir='ltr'>in</span> <span class='ocrx_word' id='word_1_301' title='bbox 1176 471 1232 493; x_wconf 88' lang='lat' dir='ltr'>nos</span> <span class='ocrx_word' id='word_1_302' title='bbox 1251 465 1279 494; x_wconf 89' lang='lat' dir='ltr'>et</span> <span class='ocrx_word' id='word_1_303' title='bbox 1295 460 1439 494; x_wconf 79' lang='lat' dir='ltr'>Sanctam</span> <span class='ocrx_word' id='word_1_304' title='bbox 1458 461 1569 494; x_wconf 76' lang='lat' dir='ltr'>Sedent</span> <span class='ocrx_word' id='word_1_305' title='bbox 1593 462 1786 505; x_wconf 83' lang='lat' dir='ltr'>praedictam</span> 
     </span>
    </p>
   </div>
   <div class='ocr_carea' id='block_1_7' title="bbox 1029 513 1787 557">
    <p class='ocr_par' dir='ltr' id='par_1_8' title="bbox 1029 513 1787 557">
     <span class='ocr_line' id='line_1_62' title="bbox 1029 513 1787 557; baseline 0.004 -12"><span class='ocrx_word' id='word_1_306' title='bbox 1029 513 1119 545; x_wconf 88' lang='lat' dir='ltr'>·lidei</span> <span class='ocrx_word' id='word_1_307' title='bbox 1153 518 1183 546; x_wconf 91' lang='lat' dir='ltr'>et</span> <span class='ocrx_word' id='word_1_308' title='bbox 1218 513 1393 547; x_wconf 78' lang='lat' dir='ltr'>devotionis</span> <span class='ocrx_word' id='word_1_309' title='bbox 1424 515 1632 557; x_wconf 78' lang='lat' dir='ltr'>meritorum,</span> <span class='ocrx_word' id='word_1_310' title='bbox 1667 526 1787 549; x_wconf 86' lang='lat' dir='ltr'>necnon</span> 
     </span>
    </p>
   </div>
   <div class='ocr_carea' id='block_1_8' title="bbox 1045 566 1794 2632">
    <p class='ocr_par' dir='ltr' id='par_1_9' title="bbox 1045 566 1794 2632">
     <span class='ocr_line' id='line_1_63' title="bbox 1047 566 1787 610; baseline 0.004 -12"><span class='ocrx_word' id='word_1_311' title='bbox 1047 566 1230 609; x_wconf 85' lang='lat' dir='ltr'>peculiaris,</span> <span class='ocrx_word' id='word_1_312' title='bbox 1255 578 1317 610; x_wconf 90' lang='lat' dir='ltr'>quo</span> <span class='ocrx_word' id='word_1_313' title='bbox 1342 578 1471 609; x_wconf 69' lang='lat' dir='ltr'>*gregem</span> <span class='ocrx_word' id='word_1_314' title='bbox 1502 568 1557 600; x_wconf 78' lang='lat' dir='ltr'>tilii</span> <span class='ocrx_word' id='word_1_315' title='bbox 1583 569 1787 601; x_wconf 83' lang='lat' dir='ltr'>commissum</span> 
     </span>
     <span class='ocr_line' id='line_1_64' title="bbox 1048 620 1787 663; baseline 0.003 -11"><span class='ocrx_word' id='word_1_316' title='bbox 1048 620 1258 663; x_wconf 70' lang='lat' dir='ltr'>prosequeris,</span> <span class='ocrx_word' id='word_1_317' title='bbox 1273 620 1403 653; x_wconf 82' lang='lat' dir='ltr'>all&#39;ectus</span> <span class='ocrx_word' id='word_1_318' title='bbox 1423 621 1613 663; x_wconf 68' lang='lat' dir='ltr'>condignam</span> <span class='ocrx_word' id='word_1_319' title='bbox 1634 621 1787 655; x_wconf 90' lang='lat' dir='ltr'>rationem</span> 
     </span>
     <span class='ocr_line' id='line_1_65' title="bbox 1047 672 1788 718; baseline 0.004 -14"><span class='ocrx_word' id='word_1_320' title='bbox 1047 672 1209 712; x_wconf 74' lang='lat' dir='ltr'>habentes,</span> <span class='ocrx_word' id='word_1_321' title='bbox 1231 673 1377 716; x_wconf 84' lang='lat' dir='ltr'>ipsosque</span> <span class='ocrx_word' id='word_1_322' title='bbox 1403 679 1543 706; x_wconf 83' lang='lat' dir='ltr'>senatum</span> <span class='ocrx_word' id='word_1_323' title='bbox 1569 680 1598 707; x_wconf 91' lang='lat' dir='ltr'>ct</span> <span class='ocrx_word' id='word_1_324' title='bbox 1625 675 1788 718; x_wconf 51' lang='lat' dir='ltr'>syndicum</span> 
     </span>
     <span class='ocr_line' id='line_1_66' title="bbox 1047 727 1790 770; baseline 0.005 -13"><span class='ocrx_word' id='word_1_325' title='bbox 1047 731 1074 757; x_wconf 89' lang='lat' dir='ltr'>et</span> <span class='ocrx_word' id='word_1_326' title='bbox 1097 731 1335 769; x_wconf 80' lang='lat' dir='ltr'>procuratorem</span> <span class='ocrx_word' id='word_1_327' title='bbox 1361 727 1567 770; x_wconf 82' lang='lat' dir='ltr'>amplioribus</span> <span class='ocrx_word' id='word_1_328' title='bbox 1586 728 1743 761; x_wconf 74' lang='lat' dir='ltr'>favoribus</span> <span class='ocrx_word' id='word_1_329' title='bbox 1760 733 1790 762; x_wconf 84' lang='lat' dir='ltr'>et</span> 
     </span>
     <span class='ocr_line' id='line_1_67' title="bbox 1047 779 1790 824; baseline 0.004 -13"><span class='ocrx_word' id='word_1_330' title='bbox 1047 779 1155 821; x_wconf 69' lang='lat' dir='ltr'>gratiis</span> <span class='ocrx_word' id='word_1_331' title='bbox 1175 780 1324 823; x_wconf 79' lang='lat' dir='ltr'>prosequi</span> <span class='ocrx_word' id='word_1_332' title='bbox 1343 781 1490 820; x_wconf 70' lang='lat' dir='ltr'>volentes,</span> <span class='ocrx_word' id='word_1_333' title='bbox 1505 786 1534 813; x_wconf 87' lang='lat' dir='ltr'>et</span> <span class='ocrx_word' id='word_1_334' title='bbox 1555 792 1664 814; x_wconf 89' lang='lat' dir='ltr'>eorum</span> <span class='ocrx_word' id='word_1_335' title='bbox 1687 782 1790 824; x_wconf 81' lang='lat' dir='ltr'>singu-</span> 
     </span>
     <span class='ocr_line' id='line_1_68' title="bbox 1048 832 1789 876; baseline 0.005 -13"><span class='ocrx_word' id='word_1_336' title='bbox 1048 832 1128 864; x_wconf 87' lang='lat' dir='ltr'>lares</span> <span class='ocrx_word' id='word_1_337' title='bbox 1153 843 1303 875; x_wconf 85' lang='lat' dir='ltr'>personas</span> <span class='ocrx_word' id='word_1_338' title='bbox 1335 843 1351 865; x_wconf 91' lang='lat' dir='ltr'>a</span> <span class='ocrx_word' id='word_1_339' title='bbox 1381 833 1542 876; x_wconf 76' lang='lat' dir='ltr'>quibusvis</span> <span class='ocrx_word' id='word_1_340' title='bbox 1567 835 1789 868; x_wconf 80' lang='lat' dir='ltr'>excommuni-</span> 
     </span>
     <span class='ocr_line' id='line_1_69' title="bbox 1045 885 1790 930; baseline 0.005 -13"><span class='ocrx_word' id='word_1_341' title='bbox 1045 885 1187 925; x_wconf 83' lang='lat' dir='ltr'>cationis,</span> <span class='ocrx_word' id='word_1_342' title='bbox 1213 887 1428 930; x_wconf 76' lang='lat' dir='ltr'>suspensionis</span> <span class='ocrx_word' id='word_1_343' title='bbox 1453 893 1483 920; x_wconf 90' lang='lat' dir='ltr'>et</span> <span class='ocrx_word' id='word_1_344' title='bbox 1509 887 1680 929; x_wconf 81' lang='lat' dir='ltr'>interdicti,</span> <span class='ocrx_word' id='word_1_345' title='bbox 1706 888 1790 922; x_wconf 86' lang='lat' dir='ltr'>aliis-</span> 
     </span>
     <span class='ocr_line' id='line_1_70' title="bbox 1047 939 1789 982; baseline 0.004 -11"><span class='ocrx_word' id='word_1_346' title='bbox 1047 950 1107 982; x_wconf 86' lang='lat' dir='ltr'>que</span> <span class='ocrx_word' id='word_1_347' title='bbox 1133 939 1351 972; x_wconf 82' lang='lat' dir='ltr'>ecclesiasticis</span> <span class='ocrx_word' id='word_1_348' title='bbox 1384 941 1566 981; x_wconf 84' lang='lat' dir='ltr'>sententiis,</span> <span class='ocrx_word' id='word_1_349' title='bbox 1592 941 1734 974; x_wconf 78' lang='lat' dir='ltr'>censuris</span> <span class='ocrx_word' id='word_1_350' title='bbox 1759 947 1789 975; x_wconf 88' lang='lat' dir='ltr'>et</span> 
     </span>
     <span class='ocr_line' id='line_1_71' title="bbox 1048 992 1789 1037; baseline 0.009 -15"><span class='ocrx_word' id='word_1_351' title='bbox 1048 992 1167 1035; x_wconf 88' lang='lat' dir='ltr'>poenis,</span> <span class='ocrx_word' id='word_1_352' title='bbox 1184 1003 1201 1024; x_wconf 90' lang='lat' dir='ltr'>a</span> <span class='ocrx_word' id='word_1_353' title='bbox 1223 992 1289 1025; x_wconf 92' lang='lat' dir='ltr'>iure</span> <span class='ocrx_word' id='word_1_354' title='bbox 1311 993 1357 1024; x_wconf 75' lang='lat' dir='ltr'>vel</span> <span class='ocrx_word' id='word_1_355' title='bbox 1378 993 1416 1025; x_wconf 90' lang='lat' dir='ltr'>ab</span> <span class='ocrx_word' id='word_1_356' title='bbox 1442 993 1577 1035; x_wconf 82' lang='lat' dir='ltr'>homine,</span> <span class='ocrx_word' id='word_1_357' title='bbox 1604 995 1713 1037; x_wconf 72' lang='lat' dir='ltr'>(piaris</span> <span class='ocrx_word' id='word_1_358' title='bbox 1735 1005 1789 1029; x_wconf 87' lang='lat' dir='ltr'>oe-</span> 
     </span>
     <span class='ocr_line' id='line_1_72' title="bbox 1047 1046 1787 1091; baseline 0.007 -15"><span class='ocrx_word' id='word_1_359' title='bbox 1047 1046 1171 1077; x_wconf 77' lang='lat' dir='ltr'>casionc</span> <span class='ocrx_word' id='word_1_360' title='bbox 1204 1046 1249 1078; x_wconf 79' lang='lat' dir='ltr'>vel</span> <span class='ocrx_word' id='word_1_361' title='bbox 1276 1047 1369 1078; x_wconf 76' lang='lat' dir='ltr'>causa</span> <span class='ocrx_word' id='word_1_362' title='bbox 1402 1046 1488 1086; x_wconf 87' lang='lat' dir='ltr'>latis,</span> <span class='ocrx_word' id='word_1_363' title='bbox 1519 1047 1543 1078; x_wconf 87' lang='lat' dir='ltr'>si</span> <span class='ocrx_word' id='word_1_364' title='bbox 1568 1047 1682 1090; x_wconf 85' lang='lat' dir='ltr'>quibus</span> <span class='ocrx_word' id='word_1_365' title='bbox 1706 1058 1787 1091; x_wconf 90' lang='lat' dir='ltr'>quo-</span> 
     </span>
     <span class='ocr_line' id='line_1_73' title="bbox 1048 1098 1789 1139; baseline 0.005 -9"><span class='ocrx_word' id='word_1_366' title='bbox 1048 1098 1219 1131; x_wconf 89' lang='lat' dir='ltr'>modolibet</span> <span class='ocrx_word' id='word_1_367' title='bbox 1238 1098 1404 1131; x_wconf 86' lang='lat' dir='ltr'>innodatae</span> <span class='ocrx_word' id='word_1_368' title='bbox 1421 1100 1565 1139; x_wconf 74' lang='lat' dir='ltr'>existunt,</span> <span class='ocrx_word' id='word_1_369' title='bbox 1581 1100 1619 1132; x_wconf 92' lang='lat' dir='ltr'>ad</span> <span class='ocrx_word' id='word_1_370' title='bbox 1644 1101 1789 1134; x_wconf 78' lang='lat' dir='ltr'>effectum</span> 
     </span>
     <span class='ocr_line' id='line_1_74' title="bbox 1048 1152 1790 1197; baseline 0.005 -14"><span class='ocrx_word' id='word_1_371' title='bbox 1048 1152 1258 1195; x_wconf 75' lang='lat' dir='ltr'>praesentiunt</span> <span class='ocrx_word' id='word_1_372' title='bbox 1277 1152 1436 1186; x_wconf 78' lang='lat' dir='ltr'>dumtaxat</span> <span class='ocrx_word' id='word_1_373' title='bbox 1455 1154 1721 1197; x_wconf 86' lang='lat' dir='ltr'>consequendum,</span> <span class='ocrx_word' id='word_1_374' title='bbox 1741 1155 1790 1187; x_wconf 85' lang='lat' dir='ltr'>ha-</span> 
     </span>
     <span class='ocr_line' id='line_1_75' title="bbox 1048 1206 1789 1241; baseline 0.004 -3"><span class='ocrx_word' id='word_1_375' title='bbox 1048 1216 1117 1238; x_wconf 88' lang='lat' dir='ltr'>rum</span> <span class='ocrx_word' id='word_1_376' title='bbox 1148 1206 1230 1238; x_wconf 86' lang='lat' dir='ltr'>serie</span> <span class='ocrx_word' id='word_1_377' title='bbox 1261 1206 1460 1239; x_wconf 76' lang='lat' dir='ltr'>absolventes</span> <span class='ocrx_word' id='word_1_378' title='bbox 1486 1210 1515 1240; x_wconf 88' lang='lat' dir='ltr'>et</span> <span class='ocrx_word' id='word_1_379' title='bbox 1539 1207 1699 1240; x_wconf 89' lang='lat' dir='ltr'>absolutas</span> <span class='ocrx_word' id='word_1_380' title='bbox 1723 1208 1789 1241; x_wconf 84' lang='lat' dir='ltr'>fore</span> 
     </span>
     <span class='ocr_line' id='line_1_76' title="bbox 1048 1259 1788 1303; baseline 0.005 -12"><span class='ocrx_word' id='word_1_381' title='bbox 1048 1264 1221 1298; x_wconf 85' lang='lat' dir='ltr'>censentes,</span> <span class='ocrx_word' id='word_1_382' title='bbox 1239 1259 1419 1292; x_wconf 80' lang='lat' dir='ltr'>huiusmodi</span> <span class='ocrx_word' id='word_1_383' title='bbox 1446 1260 1726 1303; x_wconf 85' lang='lat' dir='ltr'>supplicationibus</span> <span class='ocrx_word' id='word_1_384' title='bbox 1744 1262 1788 1294; x_wconf 92' lang='lat' dir='ltr'>in-</span> 
     </span>
     <span class='ocr_line' id='line_1_77' title="bbox 1048 1311 1790 1357; baseline 0.005 -13"><span class='ocrx_word' id='word_1_385' title='bbox 1048 1311 1163 1351; x_wconf 88' lang='lat' dir='ltr'>clinati,</span> <span class='ocrx_word' id='word_1_386' title='bbox 1174 1311 1448 1355; x_wconf 84' lang='lat' dir='ltr'>circumspectioni</span> <span class='ocrx_word' id='word_1_387' title='bbox 1464 1318 1533 1345; x_wconf 89' lang='lat' dir='ltr'>tuae</span> <span class='ocrx_word' id='word_1_388' title='bbox 1547 1324 1603 1357; x_wconf 86' lang='lat' dir='ltr'>per</span> <span class='ocrx_word' id='word_1_389' title='bbox 1612 1320 1790 1357; x_wconf 83' lang='lat' dir='ltr'>praesentes</span> 
     </span>
     <span class='ocr_line' id='line_1_78' title="bbox 1049 1365 1790 1409; baseline 0.005 -12"><span class='ocrx_word' id='word_1_390' title='bbox 1049 1365 1255 1407; x_wconf 77' lang='lat' dir='ltr'>iniungimus,</span> <span class='ocrx_word' id='word_1_391' title='bbox 1278 1371 1320 1404; x_wconf 86' lang='lat' dir='ltr'>ut,</span> <span class='ocrx_word' id='word_1_392' title='bbox 1338 1366 1472 1399; x_wconf 85' lang='lat' dir='ltr'>constito</span> <span class='ocrx_word' id='word_1_393' title='bbox 1498 1367 1551 1398; x_wconf 93' lang='lat' dir='ltr'>tibi</span> <span class='ocrx_word' id='word_1_394' title='bbox 1581 1367 1618 1400; x_wconf 89' lang='lat' dir='ltr'>de</span> <span class='ocrx_word' id='word_1_395' title='bbox 1646 1369 1790 1409; x_wconf 89' lang='lat' dir='ltr'>narratis,</span> 
     </span>
     <span class='ocr_line' id='line_1_79' title="bbox 1048 1419 1790 1463; baseline 0.005 -12"><span class='ocrx_word' id='word_1_396' title='bbox 1048 1419 1195 1463; x_wconf 86' lang='lat' dir='ltr'>quodque</span> <span class='ocrx_word' id='word_1_397' title='bbox 1209 1419 1404 1452; x_wconf 86' lang='lat' dir='ltr'>conditiones</span> <span class='ocrx_word' id='word_1_398' title='bbox 1419 1419 1448 1451; x_wconf 95' lang='lat' dir='ltr'>in</span> <span class='ocrx_word' id='word_1_399' title='bbox 1462 1420 1664 1463; x_wconf 84' lang='lat' dir='ltr'>praeinsertis</span> <span class='ocrx_word' id='word_1_400' title='bbox 1675 1422 1790 1456; x_wconf 85' lang='lat' dir='ltr'>nostris</span> 
     </span>
     <span class='ocr_line' id='line_1_80' title="bbox 1050 1472 1791 1516; baseline 0.005 -12"><span class='ocrx_word' id='word_1_401' title='bbox 1050 1472 1160 1505; x_wconf 85' lang='lat' dir='ltr'>litteris</span> <span class='ocrx_word' id='word_1_402' title='bbox 1179 1473 1349 1516; x_wconf 86' lang='lat' dir='ltr'>appositae,</span> <span class='ocrx_word' id='word_1_403' title='bbox 1364 1473 1550 1516; x_wconf 88' lang='lat' dir='ltr'>praesertim</span> <span class='ocrx_word' id='word_1_404' title='bbox 1569 1473 1652 1507; x_wconf 92' lang='lat' dir='ltr'>circa</span> <span class='ocrx_word' id='word_1_405' title='bbox 1677 1474 1791 1508; x_wconf 88' lang='lat' dir='ltr'>insum-</span> 
     </span>
     <span class='ocr_line' id='line_1_81' title="bbox 1049 1526 1789 1570; baseline 0.004 -12"><span class='ocrx_word' id='word_1_406' title='bbox 1049 1527 1187 1570; x_wconf 90' lang='lat' dir='ltr'>ptionem</span> <span class='ocrx_word' id='word_1_407' title='bbox 1214 1526 1307 1560; x_wconf 86' lang='lat' dir='ltr'>totius</span> <span class='ocrx_word' id='word_1_408' title='bbox 1331 1526 1431 1566; x_wconf 88' lang='lat' dir='ltr'>illius,</span> <span class='ocrx_word' id='word_1_409' title='bbox 1456 1527 1540 1570; x_wconf 88' lang='lat' dir='ltr'>quod</span> <span class='ocrx_word' id='word_1_410' title='bbox 1566 1538 1601 1559; x_wconf 82' lang='lat' dir='ltr'>cx</span> <span class='ocrx_word' id='word_1_411' title='bbox 1629 1527 1789 1570; x_wconf 77' lang='lat' dir='ltr'>praedicta</span> 
     </span>
     <span class='ocr_line' id='line_1_82' title="bbox 1050 1580 1790 1622; baseline 0.003 -10"><span class='ocrx_word' id='word_1_412' title='bbox 1050 1580 1177 1622; x_wconf 75' lang='lat' dir='ltr'>triginta</span> <span class='ocrx_word' id='word_1_413' title='bbox 1203 1590 1254 1612; x_wconf 79' lang='lat' dir='ltr'>sex</span> <span class='ocrx_word' id='word_1_414' title='bbox 1281 1586 1462 1613; x_wconf 88' lang='lat' dir='ltr'>tarenorum</span> <span class='ocrx_word' id='word_1_415' title='bbox 1495 1581 1630 1622; x_wconf 65' lang='lat' dir='ltr'>gabelffi,</span> <span class='ocrx_word' id='word_1_416' title='bbox 1656 1581 1790 1614; x_wconf 88' lang='lat' dir='ltr'>deducto</span> 
     </span>
     <span class='ocr_line' id='line_1_83' title="bbox 1049 1633 1790 1677; baseline 0.001 -11"><span class='ocrx_word' id='word_1_417' title='bbox 1049 1644 1086 1666; x_wconf 90' lang='lat' dir='ltr'>eo</span> <span class='ocrx_word' id='word_1_418' title='bbox 1111 1633 1196 1677; x_wconf 89' lang='lat' dir='ltr'>quod</span> <span class='ocrx_word' id='word_1_419' title='bbox 1221 1633 1450 1666; x_wconf 87' lang='lat' dir='ltr'>restituendum</span> <span class='ocrx_word' id='word_1_420' title='bbox 1471 1640 1538 1666; x_wconf 89' lang='lat' dir='ltr'>erat</span> <span class='ocrx_word' id='word_1_421' title='bbox 1562 1634 1790 1675; x_wconf 80' lang='lat' dir='ltr'>ecclesiasticis,</span> 
     </span>
     <span class='ocr_line' id='line_1_84' title="bbox 1050 1687 1792 1731; baseline 0 -11"><span class='ocrx_word' id='word_1_422' title='bbox 1050 1692 1083 1720; x_wconf 90' lang='lat' dir='ltr'>ut</span> <span class='ocrx_word' id='word_1_423' title='bbox 1108 1687 1303 1731; x_wconf 87' lang='lat' dir='ltr'>praefertur,</span> <span class='ocrx_word' id='word_1_424' title='bbox 1329 1693 1514 1731; x_wconf 87' lang='lat' dir='ltr'>perceptum</span> <span class='ocrx_word' id='word_1_425' title='bbox 1540 1687 1612 1729; x_wconf 82' lang='lat' dir='ltr'>suit,</span> <span class='ocrx_word' id='word_1_426' title='bbox 1639 1688 1669 1720; x_wconf 92' lang='lat' dir='ltr'>in</span> <span class='ocrx_word' id='word_1_427' title='bbox 1695 1688 1792 1720; x_wconf 81' lang='lat' dir='ltr'>extin-</span> 
     </span>
     <span class='ocr_line' id='line_1_85' title="bbox 1050 1740 1792 1784; baseline 0.001 -11"><span class='ocrx_word' id='word_1_428' title='bbox 1050 1740 1186 1773; x_wconf 87' lang='lat' dir='ltr'>ctionem</span> <span class='ocrx_word' id='word_1_429' title='bbox 1211 1740 1390 1773; x_wconf 88' lang='lat' dir='ltr'>debitorum</span> <span class='ocrx_word' id='word_1_430' title='bbox 1422 1751 1457 1773; x_wconf 81' lang='lat' dir='ltr'>ex</span> <span class='ocrx_word' id='word_1_431' title='bbox 1492 1741 1670 1784; x_wconf 75' lang='lat' dir='ltr'>supradicta</span> <span class='ocrx_word' id='word_1_432' title='bbox 1699 1744 1792 1774; x_wconf 71' lang='lat' dir='ltr'>causa</span> 
     </span>
     <span class='ocr_line' id='line_1_86' title="bbox 1050 1794 1792 1838; baseline 0.003 -12"><span class='ocrx_word' id='word_1_433' title='bbox 1050 1794 1144 1838; x_wconf 85' lang='lat' dir='ltr'>pestis</span> <span class='ocrx_word' id='word_1_434' title='bbox 1169 1800 1422 1834; x_wconf 87' lang='lat' dir='ltr'>contractorum,</span> <span class='ocrx_word' id='word_1_435' title='bbox 1447 1795 1635 1838; x_wconf 86' lang='lat' dir='ltr'>adimpletae</span> <span class='ocrx_word' id='word_1_436' title='bbox 1659 1796 1792 1836; x_wconf 89' lang='lat' dir='ltr'>fuerint,</span> 
     </span>
     <span class='ocr_line' id='line_1_87' title="bbox 1049 1849 1793 1893; baseline 0.003 -12"><span class='ocrx_word' id='word_1_437' title='bbox 1049 1859 1085 1881; x_wconf 88' lang='lat' dir='ltr'>ac</span> <span class='ocrx_word' id='word_1_438' title='bbox 1105 1849 1189 1892; x_wconf 86' lang='lat' dir='ltr'>quod</span> <span class='ocrx_word' id='word_1_439' title='bbox 1214 1854 1338 1881; x_wconf 85' lang='lat' dir='ltr'>senatus</span> <span class='ocrx_word' id='word_1_440' title='bbox 1359 1859 1394 1881; x_wconf 86' lang='lat' dir='ltr'>ac</span> <span class='ocrx_word' id='word_1_441' title='bbox 1419 1849 1564 1893; x_wconf 61' lang='lat' dir='ltr'>syndicus</span> <span class='ocrx_word' id='word_1_442' title='bbox 1589 1853 1618 1882; x_wconf 91' lang='lat' dir='ltr'>et</span> <span class='ocrx_word' id='word_1_443' title='bbox 1643 1860 1793 1893; x_wconf 86' lang='lat' dir='ltr'>procura-</span> 
     </span>
     <span class='ocr_line' id='line_1_88' title="bbox 1051 1901 1792 1945; baseline 0.003 -11"><span class='ocrx_word' id='word_1_444' title='bbox 1051 1905 1099 1934; x_wconf 91' lang='lat' dir='ltr'>tor</span> <span class='ocrx_word' id='word_1_445' title='bbox 1124 1901 1275 1945; x_wconf 84' lang='lat' dir='ltr'>praedicti</span> <span class='ocrx_word' id='word_1_446' title='bbox 1311 1902 1477 1945; x_wconf 84' lang='lat' dir='ltr'>quotannis</span> <span class='ocrx_word' id='word_1_447' title='bbox 1509 1903 1636 1936; x_wconf 85' lang='lat' dir='ltr'>realiter</span> <span class='ocrx_word' id='word_1_448' title='bbox 1667 1906 1696 1936; x_wconf 89' lang='lat' dir='ltr'>et</span> <span class='ocrx_word' id='word_1_449' title='bbox 1721 1913 1792 1936; x_wconf 90' lang='lat' dir='ltr'>cum</span> 
     </span>
     <span class='ocr_line' id='line_1_89' title="bbox 1051 1954 1794 2000; baseline 0.004 -13"><span class='ocrx_word' id='word_1_450' title='bbox 1051 1954 1162 1988; x_wconf 78' lang='lat' dir='ltr'>effectu</span> <span class='ocrx_word' id='word_1_451' title='bbox 1188 1955 1380 1988; x_wconf 85' lang='lat' dir='ltr'>restituerint</span> <span class='ocrx_word' id='word_1_452' title='bbox 1404 1966 1459 1991; x_wconf 81' lang='lat' dir='ltr'>seu</span> <span class='ocrx_word' id='word_1_453' title='bbox 1483 1956 1663 1989; x_wconf 85' lang='lat' dir='ltr'>remiserint</span> <span class='ocrx_word' id='word_1_454' title='bbox 1688 1967 1794 2000; x_wconf 88' lang='lat' dir='ltr'>perso-</span> 
     </span>
     <span class='ocr_line' id='line_1_90' title="bbox 1050 2009 1792 2053; baseline 0.004 -13"><span class='ocrx_word' id='word_1_455' title='bbox 1050 2009 1098 2041; x_wconf 91' lang='lat' dir='ltr'>nis</span> <span class='ocrx_word' id='word_1_456' title='bbox 1123 2009 1341 2042; x_wconf 79' lang='lat' dir='ltr'>ecclesiasticis</span> <span class='ocrx_word' id='word_1_457' title='bbox 1366 2019 1434 2041; x_wconf 89' lang='lat' dir='ltr'>eam</span> <span class='ocrx_word' id='word_1_458' title='bbox 1462 2009 1667 2052; x_wconf 89' lang='lat' dir='ltr'>pecuniarum</span> <span class='ocrx_word' id='word_1_459' title='bbox 1694 2021 1792 2053; x_wconf 84' lang='lat' dir='ltr'>quan-</span> 
     </span>
     <span class='ocr_line' id='line_1_91' title="bbox 1051 2061 1792 2106; baseline 0.004 -13"><span class='ocrx_word' id='word_1_460' title='bbox 1051 2061 1179 2102; x_wconf 85' lang='lat' dir='ltr'>titatem,</span> <span class='ocrx_word' id='word_1_461' title='bbox 1194 2072 1287 2104; x_wconf 83' lang='lat' dir='ltr'>quain</span> <span class='ocrx_word' id='word_1_462' title='bbox 1301 2062 1480 2105; x_wconf 69' lang='lat' dir='ltr'>importavit</span> <span class='ocrx_word' id='word_1_463' title='bbox 1496 2062 1577 2094; x_wconf 87' lang='lat' dir='ltr'>dicta</span> <span class='ocrx_word' id='word_1_464' title='bbox 1594 2063 1716 2104; x_wconf 79' lang='lat' dir='ltr'>gabella</span> <span class='ocrx_word' id='word_1_465' title='bbox 1734 2073 1792 2106; x_wconf 90' lang='lat' dir='ltr'>pro</span> 
     </span>
     <span class='ocr_line' id='line_1_92' title="bbox 1052 2115 1793 2159; baseline 0.005 -13"><span class='ocrx_word' id='word_1_466' title='bbox 1052 2117 1117 2147; x_wconf 77' lang='lat' dir='ltr'>rata</span> <span class='ocrx_word' id='word_1_467' title='bbox 1142 2115 1323 2158; x_wconf 87' lang='lat' dir='ltr'>quantitatis</span> <span class='ocrx_word' id='word_1_468' title='bbox 1359 2115 1420 2147; x_wconf 71' lang='lat' dir='ltr'>vini</span> <span class='ocrx_word' id='word_1_469' title='bbox 1454 2125 1547 2158; x_wconf 89' lang='lat' dir='ltr'>quam</span> <span class='ocrx_word' id='word_1_470' title='bbox 1580 2126 1638 2159; x_wconf 90' lang='lat' dir='ltr'>pro</span> <span class='ocrx_word' id='word_1_471' title='bbox 1669 2116 1733 2149; x_wconf 87' lang='lat' dir='ltr'>suis</span> <span class='ocrx_word' id='word_1_472' title='bbox 1763 2122 1793 2150; x_wconf 89' lang='lat' dir='ltr'>et</span> 
     </span>
     <span class='ocr_line' id='line_1_93' title="bbox 1051 2168 1792 2202; baseline 0.003 -2"><span class='ocrx_word' id='word_1_473' title='bbox 1051 2169 1238 2200; x_wconf 78' lang='lat' dir='ltr'>familiarum</span> <span class='ocrx_word' id='word_1_474' title='bbox 1272 2179 1398 2200; x_wconf 88' lang='lat' dir='ltr'>suarum</span> <span class='ocrx_word' id='word_1_475' title='bbox 1426 2168 1535 2200; x_wconf 86' lang='lat' dir='ltr'>usibus</span> <span class='ocrx_word' id='word_1_476' title='bbox 1563 2180 1598 2202; x_wconf 89' lang='lat' dir='ltr'>ac</span> <span class='ocrx_word' id='word_1_477' title='bbox 1623 2170 1724 2202; x_wconf 88' lang='lat' dir='ltr'>cultus</span> <span class='ocrx_word' id='word_1_478' title='bbox 1749 2169 1792 2202; x_wconf 94' lang='lat' dir='ltr'>di-</span> 
     </span>
     <span class='ocr_line' id='line_1_94' title="bbox 1052 2221 1792 2265; baseline 0.005 -13"><span class='ocrx_word' id='word_1_479' title='bbox 1052 2221 1112 2254; x_wconf 74' lang='lat' dir='ltr'>vini</span> <span class='ocrx_word' id='word_1_480' title='bbox 1138 2222 1264 2254; x_wconf 76' lang='lat' dir='ltr'>servitio</span> <span class='ocrx_word' id='word_1_481' title='bbox 1281 2228 1554 2265; x_wconf 88' lang='lat' dir='ltr'>consumpserunt,</span> <span class='ocrx_word' id='word_1_482' title='bbox 1572 2226 1602 2256; x_wconf 86' lang='lat' dir='ltr'>et</span> <span class='ocrx_word' id='word_1_483' title='bbox 1620 2222 1792 2257; x_wconf 88' lang='lat' dir='ltr'>dummodo</span> 
     </span>
     <span class='ocr_line' id='line_1_95' title="bbox 1052 2275 1791 2318; baseline 0.003 -11"><span class='ocrx_word' id='word_1_484' title='bbox 1052 2275 1081 2306; x_wconf 91' lang='lat' dir='ltr'>in</span> <span class='ocrx_word' id='word_1_485' title='bbox 1109 2275 1219 2318; x_wconf 65' lang='lat' dir='ltr'>prin&#39;iis</span> <span class='ocrx_word' id='word_1_486' title='bbox 1245 2280 1274 2308; x_wconf 88' lang='lat' dir='ltr'>et</span> <span class='ocrx_word' id='word_1_487' title='bbox 1299 2281 1369 2308; x_wconf 88' lang='lat' dir='ltr'>ante</span> <span class='ocrx_word' id='word_1_488' title='bbox 1389 2275 1494 2308; x_wconf 88' lang='lat' dir='ltr'>onmia</span> <span class='ocrx_word' id='word_1_489' title='bbox 1519 2276 1556 2308; x_wconf 91' lang='lat' dir='ltr'>ad</span> <span class='ocrx_word' id='word_1_490' title='bbox 1582 2276 1611 2308; x_wconf 84' lang='lat' dir='ltr'>id</span> <span class='ocrx_word' id='word_1_491' title='bbox 1636 2277 1710 2309; x_wconf 88' lang='lat' dir='ltr'>cleri</span> <span class='ocrx_word' id='word_1_492' title='bbox 1730 2283 1791 2310; x_wconf 88' lang='lat' dir='ltr'>tam</span> 
     </span>
     <span class='ocr_line' id='line_1_96' title="bbox 1051 2329 1791 2372; baseline 0.004 -12"><span class='ocrx_word' id='word_1_493' title='bbox 1051 2329 1202 2361; x_wconf 86' lang='lat' dir='ltr'>secularis</span> <span class='ocrx_word' id='word_1_494' title='bbox 1235 2340 1327 2372; x_wconf 84' lang='lat' dir='ltr'>quam</span> <span class='ocrx_word' id='word_1_495' title='bbox 1366 2329 1518 2372; x_wconf 73' lang='lat' dir='ltr'>regularis</span> <span class='ocrx_word' id='word_1_496' title='bbox 1544 2329 1683 2362; x_wconf 86' lang='lat' dir='ltr'>eiusdem</span> <span class='ocrx_word' id='word_1_497' title='bbox 1710 2330 1791 2363; x_wconf 79' lang='lat' dir='ltr'>civi—</span> 
     </span>
     <span class='ocr_line' id='line_1_97' title="bbox 1052 2382 1792 2428; baseline 0.005 -14"><span class='ocrx_word' id='word_1_498' title='bbox 1052 2382 1122 2415; x_wconf 88' lang='lat' dir='ltr'>tatis</span> <span class='ocrx_word' id='word_1_499' title='bbox 1140 2388 1169 2415; x_wconf 90' lang='lat' dir='ltr'>et</span> <span class='ocrx_word' id='word_1_500' title='bbox 1189 2382 1340 2415; x_wconf 86' lang='lat' dir='ltr'>circuitus</span> <span class='ocrx_word' id='word_1_501' title='bbox 1364 2383 1490 2415; x_wconf 80' lang='lat' dir='ltr'>accedat</span> <span class='ocrx_word' id='word_1_502' title='bbox 1514 2394 1668 2425; x_wconf 75' lang='lat' dir='ltr'>assensus,</span> <span class='ocrx_word' id='word_1_503' title='bbox 1688 2395 1792 2428; x_wconf 89' lang='lat' dir='ltr'>perso-</span> 
     </span>
     <span class='ocr_line' id='line_1_98' title="bbox 1051 2436 1791 2480; baseline 0.004 -12"><span class='ocrx_word' id='word_1_504' title='bbox 1051 2447 1105 2468; x_wconf 84' lang='lat' dir='ltr'>nas</span> <span class='ocrx_word' id='word_1_505' title='bbox 1124 2436 1349 2469; x_wconf 72' lang='lat' dir='ltr'>ecclesiasticas</span> <span class='ocrx_word' id='word_1_506' title='bbox 1367 2442 1428 2468; x_wconf 90' lang='lat' dir='ltr'>tam</span> <span class='ocrx_word' id='word_1_507' title='bbox 1447 2437 1604 2469; x_wconf 83' lang='lat' dir='ltr'>seculares</span> <span class='ocrx_word' id='word_1_508' title='bbox 1625 2448 1718 2480; x_wconf 86' lang='lat' dir='ltr'>quam</span> <span class='ocrx_word' id='word_1_509' title='bbox 1737 2449 1791 2471; x_wconf 90' lang='lat' dir='ltr'>cu-</span> 
     </span>
     <span class='ocr_line' id='line_1_99' title="bbox 1052 2490 1792 2534; baseline 0.001 -11"><span class='ocrx_word' id='word_1_510' title='bbox 1052 2490 1147 2523; x_wconf 76' lang='lat' dir='ltr'>iusvis</span> <span class='ocrx_word' id='word_1_511' title='bbox 1165 2490 1289 2523; x_wconf 80' lang='lat' dir='ltr'>Ordinis</span> <span class='ocrx_word' id='word_1_512' title='bbox 1315 2491 1487 2530; x_wconf 58' lang='lat' dir='ltr'>regulares,</span> <span class='ocrx_word' id='word_1_513' title='bbox 1507 2490 1669 2534; x_wconf 83' lang='lat' dir='ltr'>utriusque</span> <span class='ocrx_word' id='word_1_514' title='bbox 1690 2501 1792 2533; x_wconf 80' lang='lat' dir='ltr'>sexus,</span> 
     </span>
     <span class='ocr_line' id='line_1_100' title="bbox 1051 2542 1790 2587; baseline 0.001 -11"><span class='ocrx_word' id='word_1_515' title='bbox 1051 2543 1150 2576; x_wconf 89' lang='lat' dir='ltr'>dictae</span> <span class='ocrx_word' id='word_1_516' title='bbox 1176 2542 1308 2576; x_wconf 67' lang='lat' dir='ltr'>civitatis</span> <span class='ocrx_word' id='word_1_517' title='bbox 1332 2543 1462 2586; x_wconf 77' lang='lat' dir='ltr'>eiusque</span> <span class='ocrx_word' id='word_1_518' title='bbox 1487 2543 1635 2577; x_wconf 85' lang='lat' dir='ltr'>circuitus</span> <span class='ocrx_word' id='word_1_519' title='bbox 1672 2554 1728 2587; x_wconf 86' lang='lat' dir='ltr'>per</span> <span class='ocrx_word' id='word_1_520' title='bbox 1755 2555 1790 2577; x_wconf 91' lang='lat' dir='ltr'>u-</span> 
     </span>
     <span class='ocr_line' id='line_1_101' title="bbox 1051 2597 1791 2632; baseline 0 0"><span class='ocrx_word' id='word_1_521' title='bbox 1051 2609 1126 2632; x_wconf 90' lang='lat' dir='ltr'>num</span> <span class='ocrx_word' id='word_1_522' title='bbox 1152 2597 1285 2631; x_wconf 87' lang='lat' dir='ltr'>milliare</span> <span class='ocrx_word' id='word_1_523' title='bbox 1310 2597 1516 2631; x_wconf 83' lang='lat' dir='ltr'>circumcirca</span> <span class='ocrx_word' id='word_1_524' title='bbox 1544 2597 1582 2630; x_wconf 87' lang='lat' dir='ltr'>ad</span> <span class='ocrx_word' id='word_1_525' title='bbox 1603 2598 1791 2632; x_wconf 85' lang='lat' dir='ltr'>solutionem</span> 
     </span>
    </p>
   </div>
   <div class='ocr_carea' id='block_1_9' title="bbox 1804 200 1986 230">
    <p class='ocr_par' dir='ltr' id='par_1_10' title="bbox 1804 200 1986 230">
     <span class='ocr_line' id='line_1_102' title="bbox 1804 200 1986 230; baseline 0.011 -3"><span class='ocrx_word' id='word_1_526' title='bbox 1804 200 1854 228; x_wconf 78' lang='lat' dir='ltr'>An.</span> <span class='ocrx_word' id='word_1_527' title='bbox 1871 201 1901 228; x_wconf 85' lang='lat' dir='ltr'>C.</span> <span class='ocrx_word' id='word_1_528' title='bbox 1920 201 1986 230; x_wconf 78' lang='lat'><strong>1039</strong></span> 
     </span>
    </p>
   </div>
   <div class='ocr_carea' id='block_1_10' title="bbox 1803 423 1987 577">
    <p class='ocr_par' dir='ltr' id='par_1_11' title="bbox 1803 423 1987 577">
     <span class='ocr_line' id='line_1_103' title="bbox 1847 423 1987 443; baseline 0 0"><span class='ocrx_word' id='word_1_529' title='bbox 1847 423 1942 443; x_wconf 63' lang='lat' dir='ltr'>silvanus</span> <span class='ocrx_word' id='word_1_530' title='bbox 1959 424 1987 443; x_wconf 69' lang='lat' dir='ltr'>sa-</span> 
     </span>
     <span class='ocr_line' id='line_1_104' title="bbox 1803 451 1986 470; baseline 0 -3"><span class='ocrx_word' id='word_1_531' title='bbox 1803 451 1892 470; x_wconf 53' lang='lat' dir='ltr'>rullales</span> <span class='ocrx_word' id='word_1_532' title='bbox 1915 455 1986 469; x_wconf 47' lang='lat' dir='ltr'>new-m-</span> 
     </span>
     <span class='ocr_line' id='line_1_105' title="bbox 1803 478 1939 496; baseline -0.015 0"><span class='ocrx_word' id='word_1_533' title='bbox 1803 478 1871 496; x_wconf 45' lang='lat' dir='ltr'>„uias</span> <span class='ocrx_word' id='word_1_534' title='bbox 1883 484 1888 495; x_wconf 65' lang='lat' dir='ltr'>t</span> <span class='ocrx_word' id='word_1_535' title='bbox 1938 484 1939 490; x_wconf 40' lang='grc' dir='ltr'><strong>π</strong></span> 
     </span>
     <span class='ocr_line' id='line_1_106' title="bbox 1803 504 1886 523; baseline -0.024 0"><span class='ocrx_word' id='word_1_536' title='bbox 1803 504 1829 523; x_wconf 74' lang='lat' dir='ltr'>ali</span> <span class='ocrx_word' id='word_1_537' title='bbox 1840 505 1886 523; x_wconf 65' lang='lat' dir='ltr'>Auri</span> 
     </span>
     <span class='ocr_line' id='line_1_107' title="bbox 1803 531 1880 550; baseline 0.013 -2"><span class='ocrx_word' id='word_1_538' title='bbox 1803 531 1832 550; x_wconf 83' lang='lat' dir='ltr'>dit</span> <span class='ocrx_word' id='word_1_539' title='bbox 1854 536 1880 549; x_wconf 69' lang='lat' dir='ltr'>au</span> 
     </span>
     <span class='ocr_line' id='line_1_108' title="bbox 1803 557 1885 577; baseline -0.012 0"><span class='ocrx_word' id='word_1_540' title='bbox 1803 557 1885 577; x_wconf 61' lang='lat' dir='ltr'>liuiusui</span> 
     </span>
    </p>
   </div>
   <div class='ocr_carea' id='block_1_11' title="bbox 1887 473 1987 526">
    <p class='ocr_par' dir='ltr' id='par_1_12' title="bbox 1887 473 1987 526">
     <span class='ocr_line' id='line_1_109' title="bbox 1887 473 1987 526; baseline 0 -30"><span class='ocrx_word' id='word_1_541' title='bbox 1887 473 1987 526; x_wconf 95' lang='lat' dir='ltr'>  </span> 
     </span>
    </p>
   </div>
   <div class='ocr_carea' id='block_1_12' title="bbox 1884 532 1986 553">
    <p class='ocr_par' dir='ltr' id='par_1_13' title="bbox 1884 532 1986 553">
     <span class='ocr_line' id='line_1_110' title="bbox 1884 532 1986 553; baseline 0 2676"><span class='ocrx_word' id='word_1_542' title='bbox 1884 532 1986 553; x_wconf 95' lang='lat' dir='ltr'> </span> 
     </span>
    </p>
   </div>
   <div class='ocr_carea' id='block_1_13' title="bbox 1889 556 1973 576">
    <p class='ocr_par' dir='ltr' id='par_1_14' title="bbox 1889 556 1973 576">
     <span class='ocr_line' id='line_1_111' title="bbox 1889 556 1973 576; baseline 0 2653"><span class='ocrx_word' id='word_1_543' title='bbox 1889 556 1973 576; x_wconf 95' lang='lat' dir='ltr'> </span> 
     </span>
    </p>
   </div>
   <div class='ocr_carea' id='block_1_14' title="bbox 1803 582 1987 636">
    <p class='ocr_par' dir='ltr' id='par_1_15' title="bbox 1803 582 1987 636">
     <span class='ocr_line' id='line_1_112' title="bbox 1804 582 1987 603; baseline -0.005 -1"><span class='ocrx_word' id='word_1_544' title='bbox 1804 587 1853 603; x_wconf 58' lang='lat' dir='ltr'>tiam</span> <span class='ocrx_word' id='word_1_545' title='bbox 1887 582 1987 602; x_wconf 62' lang='lat' dir='ltr'>eeclesia-</span> 
     </span>
     <span class='ocr_line' id='line_1_113' title="bbox 1803 610 1987 636; baseline -0.011 -6"><span class='ocrx_word' id='word_1_546' title='bbox 1803 612 1850 630; x_wconf 74' lang='lat' dir='ltr'>sue·</span> <span class='ocrx_word' id='word_1_547' title='bbox 1861 610 1987 636; x_wconf 67' lang='lat' dir='ltr'>inipetu-udi.</span> 
     </span>
    </p>
   </div>
   <div class='ocr_carea' id='block_1_15' title="bbox 1807 1594 1991 1694">
    <p class='ocr_par' dir='ltr' id='par_1_16' title="bbox 1807 1594 1991 1694">
     <span class='ocr_line' id='line_1_114' title="bbox 1842 1594 1991 1614; baseline -0.007 0"><span class='ocrx_word' id='word_1_548' title='bbox 1842 1594 1946 1614; x_wconf 68' lang='lat' dir='ltr'>Adhibui.-</span> <span class='ocrx_word' id='word_1_549' title='bbox 1961 1596 1991 1614; x_wconf 80' lang='lat' dir='ltr'>ta-</span> 
     </span>
     <span class='ocr_line' id='line_1_115' title="bbox 1807 1621 1991 1640; baseline 0 0"><span class='ocrx_word' id='word_1_550' title='bbox 1807 1626 1852 1640; x_wconf 69' lang='lat' dir='ltr'>men</span> <span class='ocrx_word' id='word_1_551' title='bbox 1864 1621 1991 1640; x_wconf 71' lang='lat' dir='ltr'>conditioni-</span> 
     </span>
     <span class='ocr_line' id='line_1_116' title="bbox 1807 1646 1991 1673; baseline 0 -6"><span class='ocrx_word' id='word_1_552' title='bbox 1807 1646 1856 1669; x_wconf 60' lang='lat' dir='ltr'>bus.</span> <span class='ocrx_word' id='word_1_553' title='bbox 1878 1653 1932 1673; x_wconf 71' lang='lat' dir='ltr'>quae</span> <span class='ocrx_word' id='word_1_554' title='bbox 1956 1648 1991 1668; x_wconf 80' lang='lat' dir='ltr'>hic</span> 
     </span>
     <span class='ocr_line' id='line_1_117' title="bbox 1807 1676 1949 1694; baseline -0.007 0"><span class='ocrx_word' id='word_1_555' title='bbox 1807 1676 1949 1694; x_wconf 74' lang='lat' dir='ltr'>recensentur.</span> 
     </span>
    </p>
   </div>
  </div>
 </body>
</html>
