2248 3229
185 225 235 254 An.
257 225 284 253 C.
307 225 374 253 1633
418 216 483 251 340

386 274 466 308 simo
491 274 687 308 Ferdinando
712 274 737 306 ΙΙ
762 274 829 316 regi
854 273 1068 307 Romanorum
1094 274 1125 305 in

385 328 608 373 imperatorem
627 328 735 367 electo,
749 326 793 359 uti
812 326 878 369 regi
899 326 1076 367 Bohemiae,
1095 331 1124 359 et

385 381 468 415 illius
492 382 524 413 in
547 381 656 414 eodem
676 390 775 423 regno
796 380 1007 413 haereditario
1024 379 1124 413 Bohe-

385 435 466 467 miae
478 434 665 467 haeredibus
675 439 704 467 et
714 434 950 468 successoribus
962 434 1124 467 catholicis

384 487 523 531 legitime
548 488 751 530 intrantibus,
777 494 807 521 et
832 489 945 531 quibus
970 488 1123 528 dederint,

385 540 475 574 dictis
499 541 719 574 illustrissimis
743 541 879 575 dominis
911 542 1040 575 domino
1068 542 1125 574 Ma-

385 594 545 628 ximiliano
562 595 669 628 comiti
686 595 968 636 Chautmansdorss‘,
987 600 1054 638 etc.,
1073 595 1126 629 do-

384 648 470 682 mino
487 648 641 683 Gulielmo
662 648 767 682 comiti
786 649 916 691 Slavata,
935 653 1004 689 etc.,
1022 653 1052 681 et
1069 647 1124 681 do-

384 701 471 735 mino
487 701 591 736 Ottoni
616 702 716 736 libero
741 702 852 736 baroni
873 702 1034 744 d'Hostitz,
1056 706 1124 742 etc.,

384 765 402 787 a
427 756 628 790 serenissimo
653 756 782 789 domino
806 755 1005 789 Ferdinando
1030 756 1126 800 impe-

383 815 499 851 ratore,
517 810 561 844 uti
579 820 654 853 rege
670 810 848 851 Bohemiae,
870 810 997 854 suisque
1022 810 1053 843 in
1077 820 1126 843 eo-

384 863 456 897 dem
480 874 579 907 regno
604 864 772 898 Bohemiae
792 863 982 898 haeredibus
1006 868 1036 896 et
1061 874 1126 897 suc-

385 917 574 960 cessoribus,
598 922 633 951 ut
659 918 846 962 praefertur,
871 919 934 951 una
960 917 1124 951 nobiscum

384 972 517 1005 notariis
540 972 571 1005 in
595 972 730 1006 solidum
756 971 875 1015 rogatis
892 977 926 1005 ut
941 971 1076 1016 publicis
1096 976 1126 1004 et

385 1025 573 1059 authenticis
586 1026 731 1070 personis
744 1026 927 1060 solemniter
942 1030 971 1059 et
986 1024 1125 1068 legitime

386 1079 607 1123 stipulantibus
632 1083 662 1114 et
685 1079 940 1124 acceptantibus,
966 1079 1073 1112 omnia
1097 1083 1126 1112 et

385 1132 508 1176 singula
532 1133 601 1166 iura
614 1138 644 1166 et
656 1133 805 1174 actiones,
824 1138 892 1173 etc.,
911 1143 990 1177 quae
1006 1138 1035 1165 et
1048 1143 1125 1177 quas

386 1187 587 1220 ecclesiastici
601 1187 751 1231 praedicti
766 1187 855 1230 regni
870 1186 1048 1227 Bohemiae,
1062 1191 1125 1219 tam

385 1240 542 1273 seculares
566 1251 659 1284 quam
685 1240 856 1283 regulares,
874 1239 1006 1282 habent,
1028 1245 1057 1272 et
1082 1240 1126 1273 eis

386 1297 569 1337 competunt
593 1298 624 1326 et
648 1298 827 1337 competere
853 1298 1006 1337 possunt,
1031 1303 1126 1336 super

385 1346 479 1380 bonis
509 1347 729 1381 ecclesiasticis
761 1346 901 1380 eiusdem
931 1346 1021 1389 regni
1047 1357 1126 1390 quo-

387 1412 522 1445 cumque
546 1407 688 1446 tempore
708 1401 860 1443 alienatis,
885 1412 965 1445 quae
982 1401 1019 1433 ad
1037 1411 1127 1445 prae-

382 1464 457 1487 sens
481 1454 681 1499 possidentur
706 1455 754 1488 vel
783 1454 820 1487 ab
845 1454 956 1487 eodem
982 1455 1125 1498 impera-

386 1512 455 1542 tore
472 1514 501 1541 et
518 1509 685 1542 Bohemiae
709 1519 793 1552 rege,
812 1509 858 1541 vel
877 1509 914 1541 ab
933 1508 1038 1551 aliquo
1055 1508 1126 1548 alio,

387 1561 451 1594 sive
469 1561 629 1603 Bohemio,
648 1562 712 1595 sive
728 1563 857 1596 alterius
873 1562 1063 1606 provinciae,
1078 1562 1127 1595 cui

386 1626 441 1648 rex
456 1621 508 1649 aut
520 1616 608 1659 regia
622 1627 746 1649 camera
759 1616 908 1649 Bohemia
922 1616 959 1648 (lc
974 1616 1127 1649 evictione

386 1673 533 1702 tenentur
559 1669 645 1712 (talia
659 1675 772 1707 tamen,
786 1669 890 1713 qualia
901 1674 973 1702 sunt
989 1670 1127 1702 actiones

388 1727 418 1754 et
442 1722 511 1755 iura
534 1723 705 1766 praedicta,
730 1723 773 1755 ita
797 1727 959 1757 utcontra
984 1723 1128 1756 cedentes

388 1781 419 1809 et
442 1776 670 1809 ecclesiasticos
696 1776 891 1820 praedictos,
918 1781 947 1809 et
972 1787 1026 1809 seu
1050 1777 1130 1819 Apo-

388 1829 529 1862 stolicam
554 1829 666 1862 Sedem
680 1840 853 1873 numquam
868 1829 1045 1873 retorqueri
1060 1840 1130 1872 pos-

389 1881 460 1923 sint,
484 1893 541 1915 nec
566 1882 648 1915 dicta
661 1883 766 1923 Sedes,
779 1888 832 1915 aut
846 1883 903 1926 ipsi
926 1882 1128 1916 ecclesiastici

388 1947 447 1980 pro
470 1936 531 1969 illis
560 1936 598 1970 de
631 1936 735 1980 aliqua
760 1936 913 1970 evictionc
946 1940 999 1970 aut
1027 1936 1131 1969 desen-

389 1990 491 2031 sione,
516 1991 564 2023 vel
589 1990 627 2023 ad
652 1990 778 2034 aliquod
803 1990 887 2023 aliud
912 1991 1106 2033 teneantur);

433 2044 510 2077 Item
535 2043 628 2077 simili
658 2043 762 2085 modo,
780 2049 849 2085 etc.,
873 2049 1044 2085 cesserunt,
1061 2050 1130 2086 etc.,

390 2098 496 2131 omnia
519 2102 550 2130 et
574 2097 697 2140 singula
721 2097 789 2130 iura
822 2102 853 2130 et
884 2098 1023 2131 actiones
1051 2109 1131 2142 quae

390 2157 421 2185 et
434 2162 510 2196 quas
525 2151 725 2185 ecclesiastici
738 2151 889 2195 praedicti
904 2151 1030 2192 habent,
1044 2156 1074 2185 et
1087 2153 1131 2185 eis

391 2210 575 2249 competunt
599 2208 628 2238 et
652 2209 830 2248 competere
854 2210 998 2248 possunt,
1022 2210 1131 2238 contra

391 2269 624 2303 quamcumque
648 2268 827 2302 personam,
844 2269 1022 2300 commune,
1040 2259 1132 2292 colle-

392 2312 478 2355 gium
497 2317 527 2345 et
550 2312 785 2345 universitatem
805 2317 951 2356 respectu
974 2312 1131 2346 bonorum

392 2365 677 2399 ecclesiasticorum
697 2365 770 2398 dicti
794 2366 883 2409 regni
903 2369 973 2400 ante
989 2365 1132 2409 regimen

392 2419 424 2451 in
449 2419 557 2453 eodem
576 2429 675 2463 regno
695 2419 852 2463 gloriosae
876 2419 1050 2453 memoriae
1070 2419 1131 2453 Ro-

392 2473 502 2517 dulphi
528 2474 552 2507 ll
577 2473 777 2517 imperatoris
808 2477 837 2507 et
861 2473 1001 2507 eiusdem
1027 2473 1131 2506 Bohe-

392 2527 473 2560 miae
497 2527 581 2570 regis
600 2527 817 2568 alienatorum,
843 2538 978 2571 quorum
1002 2537 1128 2571 posses-

963 225 1141 250 nULLARIUM
1165 225 1319 251 ROMANUM

1159 278 1263 306 tamen
1286 273 1389 317 qualia
1413 279 1485 307 sunt
1507 274 1644 309 actiones
1664 280 1695 309 et
1717 275 1787 309 iura
1810 285 1897 320 prae-

1159 326 1250 368 dicta,
1267 326 1309 360 ita
1326 332 1359 359 ut
1379 330 1487 361 contra
1512 327 1656 361 cedentes
1681 334 1710 361 et
1733 329 1895 362 ecelesias-

1160 381 1236 413 ticos
1254 380 1430 424 praedictos
1448 385 1477 413 et
1491 391 1545 414 seu
1557 382 1767 425 Apostolicam
1784 382 1894 416 Sedem

1159 444 1330 477 numquam
1364 434 1542 478 retorqueri
1568 434 1710 478 possint,
1733 445 1790 468 nec
1814 435 1896 468 dicta

1159 487 1271 527 Sedes,
1296 492 1349 520 aut
1379 487 1437 531 ipsi
1467 487 1668 520 ecclesiastici
1692 498 1751 531 pro
1775 488 1835 520 illis
1859 488 1896 521 de

1159 541 1262 584 aliqua
1280 541 1433 574 evictione
1457 546 1487 574 et
1511 541 1700 581 defensione,
1718 546 1771 573 aut
1787 541 1825 573 ad
1842 541 1897 573 ali-

1159 594 1242 638 quod
1271 594 1354 627 aliud
1380 596 1575 638 teneantur),
1600 605 1636 628 ac
1660 594 1701 627 ita
1725 594 1839 637 etiam,
1864 599 1898 627 ut

1160 648 1224 691 ipse
1256 647 1475 681 serenissimus
1507 648 1653 681 dominus
1684 647 1898 681 Ferdinandus

1160 702 1331 746 imperator
1356 707 1386 734 et
1414 701 1581 735 Bohemiae
1611 712 1688 743 rex,
1713 701 1843 745 eiusque
1867 701 1898 733 in

1159 756 1242 789 dicto
1266 755 1436 788 Bohemiae
1460 765 1559 798 regno
1588 755 1799 788 haereditario
1829 755 1900 787 hae—

1159 809 1250 843 redes
1282 814 1312 842 et
1336 819 1534 843 successores
1563 808 1719 843 dictorum
1742 809 1899 843 bonorum

1159 862 1403 906 possessoribus,
1429 862 1454 895 si
1479 861 1626 895 catholici
1649 862 1781 903 suerint,
1805 872 1900 906 super

1160 916 1250 950 dictis
1274 916 1365 950 bonis
1387 916 1425 949 ab
1449 915 1494 949 eis
1516 915 1670 960 possessis
1693 925 1755 949 non
1779 915 1901 960 possint

1159 969 1279 1014 aliquas
1293 970 1409 1003 inferre
1423 969 1581 1003 molestias
1598 969 1706 1012 vigore
1718 968 1900 1002 huiusmodi

1160 1024 1348 1064 cessionum3
1360 1028 1389 1056 et
1400 1022 1430 1056 in
1444 1023 1574 1066 reliquis
1584 1022 1623 1056 ad
1633 1021 1823 1063 habendum,
1831 1026 1900 1063 etc.,

1160 1082 1320 1121 ponentes,
1338 1081 1406 1117 etc.,
1423 1077 1510 1110 nullo
1531 1076 1609 1120 iure,
1628 1081 1696 1117 etc.,
1714 1075 1902 1110 constituen-

1162 1134 1215 1172 tes
1232 1134 1301 1171 etc.,
1319 1131 1427 1163 dantes
1446 1130 1621 1172 licentiam,
1643 1135 1712 1170 etc.,
1737 1133 1767 1163 et
1790 1129 1900 1171 donec,

1161 1190 1229 1225 etc.,
1254 1184 1499 1227 constituerunt,
1526 1189 1582 1217 etc.
1611 1183 1771 1216 Praedicta
1797 1188 1900 1216 autem

1161 1237 1266 1270 omnia
1283 1243 1314 1270 et
1329 1237 1452 1280 singula
1465 1237 1576 1270 ambae
1596 1241 1701 1280 partes
1718 1236 1902 1269 contrahen-

1161 1296 1205 1325 tes
1234 1291 1347 1335 quibus
1372 1301 1467 1335 supra
1498 1290 1678 1323 nominibus
1708 1290 1847 1323 fecerunt
1872 1295 1898 1321 et

1161 1346 1262 1378 facere
1286 1344 1430 1377 dixerunt
1450 1349 1480 1382 ct
1504 1344 1714 1384 declararunt,
1731 1344 1824 1376 etiam
1845 1342 1902 1376 sub

1162 1398 1256 1432 modo
1281 1404 1311 1431 et
1334 1398 1454 1439 forma,
1481 1402 1511 1431 et
1534 1398 1590 1430 sul)
1614 1396 1881 1430 reservationibus
1895 1422 1902 1436 ,

1162 1451 1415 1492 conditionibus,
1445 1450 1710 1484 declarationibus
1742 1455 1771 1483 et
1805 1450 1903 1494 pactis

1162 1505 1369 1549 infrascriptis
1387 1506 1494 1538 mutua
1508 1510 1538 1538 et
1552 1515 1613 1548 qua
1633 1514 1726 1548 supra
1742 1503 1816 1536 hinc
1832 1503 1903 1536 inde

1163 1559 1362 1603 stipulatione
1388 1558 1518 1600 vallatis,
1543 1563 1573 1591 et
1592 1568 1655 1591 non
1680 1557 1779 1599 aliter,
1800 1566 1903 1600 neque

1163 1613 1224 1645 alio
1249 1612 1353 1653 modo,
1374 1612 1540 1645 nimirum:
1562 1611 1612 1644 ut¹
1630 1622 1702 1645 cum
1722 1610 1902 1643 huiusmodi

1163 1666 1357 1699 cessionibus
1382 1666 1589 1710 imposterum
1614 1665 1696 1698 idem
1729 1664 1903 1708 imperator

1163 1720 1207 1752 uti
1233 1719 1400 1753 Bohemiae
1424 1730 1490 1760 rex,
1508 1719 1637 1762 eiusque
1662 1718 1694 1750 in
1718 1717 1828 1750 eodem
1853 1727 1903 1749 rc-

1164 1784 1227 1817 gno
1255 1773 1421 1806 Bohemiae
1454 1772 1606 1805 haeredes
1642 1776 1671 1805 ct
1705 1780 1904 1804 successores

1165 1827 1326 1871 praedicti,
1341 1832 1370 1859 et
1383 1826 1422 1859 ab
1439 1826 1483 1858 eis
1502 1826 1548 1858 ius
1565 1830 1595 1858 ct
1612 1835 1736 1858 causam
1753 1824 1904 1858 habentes

1165 1892 1219 1915 seu
1232 1880 1381 1921 habituri,
1392 1880 1537 1913 similiter
1550 1879 1705 1920 catholici,
1717 1889 1734 1912 a
1747 1879 1904 1913 bonorum

1165 1935 1346 1980 supradicta
1366 1935 1506 1968 cessione
1531 1945 1586 1967 scu
1610 1933 1805 1967 cessionibus
1822 1944 1905 1967 com-

1164 1990 1394 2034 prehensorum
1419 1994 1449 2022 et
1473 1989 1631 2022 fructuum
1656 1999 1694 2021 ex
1719 1988 1763 2021 eis
1779 1998 1905 2032 percep-

1164 2049 1270 2077 torum
1283 2052 1558 2087 quorumcumque
1570 2040 1767 2075 restitutione
1778 2041 1809 2073 in
1821 2046 1906 2074 utro-

1165 2108 1225 2141 que
1241 2097 1309 2130 soro
1327 2096 1382 2130 tuti
1400 2099 1430 2130 et
1446 2096 1547 2129 securi
1566 2095 1753 2128 reddantur:

1209 2150 1247 2183 Ut
1263 2149 1443 2183 huiusmodi
1461 2149 1618 2183 cessiones
1632 2148 1846 2192 intelligantur
1866 2147 1904 2181 de

1166 2203 1286 2237 iuribus
1310 2208 1340 2236 et
1363 2202 1547 2243 actionibus,
1568 2212 1648 2246 quae
1671 2202 1840 2246 praedictis
1856 2212 1905 2235 ec-

1166 2257 1347 2290 clesiasticis
1365 2260 1556 2300 competunt,
1577 2261 1723 2300 respectu
1746 2255 1903 2289 bonorum

1166 2310 1449 2344 ecclesiasticorum
1475 2309 1697 2350 immobilium,
1729 2319 1902 2343 annuarum

1166 2364 1424 2409 praestationum,
1449 2363 1654 2405 decimarum,
1680 2372 1842 2406 censuum,
1866 2362 1903 2395 li-

1166 2418 1340 2458 vellorum,
1366 2417 1616 2462 emphiteoseum
1648 2421 1678 2452 et
1700 2417 1833 2450 aliarum
1857 2426 1905 2449 re-

1166 2482 1235 2504 rum
1262 2470 1422 2511 similium,
1440 2474 1473 2505 ut
1493 2481 1588 2515 supra
1608 2471 1824 2511 alienatarum,
1839 2479 1902 2503 non

1166 2530 1269 2558 autem
1302 2525 1435 2558 aliorum
1468 2534 1741 2569 quorumcumque
1765 2522 1880 2556 iurium
1896 2549 1903 2563 ,

392 2580 519 2614 soribus
551 2591 605 2614 rex
633 2581 801 2614 Bohemiae
825 2581 873 2613 rel
898 2581 984 2624 regia
1009 2590 1133 2614 camera
1170 2578 1424 2622 privilegiorum,
1448 2578 1683 2611 immunitatum
1710 2581 1740 2611 et
1769 2586 1902 2620 praero-

393 2633 468 2668 dicti
482 2635 571 2678 regni
585 2634 622 2669 dc
639 2635 790 2670 evictione
804 2645 867 2669 non
883 2639 1030 2669 tenentur
1047 2634 1133 2678 <talia

1206 2643 1213 2668 1
1234 2640 1301 2669 Male
1317 2641 1380 2669 edit.
1397 2640 1476 2669 Main.
1495 2644 1521 2671 el
1536 2649 1585 2677 pro
1602 2643 1632 2670 ut
1648 2640 1713 2676 legit
1727 2640 1763 2676 (n.
1777 2639 1824 2675 T.).

1909 227 1958 254 An.
1975 227 2005 255 C.
2027 225 2095 254 1633
