2221 3224
217 214 268 240 An.
291 213 318 239 c.
337 212 405 239 1028
451 203 493 236 40

289 1609 403 1631 Contrariis

219 1638 314 1663 derogat.

413 271 503 303 mus,
529 266 682 304 quatenus
705 260 786 303 ipsi,
813 259 859 292 vel
883 258 967 298 duo,
992 262 1044 291 aut
1071 268 1152 290 unus

414 325 543 356 eorum,
561 324 617 357 per
635 324 677 354 se,
694 313 741 345 vel
758 312 869 352 alium,
888 322 941 343 seu
958 310 1045 350 alios,
1063 321 1152 354 prae-

413 374 515 401 sentes
539 373 661 400 nostras
685 367 803 400 litteras
824 370 853 398 et
882 365 913 397 in
938 365 982 398 eis
1007 370 1153 398 conteuta

413 431 638 465 quaecumque,
663 420 715 452 ubi
741 424 770 451 et
795 419 927 462 quando«
945 429 1023 462 opus
1047 418 1151 459 fuerit,

414 485 449 507 ac
473 474 595 518 quoties
619 483 677 516 pro
701 477 789 515 parte
814 472 946 504 rectoris
963 477 993 504 et
1009 472 1152 504 alumno-

414 538 484 559 rum
521 526 645 568 collegii
681 524 862 557 huiusmodi
882 552 888 565 ,
925 535 980 557 seu
1017 525 1150 558 aliorum

414 590 547 624 quorum
573 579 711 611 savorem
737 578 788 610 illa
813 582 1016 619 concernunt,
1037 577 1153 610 suerint

415 632 566 676 requisiti,
591 631 772 665 solemniter
795 631 1000 674 publicantes,
1027 631 1152 674 illisque

414 686 547 719 efficacis
571 685 760 718 defensionis
783 684 940 727 praesidio
965 684 1152 726 assistentes,

414 740 526 772 saciant
556 738 739 772 auctoritate
768 739 876 771 nostra
908 737 1030 770 easdem
1064 748 1153 781 prae-

414 798 527 832 sentes,
552 795 582 826 et
606 791 637 823 in
661 790 705 823 eis
730 795 875 823 contenta
898 790 1090 831 huiusmodi,
1115 791 1153 823 ab

415 846 570 886 omnibus,
596 845 634 877 ad
658 855 738 888 quos
755 848 873 888 spectat
889 849 918 877 et
938 855 995 888 pro
1012 849 1154 888 tempore

415 899 577 944 spectabit,
598 898 731 931 firmiter
755 903 786 931 et
809 898 1029 931 inviolabiliter
1049 898 1156 931 obser-

415 954 489 993 vari,
515 964 551 985 ac
575 958 743 992 rectorem,
768 952 921 993 alumnos,
946 951 1085 995 aliosque
1102 951 1155 983 hu-

415 1006 551 1040 iusmodi
576 1006 637 1038 illis
654 1005 785 1049 pacifice
798 1005 859 1038 frui
875 1010 904 1037 et
920 1005 1068 1048 gaudere,
1092 1015 1155 1038 non

414 1060 631 1104 permittentes
645 1069 698 1092 eos
712 1059 846 1102 desuper
865 1069 923 1102 per
940 1068 1156 1102 quoscumque

415 1113 653 1158 quomodolibet
675 1112 811 1145 indebite
836 1112 1009 1151 niolestari3
1035 1117 1157 1145 contra-

415 1168 551 1201 dictores
576 1166 732 1210 quoslibet
743 1171 773 1198 et
788 1166 920 1198 rebelles
934 1176 990 1209 per
1008 1175 1156 1198 censuras

416 1227 446 1255 et
459 1231 577 1265 poenas
588 1219 824 1260 ecclesiasticas,
842 1218 963 1262 aliaque
980 1223 1157 1262 opportuna

416 1275 493 1308 iuris
519 1279 548 1306 et
568 1273 638 1307 faeti
663 1272 811 1314 remedia,
831 1271 1041 1316 appellatione
1065 1275 1154 1315 post-

416 1328 526 1373 posita,
553 1326 791 1370 compescendo,
813 1336 848 1358 ac
869 1335 1018 1358 censuras
1036 1330 1065 1357 et
1082 1335 1158 1368 poe-

416 1392 472 1415 nas
492 1376 584 1425 ipsas,
606 1381 726 1412 servata
751 1379 852 1412 forma
873 1378 1012 1411 eiusdem
1029 1378 1157 1412 Concilii

417 1435 607 1474 Tridentini,
634 1434 725 1466 etiam
751 1433 869 1466 iteratis
896 1433 1016 1466 vicibus
1045 1443 1158 1475 aggra-

418 1489 540 1529 vando,
565 1488 707 1520 invocato
733 1487 826 1519 etiam
855 1486 893 1519 ad
919 1487 1000 1527 hoc,
1032 1486 1056 1518 si
1082 1496 1159 1530 opus

420 1543 524 1582 suerit,
549 1541 664 1574 auxilio
689 1540 810 1573 brachii
836 1539 995 1572 secularis.

464 1597 478 1639 ἓ
495 1595 546 1628 20.
571 1594 852 1628 Non‘obstantibus
875 1595 982 1627 nostra
999 1592 1037 1625 de
1050 1593 1159 1635 gratiis

418 1651 456 1683 ad
482 1650 579 1683 instar
602 1659 664 1682 non
689 1647 913 1689 concedendis,
939 1658 974 1680 ac
998 1647 1158 1691 praedicta

419 1703 564 1746 Gregorii
588 1701 839 1747 praedecessoris
866 1700 1056 1743 lmiusniodi,
1082 1711 1159 1744 qua

420 1764 508 1791 tenus
528 1768 607 1800 opus
625 1756 663 1790 sit
683 1761 712 1788 et
729 1760 882 1800 quatenus
900 1755 1103 1798 reperiretur,
1124 1765 1159 1787 ac

419 1810 579 1855 quibusvis
605 1809 672 1842 aliis
698 1808 971 1842 constitutionibus
989 1812 1018 1841 et
1038 1807 1159 1840 ordina-

419 1864 556 1898 tionibus
590 1863 791 1907 apostolicis,
824 1872 946 1894 necnon
980 1861 1100 1894 statutis
1131 1866 1160 1894 et

420 1917 702 1957 constitutionibus,
716 1915 888 1959 privilegiis
908 1925 1043 1958 quoque,
1062 1914 1160 1947 indul-

420 1972 458 2004 tis
476 1976 505 2004 et
524 1970 636 2003 litteris
654 1969 845 2013 apostolicis,
859 1968 1020 2012 quibusvis
1035 1968 1160 2000 univer-

421 2025 581 2066 sitatibus,
604 2023 760 2066 collegiis,
781 2032 955 2066 eorumque
984 2021 1159 2054 rectoribus

422 2085 452 2112 et
464 2078 618 2123 personis,
633 2078 689 2110 sub
703 2077 864 2121 quibusvis
877 2076 1036 2110 tenoribus
1053 2080 1081 2108 et
1101 2076 1160 2109 sor-

420 2133 488 2173 mis,
513 2143 547 2165 ae
566 2143 636 2164 cum
655 2130 816 2175 quibusvis
837 2130 930 2163 etiam
949 2128 1160 2172 derogatoria-

420 2198 490 2219 rum
515 2185 744 2227 derogatoriis,
774 2184 904 2227 aliisque
930 2183 1160 2215 efficacioribus

421 2246 451 2273 et
474 2239 606 2273 insolitis
631 2238 788 2278 clausulis,
814 2247 936 2269 necnon
964 2236 1160 2269 irritantibus

421 2300 451 2326 et
475 2293 542 2326 aliis
564 2292 708 2332 decretis,
727 2291 757 2324 in
778 2301 893 2333 genere
918 2290 963 2322 vel
991 2289 1022 2321 in
1047 2290 1160 2333 specie,

421 2347 514 2380 etiam
541 2351 627 2379 motu
652 2351 681 2378 et
705 2344 866 2389 potestatis
895 2343 1089 2387 plenitudine
1114 2343 1157 2375 si-

423 2401 559 2442 milibus,
585 2405 614 2432 et
639 2399 714 2431 alias
730 2398 967 2442 quomodolibet
985 2397 1103 2429 iteratis
1120 2397 1162 2429 vi-

423 2454 510 2486 cibus
535 2453 708 2493 conccssis,
733 2452 913 2496 approbatis
937 2455 967 2483 et
990 2450 1160 2491 innovatis,

423 2507 537 2549 quibus
561 2507 716 2547 omnibus,
737 2505 858 2538 etiamsi
876 2505 951 2537 alias
967 2515 1026 2548 pro
1051 2514 1161 2537 eorum

424 2559 588 2591 sufficienti
614 2559 816 2601 derogatione
840 2558 878 2591 de
904 2558 964 2590 illis
989 2567 1161 2601 corumque

424 2612 496 2645 totis
506 2613 666 2646 tenoribus
676 2612 829 2656 specialis,
843 2611 998 2657 specifica,
1013 2621 1162 2656 expressa

986 210 1165 234 BULLARIUM
1189 209 1344 234 ROMANUM

1935 209 1989 237 An.
2010 209 2038 237 C.
2057 209 2124 237 1628

1185 261 1215 290 et
1229 251 1398 290 'individua
1417 268 1453 290 ac
1473 257 1511 291 de
1531 258 1627 292 verbo
1647 258 1685 291 ad
1702 258 1844 300 verbum,
1862 267 1926 291 non

1185 314 1288 342 autem
1314 320 1371 353 per
1395 311 1549 343 clausulas
1573 312 1735 354 generales
1760 311 1843 344 idem
1871 311 1927 343 im-

1186 368 1359 407 portantes,
1373 365 1490 396 mentio
1511 374 1566 397 seu
1579 364 1705 408 quaevis
1726 364 1784 397 alia
1799 375 1927 407 expres-

1186 417 1231 449 sio
1246 416 1388 449 habenda
1401 422 1454 449 aut
1467 417 1570 461 aliqua
1584 418 1643 450 alia
1658 417 1810 461 exquisita
1825 418 1926 450 forma

1185 470 1223 502 ad
1240 471 1300 503 hoc
1318 469 1470 502 servanda
1487 470 1576 511 soret,
1594 474 1718 504 tenores
1735 471 1926 512 huiusmodi,

1186 535 1220 557 ac
1246 525 1270 557 si
1296 524 1334 556 de
1360 524 1455 556 verbo
1480 524 1518 556 ad
1542 524 1685 565 verbum,
1702 524 1779 557 nihil
1804 524 1929 567 penitus

1186 577 1312 619 omisso,
1338 582 1367 609 et
1386 577 1488 609 forma
1506 577 1537 609 in
1554 577 1598 610 eis
1618 577 1732 610 tradita
1750 577 1927 619 observata,

1186 631 1294 664 inserti
1319 631 1441 671 forent,
1477 630 1596 663 eisdem
1625 631 1843 675 praesentibus
1868 641 1927 674 pro

1186 685 1277 729 plene
1301 690 1331 718 et
1355 684 1547 717 sufficienter
1571 685 1728 729 expressis
1752 685 1904 717 habentes
1921 712 1928 724 ,

1188 739 1247 771 illis
1267 738 1342 771 alias
1362 737 1394 770 in
1412 748 1468 771 suo
1493 737 1609 771 robore
1626 737 1852 782 permansuris
1870 738 1929 770 hac

1188 791 1253 824 vice
1278 791 1439 824 dumtaxat
1463 790 1639 834 specialiter
1659 794 1689 824 et
1708 801 1855 834 expresse
1872 791 1928 823 ha-

1188 856 1259 878 rum
1284 845 1365 878 serie
1390 844 1590 887 derogamus
1616 843 1781 877 contrariis
1806 843 1931 888 quibus-

1189 908 1339 941 cumque;
1356 902 1409 930 aut
1426 897 1450 930 si
1471 897 1628 941 aliquibus
1649 896 1858 929 communiter
1878 902 1932 930 aut

1188 952 1311 984 divisim
1336 951 1375 984 ab
1388 951 1496 984 eadem
1515 951 1553 985 sit
1569 950 1647 984 Sede
1668 950 1833 991 indultum,
1847 950 1930 994 quod

1189 1005 1342 1046 interdici,
1361 1004 1510 1049 suspendi
1528 1005 1574 1037 vel
1589 1003 1855 1037 excommunicari
1869 1013 1932 1036 non

1189 1059 1310 1102 possint
1334 1069 1392 1103 per
1423 1058 1543 1090 litteras
1575 1057 1762 1101 apostolicas
1795 1067 1858 1091 non
1886 1057 1931 1089 fa-

1190 1113 1306 1145 cientes
1319 1113 1444 1156 plenam
1470 1116 1500 1144 et
1523 1121 1702 1155 expressam
1724 1121 1759 1143 ae
1776 1110 1814 1144 de
1834 1111 1930 1144 verbo

1190 1166 1229 1198 ad
1254 1165 1384 1200 verbum
1414 1165 1452 1198 de
1484 1165 1604 1199 indulto
1627 1164 1809 1198 huiusmodi
1835 1175 1929 1197 men-

1191 1219 1318 1252 tionem.

1236 1274 1250 1317 g
1268 1273 1319 1306 021.
1337 1273 1488 1306 Volumus
1506 1277 1622 1314 autem,
1645 1272 1729 1316 quod
1748 1272 1931 1306 earumdem

1191 1326 1403 1370 praesentium
1418 1326 1635 1369 transumptis,
1649 1325 1741 1358 etiam
1759 1326 1932 1369 impressis,

1192 1389 1287 1412 manu
1312 1383 1415 1413 tamen
1442 1378 1556 1412 notarii
1587 1379 1704 1422 publici
1732 1379 1932 1422 subscriptis,

1193 1439 1222 1466 et
1246 1433 1349 1476 sigillo
1374 1432 1534 1466 communi
1559 1432 1633 1465 dieti
1654 1432 1789 1475 collegii,
1807 1436 1860 1466 aut
1876 1432 1932 1464 ali-

1193 1486 1282 1520 cuius
1307 1486 1413 1519 curiae
1438 1485 1677 1526 ecclesiasticae,
1702 1495 1756 1518 seu
1781 1495 1934 1529 personae

1193 1540 1224 1572 in
1248 1539 1398 1583 dignitate
1423 1539 1634 1572 ecclesiastica
1659 1538 1846 1572 constitutae
1870 1549 1935 1572 mu-

1192 1594 1282 1634 nitis,
1308 1593 1418 1626 eadem
1441 1603 1573 1637 prorsus
1597 1592 1675 1625 sides
1704 1592 1736 1624 in
1764 1591 1880 1626 iudicio
1905 1598 1935 1625 et

1194 1653 1279 1681 extra
1297 1647 1374 1680 illud
1394 1647 1590 1687 adhibeatur,
1608 1657 1688 1690 quae
1708 1646 1824 1679 eisdem
1845 1657 1934 1690 prae—

1193 1701 1333 1734 sentibus
1357 1700 1575 1740 adhiberetur,
1601 1699 1625 1732 si
1650 1700 1753 1733 forent
1777 1699 1935 1733 exhibitae

1194 1755 1241 1788 vel
1266 1759 1418 1787 ostensae.

1238 1808 1252 1851 ἓ
1276 1807 1328 1840 022.
1354 1807 1435 1841 Nulli
1462 1817 1538 1849 ergo
1563 1806 1691 1840 omnino
1717 1806 1881 1840 hominum
1900 1806 1936 1840 li-

1193 1866 1260 1894 ceat
1284 1861 1364 1893 lianc
1387 1860 1535 1904 paginam
1560 1865 1687 1893 nostrae
1711 1860 1934 1901 absolutionis,
1950 1869 2017 1891 adan.

1193 1914 1371 1955 erectionis,
1396 1913 1609 1954 institutionis,
1633 1913 1748 1954 statuti,
1770 1913 1936 1946 subiectio-

1193 1968 1250 2010 nis,
1261 1967 1489 2009 submissionis,
1499 1966 1741 2006 constitutionis,
1755 1966 1934 2006 creationis,

1193 2021 1425 2063 attributionis,
1452 2020 1579 2063 indulti,
1604 2019 1835 2063 requisitionis,
1862 2030 1932 2053 mo-

1193 2075 1331 2116 nitionis,
1357 2073 1661 2115 communicationis,
1685 2073 1934 2114 concessionum,

1194 2128 1399 2171 elargitionis,
1414 2126 1661 2171 approbationis,
1678 2126 1934 2171 confirmationis,

1194 2183 1412 2222 decretorum,
1449 2180 1691 2221 mandatorum,
1723 2179 1936 2222 derogationis

1194 2241 1224 2269 et
1248 2236 1444 2268 voluntatum
1469 2233 1652 2276 infringere,
1673 2233 1720 2266 vel
1746 2233 1773 2266 ei
1795 2244 1873 2266 ausu
1897 2238 1937 2266 te-

1195 2289 1333 2322 merario
1368 2288 1534 2322 contraire.
1573 2288 1603 2321 Si
1639 2287 1708 2331 quis
1739 2292 1843 2320 autem
1876 2288 1937 2321 hoc

1196 2348 1347 2376 attentare
1383 2341 1655 2386 praesumpserit,
1688 2340 1936 2384 indignationem

1195 2395 1420 2440 omnipotentis
1449 2395 1502 2428 Dei
1532 2406 1567 2428 ac
1595 2395 1760 2428 beatorum
1793 2394 1876 2428 Petri
1908 2398 1938 2427 et

1196 2450 1282 2483 Pauli
1307 2449 1525 2493 apostolorum
1551 2449 1617 2482 eius
1635 2459 1667 2481 se
1688 2448 1812 2482 noverit
1836 2448 1938 2481 incur-

1196 2514 1317 2538 surum.

1239 2558 1351 2591 Datum
1373 2557 1501 2598 Romae,
1522 2556 1605 2600 apud
1628 2555 1657 2589 S.
1680 2555 1807 2589 Petrum
1822 2581 1830 2597 ,
1855 2564 1937 2589 anno

1195 2610 1421 2645 Incarnationis
1443 2610 1625 2644 Dominicae
1648 2619 1827 2652 nncxxvni,
1841 2620 1937 2654 quar-

1972 1281 2077 1308 Exemptis
2085 1286 2130 1303 cre·

1947 1308 1968 1330 di
1983 1309 2049 1330 iubet.

1978 1814 2133 1843 Decretumque

1950 1843 2039 1868 poenale
2061 1848 2135 1869 super-
