2248 3229
218 228 306 258 Amo.
329 228 398 258 1633
442 220 506 255 336

994 224 1173 249 BULLARIUM

416 277 584 312 Bohemiae
600 276 667 310 viste
685 273 901 318 cancellarius)
920 282 955 307 ex
972 273 1070 306 altera
1086 283 1157 317 par-

417 331 510 373 tibus,
535 329 573 362 ad
597 329 674 361 haec
698 332 730 360 et
753 326 951 370 infrascripta
975 325 1014 358 ab
1046 325 1156 359 eadem

418 386 506 418 sacra
531 381 676 416 caesarea
694 380 854 413 maiestate
871 379 1064 413 serenissimi
1081 379 1156 412 Fer-

418 435 545 470 dinandi
561 433 764 479 imperatoris
775 439 805 467 et
821 433 906 476 regis
922 443 979 477 per
995 432 1157 477 publicum

419 484 601 523 mandatum
615 498 670 521 seu
686 492 826 532 patentes
847 487 966 520 litteras
978 486 1157 530 imperiales

419 543 476 576 sub
500 542 608 575 datum
632 541 769 574 Viennae
793 540 843 573 die
860 550 913 574 xv1
937 539 1088 573 februarii
1108 549 1158 572 an-

418 606 459 629 no
477 605 615 636 MDCXXX,
634 604 806 637 regnorum
821 593 960 626 eiusdem
982 593 1115 626 Romani
1128 602 1158 626 xl

418 648 589 693 flung-arici
615 658 658 682 x11
683 651 713 682 et
735 646 896 681 Bohemici
916 656 990 688 xm,
1009 657 1081 680 cum
1098 656 1160 679 am-

419 703 561 748 plissima
585 702 731 735 facultate
755 701 874 746 pariter
898 700 1049 744 deputati,
1065 705 1160 744 prout

420 756 563 791 similiter
587 755 763 790 docuerunt
798 765 856 799 per
886 753 1048 799 publicum
1077 765 1161 787 man-

421 811 530 844 datum
554 819 610 843 seu
632 809 753 842 litteras
781 807 959 852 imperiales
979 807 1159 849 antedictas,

421 864 506 909 quod
529 874 586 896 seu
610 873 688 907 quas
712 860 822 903 nobis,
847 861 885 894 ad
909 861 1055 895 effectum
1075 872 1162 905 prae-

422 919 500 952 senti
518 918 727 951 instrumento
740 915 898 949 inserendi
914 921 943 949 et
962 915 1161 959 registrandi,

422 971 619 1005 tradiderunt
635 975 665 1003 et
684 970 920 1013 consignarunt,
939 969 1055 1003 tenoris
1071 969 1164 1002 infra-

423 1025 541 1069 scripti,
562 1024 719 1057 videlicet:

467 1079 530 1112 Nos
550 1076 765 1111 Ferdinandus
782 1076 823 1117 ll,
845 1074 950 1109 divina
969 1076 1088 1109 favente
1105 1076 1164 1108 cle-

424 1132 542 1166 mentia
574 1131 692 1164 electus
724 1131 939 1163 Romanorum
972 1129 1164 1172 imperator,

425 1195 550 1229 semper
574 1189 735 1227 augustus,
761 1194 797 1216 ac
821 1181 1017 1223 Germaniae,
1044 1182 1166 1224 Hunga-

424 1239 500 1279 riae,
511 1237 690 1279 Bohemiae,
701 1236 882 1278 Dalmatiae,
893 1235 1033 1269 Croatiae
1044 1239 1073 1267 et
1086 1235 1166 1268 Scla-

425 1292 534 1326 ioniae
547 1302 612 1332 rex,
623 1290 773 1324 archidux
787 1289 940 1331 Austriae,
952 1289 1013 1321 dux
1027 1289 1167 1332 Burgun-

426 1347 504 1387 diae,
529 1345 671 1379 marchio
691 1344 846 1378 Moraviae
860 1371 869 1385 ,
892 1343 955 1376 dux
979 1342 1167 1376 Lucembur-

426 1402 506 1445 giae,
530 1405 560 1433 et
583 1398 742 1432 inferioris
766 1403 796 1431 et
821 1397 993 1441 superioris
1019 1396 1165 1438 Silesiae‚

427 1454 623 1494 Bai‘hantiae,
647 1452 777 1497 Styriae,
798 1451 984 1492 Carinthiae,
1005 1450 1167 1484 Carniolae

427 1507 681 1549 Wirtembergae
705 1510 735 1539 et.
757 1505 911 1546 Thechae,
931 1504 1079 1548 princeps
1095 1504 1168 1537 Sve-

428 1562 505 1603 viae,
529 1559 672 1594 marchio
697 1558 854 1592 inferioris
876 1563 905 1591 et
926 1556 1098 1601 superioris
1114 1558 1169 1590 Lu-

428 1616 534 1656 satiae,
559 1624 666 1648 comes
689 1612 878 1656 IIabspurgi,
903 1610 1035 1656 Tyrolis‚
1060 1611 1170 1644 Ferre-

429 1671 477 1711 tis,
502 1668 644 1714 Kyburgi
664 1672 694 1701 et
718 1666 865 1707 Goritiae,
890 1663 1098 1710 lantyravius⁴
1122 1665 1169 1697 Al-

429 1723 546 1764 satiae‚
577 1720 719 1755 marchio
755 1720 836 1753 sacri
867 1719 989 1753 romani
1023 1717 1168 1762 imperii,

429 1775 621 1820 Burgoricae
644 1773 801 1816 dominus,
825 1772 984 1806 marchiae
1016 1770 1170 1805 Sclaveni-

431 1841 503 1873 eae,
527 1834 637 1874 portus
661 1827 776 1861 Naonis
801 1831 831 1860 et
854 1826 1041 1860 Sabinarum
1055 1852 1063 1866 ,
1087 1835 1172 1858 reco-

431 1884 612 1928 gnoscimus
629 1887 660 1915 et
675 1886 785 1914 notum
802 1880 943 1921 facimus,
962 1884 1069 1912 tenore
1085 1888 1171 1923 prae-

432 1937 578 1978 sentium,
593 1934 738 1969 omnibus
762 1939 792 1966 et
817 1933 958 1976 singulis,
982 1932 1063 1966 inter
1078 1932 1170 1972 mala,

432 2002 512 2036 quae
535 1989 673 2034 plurima
697 1998 803 2021 secum
829 1986 912 2020 vehit
936 1985 1090 2028 haeresis,
1110 1985 1170 2018 hoc

433 2046 464 2080 in
481 2043 593 2090 primis
611 2042 718 2076 adesse
736 2041 836 2075 solere
855 2046 1062 2084 compertum,
1077 2039 1171 2082 quod,

434 2098 486 2132 ubi
512 2108 547 2131 ea
571 2095 710 2135 invaluit,
728 2094 779 2137 ihi,
796 2095 945 2138 pleraque
969 2092 1096 2137 quidem
1114 2092 1172 2124 alia
1189 2113 1191 2118 ·

434 2152 485 2196 agi
510 2150 614 2185 omnia
638 2149 770 2192 fierique
795 2152 1009 2192 praepostere,
1034 2156 1070 2179 ea
1087 2156 1172 2186 vero,

435 2216 515 2250 quae
539 2206 602 2238 Deo
621 2208 651 2236 et
665 2201 814 2242 ecclesiia
832 2211 1004 2244 earumque
1023 2199 1173 2232 ministris
1190 2218 1192 2228 z

436 2260 474 2293 ad
498 2257 584 2292 veri²
613 2257 714 2290 cultus
744 2255 1013 2288 conservationem
1043 2253 1113 2286 data
1146 2257 1192 2286 et¹

437 2316 619 2347 consacrata
635 2313 715 2352 sunt,
736 2309 767 2341 in
787 2319 895 2342 omnes
914 2308 991 2341 alios
1012 2318 1086 2340 usus
1107 2306 1175 2350 rapi
1192 2320 1193 2326 ¹

437 2368 576 2411 ferrique
600 2371 631 2399 et
653 2363 815 2410 profanari
840 2363 952 2402 solcnt;
978 2361 1073 2395 veluti
1090 2371 1194 2405 supe.

438 2422 534 2455 riori³
550 2421 705 2465 proximo,
723 2429 834 2462 eoque,
848 2417 932 2461 quod
949 2417 1025 2450 illud
1042 2421 1177 2449 anteces-

440 2476 488 2516 sit,
509 2475 631 2515 seculo,
656 2473 687 2505 in
711 2471 921 2505 haereditario
950 2474 1058 2503 nostro
1082 2469 1195 2503 Bohe-*

478 2559 487 2583 1
507 2556 607 2583 Forsan
622 2553 766 2590 legendum
782 2552 968 2587 landgravius
983 2553 1023 2586 (R.
1040 2550 1087 2585 τ.).

477 2599 493 2626 2
508 2600 578 2627 Edit.
593 2599 678 2626 Main.
694 2598 778 2625 habet
793 2605 868 2625 vere.

478 2644 493 2672 3
507 2643 577 2673 Edit.
593 2643 673 2672 Maiu.
689 2643 754 2678 legit
767 2640 926 2677 superioris
941 2641 979 2676 (fl.
995 2640 1044 2675 T.).

1197 223 1351 248 ROMANUM

1190 272 1271 304 miae
1295 280 1394 314 regno
1417 271 1539 312 accidit,
1563 272 1595 304 in
1618 281 1692 316 quo,
1709 279 1790 313 eum,
1811 267 1927 315 partim

1190 325 1315 358 aliunde
1339 324 1427 365 illati,
1451 325 1567 368 partim
1591 325 1624 357 in
1647 325 1713 358 eius
1736 325 1834 369 ipsius
1859 333 1927 367 gre-

1191 378 1254 412 mio
1278 378 1363 418 nati,
1391 378 1508 421 altique
1530 377 1700 421 perniciosi
1723 377 1871 422 quidam¹
1897 377 1929 410 in

1191 431 1252 464 side
1282 441 1407 465 errores
1438 430 1659 472 inolevissent,
1693 440 1728 463 ea
1757 441 1828 463 cum
1853 430 1929 474 ipsis

1192 484 1256 517 sere
1273 484 1413 518 omnium
1430 494 1538 517 rerum
1556 482 1706 525 confusio,
1724 483 1929 516 eeclesiarum

1192 549 1287 582 quam
1311 537 1467 572 maxim&
1496 542 1526 572 et
1556 548 1664 571 rerum
1688 536 1726 569 ad
1758 546 1809 569 eas
1831 536 1929 580 perti-

1192 593 1333 625 nentium
1359 591 1513 636 direptio,
1546 591 1691 624 alienatio
1716 595 1747 623 et
1769 589 1931 625 distractio

1193 646 1358 689 insequuta
1386 648 1454 687 est,
1486 644 1536 678 cui
1565 644 1673 688 plures
1697 648 1931 676 antecessorum

1193 704 1374 733 nostrorum
1398 699 1613 732 Romanorum
1637 698 1866 742 imperatorum
1883 706 1932 730 eo-

1194 752 1401 796 rumdemque
1420 751 1588 786 Bohemiae
1604 761 1717 794 regum
1734 745 1856 784 ta‘metsi
1872 760 1932 794 pro

1195 808 1249 840 sua
1273 806 1304 838 in
1334 806 1434 839 Deum
1466 806 1581 850 pietate
1611 803 1768 838 remederi
1797 803 1933 838 voluisse

1195 859 1365 894 admodum
1390 859 1429 892 sit
1453 859 1613 899 credibile,
1636 868 1701 892 non
1725 857 1866 902 potuisse
1889 862 1933 889 ta-

1197 923 1267 946 men
1294 923 1330 946 ex
1355 923 1392 946 eo
1417 912 1451 945 sit
1475 911 1656 954 verisimile,
1676 911 1759 955 quia,
1776 909 1861 954 quod
1882 920 1935 943 vo-

1197 967 1291 1000 luisse
1316 966 1484 1006 eredimus,
1505 976 1568 998 non
1592 965 1762 1009 perfecisse
1781 963 1934 1005 videmus,

1198 1020 1360 1064 iniquitate
1377 1019 1527 1052 nimirum
1547 1018 1724 1058 hominum,
1741 1022 1936 1061 temporum-

1198 1085 1258 1118 que
1282 1084 1404 1107 necnon
1428 1073 1584 1106 bellorum
1610 1071 1848 1106 necessitatibus
1875 1070 1935 1103 im-

1197 1128 1348 1172 peditos³,
1365 1128 1429 1161 imo
1449 1127 1529 1160 sorte
1554 1126 1708 1159 similibus
1729 1125 1886 1158 interdum
1904 1135 1936 1157 a-

1199 1181 1375 1214 lienationis
1395 1180 1515 1214 actibus
1528 1190 1606 1223 quae
1626 1189 1794 1223 perperam
1814 1178 1852 1210 ab
1869 1177 1937 1211 aliis

1199 1235 1278 1268 sacta
1295 1232 1475 1277 approbare
1500 1237 1634 1266 coactos.
1660 1232 1721 1265 Nos
1746 1231 1852 1274 igitur,
1873 1230 1938 1275 qui-

1199 1288 1267 1328 hus,
1277 1287 1416 1330 gloriosa
1429 1297 1446 1319 a
1460 1287 1523 1319 Deo
1537 1287 1684 1320 concessa
1700 1285 1840 1326 victoria,
1853 1295 1939 1329 prae-

1200 1341 1316 1375 dictum
1330 1340 1575 1374 haereditarium
1588 1349 1722 1382 regnum
1739 1343 1883 1371 nostrum
1900 1338 1939 1370 ab

1200 1393 1384 1427 haeresibus
1401 1403 1538 1437 purgare
1551 1397 1581 1425 et
1595 1392 1625 1425 in
1643 1392 1806 1425 meliorem
1825 1396 1939 1425 statum

1201 1448 1368 1481 vendicare
1392 1447 1499 1480 datum
1525 1451 1586 1488 est,
1612 1445 1735 1479 tametsi
1759 1445 1871 1478 eodem
1895 1445 1939 1478 sa-

1202 1506 1290 1536 vente
1315 1507 1344 1534 et
1368 1501 1536 1534 auxiliante
1566 1500 1630 1533 Deo
1661 1510 1697 1533 ea
1728 1499 1940 1543 gesserimus,

1202 1556 1316 1600 quibus
1341 1559 1447 1588 sancta
1471 1554 1599 1598 solaque
1624 1553 1761 1586 salvifica
1787 1552 1942 1586 catholica

1203 1609 1314 1653 religio
1339 1613 1446 1642 nostra
1463 1613 1529 1641 tuta
1545 1608 1576 1640 in
1592 1607 1653 1640 hoc
1670 1617 1769 1650 regno
1786 1617 1852 1640 esse
1870 1617 1942 1651 pos-

1203 1663 1261 1704 sit,
1287 1662 1409 1695 tametsi
1440 1661 1552 1701 etiam,
1576 1665 1611 1693 ut
1640 1660 1671 1692 in
1701 1659 1778 1693 alios
1803 1659 1942 1693 eiusdem

1203 1716 1293 1760 regni
1317 1715 1453 1756 ordines,
1471 1714 1513 1747 ita
1530 1714 1561 1746 in
1582 1712 1828 1746 ecclesiasticum
1854 1723 1943 1757 prae-

1204 1769 1293 1813 cipue
1318 1773 1432 1802 statum
1462 1767 1575 1800 eximia
1603 1770 1669 1799 tum
1702 1765 1854 1798 beneficia
1877 1770 1944 1798 tum

1204 1825 1387 1856 ornamenta
1410 1820 1533 1854 liberali
1557 1825 1587 1853 et
1610 1820 1699 1862 larga
1723 1829 1819 1851 manu
1834 1823 1943 1853 contu-

1204 1877 1345 1917 lerimus,
1369 1875 1483 1920 quibus
1507 1875 1569 1915 ille,
1595 1874 1620 1907 si
1637 1884 1700 1908 non
1717 1878 1882 1907 contentus
1899 1883 1945 1907 es-

1205 1935 1261 1971 set,
1286 1935 1370 1964 certe
1395 1940 1486 1962 suum
1510 1939 1567 1973 per
1592 1928 1740 1961 iniuriam
1760 1932 1831 1960 ante
1851 1927 1944 1960 amis-

1206 1994 1313 2018 sorum
1338 1983 1481 2016 dolorem
1505 1981 1630 2015 abunde
1654 1981 1748 2014 solari
1773 1980 1882 2024 possit,
1902 1980 1945 2013 ni-

1207 2037 1389 2078 hilominus,
1406 2047 1478 2070 cum
1502 2035 1581 2068 nihil
1604 2034 1696 2068 nobis
1720 2034 1879 2077 antiquius
1896 2033 1945 2076 sit,

1207 2101 1301 2135 quam
1326 2101 1362 2123 ea
1387 2099 1560 2134 procurare
1577 2093 1607 2121 et
1623 2098 1727 2131 agere,
1753 2087 1867 2131 quibus
1883 2097 1947 2120 non

1208 2145 1265 2189 ipsi
1285 2148 1402 2177 tantum
1424 2153 1492 2183 nos,
1508 2142 1672 2186 nostrique
1689 2142 1720 2174 in
1737 2140 1948 2175 haereditario

1208 2204 1316 2232 nostro
1341 2196 1508 2231 Bohemiae
1528 2206 1627 2239 regno
1647 2195 1799 2228 haeredes
1822 2199 1852 2227 et
1876 2205 1947 2228 suc-

1208 2261 1348 2285 cessores
1373 2250 1563 2294 quicumque
1583 2249 1614 2282 in
1644 2253 1850 2293 perpetuum,
1873 2247 1949 2280 libe-

1209 2305 1309 2338 riores
1346 2304 1376 2336 in
1412 2302 1626 2344 conscientia,
1663 2312 1773 2334 verum
1809 2301 1841 2333 in
1880 2301 1949 2334 foro

1210 2358 1303 2391 etiam
1341 2362 1470 2390 externo
1506 2361 1615 2389 contra
1646 2355 1717 2388 lites
1746 2358 1776 2388 et
1806 2354 1949 2398 querelas

1211 2423 1306 2456 super
1324 2411 1413 2445 honis
1431 2415 1461 2444 et
1478 2409 1600 2443 iuribus
1623 2408 1815 2449 huiusmodi,
1835 2418 1891 2452 per
1908 2407 1951 2440 in-

1211 2465 1323 2499 iuriam
1349 2470 1539 2509 temporum,
1564 2468 1597 2497 ut
1622 2463 1809 2507 praefertur,
1831 2461 1870 2494 ab
1895 2461 1948 2494 Ec-

1250 2549 1259 2573 1
1278 2546 1347 2573 Edit.
1364 2545 1442 2573 Main.
1459 2545 1525 2579 legit
1539 2545 1657 2580 quidem
1671 2544 1711 2579 (n.
1727 2543 1776 2577 τ.).

1247 2591 1262 2618 2
1280 2591 1409 2626 Legerem
1424 2589 1664 2623 ecclesiarumque
1680 2587 1809 2615 maxime
1824 2588 1860 2620 (a.
1877 2586 1925 2621 T.).

1249 2637 1265 2664 3
1281 2636 1425 2671 Perperam
1439 2634 1481 2663 ed.
1498 2633 1580 2663 Main.
1598 2633 1662 2669 legit
1677 2631 1831 2668 impeditus
1851 2633 1892 2667 (n.
1904 2630 1952 2666 τ.).

1942 217 1994 247 An.
2006 216 2034 246 C.
2052 216 2122 246 1633
