2248 3229
186 181 232 210 An.
252 181 279 211 C.
302 181 367 211 1631
415 173 481 208 ⁶264
957 184 1136 209 cunamen
1160 183 1314 210 normann

381 231 580 265 dissimilium
595 231 766 275 gratiarum
781 231 1044 272 revocationibus,
1058 241 1121 264 sus-

1900 188 1950 216 An.
1970 188 1999 217 C.
2023 188 2085 217 1631

1198 233 1213 275 g
1238 233 1288 266 lO.
1313 233 1383 267 Non
1406 233 1549 268 obstante
1562 235 1632 279 piae
1647 236 1818 280 memoriae
1838 237 1892 271 Bo·
1906 250 2042 299 mggztmna
2058 256 2090 273 re-

219 775 295 796 conii-a
313 776 364 797 unti-

181 807 224 823 ωτι
239 802 343 829 probibet.

218 1517 362 1544 Exequutores

177 1544 270 1571 deputat.

380 284 594 328 pensionibus,
612 283 859 323 limitationibus,
881 288 934 315 aut
958 283 1026 316 aliis
1050 293 1120 317 con-

381 337 485 370 trariis
511 335 769 380 dispositionibus
791 346 849 379 pro
876 341 1017 380 tempore
1042 347 1120 380 quo-

380 389 551 423 modolibet
588 388 736 421 faciendis
775 388 1026 432 comprehendi,
1066 389 1138 423 sed!

381 452 505 485 semper
528 441 567 474 ab
588 441 650 474 illis
667 447 821 485 exceptas,
837 448 1056 490 perpetuoque
1073 453 1121 476 va-

380 495 467 535 lidas,
485 494 593 527 sirmas
617 499 647 527 et
671 494 812 528 efficaces
832 495 964 529 existere
989 502 1017 529 et
1042 497 1119 537 sore,

379 557 515 591 suosque
532 547 692 591 plenarios
705 552 734 580 ct
748 547 888 591 integros
908 548 1037 583 effectus
1057 560 1137 597 sor-i

380 601 430 633 tiri
448 605 478 633 ct
495 600 646 643 obtinere⁷
668 611 703 634 ac
723 611 780 646 per
798 612 906 635 omnes
923 606 954 636 et
970 603 1119 646 singulos,

379 653 416 686 ad
441 664 520 698 quos
544 657 662 698 spectat
687 659 717 687 et
741 655 979 698 quomodolibet
1006 661 1121 700 specta-

379 707 421 739 bit
451 707 483 740 in
512 707 669 749 futurum,
695 708 918 742 inviolabiliter
943 709 1119 750 observari;

423 762 438 804 g
463 759 491 793 8.
516 760 629 805 Sicque
654 766 684 794 et
702 771 765 795 non
790 762 865 795 alias
885 763 916 795 in
936 764 1138 807 praemissis?

379 813 524 847 omnibus
549 819 577 847 et
602 814 734 858 singulis
755 826 811 859 per
836 826 1053 861 quoscumque
1077 818 1120 850 iu-

379 866 462 899 dices
487 866 664 900 ordinarios
689 873 719 901 et
743 868 912 912 delegatos,
931 869 1024 903 etiam
1052 880 1121 903 cau-

379 929 484 952 sarum
508 919 617 964 palatii
640 921 803 964 apostolici
821 922 988 965 auditores,
1007 928 1036 956 ct
1053 933 1119 956 san·
1136 932 1137 944 ³

378 978 444 1005 ctae
461 973 619 1006 Romanae
636 974 793 1007 Ecclesiae
818 975 1003 1017 cardinales,
1024 976 1119 1009 etiam

378 1025 416 1058 de
431 1026 529 1059 latere
545 1027 676 1070 legatos,
690 1032 720 1060 et
736 1028 873 1069 nuntios,
891 1039 926 1062 ac
943 1028 1031 1072 alios,
1048 1026 1121 1073 qi,-

378 1079 424 1113 vis
449 1080 635 1113 auctoritate
660 1085 690 1114 et
713 1086 868 1125 potestate
892 1082 1067 1126 fungentes,
1088 1083 1120 1115 in

377 1132 486 1176 quavis
511 1134 604 1166 causa
634 1138 663 1166 ct
688 1132 846 1174 instantia,
870 1134 993 1167 sublata
1018 1135 1063 1168 eis
1091 1141 1120 1168 et

377 1196 487 1219 eorum
513 1187 640 1220 cuilibet
665 1187 773 1230 quavis
798 1188 888 1221 aliter
909 1188 1066 1222 iudicandi
1091 1193 1121 1223 et

376 1239 604 1283 interpretandi
627 1240 775 1273 facultate
792 1246 822 1274 et
843 1242 1038 1283 auctoritate,
1055 1242 1121 1275 ubi-

376 1302 437 1336 que
461 1291 594 1325 iudicari
619 1297 649 1325 et
680 1292 805 1326 definiri
835 1293 969 1334 dcherc;
994 1295 1119 1328 irritum

377 1356 502 1389 quoque
527 1350 556 1378 et
582 1346 695 1389 inane,
721 1346 746 1379 si
779 1357 868 1380 secus
904 1358 1000 1392 super
1024 1348 1073 1381 his
1103 1360 1120 1382 a

376 1409 546 1442 quoquam,
560 1400 670 1443 quavis
695 1401 892 1442 auctoritate,
917 1401 1052 1435 scienter
1073 1403 1119 1436 vel

376 1451 569 1495 ignoranter,
595 1453 763 1496 contigerit
787 1455 942 1487 attentari.

421 1505 436 1549 ἓ
460 1505 489 1538 9.
514 1506 666 1545 Quocirca
700 1507 933 1540 venerabilibus
967 1508 1120 1542 fratribus

376 1558 493 1592 nostris
517 1563 545 1593 et
565 1559 666 1592 dictae
683 1560 771 1593 Sedis
790 1561 828 1593 de
848 1561 946 1594 latere
962 1562 1073 1605 legatis
1091 1567 1121 1595 et

376 1613 570 1657 prolegatis,
595 1624 717 1647 necnon
749 1614 871 1648 dilectis
895 1615 968 1648 siliis
992 1616 1116 1660 pracsi-

377 1666 544 1707 dcntibus,
576 1667 863 1711 gubernatoribus,
894 1670 1116 1713 praetoribus,

377 1719 508 1764 aliisque
533 1720 728 1762 officialibus,
758 1722 868 1765 quovis
894 1722 1021 1755 nomine
1045 1733 1138 1757 nun-i

377 1773 507 1817 cupatis,
531 1774 778 1817 provinciarum,
796 1774 956 1808 civitatum
980 1780 1011 1808 et
1033 1776 1138 1816 loco-2

376 1837 448 1858 rum
466 1826 700 1870 praedictorum
726 1837 783 1870 per
806 1828 979 1871 apostolica
1002 1829 1120 1872 scripta

376 1879 574 1920 mandamus,
599 1884 764 1923 quatenus,
789 1881 891 1914 statim
917 1886 1010 1925 atque
1026 1892 1118 1925 prac-

376 1939 479 1967 scntes
503 1938 630 1966 nostrae
654 1933 776 1966 litterae
801 1934 862 1966 illis
887 1944 941 1967 seu
961 1935 1054 1967 alicui
1071 1930 1138 1968 (ξω-ἶ

376 1997 446 2020 rum
466 1992 682 2031 praesentatae
706 1986 830 2028 suerint,
850 1987 917 2020 illas
937 1988 1120 2021 solemniter

375 2040 538 2084 publicent
561 2045 591 2073 et
613 2040 767 2084 publicari
797 2040 930 2081 saciant,
959 2051 995 2074 ac
1018 2041 1050 2074 in
1076 2042 1120 2075 cis

375 2097 520 2128 contenta
545 2104 774 2138 quaecumque,
792 2104 849 2138 per
874 2104 916 2136 se,
937 2095 985 2127 vel
1008 2095 1116 2136 alium,

375 2157 430 2180 scu
447 2147 535 2187 alios,
553 2146 677 2180 debitae
702 2147 904 2190 exequutioni
929 2148 1120 2182 demandent
1137 2167 1138 2178 2

375 2206 405 2234 ct
429 2200 612 2233 demandari
643 2206 838 2244 procurent3
872 2202 1138 2239 contradictoresl

375 2254 532 2299 quoslibet
554 2260 585 2287 et
608 2254 758 2295 rebelles,
783 2265 818 2288 ac
842 2256 1026 2299 praemissis
1055 2266 1138 2301 noni

373 2314 529 2353 parentes,
546 2310 604 2353 per
613 2300 803 2349 sententias,
822 2320 971 2342 censuras
992 2321 1027 2342 ac
1047 2321 1119 2354 poe·
1136 2335 1137 2343 t

375 2373 429 2395 nas
452 2362 689 2403 ecclesiasticas
707 2362 828 2406 aliaque
846 2369 1021 2407 opportuna
1038 2363 1118 2397 iuris
1135 2379 1138 2406 i

376 2422 405 2449 ct
429 2416 501 2449 facti
526 2416 676 2457 remedia,
694 2417 781 2450 omni
801 2423 831 2450 et
851 2428 1048 2462 quacumque
1069 2429 1120 2462 ap-

375 2470 552 2514 pellatione,
570 2481 702 2504 recursu
718 2476 747 2503 ct
772 2471 994 2505 reclamatione
1019 2482 1119 2505 remo-

376 2524 424 2564 tis,
440 2524 679 2567 compescendo,
705 2525 849 2558 invocato
874 2525 967 2558 etiam
985 2525 1026 2571 ,ad
1046 2525 1116 2567 hoc,

377 2575 401 2608 si
429 2586 508 2619 opus
533 2576 636 2613 fucrit,
653 2577 769 2611 auxilio
789 2578 910 2611 buncliii
937 2578 1094 2611 secularis.

1154 285 1257 318 nifacii
1276 285 1339 318 VllI
1364 286 1402 319 de
1418 289 1490 327 una,
1507 292 1537 320 et
1555 288 1587 321 in
1604 289 1735 323 concilio
1752 290 1891 333 generali

1155 338 1237 371 edita
1269 338 1307 372 de
1337 339 1458 372 duabus
1493 340 1604 381 dietis,
1629 341 1798 377 dummodo
1822 344 1892 388 quis

1154 391 1235 424 ultra
1271 395 1334 426 tres
1367 391 1466 425 dietas
1502 398 1588 426 extra
1619 403 1707 427 suam
1735 395 1892 430 civitatem

1155 445 1201 476 vel
1228 444 1398 478 dioecesim
1422 445 1461 478 ad
1482 445 1630 479 iudicium
1650 447 1831 481 earumdem
1852 450 1893 482 vi-

1154 507 1231 539 gore
1248 497 1462 541 praesentium
1478 509 1541 532 non
1565 499 1716 542 trahatur,
1735 505 1765 533 et
1780 501 1825 534 Pii
1845 502 1892 543 lv,

1155 551 1369 584 Romanorum
1394 551 1580 586 Pontificum
1612 553 1893 597 praedecessorum

1153 609 1358 646 nostrorum,
1384 605 1422 638 de
1454 606 1580 649 gratiis,
1611 607 1761 641 interesse
1793 607 1894 641 dictae

1154 668 1296 692 camerac
1336 659 1574 702 quomodolibet
1608 661 1893 702 concernentibus,

1155 711 1234 744 infra
1258 707 1536 757 certum'tempus
1567 713 1598 746 in
1623 713 1731 747 eudem
1767 717 1893 748 camera

1154 764 1347 798 insinuandis
1361 770 1389 799 et
1406 766 1622 809 registrandis,
1642 777 1678 800 ac
1699 766 1766 800 aliis
1783 767 1894 801 consti-

1136 818 1327 851 .tutionibus
1358 822 1388 853 et
1411 819 1662 853 ordinationibus
1693 820 1894 864 apostolicis,

1153 882 1275 906 necnon
1299 874 1407 907 nostra
1423 873 1461 907 de
1477 883 1541 907 non
1558 873 1695 908 tollendo
1712 874 1780 908 iure
1800 884 1895 918 quae-

1153 925 1222 967 sito,
1249 925 1381 969 aliisque
1405 926 1610 960 cancellariae
1632 927 1822 972 apostolicae
1845 938 1895 962 re-

1153 979 1253 1021 gulis,
1278 989 1399 1013 necnon
1424 980 1659 1024 provinciarum
1674 1008 1682 1022 ‚
1712 980 1893 1022 civitatum,

1153 1036 1324 1073 terrarum,
1341 1033 1544 1077 oppidorum,
1564 1038 1741 1067 castrorum
1765 1038 1795 1067 et
1818 1034 1895 1068 alio-

1154 1095 1223 1117 rum
1249 1085 1323 1118 dicti
1343 1086 1456 1127 Status,
1482 1091 1545 1119 tam
1570 1086 1704 1120 mediate
1728 1097 1822 1131 quam
1839 1087 1896 1120 im-

1154 1137 1298 1178 mediate,
1316 1143 1350 1171 ut
1374 1139 1563 1183 praefertur,
1582 1140 1794 1174 subiectorum
1811 1141 1894 1175 loco-

1153 1201 1235 1233 rum,
1253 1191 1385 1234 statutis,
1404 1192 1589 1236 privilegiis,
1614 1193 1752 1236 indultis,
1770 1204 1894 1228 conces

1154 1244 1304 1285 sionibus,
1336 1246 1598 1289 exemptionibus,
1623 1247 1893 1289 immunitatibus,

1154 1297 1297 1338 licentiis,
1314 1298 1521 1340 facultatibus,
1541 1299 1806 1343 deputationibus,
1823 1310 1895 1334 con-

1154 1349 1396 1392 firmationibus,
1426 1352 1670 1393 extensionibus,
1698 1354 1895 1396 prorogatio-

1154 1403 1246 1436 nibus
1263 1409 1293 1436 et
1310 1403 1423 1437 litteris
1446 1405 1635 1448 apostolicis,
1652 1406 1774 1449 legatis,
1794 1407 1895 1451 prole-

1154 1458 1244 1500 gatis,
1265 1458 1539 1502 gubernatoribus,
1557 1460 1757 1504 praetoribus
1773 1465 1803 1493 et
1826 1460 1895 1494 aliis

1154 1511 1340 1544 officialibus
1364 1513 1533 1556 pracsatis,
1561 1523 1597 1546 ac
1621 1513 1784 1556 quibusvis
1808 1514 1894 1555 aliis,

1155 1564 1248 1598 etiam
1284 1565 1562 1599 communitatibus
1576 1593 1583 1607 ,
1616 1566 1892 1609 universitatibus,

1136 1618 1353 1651 tmonasteriis
1368 1645 1376 1659 ‚
1409 1618 1616 1662 hospitalibus
1634 1646 1641 1659 ,
1667 1619 1759 1652 etiam
1795 1620 1893 1653 sancti

1156 1670 1278 1703 Ioannis
1309 1670 1605 1715 Hicrosolymitani,
1634 1674 1663 1705 et
1686 1672 1754 1705 aliis
1778 1672 1838 1716 piis
1865 1676 1895 1707 et

1154 1733 1216 1756 non
1228 1723 1289 1767 piis
1308 1723 1395 1765 locis,
1414 1724 1507 1756 etiarn
1525 1724 1653 1768 speciali
1669 1726 1746 1757 nota
1766 1730 1796 1758 et
1811 1735 1896 1758 men-

1156 1776 1237 1810 tione
1254 1776 1372 1819 dignis,
1393 1776 1486 1809 etiam
1511 1782 1608 1818 motu,
1634 1777 1763 1810 scientia
1787 1783 1817 1811 et
1839 1789 1895 1822 po-

1157 1834 1264 1862 testate
1289 1829 1429 1873 paribus,
1455 1834 1483 1862 ct
1508 1830 1601 1864 etiam
1626 1830 1894 1872 consistorialiter,

1137 1888 1185 1926 ¹et
1204 1882 1242 1915 de
1267 1882 1452 1915 corumdem
1477 1883 1684 1916 cardinalium
1709 1885 1840 1918 consilio
1864 1889 1895 1918 et

1155 1945 1332 1976 consensu,
1361 1935 1418 1968 sub
1443 1931 1695 1980 quibuscumque
1724 1937 1894 1970 verborum

1155 1989 1264 2021 formis
1297 1993 1327 2021 ct
1357 1989 1541 2030 tenoribus,
1564 2000 1600 2022 ac
1631 2000 1702 2023 cum
1732 1990 1893 2034 quibusvis

1155 2042 1248 2075 etiam
1269 2042 1541 2085 derogatoriarum
1567 2042 1795 2086 derogatoriis,
1813 2044 1894 2078 aliis-

1155 2106 1216 2140 que
1247 2096 1475 2129 efficacioribus
1506 2101 1536 2129 et
1566 2096 1699 2130 insolitis
1727 2097 1893 2142 clausulis,

1155 2159 1191 2182 ac
1225 2149 1420 2183 irritantibus
1450 2154 1481 2181 et
1512 2149 1579 2182 aliis
1614 2149 1768 2191 decretis,
1800 2150 1895 2184 etiam

1154 2202 1331 2235 necessario
1367 2202 1600 2246 exprimendis,
1634 2203 1727 2236 etiam
1763 2204 1794 2236 in
1829 2204 1894 2238 vim

1155 2244 1333 2289 contractus
1358 2255 1460 2296 iurati,
1478 2261 1508 2288 et
1525 2256 1671 2289 camerali
1701 2257 1894 2300 obligatione

1155 2309 1278 2349 vallati,
1303 2314 1333 2342 et.
1359 2310 1469 2353 quovis
1493 2310 1554 2343 alio
1579 2310 1693 2344 robore
1718 2316 1748 2343 et
1772 2312 1894 2345 cautela

1154 2363 1280 2404 firmati,
1298 2362 1329 2395 in
1346 2363 1538 2396 contrarium
1555 2364 1803 2407 praemissorum
1820 2375 1893 2408 quo-

1156 2417 1327 2450 modolibet
1352 2417 1518 2457 concessis,
1537 2417 1637 2458 editis,
1654 2417 1751 2460 sactis,
1772 2422 1801 2451 et
1824 2418 1894 2463 plu-

1154 2470 1227 2510 ries,
1251 2481 1287 2503 ac
1312 2471 1429 2504 iteratis
1455 2471 1586 2511 vicibus,
1609 2465 1892 2516 confirmatisJap-

1154 2524 1293 2567 probatis
1317 2530 1347 2557 et
1373 2525 1543 2565 innovatis3
1560 2525 1675 2569 quibus
1698 2525 1845 2558 omnibus
1862 2530 1893 2558 et

1154 2577 1284 2620 singulis
1303 2578 1438 2613 (etiamsi
1456 2578 1486 2611 in
1508 2578 1552 2611 cis
1569 2583 1715 2612 caveatur
1734 2587 1891 2622 expresse,
