2221 3224
210 229 260 256 An.
277 228 305 255 e.
322 228 390 255 1628
437 219 481 251 14

212 556 315 576 {incenset
332 561 394 581 prat*-

211 584 311 603 ‹·edtantt¹s
341 583 394 602 titte-

212 615 253 629 l'flS.

612 276 746 304 Urbanus
766 276 844 309 Papa
864 274 941 308 vul,

408 330 521 358 Dilecto
544 330 605 358 filio
626 329 842 358 Pranceschino
863 335 879 355 a
900 327 1001 355 Cassia
1028 326 1146 354 Ordinis

443 376 570 403 fratrum
591 376 736 402 Minorum
751 374 777 400 S.
796 373 948 400 francisci
968 376 1148 400 conventua-

443 420 516 447 lium
532 423 770 453 nuncupatorum
786 418 922 444 ministro
940 417 1083 451 generali,
1099 424 1147 444 sa-

445 465 539 492 lutem
560 468 590 492 et
610 463 804 498 apostolicam
823 462 1075 489 benedictionem.

453 545 559 587 Nuper
583 554 600 575 a
624 542 714 576 nobis
739 546 925 575 emanarunt
948 541 1071 574 litterae
1096 544 1145 573 te-

409 598 495 631 noris
520 596 747 639 subsequentis,
773 595 938 628 videlicet:

457 650 603 683 Urbanus
633 649 728 692 Papa
764 648 866 689 VIII,
891 647 934 680 ad
957 651 1148 691 perpetuam

410 703 458 735 rei
482 703 679 735 memoriam.

453 756 609 789 Militantis
643 755 798 788 Ecclesiae
830 754 998 797 regimini,
1030 753 1151 786 meritis

410 810 481 843 licet
506 809 681 852 imparibus
702 808 888 851 (residuum
904 812 948 840 est
972 808 1009 840 in
1031 808 1152 841 Consti-

412 863 534 895 tutione
558 871 664 902 ecxet,
691 866 763 894 toni.
790 871 863 903 xm,
885 871 964 905 pay.
995 860 1096 904 663).

455 916 469 958 ἓ
493 915 522 948 2.
540 915 615 948 Cum
637 920 751 957 autem,
773 915 853 947 sicut
874 913 1062 957 accepimus,
1081 923 1153 946 con·

321 967 361 999 tuti
374 959 395 998 «Ἴ
411 968 588 1001 stitutiones
609 967 789 1001 huiusmodi
814 968 852 999 de
877 967 1024 999 mandato
1044 970 1152 1000 nostro

412 1023 614 1064 examinatae,
641 1022 839 1062 emendatae,
865 1026 1025 1054 correctae
1050 1025 1080 1053 et
1102 1031 1153 1053 re·

412 1076 505 1116 visae,
524 1086 559 1109 ac
576 1086 640 1122 per
671 1086 705 1111 os
725 1075 915 1119 approbatae
933 1078 962 1108 et
987 1073 1153 1107 confirma-

414 1135 471 1169 tae,
489 1134 520 1162 ut
546 1086 732 1173 praetffiur7
751 1129 780 1161 in
806 1128 943 1172 generali
969 1127 1152 1160 eorumdem

413 1183 544 1216 fratrum
571 1182 816 1225 congregatione
840 1183 871 1214 in
896 1181 990 1214 domo
1015 1181 1152 1223 regulari

413 1236 458 1268 Ss.
484 1236 536 1268 XII
561 1236 784 1279 Apostolorum
809 1235 847 1267 de
872 1234 955 1267 Urbe
980 1234 1018 1266 de
1047 1244 1154 1266 mense

414 1289 486 1321 maii
512 1290 654 1333 proxime
686 1289 845 1332 praeteriti
871 1288 1026 1321 celebrata
1051 1288 1155 1331 publi-

414 1346 499 1376 catae
523 1347 553 1375 et
577 1348 721 1385 acceptae
746 1342 877 1374 suerint:
899 1352 967 1381 nos,
988 1346 1021 1373 ut
1041 1340 1153 1373 consti-

415 1396 550 1428 tutiones
574 1396 751 1439 praedictae
772 1405 808 1428 eo
841 1395 961 1427 facilius
991 1394 1021 1427 in
1047 1395 1152 1427 omni-

414 1448 473 1481 bus
497 1448 594 1492 ipsius
619 1448 753 1488 Ordinis,
779 1448 924 1481 domibus
957 1453 987 1479 ct
1006 1448 1082 1480 locis
1106 1457 1156 1480 re-

415 1502 578 1543 gularibus
605 1501 860 1543 introducamur,
890 1501 1090 1544 exactiusque
1119 1500 1156 1532 ab

416 1556 542 1588 illorum
561 1555 711 1587 fratribus
729 1560 758 1587 et
778 1555 920 1598 personis
941 1555 1156 1596 observentur,

416 1619 478 1653 quo
503 1608 707 1652 amplioribus
737 1606 852 1641 sucris¹
877 1619 893 1640 a
923 1608 1013 1641 nobis
1040 1612 1070 1640 ct
1099 1608 1158 1640 bac

417 1664 521 1694 sancta
547 1662 624 1694 Sede
649 1662 846 1694 facultatibus
873 1661 1033 1703 suffultus,
1055 1661 1159 1705 prori-

417 1715 491 1747 dere
516 1715 665 1755 volentes,
686 1725 721 1747 ac
746 1715 784 1747 de
809 1716 861 1747 tua
886 1714 956 1755 side,
980 1714 1158 1758 prudentia,

418 1768 542 1811 pietate,
567 1768 709 1801 doctrina
734 1773 764 1800 ct
788 1768 950 1810 religionis
975 1768 1040 1799 zelo
1065 1767 1160 1810 pluri-

420 1832 504 1853 mum
528 1821 558 1853 in
586 1821 718 1854 Domino
751 1821 869 1861 contisi,
898 1826 982 1853 tuam
1012 1820 1042 1852 in
1073 1830 1159 1863 prac—

420 1874 523 1907 missis
547 1874 764 1908 auctoritatem
786 1874 816 1905 in
842 1874 963 1917 primis,
988 1873 1159 1916 apostolica

420 1928 605 1960 auctoritate
629 1928 782 1971 praefata,
808 1932 917 1959 tenore
947 1927 1158 1970 praesentium

421 1981 600 2020 excitamus,
615 1980 733 2023 tibique
750 1990 807 2022 per
823 1985 1002 2022 praesentes
1019 1979 1161 2012 commit-

422 2034 515 2066 timus
540 2039 569 2066 et
594 2034 795 2073 mandamus,
820 2038 853 2065 ut
878 2043 935 2076 per
959 2033 1110 2076 teipsum,
1136 2032 1160 2065 si

423 2086 588 2119 commode
602 2086 749 2130 potueris⁷
772 2085 819 2117 sin
837 2086 940 2118 minus
957 2096 1013 2129 per
1033 2086 1161 2118 idoneos

424 2141 521 2184 ipsius
545 2140 669 2173 Ordinis
700 2140 864 2181 religiosos
894 2139 994 2179 viros,
1018 2139 1098 2171 ritae
1127 2150 1161 2172 ac

424 2204 548 2226 morum
571 2193 725 2236 probitate
745 2192 949 2235 doctrinaque
969 2198 1162 2235 praestantes

425 2257 441 2279 a
465 2252 495 2279 te
519 2246 778 2289 subdelegandos,
796 2246 1034 2279 constitutiones
1054 2245 1162 2277 buius-

425 2301 509 2333 modi
541 2300 578 2333 de
609 2300 756 2333 mandato
781 2304 888 2332 nostro
914 2299 1104 2332 examinatas
1133 2304 1163 2331 et

426 2354 551 2394 revisas,
571 2364 607 2387 ac
623 2365 679 2398 per
704 2364 760 2387 nos
784 2354 973 2397 approbatas
997 2358 1027 2385 ct
1051 2352 1163 2385 conflr-

427 2413 534 2447 matas,
553 2413 586 2440 ut
609 2408 793 2451 praefertur,
819 2407 850 2439 in
873 2406 1018 2440 omnibus
1042 2406 1087 2438 tui
1112 2406 1165 2439 Or-

428 2461 507 2493 dinis
531 2461 675 2493 domibus
700 2465 730 2494 οἱ
753 2460 829 2493 locis
858 2460 1075 2502 regularibus,
1104 2470 1161 2492 au-

429 2512 569 2548 ctoritate
603 2516 731 2555 nostra,
757 2514 956 2554 introducas,
985 2523 1099 2558 easque
1127 2513 1165 2546 ab

465 2586 476 2612 1
494 2585 594 2613 Forsan
609 2586 751 2622 legendum
764 2586 875 2622 suerint
886 2589 912 2614 et
926 2589 1019 2621 postea
1033 2585 1166 2621 suffultae

429 2631 466 2666 (a.
478 2631 525 2665 r).

979 225 1158 250 BULLARIUM
1182 224 1336 249 ROMANUM

1182 273 1330 306 omnibus·
1355 272 1481 306 illorum
1514 272 1662 306 fratribus
1693 277 1724 306 et
1751 271 1917 317 personis,

1183 330 1331 369 quantum
1349 325 1417 358 fieri
1438 336 1529 370 posse
1546 331 1576 359 et
1596 325 1744 370 expedire
1768 325 1920 359 iudicave-

1183 380 1236 420 ris‚
1261 379 1424 413 observari
1449 380 1558 413 eadem
1583 380 1767 414 auctoritate
1782 389 1873 413 cures
1890 384 1919 413 et

1184 432 1294 471 sacias3
1323 432 1569 466 contradictores
1592 432 1748 477 quoslibet
1770 439 1801 466 et
1824 432 1922 465 rebel-

1184 484 1228 517 les
1247 494 1303 528 per
1327 485 1504 527 sententias,
1521 496 1670 519 censuras
1687 492 1717 519 et
1740 496 1857 530 poenas
1874 495 1923 518 ec-

1185 538 1393 580 clesiasticas,
1425 539 1547 583 aliaque
1578 544 1754 584 opportuna
1784 538 1862 572 iuris
1892 544 1922 572 et

1185 592 1255 625 sacti
1291 591 1450 634 remedia,
1485 593 1693 636 appellatione
1725 592 1920 637 postposita,

1185 645 1423 689 compescendo.

1229 700 1244 743 ἓ
1267 698 1296 732 3.
1322 700 1384 732 Nos
1404 699 1487 732 enirn
1505 699 1561 732 tibi
1582 699 1754 743 praemissa
1778 704 1809 733 et
1830 709 1923 744 quae-

1185 763 1320 796 cumque
1344 753 1403 785 alia
1427 753 1510 786 circa
1534 763 1571 786 ea
1593 753 1771 786 necessaria
1794 757 1824 787 et
1847 763 1923 797 quo-

1186 806 1358 839 modolibet
1389 811 1567 849 opportuna
1599 805 1753 847 faciendi,
1777 805 1922 847 dicendi,

1186 859 1315 902 gerendi
1333 864 1364 892 et
1387 859 1560 902 exequendi
1584 858 1718 903 plenam,
1742 859 1872 892 liberam
1894 865 1924 891 et

1186 913 1321 957 amplam
1347 913 1524 946 facultatem
1558 918 1588 946 et
1622 912 1850 954 auctoritatem,
1881 913 1925 945 di-

1187 968 1236 999 cta
1260 967 1445 1000 anctoritate
1465 971 1582 1008 tenore,
1602 966 1825 1010 praesentium,
1850 975 1925 999 con-

1187 1019 1326 1052 cedimus
1350 1025 1381 1052 et
1404 1019 1613 1063 impertimur.
1638 1021 1707 1053 Non
1731 1019 1926 1053 obstantibus

1188 1073 1333 1106 omnibus
1346 1073 1416 1113 illis,
1429 1084 1508 1117 quae
1526 1073 1556 1106 in
1574 1073 1791 1117 praesentibus
1813 1072 1926 1105 litteris

1188 1136 1334 1159 concessa
1349 1132 1420 1160 sunt
1432 1137 1494 1160 non
1513 1127 1648 1168 obstare,
1663 1127 1839 1171 ceterisque
1856 1135 1927 1159 con-

1189 1180 1293 1213 trariis
1317 1180 1577 1224 quibuscumque.

1232 1233 1343 1266 Datum
1369 1234 1496 1273 Romae,
1524 1234 1605 1277 apud
1630 1234 1660 1268 S.
1681 1233 1809 1267 Mariam
1836 1233 1927 1266 Maio-

1191 1297 1276 1328 rem,
1300 1287 1358 1319 sub
1391 1288 1505 1320 annulo
1530 1287 1707 1327 piscatoris,
1727 1287 1777 1320 die
1797 1296 1851 1320 xvi
1883 1296 1928 1319 sc-

1190 1340 1343 1384 ptembris
1378 1351 1563 1381 iincxxvm,
1592 1341 1792 1384 pontificatus
1828 1340 1927 1374 nostri

1190 1403 1272 1426 anno
1297 1403 1338 1426 vr

1226 1455 1284 1483 Dat.
1301 1455 1344 1482 die
1361 1455 1393 1483 16
1408 1456 1569 1492 septembris
1591 1456 1670 1492 1628,
1690 1455 1785 1491 pontis.
1802 1463 1871 1483 anno
1891 1463 1928 1483 vi.

1495 1600 1624 1634 CCCVII.

1192 1680 1378 1713 Facultates
1405 1680 1637 1721 visitatoribus,
1662 1691 1722 1724 pro
1746 1680 1933 1714 visitatione

1236 1733 1455 1775 ecclesiarum,
1475 1734 1762 1774 monasteriorum,
1783 1737 1853 1775 etc„
1877 1733 1934 1766 Ur-

1236 1786 1282 1819 bis
1299 1786 1470 1830 deputatis,
1489 1797 1650 1821 concessae.
1664 1786 1683 1819 ¹.

1399 1867 1535 1895 Urbanus
1555 1868 1633 1900 Papa
1652 1867 1731 1900 vm,

1335 1913 1369 1938 ad
1390 1911 1523 1938 futuram
1542 1911 1587 1939 rei
1607 1911 1787 1938 memoriam.

1239 1980 1254 2023 ἓ
1278 1981 1307 2013 i.
1343 1981 1511 2014 Pastoralis
1543 1982 1637 2015 officii
1670 1981 1769 2014 nostri
1800 1990 1880 2013 onus
1903 1981 1934 2012 in

1195 2034 1402 2076 monasteriis,
1420 2034 1569 2075 ecclesiis,
1587 2034 1796 2078 hospitalibus
1810 2039 1840 2066 et
1856 2033 1935 2066 locis

1195 2086 1253 2129 piis
1269 2087 1369 2119 almae
1383 2087 1475 2120 Urbis
1492 2091 1628 2127 nostrae,
1647 2096 1821 2130 eorumque
1834 2086 1934 2127 bonis,

1195 2140 1326 2180 iuribus,
1351 2140 1505 2183 personis,
1530 2140 1715 2173 officialibus
1733 2145 1763 2172 et
1783 2139 1936 2173 ministris

1196 2193 1356 2226 visitandis
1380 2193 1563 2236 adimplere,
1578 2198 1607 2226 et
1623 2199 1656 2226 ut
1671 2193 1701 2225 in
1715 2192 1936 2237 prosequendo

1196 2246 1380 2280 visitationis
1404 2247 1585 2280 huiusmodi
1611 2257 1742 2280 munere
1757 2274 1764 2288 ,
1789 2247 1827 2280 ad
1851 2246 1935 2291 quod

1196 2300 1361 2332 nonnullos
1386 2301 1579 2333 venerabiles
1596 2301 1708 2333 fratres
1728 2300 1938 2344 archiepisco-

1196 2363 1254 2396 pos
1267 2359 1296 2385 et.
1314 2354 1478 2397 episcopos
1498 2355 1638 2397 aliosque
1655 2355 1813 2387 Romanae
1830 2353 1937 2387 curiae

1197 2407 1351 2450 praelatos
1377 2417 1412 2440 ac
1428 2417 1578 2451 personas
1595 2407 1688 2440 etiam
1706 2408 1868 2450 regulares
1884 2416 1938 2440 no-

1235 2497 1245 2523 1
1265 2496 1300 2523 Ex
1316 2496 1426 2532 Regest.
1443 2496 1468 2523 in
1484 2497 1585 2524 Secret.
1603 2496 1679 2524 Brev.
1691 2512 1726 2517 —
1740 2497 1825 2524 Porro
1840 2495 1873 2523 de
1887 2495 1937 2523 hac

1199 2540 1348 2567 visitatione
1360 2540 1458 2567 indicta
1469 2541 1502 2568 ab
1516 2541 1621 2568 Urbano
1630 2541 1688 2569 VIll
1701 2541 1759 2569 vide
1775 2541 1865 2568 Const.
1876 2546 1938 2568 xum

1199 2590 1226 2612 et
1240 2594 1296 2621 seq.
1314 2585 1339 2612 in
1357 2589 1421 2613 tom.
1437 2593 1492 2617 xm,
1509 2594 1570 2622 pag.
1589 2587 1642 2614 125
1660 2594 1730 2622 seq.;
1747 2589 1774 2613 et
1788 2593 1870 2621 supra
1888 2592 1938 2621 pa-

1199 2631 1262 2666 gina
1276 2631 1291 2658 8
1307 2630 1385 2659 huius
1400 2632 1464 2659 tomi
1480 2632 1518 2666 (R.
1535 2633 1582 2667 T.).

1927 223 1983 251 An.
1998 223 2029 251 G.
2045 222 2113 251 tom

1964 708 2014 730 eum
2031 708 2120 730 tacuna-

1937 736 1992 766 tibus
2022 740 2122 756 nocetn-

1937 768 1979 784 rus.

1986 1988 2104 2009 institutam
2121 1993 2133 2007 n

1949 2021 1972 2036 se
1987 2017 2007 2036 in
2018 2014 2074 2035 Urbe
2084 2014 2133 2035 vint-

1952 2042 2053 2062 tationem
2082 2046 2134 2066 apo-

1950 2069 2046 2089 stolicam
2061 2067 2133 2088 rosei-t.
