2248 3229
101 223 149 249 An.
166 222 194 249 C.
214 222 283 251 1632

150 1083 243 1110 Cumque
259 1083 280 1104 ei

95 1109 200 1131 sitentium
226 1110 280 1131 Pon-

95 1136 146 1157 tifex
169 1137 279 1164 imposuis-

95 1164 135 1188 ΙΘΙ,

93 1587 171 1613 norgia

92 1615 206 1641 acquievit.

120 1774 276 1801 Sedprotssta·
293 1763 515 1807 requisitionis,
539 1764 755 1808 imputationis
779 1769 809 1797 et
831 1765 1032 1809 protestatio-

92 1801 171 1822 tionem
187 1802 262 1822 emisit,

111 2141 114 2143 ⁸
146 2147 210 2168 Suam
226 2147 276 2168 tole-

92 2174 182 2195 rantiam
201 2174 219 2194 ei
236 2179 277 2194 non

160 1561 277 1617 ⁰²¹⁶⁵⁰22³j
294 1549 566 1594 imposuissemus,
583 1550 651 1594 ipse
675 1549 794 1594 Gaspar
817 1549 984 1593 episcopus
1003 1554 1034 1583 et

911 218 1052 244 URBANUS

298 270 395 303 immo
419 276 477 302 nec
500 267 597 312 petita
619 266 745 303 licentia
759 267 839 309 „sed
863 269 980 302 temere
1006 267 1056 314 in3

298 327 467 367 conspectu
479 327 597 365 nostro,
609 322 807 356 audientibus
818 321 963 356 omnibus
975 331 1039 354 car·
1054 327 1055 331 ’

298 376 455 410 dinalibus
486 375 563 408 inibi
587 375 810 418 existentibus,
840 385 897 409 nos
921 374 1056 418 nedumj

298 429 461 473 requirere
481 428 519 462 de
543 428 683 463 subsidio
700 428 886 462 charissimo
907 428 938 461 in
954 427 1056 479 Chri-¹

298 488 346 517 sto
370 481 435 515 filio
466 487 575 515 nostro
599 482 797 515 Fcrdinando
822 482 1037 515 Romanorum

298 536 365 579 regi
379 536 411 569 in
424 535 650 580 imperatorem
668 535 766 568 electo
792 534 989 579 praestando,
1002 544 1037 567 ac

298 589 324 622 si
347 589 423 622 illud
449 593 539 622 antea
564 598 623 632 pro
648 588 768 621 viribus
793 588 931 622 eiusdem
949 587 1037 621 Sedis

297 642 497 686 Apostolicae
513 651 575 675 non
592 638 854 685 erogavissemus',
871 641 924 676 sed
944 641 1036 674 etiam

296 695 508 738 nosmetipsos
536 694 575 728 de
606 694 805 728 cunctatione
834 695 864 727 in
897 694 934 727 iis
958 702 1055 737 quae*

296 748 335 781 ad
359 748 546 782 catholicam
577 748 672 781 fidem
697 748 846 781 tuendam
869 752 899 780 et
923 757 1056 793 propib,

1054 798 1165 842 'quam
1191 798 1294 840 tueri,
1320 803 1408 831 motu
1432 799 1585 842 proprio,
1610 804 1640 832 et
1664 810 1702 833 ex
1726 801 1814 834 certa

295 801 430 845 gandam
454 801 611 845 pertinent
638 801 841 845 redarguere,
870 811 906 834 ac
931 800 1036 841 etiam,

296 856 334 888 ad
359 855 535 899 augendam
560 855 592 888 in
616 865 672 889 nos
697 854 919 889 contumeliam
944 859 974 887 et
991 854 1054 896 οὓ,

296 909 427 950 sensam,
441 919 487 951 ea,
503 919 584 953 quae
600 909 632 942 in
649 908 815 943 Germania
840 907 871 940 in
896 907 1036 941 eiusdem

297 962 470 996 catholicae
494 962 567 995 fidei
584 962 807 995 detrimentum
825 960 967 994 accidere
983 971 1036 1005 po-

295 1020 420 1059 terunt,
444 1016 535 1050 nobis
559 1015 742 1060 imputanda
765 1025 834 1049 esse
856 1015 1034 1059 protestari.

340 1070 356 1114 g
379 1070 408 1103 2.
433 1069 574 1114 Cumque
589 1079 656 1111 nos,
674 1079 732 1114 pro
752 1073 862 1102 nostro
885 1068 1053 1113 pastor3112

295 1122 409 1164 officio,
427 1123 528 1156 eidem
553 1122 682 1167 Gaspari
707 1123 855 1167 episcopo
879 1128 909 1156 et
933 1123 1034 1156 cardi-

294 1176 358 1210 nali
381 1176 420 1210 de
443 1176 492 1210 his
517 1177 610 1221 (quae
630 1176 668 1210 ad
685 1176 838 1221 praedicti
856 1176 1034 1211 consistorii

293 1229 410 1271 locum,
426 1229 512 1263 iuxta
529 1239 651 1264 morem
671 1229 858 1264 eorumdem
882 1230 1035 1264 Romano-

293 1292 365 1315 rum
388 1282 575 1316 Pontificum
604 1282 885 1327 praedeeessorum
909 1288 1034 1317 nostro-

292 1346 364 1370 rum
395 1336 562 1370 retroactis
593 1336 790 1381 temporibus
823 1342 853 1370 et
884 1337 1034 1370 hactenus

293 1390 478 1424 inconcusse
500 1390 664 1424 observari
687 1395 883 1431 consuetum,
903 1388 1034 1424 minime

293 1447 446 1486 spectant,
466 1443 527 1476 nisi
547 1453 605 1487 per
628 1452 686 1477 nos
709 1443 918 1487 propositum,
935 1443 984 1476 vel
1001 1449 1035 1476 ut

292 1502 524 1540 proponeretur
549 1495 728 1530 ordinatum
749 1496 850 1540 esset)
875 1495 1033 1529 silentium

272 1603 460 1637 ³cardinalis
492 1614 554 1637 non
583 1603 760 1648 acquievit,
785 1603 839 1637 sed
871 1613 1033 1637 accessum

293 1656 422 1690 alterius
442 1657 610 1691 cardinalis
626 1657 664 1690 ad
677 1667 710 1691 se
726 1657 831 1702 ipsum
849 1658 1033 1701 expectavit,

293 1715 323 1743 et
345 1710 552 1745 nihilominus
586 1711 670 1745 illico
705 1711 827 1755 copiam
852 1711 1034 1755 praedictae

291 1817 340 1850 nis
363 1817 454 1851 nobis
477 1818 614 1861 tradidit,
632 1823 741 1852 contra
764 1824 905 1852 nostram
930 1794 1051 1863 ponti—,i

291 1870 395 1904 ficiam
420 1872 613 1905 maiestatem
631 1877 662 1905 et
681 1872 835 1906 honorem
859 1883 895 1907 ac
917 1874 1031 1906 samam
1049 1890 1050 1905 l

292 1924 517 1967 machinando,
543 1936 723 1970 poenasque
748 1936 766 1958 a
788 1926 886 1960 sacris
910 1928 1033 1961 canoni-

291 1978 372 2019 bus,
397 1979 645 2022 consuetudine,
670 1979 805 2013 decretis
829 1985 859 2013 et
883 1981 1032 2014 constitu-

292 2031 431 2071 tionibus
447 2032 629 2076 apostolicis
646 2033 815 2077 praedictis
834 2033 966 2068 inflictas
983 2034 1033 2067 da-

292 2085 472 2119 mnabiliter
496 2085 697 2120 incurrendo.

337 2138 353 2182 ἓ
376 2137 405 2171 3.
427 2138 473 2172 Ad
497 2139 735 2183 reprimendum
755 2150 828 2173 vero
848 2141 1031 2184 praemissa,

93 2200 214 2226 prodesse,
241 2202 277 2220 aut
293 2196 323 2224 et
352 2191 411 2224 alia
443 2197 505 2225 tam
535 2197 605 2226 ante
636 2203 730 2237 quarn
764 2197 835 2237 post
860 2200 888 2226 et
914 2200 977 2227 tarn
1001 2195 1031 2227 in

93 2226 229 2252 eomplicibus
241 2227 267 2247 de

92 2253 159 2274 clarat
169 2253 266 2274 Urbanus

270 2244 479 2278 .consistorio
509 2256 603 2289 quam
628 2249 713 2280 extra
738 2246 855 2291 ubique
887 2248 1030 2281 locorum

291 2298 457 2331 adversum
477 2308 534 2332 nos
557 2299 663 2333 forsan
686 2304 875 2344 perpetrata,
896 2301 967 2334 licet
986 2302 1032 2335 iu-

289 2352 333 2385 ris
358 2352 505 2386 remediis
533 2353 662 2396 procedi
686 2358 810 2398 posset,
836 2355 976 2395 'tamem
1005 2356 1030 2389 si

289 2406 380 2439 fieret
410 2405 448 2438 ad
477 2416 647 2450 praesens,
673 2407 777 2441 forsan
807 2408 974 2443 malevoli⁹
998 2410 1029 2443 in

325 2497 337 2523 1
359 2495 424 2523 Heio
443 2495 647 2531 praemitterem
667 2497 749 2531 quia,
771 2496 876 2532 legend.
894 2499 965 2533 quia
985 2501 1028 2527 ta-

289 2548 356 2567 men
369 2541 407 2575 (u.
425 2541 476 2575 τ.).

323 2583 341 2610 2
354 2584 503 2619 Perperam
518 2583 560 2611 ed.
578 2583 660 2610 Main.
681 2583 746 2619 legit
765 2585 907 2620 malet-isi,
924 2587 972 2614 sed
991 2587 1028 2615 le-

288 2629 407 2664 gendum
421 2637 481 2656 esse
496 2629 632 2656 malevoli
641 2632 715 2664 patet
725 2637 756 2656 ex
768 2637 828 2665 pag.
840 2630 892 2659 283
903 2631 918 2657 b
929 2633 965 2665 (a.
978 2634 1025 2667 r.).

372 2682 451 2711 Bull.
472 2682 555 2711 Rom.
598 2682 657 2713 Vol.
678 2682 752 2712 XIV.
925 2684 958 2712 36

1077 217 1133 242 vlu
1158 218 1204 242 rr.

1071 267 1180 300 odium
1214 265 1365 310 praedicti
1402 262 1538 309 Philippi
1577 264 1672 311 regis
1697 263 1814 297 sactum

1071 320 1375 364 interpretarentur,
1405 318 1474 351 ideo
1507 318 1814 352 animadversionem

1071 372 1251 406 huiusmodi
1280 372 1318 404 ad
1350 371 1560 416 opportunius
1590 377 1729 415 tempus,
1758 382 1812 405 seu

1071 426 1302 470 beneplacitum
1327 432 1488 466 nostruin,
1516 426 1729 458 transmittere
1752 436 1810 458 vo-

1072 479 1206 519 luimusz
1232 479 1307 517 scd,
1337 488 1375 510 ne
1408 489 1444 511 cx
1471 479 1681 512 taciturnitate
1706 484 1735 512 et
1759 478 1809 511 di·-

1072 532 1188 565 latione
1217 531 1338 576 possint.
1367 536 1429 563 tam
1457 532 1522 574 ipsc
1554 532 1671 575 tiaspar
1696 532 1814 576 episco-

1054 592 1131 629 {pus
1160 590 1190 618 et
1222 584 1389 618 cardinalis
1414 595 1508 627 quain
1544 585 1596 617 alii
1633 586 1813 630 complices,

1072 639 1165 671 etiam
1187 638 1365 681 praedictae
1390 642 1515 670 sanctae
1532 638 1689 671 Romanae
1706 640 1813 673 Eccle-

1071 692 1135 724 siae
1166 691 1362 733 cardinales,
1387 696 1552 735 praetcxtu
1589 692 1813 737 cuiuscumque

1070 749 1197 777 nostrae
1214 744 1430 778 conniventiae
1451 748 1479 779 ct
1505 745 1686 779 tolerantiae
1706 757 1738 779 se
1755 757 1813 780 un-

1070 851 1199 885 scientia
1224 861 1260 884 ac
1284 853 1408 884 matura
1433 852 1658 886 deliberatione
1682 854 1812 896 nostris,

1069 905 1171 949 deque
1197 906 1388 950 apostolicae
1411 907 1573 950 potestatis
1597 908 1811 951 plenitudine,

1069 964 1179 993 tenore
1202 960 1417 1004 praesentium
1449 965 1648 1002 attestamur,
1675 962 1813 995 declara-

1069 1023 1138 1047 mus
1156 1018 1186 1047 et
1206 1013 1406 1047 decernimus
1426 1014 1622 1058 praedictum
1639 1015 1811 1060 Gasparem

1069 1066 1252 1111 episcopum
1277 1072 1307 1100 et
1331 1067 1533 1110 cardinalem,
1560 1068 1700 1112 aliosque
1725 1080 1811 1102 com-

1067 1120 1164 1165 plices
1197 1126 1227 1154 et
1251 1120 1427 1154 cardinales
1457 1121 1655 1166 praedictos,
1692 1122 1812 1157 ratione

1068 1174 1319 1219 praemissorum
1336 1179 1366 1210 et
1381 1176 1515 1209 aliorum
1536 1187 1811 1222 quorumcumque

1068 1227 1106 1261 ab
1131 1229 1176 1262 eis
1201 1233 1262 1262 tam
1287 1234 1358 1262 ante
1382 1240 1476 1273 quam
1493 1235 1564 1273 post
1588 1231 1810 1265 consistorium

1066 1282 1274 1326 praedictum,
1298 1282 1392 1316 etiam
1416 1289 1504 1316 extra
1524 1284 1601 1317 illud
1618 1284 1758 1328 ubilibet,
1776 1291 1811 1319 ut

1066 1331 1253 1380 praefertur,
1275 1337 1558 1379 gestorum-etiam
1575 1339 1712 1381 illorum,
1731 1350 1810 1383 quae

1067 1389 1170 1423 adhuc
1187 1389 1226 1423 ad
1245 1390 1389 1424 notitiam
1405 1396 1546 1424 nostram
1563 1402 1626 1425 non
1646 1399 1808 1434 venerunt,

1067 1452 1232 1475 remanere
1256 1443 1287 1483 in
1312 1453 1423 1476 eorum
1448 1444 1548 1487 priori
1574 1449 1664 1486 statu,
1690 1445 1722 1478 in
1746 1456 1809 1490 quo

1067 1501 1165 1537 erant,
1189 1495 1314 1539 quando
1338 1496 1391 1529 illa
1414 1502 1587 1539 gesserunt.

1112 1550 1127 1593 g
1150 1549 1180 1582 4.
1206 1550 1274 1584 Non
1298 1550 1495 1584 obstantibus
1511 1562 1711 1596 quacumque
1735 1563 1809 1587 con-

1065 1602 1204 1637 niventia
1230 1609 1260 1636 et
1284 1604 1451 1637 tolerantia
1479 1606 1616 1646 nostris,
1641 1617 1721 1650 quae
1745 1613 1810 1641 tam

1067 1667 1103 1689 ex
1128 1667 1327 1700 quocumque
1354 1658 1505 1702 temporis
1531 1670 1635 1700 eursu,
1653 1671 1747 1703 quam
1772 1671 1810 1694 ex

1066 1710 1319 1755 quibuscumque
1340 1712 1459 1745 actibus
1477 1718 1507 1745 et
1524 1713 1737 1747 functionibus
1756 1725 1810 1749 no-

1066 1763 1149 1804 stris,
1174 1773 1210 1797 ac
1235 1764 1328 1797 etiam
1355 1765 1567 1806 cardinalitiis,
1587 1772 1650 1799 tam
1674 1768 1809 1811 publicis

1065 1827 1160 1861 quam
1177 1817 1316 1861 privatis,
1337 1818 1429 1852 etiam
1451 1819 1482 1851 in
1503 1821 1662 1864 cappellis,
1683 1827 1713 1854 et
1734 1823 1809 1855 alias

1066 1871 1325 1916 quomodolibet,
1343 1872 1493 1906 hactenus
1518 1880 1548 1906 et
1571 1884 1629 1917 pro
1655 1881 1808 1919 tempore,

1065 1924 1158 1956 etiam
1183 1930 1349 1968 postquam
1374 1926 1440 1969 ipse
1458 1926 1577 1970 Gaspar
1594 1928 1762 1972 episcopus
1779 1935 1809 1963 et

1065 1976 1232 2011 cardinalis
1257 1978 1382 2021 negotia
1399 1979 1550 2023 praedicti
1569 1981 1702 2025 Philippi
1724 1979 1807 2026 regis

1065 2040 1176 2073 gerere
1200 2031 1389 2072 desinerem,
1416 2032 1511 2073 factis,
1536 2035 1689 2068 resultare
1707 2041 1735 2068 et
1756 2037 1807 2070 de-

1065 2084 1136 2117 duci
1161 2091 1291 2128 possunt
1304 2085 1324 2126 ²,
1341 2086 1470 2130 perinde
1488 2097 1523 2120 ao
1541 2088 1565 2120 si
1586 2089 1688 2122 statim
1711 2095 1740 2122 et
1760 2091 1807 2123 in-

1066 2138 1235 2172 continenti
1267 2145 1337 2183 post
1361 2141 1559 2184 praedictum
1583 2144 1806 2177 consistorium

1065 2202 1247 2235 processum
1273 2193 1367 2234 foret,
1394 2195 1652 2239 conniventiaque
1678 2203 1707 2230 et
1732 2198 1806 2231 tole-

1065 2246 1164 2278 rantia
1189 2251 1297 2278 nostra
1316 2247 1494 2281 nullatcnus
1512 2249 1740 2293 intervenisset,
1759 2262 1804 2285 ce-

1066 2300 1203 2343 terisque
1227 2301 1393 2334 contrariis
1418 2303 1681 2348 quiliiusciuuque.

1109 2354 1165 2397 gb.
1183 2355 1391 2389 Decernentes
1405 2357 1498 2390 etiam
1516 2358 1641 2391 irritum
1655 2365 1684 2392 et
1702 2360 1802 2401 inane,

1064 2408 1089 2441 si
1113 2418 1202 2441 secus
1223 2419 1316 2452 super
1341 2409 1389 2442 his
1407 2420 1423 2442 a
1441 2421 1609 2454 quoquam,
1628 2413 1735 2455 quavis
1753 2423 1804 2446 au-

1100 2499 1108 2524 1
1133 2498 1175 2525 Sic
1194 2498 1305 2525 indubie
1326 2499 1470 2533 legendum
1490 2508 1537 2534 pro
1559 2500 1639 2527 verbo
1661 2501 1803 2531 detineret

1061 2539 1133 2580 quod
1149 2543 1231 2570 habet
1243 2543 1308 2570 edit.
1320 2543 1397 2570 Main.
1411 2544 1491 2570 etiam
1505 2545 1574 2571 infra
1588 2546 1614 2571 in
1630 2546 1688 2574 loco
1705 2547 1800 2582 parali.

1060 2596 1121 2624 pag.
1137 2588 1189 2614 290
1200 2588 1214 2613 b
1230 2587 1328 2623 legitur
1344 2588 1485 2616 desineret
1502 2590 1537 2624 fla.
1553 2594 1600 2623 r).

1094 2633 1110 2660 ⁹2
1126 2632 1226 2660 Forsan
1240 2632 1385 2667 legendum
1396 2636 1509 2668 possent
1526 2635 1561 2669 (a.
1579 2634 1627 2669 r).

1716 205 1775 239 281
1828 216 1876 244 An.
1893 216 1921 244 c.
1943 216 2013 246 1632

1872 1564 2010 1588 obstantibus

1826 1591 1920 1619 derogat.

1845 2367 1965 2390 Clausulam
