2226 3235
80 239 130 266 An.
148 236 177 266 C.
199 237 266 266 1628

280 284 410 319 cialibus
433 289 469 318 ut
491 285 665 329 plurimum
690 285 890 319 confusiones
908 293 937 319 et
954 297 1022 330 per-

280 339 473 372 turbationes
499 338 575 371 oriri
601 338 750 379 solebant,
777 339 859 371 idem
881 339 1022 372 Clemens

279 392 514 437 praedecessor,
532 391 570 424 ad
588 402 639 424 eas
664 392 793 425 omnino
811 392 972 434 tollendas,
990 398 1023 426 ut

279 446 318 480 de
343 450 448 480 cetero
481 446 510 479 in
543 452 731 490 perpetuum
764 447 794 479 in
825 457 1023 491 quacumque

279 500 434 533 dictarum
460 500 811 544 p1·0vineiarum‚rnulli,
830 506 954 544 praeter
969 511 1023 534 eos

279 554 394 598 quibus
408 554 446 586 de
462 554 530 587 iure
548 554 633 586 iuxta
646 554 719 587 dicti
737 554 861 588 Ordinis
875 554 1024 588 constitu-

280 607 380 641 tiones
397 608 518 648 licebat,
541 618 647 640 vocem
675 608 706 640 in
726 608 872 652 capitulis
897 608 1023 652 provin-

281 660 412 693 cialibus
429 661 590 701 baberent,
609 661 662 694 sed
683 661 713 703 ii,
728 662 843 705 quibus
864 671 900 694 ex
923 661 1023 704 gratia

281 724 429 748 concessa
453 718 542 755 esset,
563 725 637 748 voce
660 716 759 748 activa
783 714 912 748 omnino
937 724 1024 747 care-

281 772 361 807 rent,
374 773 405 800 et
419 777 455 801 ex
471 767 562 801 tunc¹
581 768 693 812 privati
711 773 814 801 essent
826 773 857 801 et
871 777 939 800 esse
955 777 1025 800 cen-

281 827 436 861 serentur,
452 827 545 865 prout
563 822 628 866 ipse
647 822 787 856 Clemens
802 821 1025 865 praedecessor

283 884 319 907 ex
337 880 411 908 tunc
428 875 498 908 illos
515 880 545 908 et
561 885 672 909 eorum
691 875 864 919 quemlibet
880 875 1024 918 privavit,

282 928 455 972 apostolica
472 929 667 968 auctoritate,
685 928 791 961 statuit
808 933 838 961 et
858 928 1023 961 ordinavit.

326 981 341 1025 g
366 981 395 1014 1.
421 982 529 1025 Nuper
554 992 626 1015 vero
644 992 711 1022 nos,
733 987 821 1014 motu
840 981 971 1025 proprio
996 987 1025 1014 et

283 1045 318 1067 ex
344 1037 429 1068 certa
453 1035 582 1068 scientia
606 1045 642 1068 ao
659 1037 782 1067 matura
800 1034 1025 1067 deliberatione

282 1088 408 1128 nostris,
429 1093 578 1122 statutum
604 1094 633 1121 et
658 1089 885 1122 ordinationem
917 1089 1025 1121 huius-

282 1142 366 1176 modi
381 1142 419 1175 ad
436 1142 614 1186 provincias
631 1142 735 1176 ltaliae
746 1142 819 1175 dieti
829 1142 954 1176 Ordinis
968 1142 1025 1175 sub

284 1195 377 1228 certis
403 1195 496 1229 modo
522 1199 551 1228 et
574 1195 675 1228 forma
700 1199 772 1229 tunc
797 1195 951 1238 expressis
972 1205 1025 1228 ex-

283 1248 441 1282 tendimus
458 1255 487 1282 et
502 1249 730 1292 ampliavimus,
752 1255 847 1292 prout
872 1249 903 1281 in
928 1249 1025 1292 ipsius

283 1301 451 1335 Clementis
475 1303 664 1346 praedictis,
689 1313 724 1335 ac
749 1303 865 1335 nostris
890 1302 1026 1346 desuper

284 1355 316 1388 in
340 1356 435 1388 simili
459 1356 561 1388 forma
587 1355 692 1388 Brevis
713 1355 866 1399 expeditis
896 1355 1025 1395 litteris,

284 1418 418 1451 quarum
428 1414 552 1441 tenores
567 1408 784 1451 praesentibus
799 1419 857 1452 pro
871 1408 1026 1452 expressis

285 1460 396 1494 haberi
420 1461 581 1503 volumus,
606 1462 728 1505 plenius
752 1462 929 1496 continetur
939 1461 959 1494 ².

129 1521 271 1562 Extensjcpad
331 1515 346 1558 ἓ
370 1514 398 1547 ⁶2.
431 1516 518 1548 Nunc
548 1520 672 1555 autem,
704 1526 857 1559 prospero
882 1515 1026 1558 felicique

88 1550 271 1622 ΞΞΞΞΞΓΖῈἿΨῩᾹ
286 1578 557 1612 quarumcumque
574 1569 705 1601 aliarum
727 1569 800 1601 dicti
818 1568 942 1602 Ordinis
956 1579 1027 1612 pro-

177 1616 183 1622 ’
286 1620 459 1653 vinciarum
489 1622 583 1654 statui
618 1627 648 1653 et
683 1621 847 1654 directioni
874 1622 905 1654 in
933 1632 1025 1665 prae-

285 1674 398 1716 missis,
423 1680 575 1717 quantum
593 1685 664 1707 cum
689 1675 821 1708 Domino
847 1686 1025 1719 possumus,

285 1728 410 1760 obviam
427 1728 490 1761 ire³
506 1729 655 1769 volentes,
669 1735 765 1771 motu,
785 1729 913 1762 scientia
927 1735 957 1762 et
973 1729 1026 1762 de-

284 1781 472 1814 liberatione
496 1782 660 1824 similibus,
687 1788 835 1815 statutum
859 1787 889 1816 et
905 1783 1027 1816 ordina-

283 1833 401 1867 tionem
433 1845 489 1878 per
523 1835 714 1869 Clementem
748 1836 1025 1879 praedecessorem

284 1888 464 1920 huiusmodi
488 1889 590 1929 sacta,
621 1894 651 1921 et
678 1899 734 1932 per
759 1899 817 1923 nos
846 1895 972 1923 extensa
998 1896 1027 1923 et

283 1942 430 1985 ampliata
455 1947 488 1974 ut
511 1942 698 1985 praefertur,
716 1943 755 1975 ad
771 1944 934 1977 universas
958 1955 1027 1987 pro-

283 1994 400 2028 vincias
432 2000 463 2028 et
494 1996 754 2039 congregationes
779 1997 873 2030 totius
903 1997 1027 2030 Ordinis

284 2048 446 2091 praedicti,
471 2049 580 2081 eadem
606 2050 800 2091 auctoritate,
820 2056 927 2083 tenore
941 2061 1027 2094 prae-

285 2102 430 2144 sentium,
456 2113 566 2135 rursus
590 2108 747 2146 perpetuo
767 2104 963 2136 extendimus
977 2115 1028 2148 pa-

285 2154 362 2188 riter
375 2161 405 2188 et
418 2156 615 2200 ampliamus,
633 2157 748 2200 illaque
762 2157 793 2189 in
808 2158 1025 2190 universarum

284 2209 519 2252 provinciarum
553 2215 582 2242 et
611 2211 891 2253 congregationum
916 2211 1026 2245 huius-

284 2261 369 2294 modi
394 2263 537 2306 capitulis
560 2263 807 2307 provincialibus
834 2265 938 2298 locum
971 2265 1026 2298 ba-

132 990 214 1012 Causae
230 990 267 1011 hu-

83 1018 116 1038 ius
131 1018 267 1038 Constitutio-

83 1045 115 1066 nis
130 1045 254 1066 reseruntur.

320 2334 332 2359 1
352 2332 471 2360 Erronee
492 2333 534 2360 bic
550 2333 615 2361 edit.
633 2334 710 2361 Main.
732 2334 798 2370 legit
817 2343 853 2363 ex
872 2344 958 2369 nunc,
979 2335 1026 2363 sed

284 2377 371 2413 prima
386 2377 443 2404 vice
458 2378 484 2404 in
500 2378 590 2406 Const.
608 2385 682 2406 cxxu
698 2379 756 2406 eius
772 2379 815 2406 ed.
832 2380 902 2407 bene
918 2381 1027 2416 legebat

284 2430 320 2450 esc
335 2427 402 2450 lunc
420 2424 455 2458 (R.
473 2423 523 2458 T.).

319 2466 335 2493 2
353 2466 393 2493 Uti
408 2467 534 2502 diximus,
552 2471 605 2495 tam
625 2468 768 2496 Clementis
783 2468 840 2496 vttt
861 2470 1026 2503 constitutio,

285 2514 339 2539 tam
355 2511 455 2538 Urbani
471 2512 526 2538 Vlll
542 2514 662 2540 extensio
677 2514 748 2541 illius
764 2514 861 2541 desunt
876 2516 912 2548 (R.
928 2515 977 2549 12).

319 2555 336 2583 3
352 2556 446 2583 Potius
460 2556 598 2583 videretur
613 2557 756 2592 legendum
772 2559 923 2589 consulere,
936 2563 962 2585 et
975 2559 1027 2586 for-

284 2607 335 2628 san
349 2601 531 2637 supplendum
546 2610 578 2630 ac
594 2602 692 2630 multis
707 2603 898 2630 incommodis
913 2604 1026 2631 obviam

285 2645 329 2674 ire
346 2647 386 2681 (n.
402 2648 449 2681 T.).

891 237 1032 262 URBANUS
1057 238 1113 262 vm
1137 238 1185 262 PP.

1723 227 1765 260 ’13
1812 237 1860 264 Αη.
1877 237 1905 263 C.
1928 236 1996 264 1698

1057 287 1131 319 bere
1146 314 1153 326 ‚
1178 290 1208 319 et
1232 285 1276 319 sic
1301 285 1339 318 ab
1364 284 1510 318 omnibus
1537 284 1681 325 censeri,
1707 291 1801 329 atque

1057 340 1099 372 ita
1122 350 1179 383 per
1204 349 1422 384 quoscumque
1438 338 1558 372 iudices
1578 338 1755 371 ordinarios
1772 343 1801 371 et

1057 392 1227 434 delegatos,
1253 393 1346 426 etiam
1371 402 1535 425 causarum
1557 391 1662 435 palatii
1680 397 1803 435 aposto-

1058 445 1108 478 lici
1133 446 1302 487 auditores,
1329 445 1458 479 iudicari
1478 450 1507 478 et
1524 444 1648 478 definiri
1675 445 1801 483 debere,

1059 500 1247 543 irritumque
1266 506 1296 532 et
1315 500 1406 532 inane
1423 499 1574 543 quidquid
1600 509 1689 532 secus
1707 509 1803 542 super

1059 553 1107 586 his
1121 563 1138 586 a
1152 564 1321 597 quoquam,
1335 554 1444 598 quavis
1460 554 1656 593 auctoritate,
1670 553 1803 586 scienter

1059 606 1105 638 vel
1132 606 1325 649 ignoranter,
1343 607 1511 649 contigerit
1528 606 1683 646 attentari,
1701 611 1804 639 aucto-

1060 658 1150 692 ritate
1175 659 1268 692 etiam
1294 665 1324 693 et
1349 665 1458 692 tenore
1482 660 1661 704 praedictis,
1687 659 1799 693 decer-

1059 712 1163 746 nimus
1187 719 1217 746 et
1241 713 1447 747 declaramus.

1104 766 1119 809 ἓ
1143 765 1173 799 3.
1204 766 1272 799 Non
1302 767 1497 800 obstantibus
1528 766 1802 800 constitutionibus

1059 825 1089 852 et
1114 819 1365 853 ordinationibus
1390 821 1579 864 apostolicis,
1598 831 1633 853 ac
1653 820 1726 853 dicti
1747 819 1803 853 Or-

1060 872 1140 905 dinis
1172 878 1202 905 et
1234 873 1429 916 singularum
1462 874 1544 906 illius
1569 873 1802 917 provinciarum

1059 926 1302 970 praedictarum,
1320 927 1412 960 etiam
1431 927 1618 965 iuramento,
1640 927 1804 959 confirma-

1061 980 1142 1013 tione
1167 981 1339 1024 apostolica
1364 981 1411 1013 vel
1436 980 1545 1024 quavis
1570 980 1719 1012 firmitate
1744 979 1804 1012 alia

1060 1034 1227 1074 roboratis,
1246 1034 1367 1067 statutis
1378 1040 1407 1067 et
1418 1034 1708 1075 consuetudinibus,
1720 1034 1803 1066 aliis-

1060 1098 1120 1130 que
1145 1088 1292 1120 omnibus
1317 1093 1346 1120 et
1371 1088 1522 1130 singulis,
1543 1114 1545 1117 ,
1574 1097 1632 1120 uae
1657 1087 1689 1119 in
1713 1087 1804 1119 dictis

1061 1141 1171 1174 litteris
1188 1151 1336 1174 concessa
1354 1147 1434 1181 sunt,
1452 1098 1674 1180 nonfflstarffi
1691 1140 1804 1184 quibus

1061 1194 1208 1226 omnibus
1226 1200 1254 1226 et
1268 1195 1409 1237 singulis,
1435 1195 1561 1227 illorum
1581 1200 1705 1227 tenores
1719 1203 1804 1237 prae-

1061 1248 1201 1279 sentibus
1227 1258 1286 1291 pro
1300 1248 1491 1280 sufficienter
1509 1247 1663 1291 expressis
1687 1248 1804 1279 baben-

1061 1306 1116 1340 tes,
1138 1300 1197 1332 illis
1211 1301 1286 1333 alias
1311 1301 1341 1333 in
1366 1311 1422 1334 suo
1443 1302 1558 1334 robore
1576 1301 1803 1344 permansuris,

1062 1355 1119 1387 bac
1136 1354 1203 1387 vice
1217 1354 1375 1387 dumtaxat
1401 1355 1578 1399 specialiter
1603 1361 1631 1388 et
1657 1365 1804 1399 expresse

1061 1408 1267 1450 derogamus3
1286 1409 1461 1452 ceterisque
1486 1409 1653 1442 contrariis
1677 1409 1805 1452 quibus-

1061 1472 1205 1505 cumque.

1103 1516 1118 1559 ἓ
1137 1515 1167 1548 4.
1194 1516 1343 1549 Volumus
1364 1520 1466 1550 autem
1485 1517 1569 1561 quod
1590 1518 1801 1561 praesentium

1060 1569 1275 1613 transumptis
1296 1570 1389 1602 etiam
1411 1571 1601 1614 impresssis,
1628 1581 1723 1603 manu
1748 1571 1803 1603 ali-

1060 1622 1149 1654 cuius
1169 1623 1283 1655 notarii
1308 1623 1424 1666 publici
1446 1623 1642 1667 subscriptis,
1658 1629 1687 1657 et
1701 1624 1804 1666 sigillo

1060 1685 1213 1718 personae
1238 1676 1269 1708 in
1287 1676 1437 1719 dignitate
1456 1677 1666 1711 ecelesiastica
1689 1678 1804 1711 consti-

1062 1735 1143 1762 tutae
1161 1730 1299 1769 munitis,
1315 1731 1421 1763 eadem
1443 1731 1560 1775 ubique
1576 1742 1708 1775 prorsus
1728 1731 1805 1763 fides

1061 1782 1256 1821 adhibeatur,
1279 1794 1358 1827 quae
1380 1784 1456 1828 ipsis
1482 1785 1701 1828 praesentibus
1718 1784 1806 1817 adbi-

1061 1835 1200 1878 beretur,
1227 1836 1251 1868 si
1277 1837 1379 1869 forent
1403 1837 1560 1870 exhibitae
1586 1838 1633 1870 vel
1651 1842 1803 1871 ostensae.

1097 1889 1209 1922 Datum
1224 1890 1350 1930 Romae,
1364 1891 1447 1934 apud
1461 1890 1488 1924 S.
1504 1891 1632 1923 Mariam
1644 1891 1805 1931 Maiorem,

1061 1942 1119 1975 sub
1135 1943 1251 1976 annuto
1269 1943 1446 1984 piscatoris,
1467 1944 1516 1977 die
1537 1954 1590 1977 :x'1v
1616 1944 1805 1988 septembris

1061 2006 1236 2038 MDcxan,
1261 1998 1463 2041 pontificatus
1487 1998 1587 2031 nostri
1612 2008 1693 2032 anno
1719 2008 1759 2031 vi,

1097 2058 1155 2085 Dat.
1172 2058 1215 2086 die
1233 2060 1264 2086 14
1279 2060 1442 2095 septembris
1457 2060 1535 2095 1628,
1552 2061 1645 2096 pontif.
1664 2068 1733 2088 anno
1749 2067 1783 2087 vx.

1887 778 1944 797 Contu
1952 784 2002 798 arm

1819 805 1914 830 derogat.

1860 1525 2005 1550 Transumptis

1820 1552 1877 1571 cri-iti
1894 1553 1957 1571 nibet,

1376 2186 1491 2220 CCCVI,

1061 2265 1235 2309 Deputatio
1249 2267 1398 2300 ministri
1410 2267 1574 2311 yeneralis
1592 2267 1725 2301 Ordinis
1741 2268 1805 2310 fra-

1107 2324 1193 2353 trum
1218 2321 1385 2353 minorum
1412 2321 1683 2355 Conventualiztm
1713 2321 1805 2355 Ordi-

1104 2374 1157 2406 πίε
1174 2375 1280 2406 sancti
1295 2374 1467 2407 Francz'sci
1483 2375 1521 2407 de
1540 2374 1753 2408 observantia
1769 2376 1802 2407 in

1106 2431 1334 2470 eoeequutorem
1359 2428 1578 2461 observantiae
1599 2428 1806 2461 Constitutio-

1105 2490 1186 2512 uum
1213 2480 1423 2514 Urbamwum
1444 2481 1509 2514 iam
1527 2480 1614 2513 alifis
1633 2481 1804 2523 confirma-

1108 2537 1218 2565 tarum
1229 2532 1248 2565 ¹.

1097 2604 1107 2629 1
1127 2603 1194 2630 Vide
1208 2603 1434 2631 Constitutionem
1445 2610 1518 2632 ccxffl
1534 2604 1618 2640 ipsius
1634 2604 1735 2632 Urbani
1746 2604 1802 2632 VIll

1060 2648 1086 2675 in
1102 2652 1165 2676 tom.
1182 2655 1237 2682 xm,
1254 2657 1314 2684 pag.
1331 2650 1383 2677 663
1397 2651 1436 2684 (a.
1452 2650 1500 2684 τ.).
