2248 3229
146 212 196 242 An.
211 213 240 243 C.
262 213 328 242 1631

957 210 1098 235 URBANUS
1124 209 1181 234 VIII
1203 209 1251 234 PP.

343 263 481 305 portune
504 256 673 302 providere
697 257 735 291 de
755 257 949 302 benignitate
965 263 1087 303 aposto-

345 312 405 346 lica
429 311 643 355 dignaremur.
662 311 724 345 Nos
741 311 848 355 igitur,
865 312 986 345 litteras
1001 322 1088 356 prae-

345 366 444 400 dictas
468 365 592 398 debitae
624 366 848 409 exequutioni‚
881 371 915 399 ut
938 376 996 409 par
1020 370 1087 406 est,

345 418 531 452 demandari
541 418 715 462 cupienteS‚
728 428 763 451 ac
780 418 893 451 fratres
909 418 1087 462 praedictos

345 471 554 517 amplioribus
570 472 728 505 favoribus
754 476 783 504 et
808 471 917 514 gratiis
938 472 1087 516 prosequi

346 526 495 567 volentes,
520 534 694 568 eorumque
728 524 905 567 singulares
936 534 1088 568 personas

346 590 364 613 a
388 579 551 623 quibusvis
575 578 925 619 excommunicationis,
951 587 1087 622 suspen-

347 632 444 666 sionis
468 637 498 665 et
521 631 690 673 interdicti,
713 632 844 676 aliisque
870 631 1089 665 ecclesiasticis

347 684 519 726 sententiis,
544 685 686 718 censuris
711 690 739 718 et
765 685 885 728 poenis,
906 695 923 717 a
948 684 1016 717 iure
1040 684 1089 716 vel

346 738 386 772 ab
409 738 559 779 homine,
583 738 692 782 quavis
722 738 887 772 occasione
918 738 966 770 vel
995 739 1089 771 causa

347 791 434 833 latis,
460 792 485 825 si
509 792 624 836 quibus
655 792 893 835 quomodolibet
922 791 1089 825 innodatae

347 845 494 886 existunt,
519 845 558 878 ad
582 844 728 878 effectum
753 844 967 890 praesentium
992 844 1087 877 dum-

349 903 433 934 taxat
457 899 728 943 consequendum,
753 899 866 932 harum
885 898 966 932 serie
991 898 1091 932 absol-

349 959 455 987 ventes
472 958 503 987 et
518 953 676 986 absolutas
700 953 768 986 sore
787 957 960 994 censentes,
987 952 1091 986 huius-

349 1007 433 1041 modi
464 1006 748 1052 supplicationibus
773 1006 933 1048 inclinati,
965 1006 1003 1039 de
1033 1017 1088 1040 ve—

346 1060 536 1095 nerabilium
574 1060 709 1094 fratrum
748 1064 930 1094 nostrorum
967 1064 1091 1095 sanctae

348 1114 506 1149 Romanae
529 1113 686 1147 Ecclesiae
717 1113 924 1146 cardinalium
956 1114 1091 1157 negotiis

346 1167 541 1212 regularium
549 1166 804 1211 praepositorum
813 1167 956 1207 consilio,
965 1168 1090 1201 attentis

346 1221 493 1264 narratis,
503 1220 747 1264 exequutionem
760 1220 1028 1264 praeinsertarum
1045 1221 1091 1254 lit-

348 1280 489 1309 terarum
512 1280 704 1316 nostrarum,
722 1274 839 1308 nuncio
858 1275 1033 1318 praedicto,
1057 1280 1091 1308 ut

347 1328 535 1374 praefertur,
559 1328 790 1368 demandatam,
810 1327 926 1362 dilecto
951 1328 1017 1362 silio
1037 1339 1091 1362 no-

348 1385 414 1417 stro
433 1382 592 1416 Ludovico
609 1382 771 1426 Alphonso
787 1387 912 1415 sanctae
932 1383 1091 1416 Romanae

349 1434 501 1469 ecclesiae
519 1434 707 1479 presbytero
721 1434 873 1468 cardinali
889 1435 1090 1478 Lugdunensi

348 1493 542 1533 nuncupato,
562 1488 713 1522 ecclesiae
727 1488 945 1532 Lugdunensis
962 1499 998 1522 ex
1017 1498 1091 1522 con-

349 1542 492 1577 cessione
516 1547 546 1575 et
569 1542 801 1586 dispensatione
815 1542 988 1586 apostolica
1004 1552 1092 1587 prae-

349 1596 420 1638 suli,
444 1596 575 1641 eiusque
590 1596 622 1629 in
639 1596 913 1640 archiepiscopatu
926 1596 1091 1641 praedicto

347 1660 407 1695 pro
423 1654 567 1694 tempore
584 1650 831 1691 successoribus,
850 1661 922 1684 cum
937 1650 1090 1685 facultati-

349 1703 408 1738 bus
417 1708 447 1737 et
457 1703 706 1744 auctoritatibus,
716 1713 752 1737 ac
761 1703 837 1736 alias
847 1703 940 1737 modo
950 1708 981 1737 et
989 1704 1092 1738 forma

350 1756 383 1791 in
401 1757 520 1791 eisdem
537 1757 742 1802 praeinsertis
761 1757 875 1791 litteris
892 1757 1046 1792 contentis
1062 1762 1093 1792 et

350 1811 516 1856 expressis,
526 1810 608 1845 dicta
617 1811 813 1853 auctoritate,
822 1816 933 1845 tenore
946 1821 1093 1856 praesen-

350 1864 445 1906 tium,
469 1864 697 1899 committimus
717 1869 748 1898 et
766 1864 1002 1898 demandamus.
1023 1866 1092 1899 Non

350 1918 548 1953 obstantibus
570 1918 769 1962 praemissis,
793 1929 830 1952 ac
853 1916 1007 1952 'omnibus
1031 1919 1092 1953 illis

350 1982 430 2017 quae
447 1972 480 2005 in
500 1971 617 2005 eisdem
642 1971 754 2004 litteris
775 1972 933 2005 voluimus
956 1982 1020 2006 non
1036 1972 1091 2006 ob-

351 2031 444 2067 stare,
457 2025 633 2070 ceterisque
651 2025 818 2059 contrariis
829 2025 1090 2070 quibuscumque.

394 2080 507 2114 Datum
516 2080 645 2121 Romae,
654 2079 735 2124 apud
745 2079 773 2113 S.
785 2079 922 2122 Petrum,
931 2079 989 2113 sub
999 2090 1093 2113 annu-

350 2135 382 2169 lo
397 2133 574 2175 Piscatoris,
590 2133 640 2167 die
652 2143 755 2168 xxvnt
769 2133 919 2167 februarii
938 2143 1092 2175 MDCXXXI,

352 2188 554 2235 pontificatus
573 2188 673 2223 nostri
698 2198 780 2222 anno
797 2198 862 2222 vni.

388 2251 447 2279 Dat.
464 2251 507 2279 die
526 2251 560 2279 28
578 2250 708 2279 februarii
730 2251 808 2286 1631,
829 2251 923 2288 pontis.
945 2259 1015 2280 anno
1035 2258 1090 2280 viu.

607 2384 830 2419 CCCLXXXlX.

355 2457 544 2495 commissio
554 2457 675 2490 nuncio
684 2457 857 2502 apostolico
867 2458 904 2491 in
913 2457 1093 2492 Germanici

396 2510 575 2546 nonnullos
587 2510 736 2544 redditus
749 2511 978 2546 ecclesiasticos
991 2513 1093 2547 Pala-

399 2565 525 2598 tinatus
541 2563 662 2607 foederi
677 2565 834 2598 catholico
851 2564 1074 2610 assiqnandffl.

390 2627 403 2653 1
424 2626 462 2654 Ex
481 2625 590 2662 Regest.
609 2626 637 2652 iu
656 2625 756 2653 Secret.
773 2626 854 2653 Brev.

460 2680 540 2711 Butc.
554 2680 639 2710 Rom·
651 2695 684 2700 —
703 2679 763 2710 Vol.
780 2679 858 2711 XIV.
1021 2680 1057 2710 26

1763 197 1822 231 ΞΟ]
1874 207 1922 234 An.
1939 205 1967 233 c.
1995 205 2057 232 1631

1123 259 1238 288 Dilecto
1250 257 1312 287 filio
1325 259 1438 290 nostro,
1450 255 1678 293 etsspostolicae
1689 255 1773 284 Sedis
1787 255 1863 289 apud

1162 304 1372 331 charissimum
1383 303 1413 330 in
1423 302 1539 329 Christo
1550 301 1645 328 fllium
1653 302 1788 327 nostrum
1798 300 1865 326 Per-

1157 349 1317 376 dinandum
1338 349 1533 376 Romanorum
1550 352 1650 380 regem
1660 345 1691 372 in
1702 344 1862 378 imperato-

1118 404 1121 408 ·
1157 399 1219 420 rem
1234 393 1365 420 electum
1380 391 1500 425 nuncio,

1325 446 1460 474 Urbanus
1480 446 1559 479 Papa
1578 443 1655 472 VIII.

1395 508 1508 535 Dilecta
1529 507 1588 540 fili,

1158 554 1288 580 salutem
1308 555 1339 580 et
1358 553 1552 586 apostolicam
1577 551 1826 579 benedictionem.

1167 632 1182 675 ἓ
1206 632 1235 665 l.
1258 631 1340 664 Alias
1365 641 1382 663 a
1406 631 1496 664 nobis
1525 636 1711 664 emanarunt
1741 631 1864 665 litterae
1878 639 2065 686 aiiii-“⁸353

1124 685 1243 718 tenoris
1267 684 1506 728 subsequentis,
1532 684 1694 717 videlicet:
1878 675 2064 739 iiifa'iaffissffiilssjffssl

1167 739 1195 772 A
1225 743 1320 782 [erqo.
1346 737 1521 770 Venerabili
1550 738 1637 770 fratri
1662 738 1773 771 Carolo
1797 749 1864 782 epi-
1879 745 2064 792 gueralatinams·

1895 776 1981 792 onorum
2017 777 2065 797 par-

1124 801 1220 836 scopo
1235 792 1396 824 Aversano
1417 791 1568 824 moderno
1589 796 1619 824 et
1637 802 1697 835 pro
1722 797 1864 835 tempore
1879 798 2064 846 fficggsrgriffndo

1124 845 1268 879 existenti
1287 844 1371 889 apud
1397 844 1618 877 charissimum
1640 844 1671 876 in
1687 844 1810 878 Christo
1828 845 1864 877 si-
2019 841 2022 844 ’

1123 899 1202 932 lium
1226 903 1371 932 nostrum
1389 897 1624 931 Ferdinandum
1648 898 1863 931 Romanorum

1124 963 1232 996 regem
1265 952 1297 985 in
1329 952 1556 996 imperatorem
1589 952 1724 985 electum
1756 957 1864 985 nostro

1124 1011 1155 1040 et
1170 1005 1259 1040 Sedis
1272 1005 1461 1050 apostolicae
1485 1005 1617 1038 nuncio:
1643 1006 1730 1038 inlus
1755 1005 1863 1038 vero':

1126 1061 1271 1094 Urbanus
1306 1060 1388 1104 Papa
1420 1059 1494 1092 Vlll.
1528 1059 1723 1092 Venerabilis
1748 1060 1864 1101 frater,

1125 1114 1259 1147 salutem
1295 1118 1325 1147 et
1360 1113 1566 1157 apostolicam
1603 1113 1864 1146 benedictionem.

1124 1168 1328 1211 Apostolatus
1356 1167 1495 1201 officium
1527 1166 1618 1200 nobis
1644 1166 1765 1199 meritis
1796 1167 1868 1201 licet

1125 1221 1300 1266 imparibus
1336 1231 1373 1254 ex
1411 1221 1474 1254 alto
1494 1220 1717 1254 'commissum
1757 1227 1865 1264 postu-

1124 1276 1184 1316 lat,
1210 1280 1253 1316 ut,
1277 1275 1470 1319 peculiarem
1496 1274 1637 1309 omnium
1662 1275 1867 1308 ecclesiarum

1125 1334 1154 1362 et
1189 1329 1455 1362 monasteriorum
1493 1334 1522 1362 et
1557 1329 1701 1375 locorum
1739 1329 1867 1373 piorum

1125 1392 1235 1416 curam
1274 1387 1420 1425 gerentes
1439 1409 1446 1423 ,
1482 1382 1609 1415 illorum
1645 1383 1868 1417 restaurationi

1124 1440 1155 1469 et
1177 1435 1406 1468 manutentioni
1431 1441 1461 1468 et
1484 1435 1567 1468 felici
1591 1436 1777 1469 eorumdem
1801 1436 1868 1470 fru-

1125 1494 1233 1522 ctuum
1257 1488 1532 1530 administrationi,
1553 1495 1705 1533 quantum
1723 1501 1794 1523 curn
1812 1490 1869 1525 Do·

1125 1542 1210 1576 mino
1235 1553 1413 1586 possumus,
1439 1546 1615 1590 opportune
1635 1543 1867 1586 provideamus.

1125 1596 1243 1640 Itaque,
1269 1595 1308 1629 de
1337 1596 1563 1629 venerabilium
1589 1596 1723 1629 fratrum
1746 1603 1869 1631 nostro=

1124 1659 1197 1682 rum
1221 1654 1348 1683 sanctae
1367 1650 1528 1684 Romanae
1545 1649 1704 1683 Ecclesiae
1729 1650 1869 1683 cardina-2

1124 1703 1203 1736 lium
1227 1703 1363 1747 negotiis
1388 1703 1578 1736 Palatinatus
1610 1704 1869 1748 praepositorum

1126 1756 1268 1797 consilio,
1293 1757 1351 1790 tibi
1368 1768 1425 1801 per
1441 1763 1623 1801 praesentes
1640 1758 1868 1792 committimus

1125 1815 1156 1843 et
1168 1810 1364 1851 mandamus,
1378 1815 1420 1852 ut,
1435 1811 1473 1844 ad
1487 1811 1673 1844 decennium
1689 1811 1870 1855 proximum

1125 1864 1298 1904 dumtaxat,
1311 1875 1368 1908 per
1381 1869 1411 1897 te
1431 1864 1546 1908 ipsum,
1564 1864 1611 1897 vel
1625 1864 1701 1897 alias
1718 1874 1868 1908 personas

1126 1918 1353 1952 ecclesiasticas
1367 1918 1431 1950 sive
1449 1917 1607 1951 seculares
1628 1917 1693 1950 sive
1707 1918 1869 1961 regulares

1126 1972 1182 2005 tibi
1202 1971 1378 2013 benevisas,
1395 1972 1517 2005 fructus
1532 1982 1568 2005 ac
1585 1971 1726 2005 redditus
1743 1972 1869 2005 univer-

1127 2036 1178 2059 sos
1201 2025 1361 2059 bonorum
1385 2025 1673 2059 ecclesiasticorum
1691 2025 1801 2058 antea²
1821 2037 1870 2059 oc-=

1126 2084 1316 2123 eupatorum
1341 2079 1372 2112 in
1397 2079 1571 2113 Palatinatu
1592 2079 1747 2123 superiori
1773 2083 1803 2113 et
1826 2079 1870 2113 in—

1126 2133 1234 2166 feriori
1260 2133 1339 2175 (sine
1372 2138 1476 2166 tamen
1506 2133 1701 2177 praeiudicio
1734 2134 1868 2168 aliarum

1126 2185 1367 2220 concessionum
1388 2187 1427 2219 ab
1453 2186 1511 2219 hac
1539 2188 1647 2219 sancta
1672 2186 1750 2220 Sede
1774 2187 1868 2220 facta-

1126 2251 1208 2280 rum,
1225 2239 1376 2284 quamdiu
1393 2240 1594 2284 duraverint)
1613 2241 1797 2274 auctoritate
1815 2250 1869 2274 no-

1126 2295 1191 2327 stra
1216 2294 1333 2337 exigas,
1358 2298 1388 2327 et
1408 2293 1570 2327 dimidiam
1594 2294 1721 2327 illorum
1746 2299 1869 2337 partem

1127 2347 1229 2381 eidem
1253 2348 1452 2381 Ferdinando
1481 2348 1547 2391 regi
1578 2349 1610 2380 in
1643 2348 1868 2391 imperatorem

1127 2402 1237 2443 electo,
1261 2402 1311 2435 vel
1335 2402 1424 2435 alteri
1450 2412 1604 2447 personae
1622 2402 1661 2434 ab
1682 2401 1750 2445 ipso
1769 2401 1869 2435 nomi-

1126 2455 1257 2496 nandae,
1275 2455 1382 2488 eadem
1402 2455 1587 2494 auctoritate
1604 2454 1754 2497 assignes
1775 2455 1868 2488 aliam

1127 2520 1202 2543 vero
1226 2514 1349 2553 partem
1374 2509 1405 2542 in
1429 2508 1634 2542 ecclesiarum
1663 2509 1867 2543 restauratio-

1161 2583 1175 2609 1
1193 2581 1247 2608 Hac
1263 2580 1347 2608 verba
1360 2581 1440 2608 'intus
1455 2587 1519 2607 vero
1535 2587 1584 2606 nos
1599 2578 1724 2606 addimus
1738 2579 1776 2612 (R.
1792 2580 1841 2614 τ.).

1162 2626 1179 2654 2
1192 2625 1293 2654 Forsan
1303 2624 1486 2661 supplendum
1501 2625 1536 2652 ab
1551 2625 1704 2653 haereticis
1719 2625 1756 2660 (a.
1774 2624 1824 2660 T.).
