2221 3224
236 248 330 274 Aac.
356 236 445 274 2629*
471 236 530 270 110

434 302 463 327 et
487 296 557 328 loco
581 294 640 327 sibi
665 294 805 326 subiecto
826 303 884 336 pro
911 298 1052 335 tempore
1077 292 1191 335 depth*

436 353 514 380 tatos
538 346 742 391 approbandi,
759 351 798 385 et,
816 346 839 377 si
864 346 934 388 quis
959 355 995 377 ex
1020 344 1095 388 ipsis
1115 344 1190 388 Or->

431 402 559 434 dinariis
585 401 665 433 intra
689 400 824 442 aliquem
850 399 977 431 brevem
998 399 1168 432 terminum
1188 425 1189 436 ,

261 1750 351 1774 Derogat
369 1750 404 1769 (tb-

220 1777 332 1796 stantibus.

432 460 534 488 vestro
559 454 689 487 arbitrio
720 452 957 496 praesigendum
990 453 1073 485 viros
1103 453 1169 485 ido-

430 518 504 540 neos
521 507 558 539 ad
581 506 609 538 id
627 507 777 549 deputare
791 505 974 548 neglexerit,
993 505 1058 546 tibi,
1076 506 1168 537 etiam

430 561 495 592 >ine
521 560 646 592 illorum
673 569 838 598 consensu,
865 564 917 591 tuo
942 558 1073 591 arbitrio
1099 559 1168 591 illos

431 613 527 645 libere
552 612 720 655 deputandi
747 617 776 644 et
800 611 966 655 deputatos
991 611 1167 651 amovendi,

428 666 568 709 aliosque
597 676 706 698 eorum
739 666 808 698 loco
838 665 930 698 toties
958 665 1081 708 quoties
1111 664 1166 696 tibi

429 719 585 751 ridebitur
612 719 821 751 substituendi
844 724 873 751 et
893 718 1106 761 subrogandi,
1132 729 1186 750 acv

427 774 547 806 solvere
573 778 753 805 recusantes
778 778 807 805 et
832 771 1033 812 differentes,
1058 777 1088 804 et
1112 782 1165 815 ge-

426 827 575 859 neraliter
607 826 853 859 contradictores
881 826 1036 869 quoslibet
1062 831 1092 858 et
1116 837 1165 858 re-

425 880 531 922 belles,
558 885 587 912 et
611 890 649 912 ne
675 879 815 912 decimae
839 879 1019 912 huiusmodi
1044 879 1165 911 solvan-

426 938 475 967 tur
490 934 715 977 persuadentes
732 933 850 966 directe
868 933 915 965 vel
932 932 1093 972 indirecte,
1108 943 1165 975 per

425 988 506 1031 ipsas
530 998 680 1020 censuras
704 987 941 1026 ecclesiasticas,
962 997 997 1019 ac
1024 986 1083 1019 alia
1108 997 1164 1030 op-

425 1046 558 1084 portuna
584 1041 660 1073 iuris
688 1047 718 1073 et
744 1041 816 1073 sacti
836 1040 998 1080 remedia,
1023 1040 1162 1083 appella-

425 1095 507 1128 tione
524 1095 708 1138 postposita,
723 1094 963 1138 compescendi,
985 1093 1163 1137 auxilioque

423 1149 544 1181 brachii
580 1148 729 1181 secularis
761 1151 870 1181 contra
902 1158 955 1180 eos
986 1147 1023 1179 ad
1053 1147 1113 1180 hoc
1138 1147 1162 1179 si

422 1213 502 1245 opus
525 1202 621 1234 suerit
644 1201 819 1243 invocandi,
846 1201 1000 1234 solventes
1025 1211 1099 1233 vero
1124 1200 1162 1233 de

422 1255 532 1289 solutis
564 1254 723 1298 quietandi
749 1258 778 1287 et
802 1254 956 1287 liberandi
981 1265 997 1286 a
1022 1254 1162 1286 censuris

422 1313 451 1342 et
475 1309 593 1352 poenis,
619 1319 696 1352 quas
720 1308 803 1341 dicta
833 1308 997 1340 occasione
1021 1318 1158 1351 quomo-

422 1363 539 1395 ‹lolibet
556 1362 765 1401 incurrerint,
791 1361 983 1401 absolvendi,
1009 1372 1045 1393 ac
1070 1371 1162 1403 genc-

422 1416 529 1448 raliter
553 1416 658 1448 omnia
683 1421 712 1447 et
736 1415 858 1457 singula
886 1415 944 1447 alia
963 1415 994 1446 in
1012 1415 1162 1458 praemis—

422 1470 463 1502 sis
488 1475 517 1502 et
541 1470 625 1502 circa
649 1480 684 1502 ea
709 1469 885 1501 necessaria
910 1480 964 1501 seu
990 1468 1179 1511 quomodo-,

1178 1515 1179 1519 ¹
1195 1521 1300 1554 divino
1325 1522 1420 1554 cultui
1435 1522 1544 1563 dicata,
1560 1532 1595 1554 ex
1617 1523 1711 1554 cause
1723 1518 1866 1565 pignoris
1885 1520 1933 1552 vel

1177 1573 1264 1615 plia,
1282 1575 1445 1608 occasione
1469 1575 1633 1608 solutionis
1658 1574 1852 1607 decimarum
1878 1574 1933 1606 hu-

423 1523 496 1555 libet
521 1527 696 1566 opportuna
717 1522 858 1562 faciendi,
884 1522 1058 1561 ordinandi,
1078 1532 1161 1553 man—

422 1575 514 1608 dandi
540 1582 570 1608 et
594 1575 784 1619 exequendi,
808 1576 932 1618 plenam
959 1580 988 1607 et
1014 1575 1159 1614 liberam,

422 1630 606 1662 auctoritate
627 1635 654 1661 et
681 1636 787 1661 tenore
813 1629 999 1672 praedictis,
1026 1629 1157 1661 faculta-

423 1689 484 1716 tem
509 1683 710 1716 concedimus
735 1688 763 1715 et
787 1687 981 1726 potestatem.

465 1738 479 1780 ξ
504 1736 533 1769 6.
554 1738 621 1770 Nou
646 1737 841 1769 obstantibus
867 1737 976 1778 regula
997 1738 1104 1769 nostra
1122 1736 1159 1768 de

418 1801 481 1824 non
507 1790 643 1824 tollendo
668 1790 737 1822 iure
761 1789 912 1833 quaesito,
938 1800 973 1821 ac
998 1789 1066 1821 aliis
1083 1789 1155 1832 qui-

418 1844 525 1876 busvis
549 1843 738 1887 apostolicis,
765 1853 798 1875 ac
825 1843 917 1876 etiam
939 1842 969 1874 in
987 1842 1159 1886 provincia-

418 1898 500 1930 libus
520 1903 550 1930 et
570 1897 771 1941 synodalibus
789 1897 928 1930 conciliis
947 1896 1047 1936 editis,
1064 1907 1158 1939 gene—

417 1952 534 1983 ralibus
555 1952 601 1983 vel
620 1951 818 1994 specialibus,
837 1950 1111 1983 constitutionibus
1129 1956 1158 1982 et

416 2006 677 2045 ordinationibus,
703 2005 878 2048 ceterisque
903 2005 1069 2038 contrariis
1086 2004 1156 2047 qui-

396 2048 629 2102 ffiuscumque3
655 2064 710 2091 aut
732 2058 756 2090 si
782 2058 857 2101 ipsis
882 2058 1080 2101 patriarchis,
1106 2068 1156 2089 ar-

416 2112 641 2156 chiepiscopis,
667 2112 842 2156 episcopis,
868 2112 991 2151 electis,
1016 2111 1152 2143 admini-

415 2166 620 2206 stratoribus,
646 2165 938 2204 commendatariis,
971 2164 1155 2204 abbatibus,

415 2220 588 2263 prioribus,
613 2219 810 2262 praepositis,
835 2218 988 2261 capitulis,
1014 2228 1151 2250 conven—

416 2273 509 2312 tibus,
534 2272 833 2314 congregauonibus
862 2277 891 2303 et
920 2272 988 2303 aliis
1013 2271 1154 2315 personis

415 2326 593 2369 praedictis,
608 2326 654 2357 vel
673 2325 833 2368 quibusvis
851 2325 929 2364 aliis,
944 2325 1153 2357 communiter

416 2379 463 2411 vel
488 2379 622 2418 divisim,
641 2379 678 2411 ab
700 2379 810 2410 eadem
837 2379 875 2410 sit
891 2378 968 2411 Sede
988 2379 1151 2419 indultum,

416 2432 499 2475 quod
516 2432 554 2464 ad
571 2432 759 2465 solutionem
784 2432 915 2464 alicuius
933 2432 1073 2464 decimae
1090 2442 1153 2464 non

416 2492 589 2527 teneantur,
608 2492 638 2519 et
654 2486 691 2518 ad
711 2486 740 2518 id
761 2487 917 2529 compelli,
936 2492 987 2519 aut
1006 2486 1089 2530 quod
1107 2487 1153 2519 in-

416 2540 535 2579 terdici,
560 2539 707 2583 suspendi
727 2540 777 2572 vel
801 2540 1076 2581 excommunicari,
1097 2550 1151 2572 seu

416 2598 502 2625 extra
526 2594 573 2626 vel
597 2594 679 2626 ultra
714 2599 799 2626 certa
833 2594 901 2626 loca
931 2594 969 2626 ad
1001 2593 1151 2626 iudicium

416 2647 539 2681 evocari
569 2658 631 2682 non
661 2648 781 2692 possint
806 2659 863 2692 per
886 2648 1006 2681 litteras
1031 2651 1151 2692 aposto-

1018 244 1197 268 BULLARIUM
1222 244 1374 268 ROMANUM

1206 292 1280 324 licas
1304 302 1366 324 non
1390 292 1537 324 facientes
1561 292 1685 336 plenam
1711 297 1740 326 et
1763 302 1941 336 expressam

1205 355 1240 377 ac
1264 345 1301 377 de
1322 344 1419 378 verbo
1449 345 1487 377 ad
1517 345 1647 378 verbum
1678 345 1716 378 de
1740 345 1860 379 indulto
1884 346 1942 378 hu-

1205 398 1340 431 iusmodi
1366 398 1573 438 mentionem,
1599 404 1629 431 et
1652 399 1845 442 quibuslibet
1873 398 1942 431 aliis

1204 451 1376 494 privilegiis
1389 456 1419 484 et>
1435 451 1698 496 exemptionibus,
1716 452 1808 485 etiam
1826 452 1857 484 in
1872 462 1941 485 cor-

1186 515 1279 548 :pore
1304 505 1382 537 iuris
1407 505 1530 545 clausis,
1555 516 1591 538 ac
1615 505 1726 539 litteris
1750 505 1942 549 apostolicis,

1203 558 1454 602 quibuscumque
1469 558 1673 602 dignitatibus
1686 569 1741 592 seu
1762 558 1941 598 Ordinibus,

1202 612 1379 656 specialiter
1404 612 1450 645 vel
1476 612 1674 655 generaliter,
1700 612 1757 645 sub
1788 622 1940 656 quacum-

1201 678 1261 710 que
1287 667 1456 700 verborurn
1483 655 1583 700 forma
1613 666 1796 710 expressis¹,
1817 666 1939 699 etiamsi

1202 725 1288 753 motu
1313 720 1454 764 proprio,
1480 731 1515 753 ac
1539 720 1577 752 de
1601 720 1791 764 apostolicae
1807 725 1940 763 potesta-

1201 773 1239 805 tis
1252 773 1446 816 plenitudine
1459 778 1488 805 et
1501 773 1770 814 consistorialiter,
1790 783 1826 806 ac
1845 773 1936 805 etiam

1200 826 1230 858 in
1255 827 1317 864 ,vim
1344 830 1523 860 contractus
1551 827 1784 867 emanaverint,
1816 827 1937 859 etiamsi

1198 890 1256 923 pro
1273 880 1437 912 sufficienti
1453 880 1580 913 illorum
1595 880 1798 922 derogatione
1815 879 1853 912 de
1865 879 1937 922 illis,

1198 943 1371 977 eorumque
1396 934 1468 966 totis
1492 933 1664 974 tenoribus,
1689 933 1843 976 specialis,
1868 943 1939 976 spe-

1198 986 1296 1026 cifica,
1322 997 1469 1030 expressa
1490 993 1520 1020 et
1545 987 1716 1027 individua,
1733 997 1768 1020 ac
1785 987 1824 1019 de
1840 987 1938 1020 verbo

1198 1040 1235 1072 ad
1261 1040 1401 1082 verbum,
1428 1051 1491 1074 non
1515 1039 1620 1073 autem
1639 1051 1698 1084 per
1714 1040 1870 1073 clausulas
1888 1050 1939 1083 ge-

1197 1094 1320 1126 nerales
1334 1094 1414 1126 idem
1431 1094 1645 1138 importantes,
1661 1094 1778 1126 mentio
1791 1093 1936 1126 habenda

1197 1153 1292 1179 esset:
1311 1158 1390 1191 quae
1408 1147 1452 1180 eis
1472 1148 1575 1191 quoad
1599 1147 1770 1191 praemissa
1789 1147 1936 1180 nolumus

1197 1199 1227 1232 in
1252 1200 1358 1244 aliquo
1383 1200 1559 1243 suffragari.

1239 1254 1254 1297 ξ
1279 1254 1307 1286 7.
1334 1255 1483 1287 Volumus
1507 1260 1626 1296 autem,
1651 1254 1751 1298 quod,
1778 1255 1862 1286 iuxta
1886 1264 1935 1287 or-

1195 1307 1385 1340 dinationem
1419 1308 1448 1340 in
1481 1309 1613 1342 concilio
1642 1308 1809 1341 Viennensi
1841 1317 1935 1351 super

1196 1361 1255 1394 boc
1279 1361 1410 1403 editam,
1436 1362 1548 1395 calices
1563 1390 1570 1403 ,
1595 1361 1668 1394 libri
1692 1367 1722 1394 et
1752 1361 1811 1393 alia
1840 1371 1934 1394 orna-

1195 1419 1299 1448 menta
1322 1415 1543 1457 ecclesiarum,
1570 1415 1850 1455 monasteriorum,
1878 1414 1933 1447 be-

1194 1468 1379 1500 neficiorum
1413 1473 1443 1500 et
1470 1468 1604 1501 aliorum
1634 1468 1758 1511 piorum
1789 1468 1932 1500 locorum

1195 1627 1344 1669 iusmodi,
1369 1629 1548 1661 nullatenus
1572 1628 1744 1672 capiantur,
1769 1627 1932 1660 detrahan-

1195 1686 1245 1714 tur
1268 1682 1315 1714 vel
1341 1688 1552 1726 occupentur,

1238 1736 1252 1778 g
1276 1734 1305 1767 8.
1331 1735 1480 1779 Quodque
1511 1735 1725 1779 praesentium
1754 1735 1929 1769 litterarum

1194 1789 1406 1832 transumptis,
1426 1795 1481 1821 tuo
1506 1789 1553 1821 vel
1578 1789 1706 1821 alterius
1730 1787 1862 1831 praelati
1885 1798 1932 1820 ec-

1193 1842 1356 1874 clesiastici
1382 1842 1485 1885 sigillo
1517 1847 1546 1874 et
1579 1841 1697 1885 publici
1721 1841 1835 1874 notarii
1860 1841 1932 1874 sub—

1193 1894 1384 1939 sci-iptione‘2
1409 1895 1547 1934 munitis,
1573 1895 1681 1928 eadem
1707 1905 1838 1938 prorsus
1853 1894 1932 1928 fides

1192 1950 1377 1982 adhibeatur
1401 1950 1432 1982 in
1458 1949 1574 1982 iudicio
1592 1953 1622 1983 et
1638 1953 1734 1989 extra,
1752 1959 1832 1992 quae
1855 1948 1930 1991 ipsis

1175 2003 1410 2047 'praesentibus
1435 2003 1648 2043 adhiberetur,
1672 2003 1698 2035 si
1718 2003 1820 2035 forent
1843 2001 1930 2035 exhi-

1191 2058 1273 2090 bitae
1297 2059 1344 2090 vel
1370 2063 1521 2091 ostensae.

1234 2111 1345 2144 Datum
1370 2112 1498 2150 Romae,
1527 2109 1608 2154 apud
1633 2110 1662 2144 S.
1684 2109 1812 2142 Mariam
1838 2109 1930 2142 Maio-

1190 2175 1275 2206 rem,
1300 2165 1357 2197 sub
1384 2164 1498 2196 annulo
1521 2163 1699 2203 Piscatoris,
1720 2163 1769 2195 die
1789 2172 1824 2196 111
1845 2167 1929 2196 octo-

1189 2218 1254 2251 bris
1278 2228 1431 2257 nncxxtx,
1449 2217 1649 2261 pontificatus
1663 2216 1762 2250 nostri
1777 2226 1858 2250 anno
1872 2226 1925 2250 vn.

1223 2281 1282 2307 Dat.
1301 2280 1343 2307 die
1358 2280 1375 2307 3
1389 2279 1509 2307 octobris
1529 2279 1603 2313 16-29,
1620 2279 1714 2315 pontif.
1732 2287 1803 2307 anno
1818 2285 1864 2306 vn.

1496 2414 1609 2448 CCCLI.

1186 2485 1390 2527 Beatt'ficalt'o
1423 2485 1571 2519 Caietam
1606 2485 1763 2518 leienaei
1790 2483 1925 2518 Clert'co-

1229 2549 1303 2571 rum
1327 2539 1544 2582 chularium
1567 2537 1772 2582 fundatoris,
1799 2548 1837 2570 ac
1864 2538 1919 2570 in-

1221 2612 1232 2638 1
1252 2610 1406 2646 legendum
1423 2611 1464 2637 vel
1480 2610 1635 2637 addendum
1650 2609 1784 2637 concessis
1797 2609 1838 2644 (R.
1854 2609 1902 2644 τ.).

1220 2655 1234 2682 Ξ
1256 2655 1321 2683 Male
1340 2655 1403 2683 edit.
1425 2655 1502 2683 Mam.
1523 2655 1588 2691 legit
1606 2655 1784 2690 subscriptae
1803 2654 1839 2689 (R.
1857 2653 1906 2689 T.).

1956 244 2006 271 An.
2025 244 2053 272 C.
2071 244 2139 272 1629

1978 1261 2067 1283 Det-reta
2084 1268 2133 1283 con-

1949 1288 1992 1308 cilii
2009 1288 2134 1317 δἰευυεηρἱς

1949 1316 2028 1336 servari
2041 1317 2132 1337 mandat,

1985 1741 2130 1768 Tranzumptis

1947 1768 2007 1789 [idem
2021 1768 2088 1789 addit.
