2226 3235
54 233 103 260 An.
120 231 148 260 C.
172 232 240 260 1630

99 1199 202 1221 Concedit
218 1202 240 1220 ut.

40 1224 183 1248 'venerabilis
206 1226 240 1247 10-

56 1259 122 1275 annos
144 1253 171 1274 de
195 1253 240 1274 Deo

56 1279 135 1302 Beatus
160 1285 240 1301 nuncu-

55 1307 102 1333 pari
124 1308 145 1327 et
165 1307 192 1327 du
214 1312 239 1327 eo

56 1333 130 1354 missas
145 1333 239 1354 celebra-

55 1359 84 1384 ri,
103 1365 130 1380 ae
149 1360 240 1381 officium

55 1386 143 1408 recitari
162 1389 240 1413 possit,

56 1414 79 1433 ut
93 1412 134 1434 nic.

862 235 1004 260 URBANUS

254 280 379 315 Ioannis
404 280 442 314 de
465 281 529 316 Deo
553 281 704 324 deveniri,
723 287 753 316 et
772 282 898 316 interim
922 283 995 317 Bea-

255 338 321 367 tum
345 334 534 378 nuncupari,
552 345 588 367 ac
605 335 734 368 missam
755 341 785 369 et
801 336 940 370 ossicium
959 336 995 369 de

253 397 301 427 co,
327 392 360 420 ut
384 387 474 429 infra,
499 387 625 421 recitari
646 393 676 421 et
695 389 859 422 celebrari.
884 390 996 430 Quare,

256 450 314 483 pro
337 445 427 484 parte
450 451 514 474 non
539 442 642 474 solum
667 442 796 475 maioris
821 448 850 475 ct
874 443 997 476 confra-

255 498 338 526 trum
363 493 607 537 praedictorum,
632 505 742 528 rerum
767 495 860 528 ctiam
877 495 995 529 cbaris-

255 546 409 580 simorum
433 547 466 580 in
490 547 613 582 Christo
642 547 782 582 filiorum
814 553 995 583 nostrorum

257 600 446 634 Ferdinandi
457 602 671 635 Romanorum
687 603 771 645 regis
786 602 817 635 in
832 603 997 646 imperato-

255 664 321 686 rem
347 655 448 695 electi,
466 666 502 688 ac
519 655 654 700 Philippi
672 656 892 700 Hispaniarum
912 657 997 699 regis

255 707 411 750 catholici,
436 712 466 742 et
490 709 694 743 charissimae
719 710 750 742 in
774 710 898 743 Christo
915 709 997 742 filiae

254 766 380 794 nostrae
420 762 569 796 Isabellac
604 763 826 807 Hispaniarum
869 762 997 805 reginae

255 815 436 856 catholicae,
446 815 645 860 aliorumque
657 817 901 850 christianorum
914 816 998 860 prin-

256 868 373 912 cipum,
390 868 481 902 nobis
504 869 563 902 suit
587 870 750 903 humiliter
770 869 996 913 supplicatum,

256 926 290 956 ut
313 922 449 964 interim,
467 923 566 959 donec
583 923 621 956 ad
638 924 811 957 solemnem
832 922 996 956 canoniza-

256 975 373 1010 tionem
397 976 471 1011 dieti
495 977 620 1010 Ioannis
643 977 682 1010 de
705 978 768 1010 Deo
793 977 996 1017 deveniatur,

257 1029 340 1062 idem
366 1040 475 1063 servus
498 1030 553 1064 Dei
578 1030 708 1064 loannes
733 1030 771 1063 de
796 1031 860 1064 Deo
884 1030 997 1063 Beatus

255 1083 441 1127 nuncupari,
461 1088 554 1127 atque
571 1083 711 1117 officium
736 1087 766 1118 et
790 1083 885 1117 missa
902 1083 939 1117 de
960 1094 996 1117 eo

256 1141 289 1169 ut
313 1136 394 1170 infra
418 1137 571 1170 celebrari
595 1137 703 1181 possit.

299 1190 314 1234 ἓ
337 1190 368 1224 2.
396 1190 469 1231 Nos,
486 1190 545 1234 piis
564 1190 753 1224 Ferdinandi
778 1191 861 1234 regis
887 1191 918 1223 in
938 1190 997 1223 im-

255 1249 436 1287 peratorem
466 1244 579 1285 electi,
608 1255 644 1278 ac
671 1244 808 1288 Philippi
840 1245 942 1287 regis,
968 1250 998 1278 et

255 1297 406 1330 lsabellae
429 1297 568 1340 reginae,
586 1298 785 1342 aliorumque
805 1298 996 1342 principum,

255 1360 378 1384 necnon
409 1351 538 1384 maioris
570 1356 601 1384 et
631 1351 765 1385 aliorum
802 1352 996 1385 confratrum

256 1405 493 1448 praedictorum
517 1405 596 1439 rotis
621 1405 653 1438 in
681 1405 880 1449 praemissis,
898 1416 996 1449 quan-

256 1464 322 1491 tum
347 1469 418 1491 curn
439 1458 572 1492 Domino
589 1469 767 1504 possumus,
787 1459 923 1502 benigne
943 1469 995 1492 an-

256 1521 354 1545 nuere
382 1512 530 1554 volentes‚
556 1512 737 1546 huiusmodi
765 1513 998 1556 supplicationi-

256 1565 314 1599 bus
338 1565 488 1608 inclinati,
516 1565 554 1599 de
579 1566 764 1599 eorumdem
789 1566 996 1599 cardinalium

256 1618 407 1661 consilio,
439 1624 473 1651 ut
501 1618 569 1662 ipse
593 1629 701 1652 servus
725 1619 779 1652 Dei
803 1619 933 1653 Ioannes
958 1619 996 1653 de

255 1671 318 1706 Deo
335 1671 368 1705 in
386 1677 549 1715 posterum
568 1672 680 1706 Beatus
697 1673 884 1716 nuncupari,
902 1683 938 1706 ac
957 1673 996 1706 de

255 1724 367 1758 eodem
400 1725 438 1758 ab
468 1725 616 1759 omnihus
648 1725 749 1759 dictae
780 1726 996 1769 congregatio-

255 1778 303 1811 nis
319 1778 518 1822 regularibus
542 1779 659 1823 ubique
679 1779 883 1812 existentibus
908 1785 997 1823 quot-

255 1831 344 1865 annis
369 1832 401 1865 in
425 1831 476 1865 die
500 1832 566 1866 eius
591 1832 693 1866 obitus
713 1833 850 1866 officium
870 1833 995 1866 recitari

255 1889 285 1920 et
306 1886 401 1918 missa
425 1885 578 1919 celebrari
611 1886 649 1919 de
678 1887 838 1920 communi
862 1886 992 1920 Confes—

255 1939 336 1973 soris
362 1949 427 1973 non
454 1939 614 1973 Pontificis
638 1940 703 1973 ritu
729 1939 848 1984 duplici
876 1940 995 1974 maiore

254 2002 311 2036 per
342 2002 459 2026 annum
494 1993 580 2026 iuxta
610 1993 754 2026 rubricas
786 1993 933 2026 breviarii
966 1999 995 2026 et

255 2045 389 2079 missalis
414 2046 556 2089 Romani,
574 2051 604 2079 et
628 2046 730 2090 quoad
756 2046 884 2079 missam
901 2047 994 2079 etiam
1011 2074 1013 2091 s

255 2110 313 2144 per
344 2099 422 2133 alios
456 2100 619 2143 regulares
650 2106 680 2133 et
705 2100 860 2133 seculares
885 2094 1012 2134 sacer—⁴¹

255 2153 343 2187 dotes
362 2153 401 2186 ad
421 2163 531 2186 eorum
564 2153 711 2187 eeclesias
740 2154 942 2196 confluentes,
964 2154 1012 2190 in¹

255 2206 379 2241 civitate
411 2217 486 2240 vero
517 2207 722 2248 Granatensi,
754 2218 868 2251 nempe
893 2208 924 2240 in
944 2218 1012 2243 ec-,

255 2260 367 2303 clesia,
393 2260 447 2293 ubi
475 2260 541 2294 eius
566 2271 690 2294 sacrum
717 2271 834 2305 eorpus
862 2261 990 2306 requic-

256 2314 322 2356 scit,
348 2318 379 2348 et
403 2313 435 2346 in
460 2315 543 2346 terra
566 2315 745 2358 nuncupata
764 2314 944 2348 Montemor
970 2315 1012 2348 ι’ί,

254 2378 343 2409 novo,
360 2367 415 2401 ubi
438 2372 531 2401 natus
556 2371 611 2409 est,
629 2367 661 2401 in
681 2367 829 2401 omnibus
854 2368 994 2402 ecelesiis

255 2426 319 2454 tam
343 2421 539 2464 regularium
564 2431 659 2465 quam
683 2421 895 2463 secularium,
920 2422 993 2455 offi-

256 2474 339 2508 cium
354 2479 384 2508 et
400 2474 496 2508 missa
510 2475 575 2508 ritu
587 2475 704 2519 duplici
721 2475 845 2509 minore
868 2475 993 2509 recitari

256 2532 286 2562 et
302 2527 455 2562 celebrari
474 2528 573 2572 possit
589 2532 618 2562 et
635 2529 751 2568 valeat3
768 2539 813 2570 ae,
831 2539 889 2572 pro
906 2539 995 2573 prae-

255 2581 335 2614 senti
352 2591 434 2614 anno
458 2581 628 2623 dumtaxat,
654 2581 754 2615 maior
779 2586 809 2614 et
833 2581 885 2614 alii
913 2592 994 2615 con-

254 2634 367 2669 fratres
401 2634 502 2670 dictae
534 2635 787 2680 congregationis
819 2635 991 2671 solemnem

1028 235 1085 259 r111
1109 235 1156 259 pr.
1675 226 1736 261 175
1781 236 1833 262 An.
1854 235 1881 263 c.
1902 236 1971 263 1630

1030 283 1293 317 beatificationem
1330 295 1402 317 cum
1437 284 1541 317 missis
1579 284 1609 317 in
1645 284 1694 318 die
1727 284 1771 318 eis

1030 337 1177 370 benevisa
1202 338 1252 370 liic
1266 338 1383 371 Romae
1400 338 1432 370 in
1448 337 1581 371 ecclesia
1598 338 1627 371 S.
1649 338 1772 371 loannis

1030 391 1185 425 Calabitac
1203 391 1390 433 celcbrarc⁴,
1412 402 1534 425 necnon
1556 392 1608 424 alii
1631 392 1773 426 sacerdo-

1032 449 1075 479 tes
1101 451 1162 478 tam
1188 446 1348 487 regulares
1373 457 1466 490 quam
1492 447 1648 479 seculares
1665 446 1703 479 ad
1725 446 1771 479 di-

1031 502 1111 532 ctam
1137 499 1301 531 ecclesiam
1332 510 1368 531 co
1400 499 1449 532 die
1480 500 1673 533 continentes
1700 511 1771 533 cum

1031 551 1142 585 eadem
1157 551 1253 584 missa
1270 551 1355 584 iuxta
1373 552 1515 586 rubricas
1528 564 1560 586 se
1573 554 1771 586 conformare

1031 605 1129 637 libere
1155 605 1285 644 valeant,
1310 606 1481 648 apostolica
1510 607 1704 648 auctoritate,
1731 612 1771 640 tc-

1030 667 1107 690 nore
1128 657 1350 701 praesentium,
1369 658 1547 692 falcultatem
1568 659 1769 692 concedimus

1032 716 1062 743 ct
1086 710 1298 753 impartimur.

1076 765 1090 807 ἓ
1114 764 1144 797 3.
1170 765 1238 797 Non
1270 765 1467 798 obstantibus
1500 766 1773 800 constitutionibus

1031 822 1058 850 et
1085 817 1336 851 ordinationibus
1371 819 1572 862 apostolicis,
1598 819 1773 864 ceterisque

1031 869 1198 903 contrariis
1223 871 1486 915 quilmscumquc.

1076 924 1091 966 ξ
1114 922 1143 955 4.
1162 923 1312 956 Volumus
1328 929 1444 967 autem,
1458 925 1542 968 quod
1560 926 1774 968 praesentium

1033 977 1247 1020 transumptis,
1265 977 1359 1010 etiam
1377 977 1551 1021 impressis,
1570 988 1664 1011 manu
1682 979 1774 1013 alicu-

1031 1029 1079 1063 ius
1108 1030 1221 1063 notarii
1246 1030 1362 1074 publici
1387 1031 1595 1075 subscriptis,
1618 1036 1647 1064 ct
1672 1032 1774 1075 sigillo

1031 1084 1163 1117 alicuius
1183 1095 1337 1128 personae
1352 1085 1383 1118 in
1396 1085 1545 1128 dignitate
1562 1086 1774 1119 ecclesiastica

1032 1138 1217 1171 constitutae
1242 1138 1385 1178 munitis,
1408 1138 1517 1171 eadem
1542 1150 1673 1182 prorsus
1697 1140 1774 1173 fides

1032 1191 1148 1235 ubique
1171 1191 1368 1231 adhibeatur,
1389 1203 1468 1236 quae
1493 1192 1569 1236 ipsis
1594 1194 1774 1236 praesenti·-

1031 1245 1089 1278 bus
1114 1244 1339 1287 adhiberetur,
1364 1245 1389 1279 si
1420 1246 1522 1278 forent
1546 1246 1702 1279 exhibitae
1727 1248 1773 1280 rel

1031 1302 1183 1332 ostensae.

1076 1352 1187 1384 Datum
1220 1352 1359 1389 Romae,
1389 1352 1471 1396 apud
1497 1352 1525 1385 S.
1552 1353 1680 1386 Mariam
1706 1354 1770 1387 Ma-

1031 1405 1154 1445 iorem,
1186 1405 1244 1438 sub
1277 1406 1392 1438 annulo
1422 1405 1611 1447 PiscatoriS,
1643 1406 1692 1440 die
1718 1417 1771 1440 xxi

1031 1459 1220 1503 septembris
1256 1468 1408 1500 nncxxx,
1441 1459 1640 1502 pontificatus
1674 1461 1774 1494 nostri

1031 1523 1113 1546 anno
1138 1522 1204 1546 vlu.

1067 1575 1125 1603 Dat.
1143 1575 1186 1603 die
1201 1575 1232 1602 2⁴1
1250 1574 1415 1611 septembris
1433 1576 1510 1610 1630,
1527 1576 1620 1612 pontif.
1638 1584 1707 1605 anno
1720 1583 1772 1604 vnt.

1790 777 1899 798 Contraria
1912 778 1972 798 tellit.

1829 937 1974 962 'transumptis

1790 964 1848 984 credi
1864 963 1957 984 mandat.

1303 1718 1498 1752 CCCLXXIX.

1030 1799 1224 1842 Proroyatio
1266 1798 1492 1842 indulgsentiae
1526 1800 1698 1842 plenariae
1738 1802 1773 1834 in

1077 1853 1159 1887 Urbe
1175 1853 1218 1886 cccl
1234 1853 1373 1886 Italiam
1390 1858 1538 1887 extensae
1555 1854 1596 1888 ad
1613 1854 1695 1888 altos
1711 1859 1773 1888 tres

1074 1917 1205 1940 menses.

1233 1986 1368 2018 Urbanus
1385 1987 1463 2020 Papa
1485 1987 1561 2017 vm,

1149 2031 1184 2057 ad
1205 2033 1381 2065 perpetuam
1401 2031 1444 2058 rei
1465 2032 1646 2059 memoriam.

1074 2102 1088 2144 g
1116 2101 1141 2134 l.
1168 2101 1273 2144 Nuper
1290 2101 1414 2134 anobis
1439 2106 1624 2137 emanarunt
1648 2103 1770 2137 litterae
1814 2113 1909 2143 ronam
1926 2114 1972 2143 aar.

1030 2153 1147 2187 tenoris
1172 2153 1400 2198 subsequentis,
1427 2155 1588 2188 videlicet:
1787 2140 1972 2193 ἶῖἑῖυοῖἶῗῖιῑέιιέεῑὲῗῖ

1073 2207 1198 2240 Dilectis
1222 2207 1294 2240 filiis
1319 2208 1403 2241 clero
1428 2213 1458 2241 et
1482 2209 1598 2252 populo
1619 2210 1770 2244 Romano.

1788 2195 1837 2214 lain.

1010 2261 1134 2305 ⁴¹(Haec
1152 2261 1338 2295 constitutio
1368 2266 1412 2295 est
1441 2262 1546 2295 relata
1573 2273 1673 2307 supra
1695 2274 1769 2307 pay.

1032 2315 1113 2356 148,
1141 2320 1169 2348 et
1195 2315 1265 2348 ideo
1288 2316 1600 2360 praeteratinitur);

1073 2369 1130 2413 §tl
1145 2368 1528 2411 Etsubinde,multorum
1543 2371 1770 2405 venerabilium
1799 2380 1844 2420 ,m
1867 2386 1913 2410 eam
1938 2388 1971 2402 ex-

1030 2424 1163 2456 fratrum
1173 2423 1489 2468 archiepiscoporum
1499 2428 1528 2458 et
1538 2425 1770 2469 episcoporum,
1786 2408 1971 2482 igifflizi'tgiziieffi:

1029 2487 1150 2511 necnon
1175 2477 1363 2510 dilectorum
1383 2478 1522 2512 tiliorum
1540 2478 1714 2512 nobilium‘z
1732 2491 1771 2513 vi-

1065 2560 1074 2585 l
1095 2557 1211 2585 Verbum
1227 2559 1371 2586 celebrare
1388 2566 1436 2586 nos
1450 2558 1571 2585 addimus
1586 2561 1627 2592 (n.
1644 2560 1692 2586 ΤΛ.

1062 2607 1078 2628 2
1095 2602 1192 2629 Vocem
1209 2602 1350 2630 nobilium
1377 2611 1425 2630 nos
1445 2602 1570 2630 addimus
1589 2612 1621 2630 ex
1642 2604 1699 2632 loco
1720 2614 1771 2640 pa-

1026 2646 1086 2676 rall.
1103 2655 1185 2683 supra
1200 2654 1261 2683 pag.
1280 2647 1329 2675 250
1344 2650 1371 2675 et
1384 2646 1454 2675 infra
1469 2655 1530 2683 pag.
1550 2647 1606 2676 190.
