2248 3229
100 234 148 261 An.
166 233 194 261 C.
219 233 285 261 1636

130 885 157 906 Ac
172 884 283 911 privilegia

99 914 171 934 monti,
185 917 211 931 a·
225 917 283 931 nieu-

98 941 152 961 ustu
167 940 270 961 conceda.

908 229 1050 255 citamus
1075 229 1131 254 vm
1154 229 1202 254 PP-

298 282 348 314 tet.
374 279 572 313 Thesaurarii
599 284 701 312 tamen
726 278 886 323 praedicti,
909 290 981 311 cum
999 278 1037 311 ad

299 333 493 367 exactionem
516 334 692 377 rigorosam
714 332 843 377 procedi
861 331 1039 374 eontigerit,

298 387 382 420 illam
407 397 478 420 eum
496 387 667 421 exactione.
684 395 816 419 onerum
835 385 1039 428 cameralium
1056 413 1058 417 .

297 441 364 473 sine
389 444 558 483 augmento
583 441 742 484 impensae
768 439 870 472 faeere
895 439 1036 472 debeant.

297 494 542 528 Communitates
567 499 596 527 et
620 493 840 526 universitates
861 503 935 526 iero
952 503 1040 537 prae-

297 548 408 589 dictae,
433 548 512 581 facta
537 557 593 592 per
618 558 670 580 eas
694 547 724 580 in
753 546 898 580 manibus
916 547 1040 580 thesau-

297 601 390 641 rarii,
415 606 445 634 et
469 606 652 634 exactorum
677 604 710 635 ut
734 611 830 645 supra
856 600 894 633 ab
923 601 967 633 eis
991 600 1041 633 de-

296 658 488 699 putatorum,
503 654 664 687 sructuum
678 654 845 694 solutione,
860 664 918 698 pro
932 654 1037 687 fructi-

297 708 355 742 bus
379 708 423 742 sie
447 708 486 740 ab
511 707 556 741 eis
581 708 690 741 solutis
719 707 853 741 ulterius
869 718 926 741 nee
944 708 1038 740 etiam

298 774 314 794 a
344 762 501 796 montistis
535 761 761 797 molestentur.
792 771 849 794 nec
878 761 1038 795 molestari

298 816 427 860 possint.

342 869 357 914 ᾗ
381 869 410 902 4.
433 869 469 902 Et
486 869 624 914 insuper,
643 869 782 903 volentes
796 875 934 902 montem
953 879 1040 914 prae-

298 923 416 956 dictum
446 923 635 967 specialibus
666 923 841 968 privilegiis
873 928 900 956 et
932 923 1041 966 gratiis

299 976 461 1018 decorare,
476 982 574 1018 motu,
589 976 717 1009 scientia
735 981 765 1009 et
784 980 936 1020 potestate
955 977 1040 1010 simi-

299 1031 380 1064 libus
398 1034 551 1076 perpetuo
568 1031 743 1071 statuimus,
764 1030 973 1072 decernimus,
991 1041 1040 1065 or-

299 1085 443 1118 dinamus
466 1090 495 1118 et
512 1085 720 1125 declaramus,
735 1085 818 1130 quod
839 1085 933 1118 huius
954 1096 1040 1119 mon-

299 1139 338 1171 tis
361 1138 430 1172 loca
455 1138 492 1171 ad
520 1139 616 1172 instar
640 1139 775 1171 aliorum
802 1139 955 1172 montium
977 1150 1039 1173 non

299 1192 485 1226 vacahilium
511 1193 670 1226 Romanae
703 1193 814 1225 Curiae
840 1193 1040 1235 resignabilia

298 1247 359 1280 sint
383 1251 413 1279 ct
437 1256 499 1280 non
525 1250 642 1278 vacent.
669 1246 705 1278 Et
729 1246 920 1291 quicumque
946 1248 1039 1280 ctiam

298 1300 368 1334 laici
392 1300 556 1344 utriusque
581 1310 682 1340 sexus,
701 1310 735 1332 ac
750 1300 924 1344 presbyteri
943 1306 971 1334 et
988 1301 1039 1334 alii

298 1353 415 1394 clerici,
432 1363 554 1387 necnon
579 1353 794 1394 ecclesiarum,
819 1359 869 1386 aut
895 1354 946 1387 alii
971 1355 1040 1398 qui-

298 1418 434 1452 cumque
458 1408 600 1452 praelati,
617 1408 711 1441 ctiam
737 1414 861 1442 sanetae
884 1409 1040 1442 Romanae

299 1462 455 1496 Ecclesiae
480 1462 664 1503 cardinales,
681 1472 717 1495 ac
741 1462 836 1495 ceteri
862 1463 1040 1496 cuiuscum-

298 1527 359 1560 que
383 1515 553 1559 dignitatis,
571 1520 679 1556 status,
705 1515 822 1559 gradus
839 1522 868 1549 et
892 1517 1041 1550 conditio-

298 1569 356 1609 nis,
373 1569 530 1602 seculares
544 1573 573 1602 et
586 1579 859 1613 quorumcumque
876 1569 1040 1612 Ordinum,

299 1623 391 1656 etiam
419 1623 447 1655 in
474 1623 633 1656 communi
660 1623 912 1664 Mendicanfium,
930 1634 965 1657 ac
986 1625 1041 1657 mi-

300 1677 436 1710 litiarum
473 1677 520 1709 vel
554 1676 757 1721 hospitalium
795 1678 978 1720 regulares,
1011 1683 1039 1711 et

299 1730 378 1764 aliae
402 1741 620 1775 quaecumque
636 1741 789 1775 personae
804 1731 940 1764 cuiusvis
957 1737 1040 1765 aeta-

301 1784 361 1824 tis,
389 1785 482 1817 etiam
508 1785 646 1818 minores
670 1790 699 1818 et
724 1785 856 1829 pupilli,
884 1796 919 1819 ac
945 1786 1038 1818 etiam

302 1838 412 1882 spurii,
442 1838 607 1880 illegitimi,
627 1844 680 1871 aut
703 1840 779 1872 alias
803 1840 1041 1883 quomodolibet

302 1891 454 1924 inhabiles
471 1898 500 1924 et
518 1892 691 1935 incapaces,
708 1903 828 1925 necnon
849 1895 1040 1934 eommunia,

301 1944 530 1986 universitates,
549 1945 709 1986 ecclesiae,
731 1946 877 1989 capitula,
898 1946 1039 1990 collegia,

300 1998 571 2041 congregationes,
588 2004 770 2040 conventus,
794 1999 968 2041 societates,
989 2001 1042 2034 lio-

300 2052 434 2096 spitalia,
451 2052 610 2096 cappellae
628 2058 657 2085 et
674 2052 734 2085 alia
748 2053 877 2097 quaevis
894 2059 955 2086 tam
972 2065 1041 2098 pro—

301 2107 369 2138 sana
397 2116 491 2150 quam
517 2106 568 2150 pia
593 2112 621 2139 et
647 2106 794 2150 religiosa
819 2107 886 2140 loca
908 2114 969 2141 tam
998 2109 1041 2141 in-

300 2166 349 2193 tus
373 2170 466 2204 quant
492 2165 578 2193 extra
603 2160 752 2193 ditionem
779 2167 918 2194 nostram
956 2168 1036 2195 teni-

300 2214 452 2258 poralem,
467 2219 497 2247 et
514 2213 607 2246 etiam
622 2214 651 2247 in
667 2215 805 2260 qualibet
820 2215 925 2248 mnndi
943 2222 1041 2260 parte,

301 2278 383 2301 nune
408 2272 437 2300 et
462 2279 520 2312 pro
545 2273 686 2312 tempore
712 2268 880 2302 existentes
906 2270 1040 2312 (inlide-

301 2322 381 2355 libus
400 2326 502 2354 tamen
516 2331 641 2366 semper
658 2322 819 2366 exeeptis),
837 2323 1041 2357 nibilominus

301 2376 331 2409 in
362 2380 467 2408 monte
503 2375 683 2409 huiusmodi
717 2377 976 2410 communitatum
1013 2384 1042 2411 et

302 2429 554 2471 universitatum,
589 2431 702 2463 tertiae
726 2431 894 2463 erectionis
920 2441 1041 2465 nuncu-

301 2483 413 2529 pando,
437 2493 651 2528 quascumque
672 2484 876 2528 pecuniarum
903 2496 1041 2519 summas

1074 337 1163 364 netae
1189 331 1300 364 similis
1326 331 1355 363 in
1382 332 1442 364 sine
1467 332 1632 366 cuiuslibet
1656 331 1814 365 bimestris

1074 395 1132 428 pro
1156 385 1282 418 illorum
1302 386 1368 417 rata
1386 385 1452 417 sinc
1477 385 1582 428 aliquo
1607 385 1814 419 conscientiae

1074 438 1234 481 scrupulo,
1260 448 1313 470 seu
1346 437 1440 471 sortis
1471 439 1655 483 principalis
1682 439 1812 473 restitu-

1075 491 1167 532 tione,
1186 497 1237 523 aut
1262 490 1374 534 quovis
1398 491 1459 524 alio
1479 492 1685 525 restitutionis
1709 503 1814 531 onere,

1073 554 1108 576 ae
1133 544 1218 576 omni
1251 554 1382 587 prorsus
1408 544 1632 588 impedimento
1657 551 1814 587 cessante,

1073 598 1248 642 percipere,
1266 598 1426 642 consequi,
1444 602 1473 632 et
1491 598 1520 631 in
1546 609 1654 632 eorum
1680 611 1770 633 usum
1786 605 1813 633 et

1073 652 1240 684 utilitatem
1261 656 1456 691 convertere,
1470 652 1569 686 libere
1594 658 1624 686 et
1648 654 1731 687 licite
1749 665 1817 699 pos·

1074 706 1143 739 sint.
1162 706 1241 745 Quin
1266 706 1359 738 etiam
1386 707 1454 739 loca
1479 706 1639 750 praedicta
1663 718 1814 751 quocum-

1073 769 1134 803 que
1159 759 1253 792 modo
1278 759 1467 801 obtinentes,
1485 760 1510 792 si
1536 760 1588 793 illa
1614 761 1644 793 in
1669 761 1746 794 alios
1764 772 1815 795 ee-

1074 812 1148 845 dere
1174 818 1203 845 et
1228 813 1408 855 transserre,
1427 824 1463 847 ac
1488 814 1581 847 etiam
1599 815 1651 859 qui
1671 815 1741 849 loca
1762 816 1818 848 bu-

1075 865 1209 898 iusmodi
1230 865 1298 898 aliis
1315 867 1481 910 acquirere
1506 868 1672 908 voluerint,
1690 868 1767 901 tales
1786 868 1816 901 in

1075 919 1254 953 huiusmodi
1287 920 1505 964 cessionibus,
1539 922 1816 958 translationibus,

1074 973 1121 1006 vel
1153 974 1413 1017 acquisitionibus
1445 975 1502 1007 sibi
1535 975 1610 1019 ipsis
1642 976 1689 1008 vel
1725 968 1815 1018 aliis,

1074 1027 1167 1059 ctiam
1193 1027 1296 1070 quoad
1321 1027 1465 1069 vim-int,
1483 1029 1697 1062 omnimodam
1723 1030 1818 1064 dieto-

1075 1091 1145 1112 rum
1172 1080 1314 1113 locorum
1349 1081 1393 1114 sie
1417 1092 1580 1115 cessorum
1605 1083 1652 1115 vel
1684 1084 1818 1127 acquisi-

1075 1138 1177 1168 torum
1203 1135 1525 1177 administrationem,
1547 1147 1722 1182 eorumque
1745 1138 1815 1172 sru-

1074 1193 1182 1221 ctuum
1209 1193 1237 1223 et
1254 1190 1540 1223 emolumentorum
1569 1192 1817 1236 perceptionem,

1074 1253 1197 1276 necnon
1221 1243 1357 1286 plenam,
1374 1244 1505 1277 liberam
1523 1249 1553 1277 et
1569 1245 1746 1278 absolutam
1766 1257 1818 1291 po-

1075 1301 1218 1329 testatem
1244 1297 1296 1329 illa
1321 1308 1521 1342 quocumque
1542 1299 1709 1340 voluerint,
1733 1300 1817 1333 nulla

1075 1350 1167 1382 etiam
1194 1350 1383 1383 subsistente
1401 1354 1504 1393 causa,
1525 1351 1564 1384 ad
1588 1362 1621 1385 sc
1646 1353 1817 1397 reeipiendi

1075 1409 1105 1436 et
1137 1404 1315 1444 revocandi,
1337 1415 1391 1437 seu
1416 1405 1468 1437 alii
1492 1406 1538 1437 vel
1560 1405 1629 1438 aliis
1653 1406 1817 1448 vendendi,

1075 1457 1241 1499 alienandi,
1267 1457 1412 1499 donandi,
1430 1458 1640 1502 relinquendi,
1658 1459 1817 1503 obligandi

1075 1516 1105 1544 et
1122 1510 1322 1554 pignorandi,
1336 1522 1432 1555 super
1449 1511 1493 1544 eis
1510 1513 1688 1556 paciscendi
1702 1518 1732 1547 et
1747 1525 1819 1548 con-

1077 1565 1230 1607 trahendi,
1242 1571 1271 1598 et
1285 1576 1416 1609 prorsus
1430 1576 1556 1599 omnem
1569 1567 1661 1600 aliam
1674 1567 1817 1612 ipsorum

1075 1618 1334 1662 dispositionem,
1360 1619 1408 1652 ius
1438 1625 1467 1652 et
1500 1621 1677 1654 facultatem
1695 1650 1702 1663 ‚
1731 1623 1817 1656 nullo

1075 1672 1282 1706 obtinentium
1308 1684 1463 1707 consensu
1488 1674 1624 1719 desuper
1649 1677 1817 1720 requisito,

1075 1731 1129 1758 aut
1142 1726 1201 1759 alia
1222 1727 1419 1761 solemnitate
1433 1731 1564 1771 servata,
1583 1740 1618 1762 ae
1631 1730 1724 1762 etiam
1746 1741 1817 1764 cum

1076 1780 1287 1823 prohibitione
1313 1781 1492 1815 huiusmodi
1518 1782 1817 1826 administrationis,

1076 1834 1233 1866 fructuum
1252 1835 1474 1879 perceptionis,
1492 1836 1652 1877 cessionis,
1671 1838 1818 1872 venditio-

1076 1886 1144 1926 nis,
1169 1887 1389 1930 obligationis,
1419 1889 1629 1923 fideiussionis
1652 1901 1710 1934 per
1735 1891 1817 1936 ipsos

1075 1939 1252 1974 obtinentes
1277 1941 1445 1984 faciendae,
1471 1953 1593 1977 necnon
1617 1944 1744 1979 decreto
1771 1945 1814 1978 ir-

1076 1994 1188 2026 ritante
1213 1995 1333 2028 adiecto
1359 1996 1407 2029 his
1435 2007 1514 2040 quae
1539 2007 1628 2031 secus
1653 1999 1732 2031 sacia
1753 2000 1817 2032 sue-

1078 2047 1135 2079 rint
1166 2048 1205 2081 ab
1225 2049 1353 2089 eisdem,
1380 2060 1543 2084 reservare
1563 2057 1594 2084 et
1618 2052 1760 2086 obtinere
1786 2054 1818 2087 ti-

1077 2101 1150 2135 bere
1176 2107 1205 2135 et
1225 2103 1308 2135 licite
1326 2104 1464 2144 valeant;
1483 2110 1685 2150 montemque
1704 2107 1816 2152 ipsum,

1077 2155 1221 2200 illiusque
1246 2157 1313 2190 loca
1342 2162 1371 2191 et
1396 2159 1575 2202 portiones,
1599 2161 1691 2193 etiam
1718 2172 1819 2206 respe-

1076 2215 1127 2243 ctu
1149 2211 1306 2244 fruetuum
1322 2217 1351 2245 et
1365 2213 1651 2247 emolumentorum
1669 2215 1706 2248 ad
1730 2217 1819 2250 ratio-

1077 2273 1147 2295 nem
1174 2265 1366 2307 praedictam
1393 2266 1434 2298 illi
1461 2259 1704 2311 assignatorum,
1726 2270 1818 2303 nullis

1077 2317 1205 2351 omnino
1220 2319 1466 2363 reductionibus,
1481 2321 1752 2366 diminutionibus
1767 2330 1819 2357 aut

1078 2371 1243 2414 mensium,
1269 2384 1323 2406 seu
1352 2380 1564 2409 mensatarum
1593 2387 1817 2420 quarumcum-

1077 2435 1154 2468 que,
1180 2427 1408 2460 retentionibus
1425 2435 1453 2462 et
1479 2430 1642 2473 quibusvis
1659 2430 1727 2463 aliis
1745 2442 1817 2464 eon-

1079 2479 1181 2512 trariis
1217 2480 1496 2525 dispositionibus,
1529 2483 1621 2516 etiam
1655 2490 1819 2528 praetextu

302 2543 328 2571 et
348 2538 536 2583 quantitates
561 2538 656 2571 semel
674 2542 702 2572 et
720 2538 849 2582 pluries,
866 2549 901 2571 ae
921 2540 1042 2583 quoties
1080 2533 1219 2573 ¹¹¹'ils'11153
1243 2535 1447 2576 nsscessssilsslis,
1472 2547 1526 2569 seu
1551 2537 1643 2571 eliam
1669 2538 1820 2572 evidentis

302 2593 346 2625 eis
371 2592 470 2625 visum
498 2592 614 2632 suerit,
645 2602 762 2637 ponere
787 2597 813 2625 et
841 2602 984 2635 erogare,
1009 2605 1043 2627 ae
1080 2587 1229 2629 Ηῑίῗῐῑῦῑῑς,
1255 2593 1316 2622 ῑὶῐῐῐ]
1343 2590 1429 2623 SstdiS
1454 2597 1483 2626 ct
1504 2591 1652 2626 Gamerae
1669 2593 1820 2638 Apostoli-

302 2657 360 2690 pro
385 2646 517 2690 singulis
541 2647 619 2680 locis
643 2650 672 2681 et
698 2646 896 2691 portionibus
920 2648 1054 2691 praedi-²
1079 2649 1250 2685 031²·stssssm
1268 2643 1406 2687 ipsarum
1426 2647 1688 2682 communitatum
1708 2653 1738 2682 et
1754 2648 1820 2681 uni-

1719 219 1775 254 551
1827 231 1879 257 An.
1900 229 1928 258 C.
1948 230 2013 259 ¹636

1057 279 1060 285 ’
1075 278 1132 311 etis
1149 287 1250 311 annua
1262 281 1348 311 scuta
1365 282 1501 321 quatuor
1514 288 1585 311 cum
1602 277 1733 312 dimidio
1753 289 1816 312 mo-
