2248 3229
78 246 128 276 An.
149 246 178 276 Cr
196 247 265 276 1634

890 245 1033 272 URBANUS
1057 245 1114 271 vm
1137 246 1185 270 Pr.

274 299 361 339 gesta
385 295 536 328 miracula
552 295 600 328 vel
618 295 833 336 revelationes,
851 305 906 329 seu
923 305 1014 339 quae·
1029 303 1031 313 *

274 359 411 393 cumque
435 348 596 387 beneficia,
614 354 772 393 tamquam
794 359 903 383 eorum
922 349 1014 383 inter-

274 403 468 437 cessionibus
482 413 498 436 a
510 404 572 437 Deo
583 408 719 448 accepta,
733 403 938 443 continentes,
949 402 1014 436 sine

274 456 490 499 recognitione
514 462 567 489 aut
591 456 819 500 approbatione
842 455 1033 496 ordinariis

274 511 327 554 qui
345 510 376 543 in
394 510 431 544 iis
447 510 713 554 recognoscendis
738 510 913 553 theologos,
928 509 1016 543 alios-

276 573 337 608 que
361 564 430 607 pios
460 574 495 596 ac
527 563 636 597 doctos
669 563 752 596 viros
785 563 816 595 in
847 563 1013 597 consilium

275 616 448 655 adhiberet,
473 621 512 657 et,
537 626 575 649 ne
601 616 713 649 deinde
737 616 822 650 fraus
847 621 900 649 aut
925 626 1016 650 error

275 675 327 703 aut
351 670 467 713 aliquid
492 680 607 703 novum
633 676 662 703 et
688 670 900 703 inordinatum
926 670 957 703 in
981 680 1015 703 re

276 728 337 756 tam
351 722 438 766 gravi
452 723 713 764 committeretur,
729 724 890 767 negotium
903 723 1016 758 instru-

276 780 360 810 ctum
375 776 413 809 ad
426 776 537 810 Sedem
551 777 764 820 Apostolicam
779 777 1015 819 transmitteret,

277 829 406 874 eiusque
416 841 602 875 responsum
611 836 798 875 expectaret;
811 830 1016 865 revelationes

276 893 350 917 vero
368 887 398 918 et
414 885 575 926 miracula,
592 885 714 929 aliaque
729 884 882 918 beneficia
907 894 1016 928 supra-

277 936 369 979 dicta,
394 948 475 982 quae
499 939 530 971 in
555 938 643 972 libris
660 939 774 972 horum
795 938 958 972 hominum
977 937 1017 970 vi-

277 996 338 1023 tam
363 997 513 1036 gestaque
538 992 768 1026 continentibus
799 993 926 1025 eatenus
950 991 1016 1024 sine

277 1045 491 1088 recognitione
501 1051 593 1090 atque
600 1045 828 1090 approbatione
836 1044 1017 1078 huiusmodi

277 1099 429 1142 impressa
443 1104 540 1141 erant,
555 1099 749 1132 nullo‘modo
764 1099 935 1143 approbata
950 1109 1018 1132 cen-

278 1152 338 1186 seri
353 1153 519 1193 voluimus,
534 1152 824 1197 mandavimusque.
840 1152 884 1185 Ad
901 1153 1016 1186 horum

277 1206 440 1239 hominum
472 1207 641 1250 sepulchra
672 1207 828 1240 vetuimus
857 1206 949 1240 etiam
983 1217 1035 1240 ac=

277 1259 471 1294 inhibuimus
483 1261 612 1294 tabellas
626 1264 719 1304 atque
733 1261 885 1304 imagines
896 1271 931 1294 ex
946 1263 1018 1294 cera

278 1318 331 1346 aut
355 1318 496 1357 argento,
521 1325 575 1347 seu
601 1325 636 1347 ex
663 1314 723 1346 alia
741 1324 940 1358 quacumque
959 1325 1020 1347 ma-

277 1367 374 1410 teria,
400 1372 462 1402 tam
487 1369 586 1412 pictas
610 1378 704 1412 quam
729 1368 817 1401 fictas
843 1373 935 1412 atque
965 1379 1019 1401 ex-

279 1422 409 1465 culptas,
434 1421 570 1466 appendi
595 1432 650 1454 seu
675 1422 781 1465 affigi,
807 1428 835 1454 et
860 1422 1020 1466 lampades

279 1475 343 1507 sive
357 1475 416 1507 alia
430 1486 647 1519 quaecumque
662 1475 780 1508 lumina
797 1475 936 1516 accendi,
954 1476 1020 1509 sine

280 1528 495 1571 recognitione
520 1529 558 1561 ab
584 1529 750 1562 Ordinario
770 1530 909 1569 omnino,
926 1535 1021 1573 prout

280 1591 386 1625 supra,
410 1581 568 1622 facienda,
593 1581 728 1625 Sedique
752 1582 949 1626 Apostolicae
974 1593 1020 1615 re-

279 1634 423 1668 serenda¹
441 1645 476 1668 ac
500 1635 664 1678 probanda
674 1647 680 1675 ;
707 1635 912 1676 declarantes,
938 1635 1021 1680 quod

279 1699 337 1732 per
361 1689 577 1733 suprascripta
607 1689 823 1732 praeiudicare
855 1689 885 1722 in
917 1689 1039 1733 aliquo<

280 1742 438 1776 noluimus
462 1753 563 1787 neque
588 1743 779 1776 intendimus
806 1743 853 1782 iis,
878 1744 942 1787 qui,
969 1749 1023 1776 aut

280 1806 338 1839 per
357 1807 556 1830 communem
578 1797 734 1830 Ecclesiae
755 1807 955 1837 consensum,
974 1798 1020 1830 vel

281 1849 564 1884 immemorabilem
579 1851 731 1894 temporis
740 1861 880 1892 cursum,
895 1855 946 1884 aut
964 1861 1022 1895 per

281 1909 406 1947 patrum
440 1904 644 1947 virorumque
674 1910 854 1937 sanctorum
885 1904 1021 1948 scripta,

281 1957 329 1989 vel
355 1957 531 2000 longissimi
556 1958 707 2001 temporis
732 1957 862 1991 scientia
890 1968 926 1991 ac
949 1958 1023 1991 tole-

282 2010 382 2043 rantia
419 2011 574 2054 praefatae
613 2010 701 2043 Sedis
740 2010 937 2055 Apostolicae
975 2010 1022 2043 vel

282 2063 458 2106 Ordinarii,
482 2065 683 2098 celebrantur
696 2063 715 2097 ⁹.
750 2065 889 2108 Cumque
915 2068 1023 2108 postea

283 2117 333 2150 die
347 2118 483 2152 secunda
497 2118 635 2152 octobris
650 2119 789 2152 eiusdem
807 2118 879 2151 anni
894 2127 1023 2152 imcxxv

284 2182 300 2203 a
324 2171 510 2215 quibusdam
536 2172 678 2205 revocari
697 2171 726 2204 in
745 2171 875 2204 dubium
900 2171 1022 2215 accepi-

284 2235 364 2265 mus,
389 2235 428 2257 an
450 2225 580 2258 tabellas
604 2230 635 2258 et
659 2225 830 2268 imagines,
856 2235 934 2269 quas
959 2225 1021 2257 im-

284 2282 446 2322 posterum
464 2278 571 2312 offerri
592 2279 797 2322 contingeret,
823 2278 977 2322 recipere,
995 2283 1025 2311 et

285 2337 376 2365 antea
400 2331 520 2365 oblatas
536 2342 725 2365 conservare
738 2332 864 2366 liceret:
882 2342 939 2365 nos
957 2331 1024 2374 (qui

286 2385 503 2418 tantummodo
523 2385 689 2426 voluimus,
710 2385 907 2419 occurrendo
924 2384 1036 2434 abusi-U

285 2439 344 2472 bus
368 2439 421 2482 qui
447 2439 587 2482 irrepere
618 2439 824 2479 videbantur,
856 2439 1023 2472 certiorem

285 2504 397 2537 parare
422 2494 502 2526 viam
517 2493 555 2526 ad
577 2504 687 2527 eorum
713 2494 744 2526 in
769 2493 862 2526 terris
879 2493 1023 2537 gloriam,

285 2558 421 2591 quorum
440 2548 677 2582 sanctimoniam
696 2548 818 2581 divinae
843 2547 1024 2581 clementiae

324 2622 332 2646 1
350 2620 420 2647 Edit.
438 2620 515 2647 Main.
531 2620 613 2647 habet
628 2620 749 2655 refenda
762 2624 799 2656 ga.
816 2620 864 2653 T.).

320 2665 337 2692 2
351 2666 496 2701 Hucusque
508 2665 560 2693 vid.
573 2666 623 2694 loc.
637 2666 681 2693 cit.
694 2665 720 2692 in
732 2667 795 2693 nota
806 2664 838 2694 ad
850 2665 1021 2700 rubr.(a.r.).

1048 294 1202 339 placuerit
1218 293 1409 327 admirandis
1426 292 1574 338 operibus
1588 292 1789 336 illustrare¹),

1048 359 1083 381 re
1107 348 1196 392 prius
1222 359 1293 381 cum
1320 347 1437 380 eisdem
1470 346 1680 380 cardinalibus
1706 356 1790 379 com-

1049 401 1218 442 municata,
1232 401 1269 434 de
1290 401 1383 435 simili
1399 411 1509 435 eorum
1530 400 1672 441 consilio,
1689 399 1791 433 decla-

1048 455 1197 497 ravimus,
1215 456 1309 500 quod‚
1330 455 1410 489 sicut
1434 465 1607 499 numquam
1631 453 1791 499 prohibui-

1049 519 1128 551 mus,
1143 520 1200 542 nec
1214 509 1395 542 intentionis
1411 507 1537 542 nostrae
1552 509 1608 541 fuit
1621 507 1790 552 probibere

1049 563 1260 603 oblationem,
1295 563 1571 606 receptionemque
1604 562 1791 596 tabellarum

1050 621 1080 649 et
1104 616 1276 659 imaginum
1302 615 1492 656 huiusmodi,
1514 616 1566 656 ita,
1590 620 1625 648 ut
1645 615 1791 659 deinceps

1050 669 1125 702 nulli
1151 668 1339 702 dubitationi
1363 669 1451 702 locus
1471 668 1713 714 relinqueretur,
1731 673 1791 702 sta-

1051 722 1167 756 tuimus
1192 726 1220 756 et
1245 722 1453 765 decrevimus,
1480 727 1513 755 ut
1538 722 1660 765 quoties
1682 721 1720 754 ad
1741 721 1793 754 ali·

1050 786 1142 819 quam
1170 776 1344 816 ecclesiam,
1370 781 1421 809 aut
1442 775 1626 818 oratorium,
1648 776 1792 809 locumve

1050 828 1145 861 alium
1172 828 1353 872 publicum,
1387 829 1561 862 secularem
1588 839 1642 862 seu
1668 829 1791 872 regula-

1051 891 1117 914 rem
1133 909 1140 922 ,
1162 881 1290 915 tabellas
1316 887 1346 915 et
1366 882 1519 924 imagines
1544 882 1666 915 aliudve
1691 882 1792 914 simile

1051 935 1209 979 quispiam
1233 935 1379 975 deferret,
1396 946 1432 968 ac
1454 936 1678 969 intercessione
1694 935 1793 969 homi-

1052 989 1173 1021 minum
1199 989 1280 1022 inter
1297 988 1426 1022 Sanctos
1452 989 1497 1021 vel
1524 989 1633 1022 Beatos
1657 1000 1719 1023 non
1740 989 1794 1021 ad-

1052 1043 1260 1086 scriptorum,
1286 1043 1429 1088 quamvis
1462 1053 1532 1076 cum
1567 1043 1707 1088 martyrii
1742 1048 1794 1075 aut

1052 1096 1224 1130 sanctitatis
1249 1097 1329 1129 sama
1355 1096 1606 1137 demortuorum,
1632 1101 1737 1140 optata
1763 1106 1794 1128 sc

1052 1149 1270 1193 impetravisse
1295 1149 1423 1191 diceret,
1441 1150 1550 1183 liceret
1575 1149 1794 1183 ecclesiasticis

1053 1203 1210 1247 personis,
1236 1203 1439 1236 ecclesiarum
1464 1204 1648 1237 locorumve
1673 1202 1795 1248 praedi-

1054 1262 1176 1290 ctorum
1198 1267 1292 1290 curae
1317 1257 1514 1301 praepositis,
1533 1257 1663 1289 tabellas
1677 1262 1706 1289 et
1722 1256 1796 1289 ima-

1053 1311 1152 1353 gines,
1177 1311 1240 1344 sive
1265 1311 1373 1354 pictas,
1396 1311 1459 1344 sive
1478 1322 1515 1344 ex
1537 1311 1645 1354 quavis
1663 1311 1794 1344 materia

1054 1364 1160 1405 fictas,
1193 1370 1286 1408 atque
1318 1365 1377 1397 alia
1409 1375 1628 1408 quaecumque
1665 1365 1795 1397 collatae

1054 1418 1173 1461 gratiae
1198 1418 1292 1451 sidem
1318 1418 1472 1460 facientia,
1495 1419 1588 1451 simul
1614 1429 1684 1452 curn
1711 1418 1795 1451 dese-

1055 1472 1162 1512 rentis,
1187 1471 1405 1515 aliorumque,
1431 1473 1483 1515 qui
1509 1471 1625 1505 conscii
1651 1471 1794 1509 fuissent,

1055 1525 1316 1566 attestationibus,
1335 1525 1486 1569 recipere,
1504 1530 1607 1569 atque,
1624 1525 1796 1569 approban-

1055 1578 1138 1611 tibus
1163 1578 1357 1619 Ordinariis,
1383 1578 1421 1611 ad
1446 1589 1523 1622 quos
1548 1579 1666 1611 referre
1692 1579 1795 1611 statim

1055 1633 1160 1665 onmia
1184 1637 1376 1671 tenerentur,
1394 1632 1425 1664 in
1442 1638 1563 1665 secreto
1581 1632 1686 1676 aliquo
1707 1642 1793 1665 seor-

1056 1686 1113 1718 sim
1132 1686 1169 1718 ab
1191 1686 1323 1719 ecclesia
1340 1687 1410 1719 loco
1428 1686 1597 1727 custodire,
1614 1686 1794 1729 ibidemque

1056 1740 1117 1773 iam
1144 1746 1247 1774 amota
1272 1741 1427 1774 collocare
1452 1744 1482 1773 el
1506 1750 1677 1780 asservare,
1702 1746 1745 1782 ut,
1772 1740 1795 1772 si

1056 1794 1180 1837 quando
1205 1794 1356 1827 Dominus
1382 1794 1489 1826 talium
1516 1794 1656 1826 virorum
1686 1794 1796 1825 merita

1056 1847 1295 1880 beatificationis
1321 1857 1375 1880 seu
1399 1847 1643 1880 canonizationis
1674 1847 1794 1879 honore

1056 1901 1087 1933 in
1113 1901 1204 1934 terris
1230 1901 1380 1934 decorare
1405 1900 1563 1939 voluisset,
1585 1904 1724 1933 extarent
1744 1900 1798 1932 hu-

1057 1954 1190 1988 iusmodi
1215 1954 1386 1988 sanctitatis
1413 1954 1656 1997 qualescumque
1681 1953 1795 1997 proba-

1057 2008 1156 2041 tiones
1177 2008 1374 2052 Apostolicae
1392 2008 1480 2042 Sedis
1498 2008 1613 2041 iudicio
1639 2011 1711 2041 tunc
1731 2018 1798 2040 exa-

1057 2061 1254 2094 minandae‘2.
1289 2062 1421 2095 Demum
1453 2072 1548 2103 vero,
1575 2066 1607 2093 ut
1642 2061 1796 2094 eiusmodi

1057 2114 1182 2148 decreta
1207 2115 1451 2148 observarentur
1477 2115 1615 2157 indubie,
1641 2125 1678 2148 ac
1695 2115 1797 2148 omni-

1058 2168 1183 2201 modam
1216 2169 1405 2202 sortirentur
1435 2168 1695 2212 exequutionem,
1728 2180 1797 2202 cum

1058 2222 1174 2255 eisdem
1200 2222 1411 2255 cardInalibus
1431 2232 1465 2254 re
1485 2221 1604 2265 pariter
1628 2222 1799 2255 communi-

1058 2277 1135 2318 cata,
1150 2275 1250 2319 deque
1264 2275 1446 2309 eorumdem
1462 2275 1603 2316 consilio,
1616 2276 1798 2319 praemissis

1058 2328 1243 2371 addidimus,
1268 2329 1443 2369 statuimus,
1469 2329 1684 2371 decrevimus7
1705 2333 1798 2372 atque

1058 2382 1295 2424 declaravimus⁷
1320 2393 1360 2415 ne
1385 2393 1419 2416 ex
1446 2387 1519 2416 tuuc
1544 2382 1692 2426 deinceps
1712 2382 1797 2426 quis-

1057 2437 1141 2480 piam
1155 2435 1392 2470 Ordinariorum
1408 2440 1460 2470 aut
1473 2436 1510 2468 ab
1528 2436 1706 2480 ,apostolica
1720 2435 1798 2469 Sede

1058 2489 1096 2522 ad
1113 2489 1172 2522 hoc
1194 2489 1370 2533 specialiter
1389 2489 1617 2532 delegatorum,
1635 2499 1728 2533 super
1745 2489 1798 2521 ali-

1058 2543 1146 2576 cuius
1170 2542 1334 2586 utriusque
1354 2553 1446 2576 sexus
1466 2553 1537 2575 cum
1559 2542 1729 2576 sanctitatis
1746 2548 1798 2575 aut

1092 2615 1104 2642 1
1123 2614 1253 2643 Adderem
1269 2614 1514 2650 comprobandam
1532 2617 1566 2650 [a.
1586 2616 1632 2649 T.J.

1092 2664 1107 2691 2
1124 2662 1188 2690 Vide
1203 2662 1254 2690 loc.
1272 2661 1316 2689 cit.
1337 2669 1397 2696 pag.
1416 2660 1466 2688 310
1481 2661 1517 2695 (a.
1535 2662 1582 2693 r.).

1694 234 1757 269 437
1805 243 1855 271 An.
1871 243 1901 270 c.
1919 243 1987 271 1634
