2248 3229
84 228 135 258 An.
155 226 184 258 G.
199 228 270 258 1639

109 559 144 581 lus
160 559 268 580 nomann-

82 586 105 608 di
114 585 208 607 [amittae
218 586 269 607 nar·

82 613 172 634 hortun
201 618 268 634 reser-

893 230 1035 255 L'RBANUS
1060 230 1116 255 vtn
1139 231 1186 255 Pt‘.

282 286 346 311 non
375 276 477 310 solum
510 277 548 310 ad
577 287 687 311 eorum
718 278 825 320 instar,
856 278 910 311 sed
935 279 1028 312 etiam

284 340 382 375 aeque
414 331 649 375 principaliter,
674 332 737 372 uti,
762 333 841 372 frui,
873 332 968 376 potiri
1000 338 1029 366 et

285 384 422 427 gaudere
448 385 546 418 libere
580 390 611 418 et
643 385 725 418 licite
751 386 1030 427 valeant,auclori-

285 443 345 471 tate
365 444 396 471 et
417 442 524 471 tenore
544 439 736 482 praemissis,
754 439 897 472 similiter
920 450 1031 485 perpe-

285 497 339 525 tuo
363 491 401 525 de
426 492 554 535 speciali
579 493 680 535 gratia
706 493 917 535 indulgemus.

330 546 346 589 §
370 546 399 578 8.
426 546 593 578 Praeterea
611 545 659 578 ius
683 547 866 579 nominandi
885 547 1030 580 alumnos

284 598 464 643 praedictos
482 609 517 631 ex
535 599 723 643 ,litliiopiesu
742 600 805 632 sire
826 599 981 641 Abissina,
1000 604 1030 634 et

285 652 467 692 Bracmana,
484 663 538 685 seu
564 654 711 693 Armena,
737 653 916 687 nationibus
933 659 965 686 ut
982 665 1030 687 su-

284 715 341 749 pra
361 705 523 747 oriundos,
541 716 576 739 ae
595 706 679 739 iuxta
702 707 831 740 modum
849 713 879 740 et
895 708 1028 740 sormam

284 758 511 802 supradictos¹‚
529 765 558 792 et
576 770 637 792 non
655 760 741 802 alias,
756 760 813 793 sub
837 762 939 804 poena
964 762 1030 793 nul-

285 812 379 846 litatis
403 812 654 847 nominationum
681 814 861 847 huiusmodi
887 825 924 847 eo
949 815 1028 858 ipso,

284 864 321 898 ad
343 865 493 899 tredecim
508 877 567 910 pro
585 877 678 907 nunc,
692 873 731 909 et,
748 867 772 899 si
792 867 959 911 aliquando
978 869 1029 901 illa

284 924 387 952 tractu
412 921 566 964 temporis
591 921 699 963 augeri
731 921 909 963 contingat,
934 922 1027 955 ctiam

283 972 322 1007 ad
347 973 406 1006 alia
432 973 476 1006 sic
501 980 604 1007 erecta
623 975 691 1007 loea
711 974 889 1008 alumnatus
906 975 1030 1008 noviter

283 1027 381 1061 erecti
413 1028 576 1072 praedicti,
602 1033 664 1060 tam
690 1028 747 1060 liac
777 1028 879 1072 prima
913 1029 979 1062 ricc
1011 1040 1029 1061 a

282 1081 445 1126 primaeva
463 1082 591 1114 illoram
609 1081 766 1114 erectione
783 1087 814 1114 et
835 1082 1028 1116 institutione

283 1135 493 1176 huiusmodi,
529 1135 648 1180 quam’
679 1136 755 1168 alias
796 1147 854 1179 pro
887 1142 1028 1181 tempore

282 1189 394 1233 quovis
411 1189 505 1222 modo
522 1193 678 1230 vacatura,
696 1190 727 1222 in
743 1190 818 1223 loeis
836 1191 1027 1232 liuiusi'nodi,

282 1243 410 1286 praevia
442 1246 544 1276 tamen
575 1242 718 1286 diligenti
745 1244 945 1288 inquisitione
971 1256 1028 1289 per

282 1296 456 1330 cardinales
481 1307 497 1330 e
527 1297 687 1341 praedicta
720 1299 965 1341 congregatione
989 1299 1028 1332 de

282 1349 490 1394 propaganda
510 1350 585 1383 Fide
603 1350 798 1394 deputandos
818 1352 957 1384 facienda
975 1363 1028 1384 su-

282 1414 340 1449 per
364 1414 475 1438 eorum
501 1405 704 1448 qualitatibus
727 1410 872 1449 utsupra
898 1406 1029 1450 requisi-

282 1458 332 1498 tis,
346 1462 385 1499 et,
401 1458 526 1502 quando
542 1459 632 1491 illae³
649 1459 679 1491 in
693 1459 738 1492 eis
751 1466 954 1501 concurrunt,
970 1471 1028 1504 per

283 1512 424 1546 eiusdem
449 1513 705 1556 congregationis
730 1514 904 1547 cardinales
935 1524 1027 1558 prae-

282 1565 383 1599 dictos
417 1565 456 1598 ad
491 1566 683 1609 praedictam
709 1567 970 1608 nominationem,
995 1573 1025 1601 et

281 1629 345 1653 non
370 1619 457 1660 alias,
473 1619 709 1653 confirmandos
725 1631 780 1653 seu
806 1621 1025 1662 instituendos,

281 1683 318 1707 ae
342 1672 505 1717 ponendos
530 1678 560 1705 et
584 1673 794 1715 collocandos,
820 1674 904 1708 dicto
937 1675 1025 1709 fratri

280 1726 416 1761 Antonio
441 1726 591 1760 cardinali
617 1727 717 1760 donec
742 1727 862 1768 vixerit,
889 1738 926 1761 eo
950 1739 1025 1762 vcro

281 1780 447 1822 defuncto,
471 1780 592 1814 dilectis
618 1781 690 1813 filiis
715 1781 831 1814 nostris
856 1781 1025 1816 Francisco

281 1834 310 1869 S.
337 1834 496 1868 Laurentii
526 1834 557 1867 in
588 1834 720 1867 Damaso
752 1835 924 1868 Bai-berino
948 1846 1026 1868 nun-

281 1891 397 1932 cupato
421 1887 521 1920 dietae
545 1887 574 1920 S.
602 1888 634 1920 R.
652 1887 685 1920 E.
705 1888 972 1930 vicecancellario,
995 1895 1025 1922 et

281 1940 416 1974 Antonio
448 1941 477 1974 S.
509 1941 658 1982 Agatlzae,
684 1941 824 1974 diaconis
848 1942 1024 1986 respective

280 1995 470 2039 nuncupatis
495 1994 715 2035 cardinalibus,
730 1995 869 2028 eiusdem
899 2002 1023 2030 sanctae

281 2049 440 2083 Romanae
466 2049 623 2081 Ecclesiae
648 2049 832 2088 camerario,
849 2050 964 2082 nostris
979 2060 1024 2083 se-

281 2102 419 2136 cundum
445 2112 572 2135 carnem
598 2113 632 2135 ex
668 2104 764 2135 l'ratre
794 2113 946 2145 germano
970 2114 1024 2137 ne-

280 2158 419 2203 potibus,
440 2157 491 2201 qui
519 2168 576 2201 per
597 2163 724 2190 turnum
750 2157 879 2190 alternis
904 2158 1024 2191 vicibus

280 2211 445 2246 nominare
470 2211 619 2249 debeant;
647 2211 720 2255 ipsis
750 2222 824 2244 vero
856 2211 1024 2245 deficienti-

1062 279 1196 323 nepotis,
1210 279 1303 313 Urbis
1322 279 1471 324 praesceti
1496 289 1531 313 ae
1549 279 1700 324 principis
1716 280 1805 314 Prae-

1062 333 1186 374 nestini,
1212 333 1431 374 descendenti,
1456 339 1486 366 et
1510 334 1541 366 in
1565 334 1719 368 desectum
1738 345 1804 367 ear-

1063 386 1191 428 dinalis,
1220 387 1379 430 praelato,
1409 392 1439 420 et
1462 397 1524 420 non
1549 387 1700 420 existente
1732 393 1805 421 tunc

1062 440 1213 484 praelato,
1231 451 1383 484 personae
1401 441 1629 474 ecclesiasticae
1645 441 1683 474 dc
1697 441 1805 474 eadem

1063 493 1180 526 stimilia
1197 493 1414 533 descendenti;
1428 499 1467 534 et,
1486 494 1509 527 si
1528 494 1607 527 sorte
1628 505 1718 527 casus
1735 505 1806 528 eve-

1062 547 1154 588 nerit,
1176 546 1259 590 quod
1277 547 1387 579 eodem
1415 552 1556 591 tempore
1576 553 1681 580 extent
1700 549 1807 592 plures

1063 599 1237 633 cardinales
1255 599 1293 632 de
1311 599 1451 632 eiusdem
1477 600 1632 633 'l‘liaddaei
1659 602 1807 645 praefecti

1063 658 1092 685 et
1120 653 1275 697 principis
1301 653 1418 686 familia
1446 659 1475 686 et
1495 653 1726 694 descendentia,
1744 665 1808 688 om-

1063 706 1155 739 nibus
1181 707 1241 740 illis
1275 707 1469 751 aequaliter,
1496 707 1541 740 iia*
1562 711 1666 741 tamen
1694 714 1727 741 ut
1750 719 1807 742 no-

1063 760 1194 793 minatio
1219 759 1337 804 ipsius¹
1359 771 1415 804 per
1435 764 1563 794 turnum
1582 766 1612 794 et
1629 762 1807 794 alternatim

1063 814 1132 854 liat;
1157 814 1361 847 existentibus
1393 824 1468 847 vero
1491 814 1635 858 pluribus
1660 815 1808 859 praelatis

1063 871 1091 898 et
1116 866 1260 910 personis
1278 864 1508 907 ecelesiasticis,
1526 867 1570 899 illi
1595 867 1651 900 soli
1669 868 1720 912 qui
1744 878 1808 901 ma-

1063 919 1161 952 iorem
1180 920 1350 954 obtinuerit
1367 921 1589 965 praelaturam,
1610 927 1650 962 et,
1664 922 1745 955 inter
1758 933 1807 956 ae-

1062 974 1180 1016 quales,
1201 974 1253 1017 qui
1271 980 1369 1007 aetate
1390 975 1491 1009 maior
1511 976 1584 1016 erit;
1604 976 1634 1008 in
1651 976 1806 1010 desectum

1063 1037 1138 1059 vero
1163 1027 1369 1061 cardinalium
1392 1034 1423 1061 et
1446 1030 1659 1072 praelatorum
1685 1035 1714 1064 et
1739 1041 1807 1074 per-

1063 1091 1211 1114 sonarum
1245 1082 1526 1115 ecclesiasticarum
1557 1083 1595 1116 de
1625 1083 1706 1116 linea
1732 1083 1806 1118 dicti

1062 1134 1218 1167 'l'liaddaei
1237 1135 1385 1178 praesceti
1411 1140 1440 1168 et
1465 1135 1628 1179 principis,
1648 1142 1720 1169 tunc
1747 1136 1806 1180 ipsi

1061 1187 1228 1220 Tliaddaco
1242 1188 1401 1232 praesecto
1419 1194 1448 1222 et
1465 1189 1612 1233 principi,
1627 1200 1726 1233 eoque
1744 1199 1806 1223 non

1062 1241 1231 1282 existente,
1256 1241 1302 1274 rel
1328 1242 1592 1286 quandocumque
1623 1243 1804 1284 deficiente,

1062 1295 1179 1327 vocatis
1211 1301 1241 1327 et
1275 1295 1514 1339 comprehensis
1546 1296 1577 1328 in
1609 1296 1678 1329 iure
1703 1307 1806 1330 succe-

1061 1348 1153 1380 dendi
1181 1359 1239 1392 per
1262 1358 1320 1381 nos
1345 1348 1499 1389 ordinato,
1518 1349 1559 1382 ita
1580 1355 1613 1382 ut
1638 1350 1718 1383 inter
1743 1361 1806 1384 om-

1061 1412 1116 1434 nes
1146 1401 1190 1434 sic
1225 1402 1524 1445 supranominatos,
1560 1403 1683 1447 quoties
1715 1414 1805 1438 casus

1061 1455 1210 1496 evenerit,
1223 1456 1430 1500 assumptioni
1451 1461 1481 1490 et
1498 1457 1740 1501 reassumptioni
1759 1458 1804 1491 iu-

1061 1509 1104 1541 ris
1120 1509 1301 1542 nominandi
1314 1510 1493 1543 huiusmodi
1508 1521 1635 1554 semper
1652 1512 1738 1544 locus
1756 1511 1804 1554 sit,

1060 1563 1246 1596 auctoritate
1277 1563 1460 1597 huiusmodi
1492 1570 1646 1609 perpetuo
1679 1576 1804 1610 quoque

1060 1627 1270 1657 reservamus,
1289 1617 1492 1651 concedimus
1506 1624 1535 1651 et
1552 1619 1760 1662 assignamus.

1105 1670 1119 1713 ἓ
1144 1670 1173 1703 9.
1201 1670 1365 1704 Praeterea
1385 1671 1468 1704 dieto
1493 1672 1628 1705 Antonio
1653 1672 1804 1705 cardinali

1060 1723 1163 1767 quoad
1189 1724 1310 1765 vixerit,
1328 1735 1374 1765 ac,
1389 1735 1426 1758 eo
1451 1725 1609 1766 defuncto,
1623 1726 1803 1770 praedictae

1060 1778 1298 1821 congregationi
1323 1779 1361 1811 de
1386 1779 1594 1823 Propaganda
1625 1780 1715 1821 Fide,
1740 1786 1802 1814 tam

1060 1842 1118 1875 per
1143 1838 1322 1875 praesentes
1348 1833 1392 1866 sie
1416 1833 1538 1866 noviter
1569 1835 1684 1875 erecti,
1709 1846 1804 1878 quam

1059 1885 1188 1918 alterius
1221 1896 1278 1930 per
1309 1886 1428 1919 dictum
1465 1887 1594 1920 fratrem
1634 1889 1803 1922 Antonium

1059 1938 1250 1972 cardinalem
1276 1942 1310 1972 ut
1333 1940 1512 1982 praefertur
1535 1940 1666 1981 fundati,
1691 1947 1721 1974 et
1747 1952 1803 1986 per

1058 2001 1116 2024 nos
1133 1992 1164 2024 in
1189 1992 1257 2025 aliis
1281 1993 1398 2025 nostris
1423 1993 1534 2027 litteris
1555 1994 1744 2037 supradictis
1762 1995 1804 2028 in-

1059 2045 1168 2085 stituti,
1191 2045 1408 2078 alumnatuum
1434 2046 1626 2088 huiusmodi,
1642 2048 1730 2081 cuius
1755 2048 1803 2082 ius

1057 2098 1239 2130 nominandi
1277 2099 1370 2131 etiam
1402 2109 1528 2142 semper
1563 2100 1681 2133 salvum
1708 2101 1746 2134 sit
1770 2106 1804 2135 ut

1058 2152 1257 2195 praefertur,
1295 2152 1511 2185 omnimodam
1549 2154 1802 2197 protectionem,

1058 2205 1211 2248 regimen,
1228 2205 1489 2248 gubernationem
1512 2212 1541 2240 ct
1558 2208 1682 2251 plenam
1708 2219 1802 2252 supe-

1703 221 1765 256 737
1811 232 1861 260 An.
1887 232 1915 261 c.
1940 233 2006 261 1639

1846 1690 1947 1715 Regimen
1964 1691 2003 1712 hu·

1820 1717 1909 1737 iusmoili
1938 1717 2004 1738 alum·

1819 1750 1893 1764 nauum
1917 1749 2004 1768 coniure-

1820 1770 1900 1794 catinni
1913 1770 1939 1791 de
1955 1771 2005 1791 Pro-

1820 1797 1917 1823 piixanda
1951 1796 2004 1818 Fido

1819 1824 1902 1845 tribua.

280 2265 350 2305 buS,
363 2265 526 2303 cardinali,
544 2266 567 2298 si
587 2270 660 2297 tane
689 2265 735 2297 vel
761 2265 1023 2310 (piandocumquc
1058 2258 1299 2307 sinlendssssllssm
1315 2259 1370 2302 (3¹¹¹
1386 2265 1418 2292 Ul
1433 2265 1493 2292 ¹³¹¹]
1513 2260 1570 2304 ipSl
1589 2261 1724 2295 ΑΠῙΟΠῙΟ
1739 2273 1802 2296 cut·-

282 2319 382 2354 aderit
395 2319 432 2352 de
447 2319 561 2352 l'amilia
579 2322 683 2353 nostra
703 2319 873 2353 Bai-herim
890 2331 924 2353 ex
943 2321 1022 2353 linea
1038 2298 1042 2350 i
1057 2312 1266 2356 dinali‘11¹0ad
1281 2312 1401 2354 ΥῙΝΕΓῙῙ,
1415 2324 1508 2357 (1⁸³¹ss
1524 2314 1669 2357 POSlCiUS
1681 2315 1802 2349 Obllssm

281 2372 455 2407 dilectioni
474 2373 588 2407 nobilis
602 2373 659 2406 viri
677 2374 833 2407 Tituriana
852 2374 1023 2414 nai-borini,
1057 2365 1158 2399 dietae
1195 2367 1434 2409 conarcgsst-ioni
1471 2367 1562 2400 liceat
1601 2369 1802 2413 corporalem

280 2427 382 2462 nostri
407 2427 501 2462 etiam
526 2427 697 2461 seeundum
723 2438 850 2461 carnem
875 2438 911 2472 es
928 2429 1024 2463 fratrc

317 2518 329 2544 t
351 2517 399 2545 Vel
421 2516 482 2550 lene
501 2517 673 2549 supradicta
692 2519 728 2546 (n.
746 2519 795 2546 m.

315 2560 332 2589 2
346 2561 415 2589 Edit.
434 2562 512 2589 atain.
531 2562 592 2595 tegit
608 2567 751 2597 (luculentus
768 2570 815 2597 pro
832 2571 919 2598 quam
930 2564 1021 2598 (t't.‘t·.).

315 2605 332 2634 3
354 2606 498 2642 Perper-am
528 2606 591 2633 edit.
615 2606 693 2633 atain.
716 2607 781 2642 legit
806 2608 881 2643 quod
905 2608 948 2636 illi·
973 2617 1021 2645 pro

281 2653 398 2689 quando
417 2652 488 2679 illae
509 2654 545 2683 (a.
563 2651 611 2686 τ.).

385 2706 464 2735 Buct.
478 2705 564 2734 Rom.
577 2721 610 2726 -
630 2704 689 2734 Vol.
714 2703 790 2734 XIV.
953 2705 988 2734 93

1057 2420 1288 2464 possessionem
1316 2421 1458 2454 locorum
1485 2421 1639 2455 montium
1664 2423 1801 2466 assigna-

1058 2481 1162 2508 torum
1187 2480 1240 2507 aut
1263 2475 1525 2518 assignandorum
1544 2482 1605 2509 tam
1638 2477 1800 2521 praedicto

1058 2529 1157 2573 priori
1183 2529 1356 2563 alumnatui
1392 2541 1486 2574 quam
1521 2531 1594 2564 huic
1630 2531 1800 2576 posteriori

1092 2609 1104 2637 1
1128 2608 1241 2636 Videtur
1260 2609 1405 2645 legendum
1420 2611 1486 2648 ipsa
1500 2611 1541 2639 rel
1556 2611 1686 2648 ipsorum
1702 2620 1800 2650 nempe

1056 2653 1245 2684 alumnorum
1263 2655 1305 2690 (n.
1320 2658 1368 2690 τ.).
