2248 3229
121 208 171 236 An.
192 207 222 236 C.
244 207 313 236 1634

161 431 305 458 Transumptis

122 459 180 480 credi
195 459 288 480 mandat.

936 207 1079 234 URBANUS
1104 207 1160 233 vm
1184 207 1232 233 PP-

319 255 405 301 quod
428 260 459 290 et
482 256 689 301 omnipotenti
714 257 777 291 Deo
810 256 967 291 honorum
993 267 1061 290 om-

319 310 407 344 nium
420 310 603 345 retributori
613 311 876 356 acceptissimum,
886 310 976 344 nobis
987 321 1061 344 vero

320 364 535 408 gratissimum
561 365 629 399 erit.

365 418 380 462 ἓ
403 417 433 452 3.
460 419 609 453 Volumus
632 424 757 461 autem,
791 424 825 452 ut
849 418 1060 463 praesentium

321 473 537 516 transumptis,
566 473 659 506 etiam
686 473 856 516 impressiS,
877 482 971 505 manu
1001 471 1062 504 ali-

321 526 410 559 euius
429 526 543 560 notarii
560 525 678 569 publici
696 525 891 569 subscriptis,
910 530 940 558 et
960 524 1062 568 sigillo

323 590 477 623 personae
508 580 539 612 in
572 579 722 622 dignitate
758 580 969 613 ecclesiastiea
994 588 1064 612 con-

322 634 447 667 stitutae
473 633 617 675 munitis,
643 634 752 667 eadem
776 644 908 678 prorsus
934 633 1012 666 sides
1033 632 1063 664 in

322 687 437 720 iudicio
467 691 497 720 et
521 693 609 721 extra
644 687 851 729 adhibeatur,
877 697 957 731 quae
988 686 1064 730 ipsis

321 740 539 783 praesentibus
563 741 776 781 adhiberetur,
794 740 818 774 si
844 742 946 773 forent
970 739 1061 772 exhi-

301 800 304 802 ’
322 793 405 827 bitae
426 794 473 827 vel
498 800 649 828 ostensae.

179 1611 199 1632 ln
215 1611 308 1637 capitulo

125 1639 217 1663 generali
235 1638 309 1658 habito

125 1665 223 1685 nonnulla
251 1664 309 1684 suero

125 1693 204 1712 statuta
215 1696 253 1717 pro
268 1691 309 1711 dis-

126 1718 277 1738 membr-anone
288 1724 310 1738 a·

126 1745 230 1771 liquatum
254 1750 310 1764 com-

127 1771 248 1791 mendarum
273 1771 310 1791 tin-

127 1803 180 1823 guae
198 1798 308 1818 franciae

151 2145 235 2166 Stantia
243 2145 313 2165 huius-

127 2173 185 2220 aepdi
201 2177 314 2193 recensen-

365 847 478 882 Datum
496 849 622 891 Romae,
641 848 722 892 apud
737 848 765 881 S.
784 848 921 888 Petrum,
935 846 993 880 sub
1013 856 1064 878 an-

322 901 397 935 nulo
415 901 593 943 piscatoris,
605 902 655 935 die
669 912 702 935 ui
722 901 871 934 februarii
890 908 1063 938 mcxxxiv,

322 956 523 999 pontificatus
539 957 640 990 nostri
664 966 746 989 anno
763 965 804 989 xt.

360 1019 416 1047 Dat.
435 1019 478 1047 die
493 1019 508 1047 3
523 1019 652 1047 februarii
670 1020 748 1054 1634,
769 1018 862 1055 pontif.
886 1026 955 1045 auno
975 1025 1011 1044 xi.

599 1163 788 1197 CDLXXVII.

325 1244 535 1287 Confirmatio
560 1244 783 1288 quarumdmn
817 1242 1066 1276 dismembrati&

366 1308 458 1339 num,
482 1309 519 1332 ccc
543 1298 705 1330 unionum
723 1296 984 1330 commendaram
1003 1296 1066 1329 Iin-

367 1362 451 1394 quae
483 1351 645 1384 Franciae
678 1350 849 1394 hospitalis
874 1350 903 1383 S.
934 1349 1066 1383 sommis

368 1405 662 1448 Hierosolymitani
675 1404 693 1436 ¹.

530 1486 666 1514 Urbanus
688 1485 766 1520 Papa
785 1486 863 1519 VIII,

467 1531 502 1557 ad
523 1531 655 1557 futuram
675 1530 719 1557 rei
740 1529 921 1557 memoriam.

369 1601 384 1643 ξ
407 1600 437 1633 ’1.
463 1601 569 1644 Nuper
585 1611 642 1644 pro
659 1606 747 1644 parte
772 1600 959 1633 dilectorum
985 1599 1065 1632 tilio-

324 1665 396 1687 rum
420 1658 664 1698 procuratorum
682 1655 806 1697 linguae
823 1659 851 1687 et
868 1653 1066 1697 prioratuum

324 1708 475 1741 Franciae
499 1708 662 1752 hospitalis
687 1708 715 1741 S.
741 1708 864 1740 Ioannis
896 1706 1067 1740 Ilierosoli-

326 1762 435 1794 mitani
459 1762 551 1795 nobis
576 1762 755 1805 expositum
779 1761 847 1801 fuit,
876 1761 961 1805 quod
986 1760 1067 1794 diota

326 1815 434 1858 lingua
450 1826 467 1848 a
491 1815 629 1859 capitulo
646 1815 785 1858 generali
807 1815 948 1848 eiusdem
965 1815 1068 1857 hospi-

326 1869 396 1903 talis
415 1869 454 1901 de
470 1879 552 1902 anno
569 1878 707 1902 Mncxxxl
724 1868 892 1907 celebrato,
910 1879 969 1911 pro
990 1878 1065 1901 eon-

326 1922 502 1955 servatione
530 1922 730 1965 prioratuum
758 1926 788 1954 et
815 1920 1003 1964 dignitatum
1032 1932 1067 1954 ac

326 1986 385 2019 pro
409 1975 569 2008 communi
593 1975 746 2008 beneflcio
771 1975 903 2008 fratrum
928 1974 1066 2008 eiusdem

327 2029 463 2072 linguae,
487 2028 702 2072 infrascriptas
721 2028 919 2072 provisiones
936 2034 963 2060 et
986 2028 1068 2061 ordi-

326 2083 470 2116 nationes
494 2082 564 2116 fieri
589 2082 733 2124 obtinuit,
752 2081 912 2115 videlicet:

373 2137 388 2180 ξ
411 2136 441 2169 2.
465 2136 553 2175 Quod
572 2147 590 2168 a
613 2146 729 2180 magno
753 2136 895 2179 prioratu
920 2135 1068 2168 Franciae

329 2189 551 2222 dismembrari
568 2189 701 2223 debeant
716 2189 799 2222 bona
816 2188 955 2221 redditus
974 2189 1069 2221 annui

330 2243 440 2286 viginti
464 2243 599 2276 millium
622 2244 779 2277 librarum
805 2243 966 2286 similium,
991 2243 1069 2276 duae

330 2298 534 2331 commendae
558 2298 596 2331 de
622 2298 855 2340 eambimento,
881 2308 934 2331 seu
959 2297 1069 2330 melio-

329 2357 483 2393 ramento,
503 2352 636 2385 fratrum
654 2352 793 2385 eiusdem
814 2351 973 2396 prioratus
990 2351 1070 2394 erigi

329 2404 472 2446 debeant,
490 2405 611 2449 reliqua
629 2416 703 2439 vero
728 2405 900 2439 octomillia
916 2405 1069 2438 librarum

329 2459 511 2493 huiusmodi
540 2459 623 2492 uniri
653 2465 684 2492 et
708 2459 905 2503 incorporari
937 2459 1071 2492 debeant

329 2513 512 2548 baiulivatui
536 2513 575 2546 de
601 2513 715 2554 Morea,
736 2513 875 2547 eiusdem
896 2512 1071 2556 hospitalis,

367 2631 377 2658 t
396 2629 434 2658 Ex
448 2630 558 2666 Regest.
575 2630 602 2657 in
616 2629 717 2658 Secret.
734 2628 811 2657 Brev.

1724 195 1782 229 371

1095 257 1144 290 oui
1169 257 1287 301 pariter
1310 255 1417 289 unitus
1441 259 1487 288 est
1510 253 1699 287 baiulivatus
1723 253 1761 286 de
1778 253 1833 287 Cu-

1095 310 1144 351 rii,
1162 311 1198 344 ea
1221 315 1325 343 tamen
1343 308 1531 349 conditione,
1552 312 1585 341 ut.
1602 307 1653 341 ille
1673 316 1833 340 commen-

1096 364 1244 405 datarius,
1274 363 1327 408 qui
1355 363 1391 396 ad
1420 363 1538 396 dictum
1564 361 1767 395 baiulivatum
1797 360 1834 393 de

1096 418 1200 451 Morea
1216 422 1381 461 promotus
1402 417 1505 457 fuerit,
1523 426 1585 449 non
1602 415 1700 460 possit
1716 420 1836 459 optare,

1096 481 1153 503 nee
1178 471 1359 514 promoveri
1384 471 1422 503 ad
1446 471 1582 514 aliquem
1600 470 1696 503 alium
1719 469 1838 513 priora-

1098 529 1180 565 tum,
1213 524 1266 557 sed
1298 524 1532 568 praeceptorias
1557 534 1611 556 seu
1636 521 1838 556 commendas

1097 587 1155 621 per
1179 588 1251 610 eum
1277 583 1422 622 tempore
1446 577 1638 610 smutitionis
1657 576 1731 609 dieti
1751 575 1838 609 baiu-

1098 630 1209 663 livatus
1226 631 1369 665 obtentas
1393 631 1547 671 retinet-03
1564 635 1737 674 praeterea,
1754 628 1838 673 quod

1098 684 1210 719 debeat
1230 686 1382 729 applicari
1403 690 1434 718 et
1453 684 1535 718 uniri
1557 684 1699 727 dignitati
1717 683 1839 716 thesau-

1099 738 1173 770 rarii
1191 739 1347 781 generalis
1370 739 1530 783 prioratus
1547 738 1575 771 S,
1597 737 1721 771 Ioannis
1746 737 1776 769 in
1797 737 1840 769 in-

1098 792 1165 823 sula
1191 792 1228 824 de
1253 792 1388 833 Corbeil,
1416 792 1457 825 ita
1482 797 1595 831 tamen,
1612 795 1646 824 ut
1671 791 1739 823 talis
1764 790 1838 823 unio

1099 856 1190 878 suum
1215 856 1278 879 non
1311 846 1460 879 sortiatur
1496 846 1663 885 effectum,
1686 844 1746 877 nisi
1770 849 1838 888 post

1099 898 1220 932 obitum
1245 899 1389 932 moderni
1415 899 1489 932 dieti
1520 899 1678 942 prioratus
1702 898 1838 942 prioris,

1099 958 1129 985 et
1153 964 1224 985 eum
1251 954 1400 996 expressa
1426 952 1619 992 conditione,
1638 957 1688 994 ut,
1714 951 1838 994 quando

1099 997 1245 1039 effectum
1279 1006 1388 1039 sortita
1421 1005 1523 1047 fuerit⁷
1553 1015 1615 1038 non
1647 1005 1746 1048 possit
1777 1004 1839 1043 ille,

1099 1060 1151 1104 qui
1177 1060 1215 1093 de
1238 1060 1429 1103 benignitate
1451 1059 1638 1092 thesaurarii
1661 1057 1840 1091 huiusmodi

1099 1114 1243 1157 provisus
1279 1113 1393 1155 fuerit⁷
1427 1113 1563 1156 aliquam
1603 1112 1696 1144 aliam
1730 1111 1837 1154 digni*

1100 1172 1194 1200 tatem
1221 1168 1250 1199 in
1276 1167 1360 1200 dieta
1385 1166 1493 1210 lingua
1519 1166 1679 1205 obtinere3
1704 1175 1837 1209 praeee-

1100 1222 1204 1265 ptoria
1225 1220 1351 1254 autem¹
1377 1231 1431 1253 seu
1457 1219 1654 1260 commenda,
1676 1224 1729 1252 aut
1749 1229 1842 1263 ‚prae-

1100 1275 1248 1318 ceptoriis
1280 1285 1333 1307 seu
1366 1273 1580 1316 commendis⁷
1606 1278 1636 1305 et
1659 1272 1728 1305 aliis
1751 1272 1842 1306 honis

1100 1339 1156 1372 per
1181 1340 1254 1361 eum
1281 1335 1423 1372 tempore.
1453 1327 1642 1360 smutitionis
1667 1326 1767 1359 dietae
1795 1325 1840 1358 di-

1101 1383 1227 1426 gnitatis
1259 1382 1395 1416 obtentis
1423 1392 1494 1415 eum
1512 1383 1548 1414 ea
1569 1381 1707 1424 gaudere
1727 1380 1840 1423 possit:

1101 1438 1229 1481 insuper
1253 1436 1337 1480 quod
1362 1447 1379 1468 a
1404 1435 1546 1480 prioratu
1572 1434 1755 1478 Aquitaniae
1780 1433 1841 1466 dis—

1101 1492 1295 1525 membretur
1328 1490 1546 1535 praeceptoria
1577 1499 1632 1522 seu
1656 1488 1842 1522 commenda

1101 1546 1138 1577 de
1163 1545 1298 1589 Antigny
1318 1544 1357 1577 ad
1375 1544 1519 1577 effectum
1540 1543 1708 1576 smutiendi
1726 1553 1796 1576 eam
1813 1542 1843 1574 in

1102 1599 1207 1641 lingua
1222 1609 1281 1642 pro
1302 1598 1513 1631 eambimento
1538 1597 1585 1629 vel
1604 1597 1843 1629 melioramento

1102 1653 1232 1685 fratrum
1269 1652 1342 1685 dieti
1378 1652 1562 1696 hospitalis:
1595 1650 1742 1695 quodque
1774 1650 1844 1683 loco

1101 1706 1185 1739 illius
1211 1706 1250 1738 sit
1274 1706 1395 1739 licitum
1413 1706 1600 1748 cuicumque
1618 1705 1736 1737 dictum
1762 1703 1844 1747 prio-

1102 1766 1205 1793 ratum
1237 1759 1390 1792 obtinenti
1420 1770 1491 1792 cum
1522 1759 1576 1791 illo
1604 1758 1742 1791 retinere
1772 1768 1840 1790 me-

1101 1814 1213 1847 liorem
1238 1813 1491 1857 praeceptoriam
1517 1823 1571 1845 seu
1601 1811 1843 1848 commendam,

1101 1877 1195 1911 quam
1231 1871 1305 1899 tunc
1341 1866 1494 1909 temporis
1521 1865 1673 1903 habebit;
1710 1864 1844 1908 denique

1102 1921 1187 1965 quod
1200 1931 1218 1953 a
1234 1920 1376 1964 prioratu
1393 1919 1581 1963 Campaniae
1600 1918 1845 1952 dismembretur

1101 1974 1319 2018 praeceptoria
1349 1984 1404 2007 seu
1437 1973 1622 2007 commenda
1647 1973 1685 2006 de
1710 1973 1844 2006 Beaume

1101 2028 1139 2060 ad
1164 2028 1309 2060 effectum
1344 2027 1511 2060 smutiendi
1543 2037 1601 2070 pro
1634 2026 1845 2059 cambimento

1103 2082 1149 2114 vel
1176 2081 1415 2114 melioramento
1440 2081 1472 2113 in
1496 2080 1685 2113 beneficium
1711 2080 1845 2114 fratrum

1103 2134 1244 2167 eiusdem
1270 2135 1442 2178 prioratus,
1468 2134 1626 2178 quodque,
1651 2133 1749 2177 ipsius
1774 2144 1846 2177 pro-

1103 2188 1263 2232 ceptoriae
1276 2199 1332 2222 seu
1350 2188 1555 2222 eommendae
1572 2188 1653 2228 loco,
1668 2188 1729 2230 ille,
1743 2188 1796 2230 qui
1815 2187 1845 2219 in

1103 2242 1242 2285 priorem
1263 2242 1423 2285 prioratus
1441 2241 1629 2285 Campaniae.
1649 2241 1766 2274 electus
1783 2241 1846 2272 fue-

1104 2296 1154 2338 rit,
1168 2295 1332 2329 meliorem
1346 2296 1599 2339 praeceptorium
1614 2305 1669 2327 seu
1687 2304 1845 2327 commen-

1104 2350 1186 2390 dam,
1211 2360 1305 2393 quam
1331 2354 1403 2384 tune
1429 2350 1612 2394 possidebit,
1639 2350 1773 2382 retinere
1799 2359 1846 2380 va-

1105 2404 1175 2443 leat,
1200 2404 1254 2437 sed
1280 2407 1350 2447 post
1374 2404 1441 2436 eius
1473 2403 1594 2436 obitum
1625 2403 1845 2446 praeceptoria

1105 2469 1159 2492 seu
1177 2458 1363 2492 commenda
1378 2457 1559 2492 huiusmodi
1575 2457 1676 2490 libere
1689 2467 1748 2501 pro
1766 2467 1846 2490 cam-

1104 2513 1243 2546 bimento
1268 2523 1323 2546 seu
1347 2512 1587 2546 melioramento
1612 2512 1746 2545 fratrum
1771 2510 1845 2544 dicti

1144 2631 1151 2656 1
1169 2630 1269 2658 Vocem
1285 2632 1382 2658 autem
1398 2637 1446 2657 nos
1462 2629 1586 2657 addimus
1601 2635 1637 2664 (n.
1655 2631 1702 2662 τ,).

1835 204 1886 233 An.
1909 204 1937 232 C.
1960 204 2027 234 1634
