2248 3229
109 212 159 239 An.
177 211 205 239 C.
228 211 295 240 1633

915 215 1056 240 ranaxus

304 260 488 303 gativarum,
507 261 654 305 praefatis
679 262 898 297 ecelesiasticis
919 275 1047 307 quomo·
1064 272 1065 278 ¹

304 313 420 347 dolibet
445 316 708 359 competentium;
733 327 805 349 nam
831 317 888 349 ista
914 317 1065 362 intacta,j

305 366 451 412 salvaque
477 374 507 401 et
531 369 637 403 illaesa
661 371 734 414 ipsis
760 371 978 404 ecclesiasticis
1003 381 1047 404 re-

305 427 480 463 servantur,
499 423 540 455 ita
559 429 602 465 ut,
621 423 680 457 illis
705 435 762 468 per
787 425 968 459 huiusmodi
986 436 1046 458 ces·

304 474 408 508 siones
431 476 552 509 nullum
579 477 629 509 siat
655 487 709 510 seu
742 479 857 511 l'actum
884 484 1047 512 censeatur

304 538 505 574 quocumque
521 530 616 564 modo
633 531 760 574 aliquod
781 532 1009 576 praeiudicium
1026 543 1031 564 :

348 582 386 616 t't
411 583 449 616 ad
473 583 614 617 savorem
639 585 923 620 ecclesiasticorum
950 596 1044 631 prae-

305 635 462 670 dictorum
489 638 707 682 intelligantur
731 640 780 673 et¹
802 645 961 675 reservata
985 650 1048 673 om-

304 689 354 722 nia
374 695 404 723 et
429 691 554 734 singula
577 692 647 726 iura
672 698 702 726 et
726 694 885 736 actiones,
915 704 994 738 quae
1019 699 1048 725 ct

303 753 380 787 quas
388 744 590 779 ecclesiastici
600 746 725 789 hahent,
739 753 769 780 et
782 758 862 791 quae
875 747 951 791 ipsis
964 757 1047 780 com-

303 802 424 841 petunt,
438 809 534 843 super
546 799 638 834 bonis
647 801 865 835 ecclesiasticis
877 806 948 846 post
962 811 1049 845 prae-

303 851 402 885 satum
417 852 577 898 Rodulphi
592 855 618 888 ΙΙ
631 855 776 898 regimen
792 855 943 897 alienatis,
962 855 1049 888 dum-

305 905 400 940 modo
425 917 536 940 eorum
559 908 799 952 possessiones²
823 908 961 942 actiones
985 918 1048 942 non

303 957 438 993 habeant
462 960 500 994 de
523 961 677 996 evictione
696 967 808 996 contra
825 972 983 996 eameram
1001 971 1048 995 re-

303 1013 398 1055 giam,
416 1025 472 1048 seu
488 1014 657 1049 Bohemiae
675 1025 766 1059 reges
781 1027 787 1049 :

350 1067 388 1100 L't
412 1068 558 1102 similiter
581 1069 802 1103 ecclesiasticis
817 1069 986 1114 praedictis
1003 1079 1048 1102 re-

303 1126 427 1154 servata
448 1122 664 1166 intelligantur
684 1123 790 1157 omnia
810 1123 879 1157 iura
903 1128 933 1156 et
957 1122 1049 1156 actio-

303 1184 358 1208 nes
382 1175 486 1219 quae⁸
509 1176 554 1209 eis
578 1187 675 1221 super
695 1176 787 1210 bonis
811 1176 1047 1216 ecclesiasticis,

302 1238 502 1272 quocumque
527 1234 681 1274 tempore,
699 1230 793 1263 etiam
817 1234 889 1262 ante
906 1229 1046 1263 eiusdem

303 1281 458 1326 Rodulphi
483 1283 637 1326 regimen,
663 1283 893 1328 oppignoratis,
918 1295 1049 1328 quomo-

302 1334 420 1369 dolibet
447 1343 627 1381 competere
658 1343 790 1382 possunt
818 1343 848 1371 et
878 1342 1047 1381 poterunt,

302 1387 473 1424 dummodo
491 1401 691 1434 possessores
707 1401 770 1424 non
783 1391 918 1425 habeant
938 1396 1047 1424 contra

303 1442 430 1476 eosdem
455 1454 547 1486 reges
570 1444 738 1478 Bohemiae
756 1445 805 1477 vel
826 1455 982 1478 cameram
1002 1456 1048 1478 re-

302 1495 386 1538 giam
410 1497 602 1540 praedictam
627 1499 783 1531 actionem
814 1498 852 1531 de
877 1498 1045 1539 evictionc,

303 1549 361 1590 vel,
380 1549 405 1581 si
426 1550 511 1582 illam
524 1551 532 1567 ⁴
557 1551 735 1591 habuerint,
756 1551 957 1585 ecclesiastici
974 1551 1045 1595 ipsi,

303 1602 404 1635 soluta
423 1603 556 1646 pecunia
574 1604 614 1637 ob
632 1615 724 1648 quam
750 1604 877 1637 suerunt
894 1605 1048 1648 oppigno—

302 1660 379 1696 rata,
396 1657 614 1701 susceptisque
634 1658 666 1690 in
683 1668 716 1691 sc
736 1658 899 1699 molestiis,
924 1658 1043 1702 possint

303 1708 354 1741 illa
379 1709 477 1743 libere
502 1721 708 1755 recuperare:

348 1762 386 1795 Ut
411 1763 580 1806 assignatio
601 1765 755 1808 praedicti
780 1765 874 1799 annui
903 1765 1045 1799 redditus

304 1816 376 1849 salis
393 1818 509 1850 mutari
529 1829 585 1852 seu
604 1820 747 1852 revocari
764 1830 827 1853 nou
847 1820 974 1864 possit⁵,
994 1830 1047 1853 nc-

303 1881 364 1914 que
381 1882 438 1914 per
451 1871 597 1905 eumdem
615 1873 850 1917 imperatorem,
867 1884 969 1918 neque
988 1885 1046 1918 per

303 1924 370 1957 eius
388 1925 418 1957 in
444 1935 543 1969 regno
563 1926 731 1960 Bohemiae
748 1927 901 1961 haeredes
926 1934 955 1961 et
979 1939 1048 1961 suc-

304 1988 446 2012 cessores
470 1981 597 2023 quosvis
622 1981 653 2013 in
677 1986 884 2025 perpetuum,
908 1991 966 2015 nec
991 1992 1046 2025 per

304 2030 446 2065 eiusdem
460 2033 550 2076 regni
564 2037 661 2068 status
682 2035 794 2078 quovis
813 2040 978 2078 praetextu
998 2036 1044 2068 vel

304 2086 408 2126 causa,
431 2085 491 2119 nisi
516 2087 622 2130 prius,
647 2098 719 2121 cum
744 2088 874 2122 Sanctae
899 2087 987 2121 Sedis
1011 2098 1047 2121 ac

304 2139 438 2172 Romani
463 2140 624 2174 Pontificis
646 2152 705 2185 pro
727 2147 870 2186 tempore
887 2142 1046 2175 existentis

303 2193 489 2227 auctoritate
498 2199 528 2227 et
544 2195 782 2239 approbatione,
798 2195 1046 2240 eorumdemque

305 2246 591 2280 ecclesiasticorum
615 2258 787 2291 consensu,
812 2249 978 2292 assignatis
1004 2253 1047 2284 tot

305 2299 373 2332 aliis
391 2299 481 2333 bonis
500 2300 726 2343 immobilibus,
740 2303 910 2346 frugiferis,
927 2303 1046 2344 liberis,

305 2363 384 2397 quae
409 2354 570 2388 annuatim
586 2360 707 2389 tantum
726 2350 869 2400 reddant,
894 2362 1045 2402 quantum

342 2454 351 2479 l
371 2452 513 2480 Coniunct.
530 2456 556 2480 et
571 2453 685 2481 delenda
700 2455 769 2482 foret
786 2455 821 2490 (a.
837 2455 886 2489 T.).

339 2497 357 2524 2
370 2497 471 2525 Forsan
486 2498 605 2534 legerem
618 2507 784 2534 possessores
799 2501 837 2533 (a.
850 2501 898 2531 T.).

340 2542 356 2569 3
371 2542 471 2570 Vocem
488 2551 562 2577 quae
577 2551 626 2570 nos
641 2542 766 2570 addimus
781 2544 818 2578 (a.
834 2545 881 2577 T.).

339 2587 355 2613 4
371 2586 440 2614 Edit.
457 2586 540 2614 Main.
558 2587 622 2622 tegit
636 2587 690 2614 illa
704 2589 742 2621 (n.
759 2588 807 2621 T.).

339 2631 356 2658 5
371 2630 442 2659 Edit.
459 2631 538 2659 Μαίη.
556 2631 620 2667 legit
635 2632 746 2666 possint
766 2635 802 2665 (n.
819 2635 867 2667 72).

1082 215 1138 240 vm
1161 216 1209 240 Pr».
1723 206 1782 241 341

1080 266 1217 308 praefata
1242 265 1423 308 assignatio,
1442 265 1622 309 quindecim
1649 266 1823 299 crucifero-

1081 330 1151 351 rum
1168 329 1264 363 supcr
1277 319 1420 364 quolibet
1438 319 1543 353 modio
1561 319 1644 360 salis,
1661 325 1695 352 ut
1716 330 1822 363 supra,

1081 371 1110 403 in
1136 382 1269 415 regnum
1293 372 1523 413 introducendi,
1549 377 1602 405 aut
1627 372 1717 406 aliter
1742 383 1819 416 quo-

1080 425 1253 459 modolibet
1278 426 1426 467 fodiendi,
1452 426 1657 471 excoquendi,
1679 430 1731 461 aut
1751 436 1823 459 con-

1081 478 1215 519 ficiendi,
1233 479 1376 513 redderet
1400 481 1524 514 llorenti
1542 491 1655 524 regno:

1126 532 1163 565 L't
1186 532 1327 567 redditus
1353 544 1474 567 annuus
1498 534 1678 578 praedictus
1703 544 1738 568 ex
1760 535 1823 567 sale

1081 585 1253 627 habendus,
1269 587 1299 619 in
1316 587 1453 621 savorem
1469 587 1626 622 dictorum
1641 588 1824 622 ecelesiasti-

1081 650 1202 681 corum,
1216 645 1249 673 ut
1260 641 1448 685 praefertur,
1461 641 1647 685 assignatus,
1661 642 1698 675 ad
1713 652 1824 675 manus

1081 693 1263 727 officialium
1287 694 1414 728 nominc
1434 694 1618 728 eorumdem
1642 695 1825 729 ecclesiasti-

1081 758 1191 780 corum
1210 747 1462 792 deputandorum
1484 749 1577 782 modo
1598 748 1642 782 eis
1662 748 1824 789 beneviso,

1080 810 1143 834 nou
1167 806 1274 834 autem
1306 801 1345 834 ad
1377 812 1488 836 manus
1513 802 1694 836 officialium
1720 802 1824 846 regio·

1081 865 1152 887 rum
1167 882 1174 895 ,
1199 860 1251 888 aut
1276 855 1410 889 aliorum
1425 883 1433 897 ‚
1457 856 1601 889 deveniat
1624 862 1655 890 et
1678 856 1824 889 devenire

1081 908 1202 950 debeat,
1220 909 1345 954 illisque
1369 910 1417 943 ius
1441 910 1481 943 sit
1505 910 1684 955 inquirendi
1703 914 1733 945 et
1749 920 1824 955 pro-

1081 962 1217 1005 videndi,
1227 973 1266 997 ne
1275 963 1352 1008 quid
1365 963 1397 996 in
1407 964 1551 998 fraudem
1564 964 1639 998 dicti
1648 964 1742 998 annui
1756 963 1825 997 red-

1081 1016 1164 1050 ditus
1180 1027 1331 1062 umquam
1352 1017 1420 1052 fiat:

1125 1070 1164 1104 Ut
1182 1071 1361 1115 praedictus
1374 1071 1515 1105 redditus
1532 1071 1616 1113 salis,
1638 1072 1668 1104 in
1685 1072 1823 1105 savorem

1081 1124 1379 1166 ecelesiasticorum,
1392 1129 1424 1158 ut
1438 1125 1626 1169 praefertur,
1639 1121 1824 1169 assignatus,

1081 1178 1276 1222 intelligatur
1300 1189 1368 1212 esse
1393 1183 1423 1211 et
1447 1179 1486 1213 sit
1510 1189 1617 1212 merus
1641 1178 1825 1212 eeclesiasti-

1081 1242 1146 1272 cus,
1161 1237 1191 1265 et
1215 1231 1253 1265 iis
1277 1232 1463 1276 privilegiis,
1490 1232 1754 1277 exemptionibus,
1772 1233 1826 1264 im-

1081 1285 1288 1319 munitatibus
1320 1290 1349 1320 et
1381 1286 1610 1330 praerogativis
1634 1286 1772 1330 potiatur
1796 1292 1826 1317 et

1081 1339 1224 1382 gaudeat,
1250 1339 1364 1383 quibus
1388 1340 1425 1373 de
1452 1340 1520 1373 iure
1544 1345 1574 1373 et
1599 1339 1825 1374 consuetudine

1081 1393 1127 1425 vel
1146 1393 1237 1425 aliter
1257 1393 1495 1436 quomodolibet
1514 1393 1597 1427 bona
1617 1403 1704 1426 merc.
1729 1392 1826 1425 eccle-

1081 1447 1206 1480 siastica
1224 1447 1388 1490 potiuntur
1403 1452 1432 1480 et
1452 1447 1605 1490 gaudent:

1126 1498 1163 1531 L't
1180 1498 1356 1539 conventio,
1376 1498 1556 1541 assignatio,
1579 1498 1702 1542 aliaque
1719 1499 1824 1532 omnia

1082 1551 1112 1583 in
1137 1551 1295 1595 praesenti
1322 1552 1532 1585 instrumento
1557 1557 1705 1586 contenta
1729 1562 1824 1595 quae-

1081 1616 1216 1648 cumque
1241 1606 1273 1637 in
1298 1606 1423 1647 tabulis,
1444 1610 1478 1638 ut
1502 1611 1624 1648 vocant,
1642 1605 1716 1639 dieti
1735 1605 1824 1648 regni

1082 1659 1259 1692 inserantur
1277 1659 1361 1692 iuxta
1386 1659 1526 1693 eiusdem
1548 1659 1637 1703 regni
1665 1660 1777 1704 stylum
1796 1664 1823 1691 ct

1081 1723 1191 1745 usum:

1125 1766 1226 1810 [tque
1257 1766 1438 1799 huiusmodi
1472 1765 1639 1799 conventio
1672 1776 1732 1810 pro
1762 1776 1824 1798 nou

1079 1820 1160 1853 sacta
1184 1819 1337 1853 habeatur
1361 1830 1456 1860 casu,
1481 1831 1544 1863 quo
1575 1820 1748 1863 imperator
1778 1820 1825 1852 vel

1080 1874 1147 1906 eius
1172 1874 1202 1906 in
1228 1884 1327 1917 regno
1346 1874 1515 1907 Bohemiae
1540 1873 1692 1907 haeredes
1710 1878 1738 1908 ct
1755 1884 1824 1906 suc-

1080 1938 1244 1969 cessores,
1271 1928 1318 1960 vel
1351 1927 1484 1971 quilibet
1513 1938 1635 1970 eorum,
1657 1927 1705 1960 vel
1731 1927 1824 1960 ctiam

1080 1981 1220 2014 ciusdem
1234 1981 1324 2025 regni
1345 1985 1442 2015 status
1457 1982 1488 2014 in
1504 1985 1604 2015 totum
1622 1981 1669 2014 vol
1690 1981 1721 2014 in
1735 1988 1825 2025 parte

1081 2034 1182 2067 eidem
1208 2035 1410 2068 conventioni
1428 2035 1476 2068 vel
1501 2035 1658 2079 aliquibus
1683 2036 1713 2068 in
1738 2046 1825 2079 prae-

1080 2088 1159 2120 senti
1177 2087 1387 2122 instrumento
1400 2089 1555 2122 contentis
1571 2089 1823 2128 contrafecerint,

1080 2146 1133 2174 aut
1157 2146 1267 2174 contra
1291 2141 1377 2174 illam
1402 2147 1433 2175 et
1455 2142 1509 2174 illa
1533 2142 1692 2182 vene1‘int;
1719 2143 1757 2176 sit
1782 2143 1825 2175 ni-

1081 2194 1252 2227 hilominus
1284 2194 1316 2227 in
1348 2205 1385 2228 eo
1420 2205 1495 2228 casu
1525 2195 1557 2228 in
1587 2200 1712 2229 sanctae
1736 2196 1823 2230 Sedis

1080 2248 1278 2292 Apostolicae
1302 2248 1472 2290 electione,
1497 2249 1546 2282 vel
1578 2249 1722 2283 eamdem
1747 2260 1823 2283 con-

1082 2302 1258 2335 ventionem
1285 2307 1315 2335 et
1338 2302 1369 2335 in
1394 2304 1430 2336 ea
1459 2303 1681 2347 praesentique
1711 2304 1824 2336 instru-

1081 2362 1186 2389 mento
1211 2361 1359 2390 contenta
1382 2357 1468 2390 nulla
1492 2357 1672 2397 declarare,
1697 2358 1763 2399 vel,
1788 2363 1822 2389 ut

1080 2410 1117 2442 ad
1144 2410 1226 2443 illius
1256 2415 1286 2443 et
1314 2410 1440 2443 illarum
1465 2411 1703 2455 implementum
1729 2417 1823 2454 agant,

1080 2462 1300 2497 ecclesiasticis
1324 2463 1443 2496 iubere.
1468 2464 1550 2503 Quae
1575 2464 1679 2497 omnia
1704 2469 1734 2496 et
1758 2464 1822 2497 sin-

1081 2517 1153 2559 gula
1189 2516 1368 2560 supradicta
1399 2517 1619 2551 contrahentes
1647 2517 1820 2560 praedicti,

1079 2571 1194 2614 quilius
1214 2582 1308 2615 supra
1332 2571 1525 2611 nominibus,
1542 2571 1758 2614 promiserunt
1779 2572 1823 2603 in-

1081 2624 1178 2658 vicem
1205 2630 1234 2657 et
1259 2625 1395 2659 vicissim
1422 2625 1566 2668 solemni,
1588 2631 1615 2659 et
1640 2636 1700 2671 qua
1726 2635 1823 2669 supra

1835 217 1885 245 An.
1903 217 1931 244 C.
1954 218 2023 246 ’1633
