2248 3229
245 219 292 246 Λη.
311 221 340 247 C.
360 220 427 248 1638

288 862 370 882 Modum
386 862 427 881 sot-

246 889 306 908 wiidt
336 889 426 908 decimas

245 916 276 935 dm
287 915 346 935 lutat,

474 210 536 245 688

441 269 544 309 nibus,
568 268 669 311 quoad
695 278 805 300 novem
834 267 971 299 decimas
993 267 1177 309 praedictas,

442 322 500 353 liae
524 322 599 357 viee,
626 326 658 352 ut
683 320 876 363 praefertur,
902 319 1067 361 suffragari
1093 320 1179 352 nolu-

445 384 530 409 mus;
557 373 606 404 illa
631 383 705 404 vero
734 372 809 403 alias
834 372 864 403 in
890 382 945 404 suo
970 371 1086 404 robore
1110 384 1179 415 per<

443 437 569 458 manere
593 423 811 463 decernimus;
837 425 981 467 ipsasque
1006 435 1179 467 congrega-

443 480 542 510 tiones
556 488 590 509 ex
613 477 806 519 gravissimis
822 477 921 509 causis
942 477 1109 520 praedictis
1127 488 1180 510 no-

443 541 509 563 rem
521 530 649 562 decimis
661 530 840 562 huiusmodi
851 540 1028 569 oneramus,
1039 530 1093 571 et‚¹
1108 542 1178 563 cum

443 583 554 616 ceteris
579 582 773 614 secularibus
790 593 824 615 ac
842 583 1041 625 regularibus
1059 583 1180 615 cleriCis
1196 600 1197 607 κ

443 636 586 680 personis
604 636 742 668 eiusdem
758 635 887 668 dominii
903 636 1091 669 Venetorum
1110 647 1179 668 sex·
1196 651 1197 666 i

442 689 562 727 decim,
592 694 624 720 ut
655 689 851 731 praefertur,
885 689 1098 731 indixerimus‚
1127 690 1197 721 tali

442 748 568 775 nostrae
592 742 784 785 impositioni
803 742 1001 785 acquiescere
1022 753 1057 775 ac
1074 743 1198 788 tacitas4

443 801 471 827 et
489 800 650 827 contentas
667 805 734 826 esse
749 795 901 827 volumus.
1063 801 1067 804 ’

487 849 501 891 ξ
527 848 554 880 6.
578 848 743 881 Universas
768 859 842 881 vero
868 852 897 881 et
920 849 1057 891 singulas
1076 860 1181 892 perso-

443 912 497 934 nas
518 903 626 945 quavis
651 902 801 945 dignitate
835 903 880 935 vel
905 903 1089 936 auctoritate
1118 904 1182 935 sun-

442 961 560 999 gentes,
586 961 646 988 tam
673 956 865 999 supradictas
891 957 1047 998 ccclesias,
1073 967 1198 989 mona-i

443 1011 537 1043 steria
562 1015 592 1042 et
615 1010 767 1042 beneficia
787 1010 1027 1055 quomodolibet
1043 1011 1199 1043 obtineri-1

443 1069 498 1104 tes,
519 1074 554 1095 ac
579 1063 755 1106 pensiones,
777 1074 830 1095 seu
856 1064 984 1105 fructus,
1003 1069 1055 1096 aut
1072 1074 1180 1096 earum

443 1117 576 1160 partem²
589 1116 658 1156 sibi,
673 1121 706 1148 ut
719 1117 884 1159 prefertur,
899 1121 1072 1150 reservatas
1085 1117 1182 1159 perci·
1197 1112 1199 1132 ³

442 1171 571 1214 pientes,
585 1180 677 1212 quam
697 1170 907 1202 ultimodictas
922 1170 1181 1212 congregationes

443 1228 472 1257 et
489 1234 598 1256 eorum
616 1234 884 1266 unumquemque,
910 1228 972 1255 tam
991 1223 1181 1256 coniunctim
1198 1233 1199 1253 3

444 1287 536 1320 quam
563 1276 696 1315 divisim,
721 1276 759 1308 ad
784 1276 964 1309 huiusmodi
990 1276 1126 1308 decimas
1151 1277 1182 1308 in

444 1335 514 1362 octo
535 1329 634 1369 annis,
655 1330 742 1361 binas
768 1329 911 1361 videlicet
935 1329 1071 1361 decimas
1097 1329 1183 1361 dum-

444 1387 524 1416 taxat
543 1383 682 1426 quolibet
698 1393 788 1424 anno,
807 1388 835 1415 et
853 1383 955 1426 quoad
974 1383 1182 1415 ultimodictas
1199 1398 1200 1412 i

443 1435 703 1478 congregationes
721 1435 858 1477 singulas
875 1435 1012 1467 decimas
1032 1446 1103 1468 cum
1122 1438 1182 1467 una

444 1491 551 1522 octava
585 1494 672 1532 parte
704 1489 833 1521 alterius
866 1489 1004 1521 decimae
1019 1516 1026 1529 ,
1052 1500 1113 1532 quo
1145 1490 1182 1522 ad

443 1542 542 1575 dictos
560 1547 661 1574 autem
680 1542 794 1574 fratres
811 1542 1019 1574 Mendicantes
1045 1543 1183 1585 singulas

443 1595 587 1628 similiter
600 1595 736 1627 decimas
751 1595 926 1638 quotannis,
940 1595 1071 1627 durante
1082 1600 1183 1628 oeten-

442 1649 495 1681 nio
515 1659 531 1680 a
552 1648 600 1680 die
622 1658 642 1680 ΙΙ
660 1649 736 1680 iunii
762 1649 905 1691 proxime
930 1648 1100 1692 praeteriti,
1123 1659 1182 1692 qua

443 1702 553 1734 ultima
579 1702 739 1734 concessio
761 1702 890 1745 expirat,
919 1702 1130 1745 computando
1155 1707 1184 1734 et

444 1761 477 1787 ut
491 1756 631 1798 sequitur
648 1756 795 1793 finiendo,
814 1756 843 1788 in
861 1756 954 1788 certis
972 1756 1110 1788 terminis
1128 1765 1201 1799 per*

444 1814 472 1841 te
497 1809 707 1852 praefigendis
728 1809 848 1851 integre
874 1809 1097 1852 persolvendas
1123 1809 1201 1841 ern-i

445 1862 559 1894 caciter
584 1862 681 1894 teneri
707 1867 735 1893 et
756 1872 829 1893 rere
853 1862 1007 1904 obligatos
1032 1872 1115 1901 esse,
1135 1863 1184 1894 iis-

445 1915 602 1958 demque³
626 1914 843 1958 pensionariis,
868 1920 920 1947 aut
944 1926 1054 1947 eorum
1080 1915 1201 1954 alieui,=

444 1968 610 2011 pensiones
622 1978 738 2000 annuas
753 1968 928 2011 praedictas
941 1968 1184 2010 (tpiantumlibet

446 2027 615 2065 exemptas,
643 2025 672 2054 et
696 2021 754 2053 sul)
778 2021 969 2064 quibuslibet
985 2021 1182 2063 obligationi-

445 2075 511 2117 bus,
527 2075 618 2107 etiam
635 2074 664 2106 in
679 2075 778 2107 forma
794 2085 946 2114 camerae,
960 2080 989 2107 et
1007 2075 1183 2108 iuramento

446 2129 537 2160 «tilam
553 2128 590 2160 de
610 2138 672 2160 non
690 2128 953 2160 contraveniendo
972 2132 1001 2160 et
1020 2128 1126 2160 sorsan
1146 2128 1183 2160 de
1200 2121 1201 2134 ³

446 2192 507 2214 non
523 2182 719 2225 impetrando
734 2181 850 2224 gratias
864 2186 985 2214 nostras
1005 2187 1113 2214 eontra
1131 2192 1183 2214 eos

447 2239 473 2268 ct
485 2235 522 2267 de
532 2235 716 2267 nonutendo
724 2235 879 2267 concessis
890 2234 1100 2271 fir1natas,aut
1110 2235 1184 2267 alias
1200 2254 1201 2278 t

447 2288 583 2325 xallatas,
602 2293 627 2320 et
653 2289 756 2320 forsan
773 2288 840 2320 aliis
857 2288 985 2322 cautelis
1005 2294 1032 2320 et
1051 2288 1184 2322 decretiS

447 2342 595 2384 munitas)
613 2351 736 2374 cansam
763 2341 939 2374 (tonationis
960 2352 1054 2385 super
1074 2341 1183 2373 iisdem
1201 2352 1202 2355 ¹

447 2395 599 2427 fructibus
624 2400 654 2427 et
677 2391 880 2438 pensionibus
905 2396 995 2428 etiam
1018 2395 1120 2427 medio
1141 2405 1186 2427 cc-

448 2449 591 2481 dularum
623 2449 734 2482 banchi
767 2460 821 2481 seu
856 2449 885 2481 in
919 2450 1017 2482 forma
1052 2449 1184 2492 depositi
1202 2471 1203 2474 =

487 2531 494 2554 t
514 2529 614 2555 Partic.
631 2532 656 2555 ec
672 2537 720 2555 nos
735 2528 857 2555 addimus
871 2532 912 2563 (R.
925 2530 972 2563 Τ.)-

483 2572 499 2597 Ξ
515 2573 581 2598 Male
597 2573 660 2599 edit.
678 2572 756 2599 titain.
774 2573 836 2607 legit
848 2574 960 2607 parlim
977 2574 1015 2608 (R.
1027 2574 1076 2606 T.).

484 2616 500 2642 3
515 2616 584 2643 Edit.
600 2616 678 2644 lllain.
696 2617 759 2652 tegit
774 2618 878 2645 iisdem
895 2620 930 2652 (tt.
942 2618 991 2651 T.).

1025 220 1202 244 nULLAmUM
1228 220 1380 243 ROMANUM

1214 267 1409 307 habentibus,
1435 271 1464 299 et
1488 267 1570 299 intra
1589 274 1660 301 octo
1679 279 1775 302 annos
1795 269 1951 314 praefatos

1214 319 1367 351 habituris
1381 319 1515 362 (etiamsi
1533 320 1602 363 ipsi,
1620 331 1637 353 a
1654 322 1767 364 quibus
1783 323 1951 365 pensiones

1214 373 1393 405 huiusmodi
1412 373 1578 405 solvendae
1592 379 1672 415 sunt,
1690 374 1751 406 iuri
1773 376 1820 407 vel
1837 376 1949 409 actioni

1195 466 1197 476 A
1213 425 1365 468 petendae
1390 426 1435 458 vel
1454 426 1635 459 retinendae
1655 427 1807 470 portionis
1835 433 1887 461 aut
1906 439 1951 461 ra-

1214 484 1262 511 tae
1288 479 1386 522 partis
1412 479 1629 522 pensionarios
1660 481 1816 523 tangentis
1840 481 1952 514 iureiu-

1215 532 1313 565 rando
1334 533 1600 576 renunciaverint)
1622 533 1684 565 ulla
1709 533 1883 576 privilegia,
1900 541 1951 567 aut

1215 585 1444 627 indulgentias,
1467 586 1524 618 sul)
1560 596 1759 629 quacumque
1782 587 1949 620 verborum

1215 638 1333 677 forma,
1358 644 1410 670 aut
1435 639 1631 681 exemptione
1656 644 1824 682 concepta,
1849 640 1950 683 quoad

1215 691 1273 724 hoc
1299 692 1474 724 nullatenus
1495 691 1661 733 suffragari
1683 693 1836 725 volumus.

1259 745 1273 787 ξ
1291 745 1318 777 7.
1337 745 1450 788 Sicque
1461 749 1490 777 et
1500 755 1561 777 non
1571 745 1700 777 aliterin
1710 745 1877 789 praedictis
1887 747 1952 779 uni-

1197 792 1198 818 l
1215 797 1313 829 versis
1331 802 1360 830 et
1377 798 1508 840 singulis
1524 808 1581 841 per
1603 809 1818 843 quoscumque
1835 799 1953 832 iudices

1197 856 1245 887 let
1269 851 1518 891 commissarios,
1543 851 1635 883 etiarn
1661 862 1825 884 causarum
1847 852 1952 895 palatii

1215 903 1377 946 apostolici
1395 903 1564 945 auditores,
1583 909 1612 936 et
1628 904 1656 937 S.
1673 905 1706 937 R.
1722 905 1753 937 E.
1769 904 1953 944 cardinales,

1216 957 1247 988 in
1271 957 1380 1000 quavis
1407 959 1500 989 causa
1527 962 1556 989 et
1581 957 1735 996 instantia,
1764 958 1886 990 sublata
1911 958 1954 990 eis

1216 1016 1244 1042 et
1269 1020 1378 1042 eorum
1400 1010 1528 1042 cuilibet
1551 1010 1659 1053 quavis
1684 1011 1773 1043 aliter
1797 1010 1953 1043 iudicandi

1198 1068 1244 1102 ¹et
1273 1063 1499 1107 interpretandi
1525 1063 1669 1104 facultate
1694 1068 1723 1096 et
1747 1063 1953 1105 auctoritate,

1216 1116 1344 1148 iudicari
1370 1122 1400 1148 et
1423 1116 1547 1148 definiri
1573 1116 1705 1157 debere,
1725 1127 1761 1149 ac
1781 1116 1905 1148 irritum
1925 1122 1952 1149 et

1216 1169 1327 1210 inane,
1352 1169 1376 1201 si
1409 1179 1498 1201 secus
1530 1179 1624 1212 super
1652 1169 1701 1201 his
1729 1180 1746 1201 a
1774 1179 1953 1212 quoquam,

1215 1222 1323 1265 quavis
1336 1222 1532 1262 auctoritate,
1546 1223 1680 1254 scienter
1694 1222 1741 1255 vel
1761 1223 1953 1265 ignoranter,

1216 1274 1384 1316 contigerit
1404 1274 1558 1314 attentari,
1576 1274 1784 1307 decernimus.

1261 1329 1275 1371 ξ
1300 1328 1327 1360 8.
1355 1328 1392 1361 Ut
1417 1333 1519 1360 autem
1545 1328 1724 1360 huiusmodi
1750 1328 1889 1361 decimae
1914 1328 1954 1360 sa-

1217 1381 1306 1413 eilius
1330 1381 1510 1423 exigantur,
1536 1381 1761 1413 fraternitatem
1791 1386 1895 1421 tuam,
1919 1392 1954 1414 ac

1218 1434 1411 1466 venerabiles
1435 1434 1546 1467 fratres
1576 1434 1788 1477 patriarcham
1812 1434 1954 1468 Venetia-

1218 1498 1286 1519 rum
1305 1494 1334 1519 et
1351 1488 1532 1531 episcopum
1549 1487 1743 1521 Clodiensem
1761 1499 1819 1531 pro
1839 1493 1955 1532 tempo-

1218 1551 1251 1573 re
1265 1541 1442 1581 existentes,
1458 1541 1495 1573 ad
1510 1541 1607 1573 dictas
1624 1541 1762 1574 decimas
1779 1542 1956 1584 exigendas,

1217 1594 1352 1637 ducique
1379 1597 1409 1627 et
1433 1593 1572 1626 dominio
1597 1595 1764 1637 praefatis,
1794 1595 1857 1628 sive
1889 1595 1956 1627 eius

1218 1647 1370 1680 ministris
1394 1648 1431 1679 ad
1457 1647 1487 1679 id
1512 1648 1688 1690 specialiter
1710 1648 1875 1691 deputatis,
1901 1651 1957 1682 sta-

1218 1702 1273 1733 tim
1291 1701 1375 1733 nulla
1395 1701 1580 1744 interposita
1601 1703 1691 1733 mora
1713 1706 1742 1733 et
1766 1701 1832 1734 sine
1851 1701 1955 1745 aliqua

1217 1765 1347 1797 prorsus
1372 1754 1588 1795 diminutione,
1612 1755 1801 1795 retentione,
1827 1759 1879 1787 aut
1902 1754 1955 1787 de-

1219 1807 1377 1847 tractiOne,
1396 1807 1488 1838 etiam
1505 1817 1567 1839 non
1583 1807 1730 1839 detractis
1748 1807 1885 1850 quinque
1898 1818 1956 1851 pro

1200 1859 1396 1894 Jcentenario
1421 1870 1562 1891 camerae
1597 1865 1723 1892 nostrae
1746 1860 1901 1903 praefatae
1926 1860 1957 1892 in

1218 1913 1377 1945 exactione
1392 1913 1500 1945 talium
1515 1913 1709 1945 decimarum
1724 1913 1873 1957 applicari
1888 1924 1957 1946 con-

1218 1967 1330 2006 suetis,
1356 1967 1477 2009 integre
1502 1966 1748 2009 consignandas,
1775 1967 1955 1999 earumdem

1200 2020 1410 2054 ¹decimarum
1437 2020 1619 2053 collectores
1649 2024 1679 2053 et
1710 2025 1870 2053 exactores
1901 2030 1957 2063 per

1218 2079 1399 2117 praesentes
1417 2073 1634 2106 constituimus
1655 2077 1684 2107 et
1708 2073 1904 2117 deputamus,
1921 2083 1955 2105 ac

1219 2127 1272 2160 tibi
1287 2132 1316 2159 et
1326 2127 1523 2171 patriarchae
1538 2127 1735 2159 venetiarum
1757 2137 1792 2159 ac
1810 2126 1956 2171 episcopo

1217 2180 1390 2222 Clodiensi,
1414 2191 1472 2224 pro
1497 2191 1592 2212 oncre
1616 2180 1699 2223 quod
1733 2180 1764 2212 in
1798 2180 1957 2214 exactione

1218 2234 1411 2266 decimarum
1425 2233 1601 2266 huiusmodi
1613 2233 1812 2275 sustinebitis,
1824 2239 1958 2277 quatuor

1200 2316 1202 2327 ,
1219 2287 1315 2319 millia
1340 2292 1427 2320 scuta
1447 2287 1514 2319 auri
1540 2287 1570 2318 in
1594 2297 1672 2319 auro
1690 2297 1725 2319 ex
1744 2286 1859 2319 eisdem
1879 2287 1958 2320 deci-

1220 2340 1277 2372 mis
1302 2340 1485 2372 detrahendi
1500 2338 1518 2379 ¹,
1543 2343 1573 2372 ct
1606 2339 1731 2372 illorum
1758 2340 1955 2372 medietatem

1220 2394 1299 2427 inter
1317 2405 1370 2426 vos
1394 2404 1452 2436 pro
1473 2392 1593 2435 aequali
1611 2393 1755 2436 portione
1773 2398 1802 2425 et
1819 2392 1957 2436 quolibet

1219 2458 1300 2479 anno
1324 2447 1464 2479 eiusdem
1498 2446 1633 2479 oetennii
1665 2457 1723 2490 pro
1756 2447 1822 2479 rata
1846 2445 1957 2478 distri-

1219 2500 1333 2533 buendi
1358 2505 1387 2532 et
1419 2499 1587 2539 dividendi,
1612 2499 1763 2542 reliquam
1791 2509 1864 2531 vero
1896 2508 1957 2530 me-

1257 2617 1265 2642 t
1284 2616 1354 2643 Male
1369 2615 1432 2643 edit.
1450 2615 1528 2643 Main.
1546 2614 1609 2650 legit
1624 2612 1803 2642 detrahenda
1818 2613 1855 2647 (a.
1872 2612 1919 2646 T.).

1969 220 2017 248 An.
2034 221 2061 248 C.
2081 222 2146 249 1638

1995 757 2092 777 clausula
2106 757 2151 776 suh·

1967 784 2017 804 latri.

2004 1338 2108 1359 Ministros
2125 1339 2152 1359 ad

1970 1365 2082 1390 exigendas
2095 1365 2152 1385 deci-

1970 1397 2014 1411 mas
2030 1392 2124 1418 deputat.
