2226 3235
113 213 166 240 An.
182 212 213 240 C.
236 213 303 240 1629

114 273 209 321 {1⁰⁶2}ssss
219 273 298 295 debere
314 271 448 305 cumque
472 260 590 294 iudices
620 261 796 294 ordinarios
821 265 849 296 el
875 261 1051 305 delegatos,

130 307 154 322 ec
180 307 217 321 ul.

167 699 257 722 inhibet.
271 704 297 719 ne

115 725 141 746 do
163 728 234 746 cetero
260 725 299 745 liu·

115 752 204 772 tusmodt
216 753 298 772 clausu-

115 778 139 799 lis
148 779 256 799 oracutum
266 784 298 798 sa-

113 805 221 830 pientibus
238 808 297 825 ulan·

115 834 148 851 tur
166 832 205 852 sub
226 837 298 858 poenis

114 857 161 883 ipso
186 858 255 882 sacto,
277 860 298 878 ut

114 883 162 907 tue.
190 885 297 905 incurren-

928 214 1070 238 URBANUS
1094 214 1150 237 vm
1174 214 1222 237 Pr.

314 314 407 348 etiam
432 324 595 346 causarum
614 314 718 357 palatii
744 315 906 358 apostolici
931 315 1051 348 audito-

313 377 381 408 res,
406 378 441 400 ac
466 372 590 400 sanctae
619 368 777 400 Romanae
803 368 959 401 Ecclesiae
984 378 1052 401 car-

313 421 442 462 dinales,
467 432 503 454 ac
527 421 614 454 Sedis
633 422 830 465 Apostolicae
855 422 991 463 nuntios,
1010 421 1053 454 iu-

313 474 410 507 dicari
435 479 465 506 et
493 474 617 507 definiri
650 474 782 515 debere,
807 486 842 508 ac
873 475 996 507 irritum
1023 479 1052 507 et

315 527 414 569 inane,
429 527 454 560 si
473 537 562 560 secus
579 528 735 571 superbis
755 540 772 561 a
789 539 958 572 quoquam,
976 538 1052 571 qua-

315 581 359 614 vis
389 581 591 623 auctoritate,
619 582 753 616 scienter
778 582 824 615 vel
850 582 1051 625 ignoranter,

314 634 481 676 contigerit
505 635 660 668 attentari.

358 687 426 731 §4
460 688 641 721 Inhibentes
676 694 846 733 propterea
876 688 907 721 in
938 687 1052 721 virtute

314 746 437 773 sanctae
462 741 657 774 obedientiae
683 752 719 774 ac
743 742 800 775 sub
821 741 914 775 officii
935 741 1052 785 prioris

314 804 369 826 seu
393 794 500 827 vicarii
525 795 690 838 generalis,
716 795 863 839 vocisque
888 795 1005 828 activae
1023 800 1053 828 et

313 846 453 890 passivae
477 847 672 891 privationis,
695 858 817 881 necnon
841 849 1053 881 excommuni-

314 900 444 934 cationis
460 902 588 935 maioris
605 902 683 934 latae
697 901 869 935 sententiae
883 902 951 945 ipso
972 902 1052 935 sacto

315 954 532 996 incurrendae,
545 966 581 988 ac
593 955 661 987 aliis
677 955 801 988 arbitrii
816 955 915 988 nostri
932 955 1052 999 poenis,

314 1018 352 1040 ne
369 1007 407 1041 de
423 1013 528 1041 cetero
545 1007 707 1052 perpetuis
725 1008 838 1041 suturis
857 1008 1052 1052 temporibus

314 1061 483 1095 modernus
509 1067 539 1095 et
560 1073 619 1105 pro
642 1067 784 1106 tempore
811 1062 945 1095 existens
966 1063 1053 1109 prior

313 1126 369 1148 seu
388 1115 523 1148 vicarius
548 1115 703 1158 generalis
723 1115 797 1149 dicti
815 1115 939 1149 Ordinis
964 1127 1053 1160 prae-

313 1168 403 1201 dictis
429 1169 475 1202 vel
498 1169 565 1201 aliis
594 1169 877 1213 aequipollentibus
905 1170 1052 1202 clausulis

314 1221 344 1253 in
361 1231 472 1254 eorum
493 1222 671 1266 patentibus
688 1222 801 1255 litteris
815 1222 859 1255 uti
877 1222 941 1255 ullo
959 1222 1052 1255 modo

314 1274 447 1307 audeant
470 1286 523 1308 seu
550 1281 766 1319 praesumant,

1088 262 1179 302 suris,
1197 262 1254 294 hac
1275 261 1341 294 vice
1359 260 1517 294 dumtaxat
1536 260 1712 303 specialiter
1732 265 1761 292 et
1779 270 1827 292 ex-

1087 326 1193 359 presse
1226 315 1435 358 derogamus;
1461 314 1635 358 ceterisque
1661 313 1827 347 contrariis

1087 369 1348 411 quibuscumque.

1131 421 1145 464 ἓ
1167 422 1193 454 7.
1221 422 1370 454 Volumus
1383 427 1497 462 autem,
1514 421 1597 464 quod
1612 420 1825 464 praesentium

1088 475 1302 519 transumptis,
1320 476 1412 509 eliani
1436 475 1605 519 impressis,
1624 485 1716 507 manu
1734 474 1826 506 alicu-

1088 527 1135 560 ius
1159 529 1270 561 notarii
1296 528 1413 572 publici
1440 528 1643 572 subscriptis,
1669 533 1697 560 et
1723 527 1826 569 sigillo

1087 581 1217 614 alicuius
1229 593 1382 625 personae
1400 582 1429 614 in
1445 581 1595 624 dignitate
1615 581 1825 614 ecclesiastica

1087 635 1275 667 constitutae
1295 635 1434 675 munitis,
1460 635 1567 667 cadem
1593 645 1724 678 prorsus
1749 634 1826 666 fides

1088 687 1204 732 ubique
1235 687 1442 729 adhibeatur,
1469 699 1548 731 quac
1573 689 1648 732 ipsis
1673 698 1823 731 praesen-

1088 740 1169 773 tibus
1194 740 1407 781 adhiberetur,
1433 741 1456 774 si
1482 742 1583 774 forent
1608 741 1764 774 exhibitae
1778 741 1825 773 vel

1087 800 1239 827 ostensae.

1131 848 1242 881 Datum
1268 848 1299 880 in
1327 849 1404 881 Arce
1429 848 1620 892 Gandulphi,
1645 848 1827 881 Albanensis

1087 901 1259 942 dioecesis,
1286 902 1344 935 sub
1363 902 1477 934 annulo
1502 902 1689 943 Piscatoris‚
1718 901 1766 934 die
1786 912 1825 934 xv

1088 955 1161 987 maii
1179 965 1327 996 Mncxxtx,
1348 955 1550 999 pontificatus
1575 955 1672 989 nostri
1686 965 1767 988 anno
1786 965 1825 987 vt.

1124 1017 1180 1045 Dat.
1199 1017 1241 1045 die
1257 1019 1290 1046 15
1307 1018 1372 1045 maii
1390 1018 1466 1053 1629,
1488 1018 1584 1054 pontif.
1602 1026 1673 1046 anno
1692 1026 1726 1044 vi.

1360 1160 1557 1194 CCCXXXIII.

1087 1241 1271 1274 prohibitio
1298 1241 1505 1285 imposterum
1527 1241 1716 1275 concedendi
1729 1252 1828 1275 exem-

1130 1295 1256 1338 ptiones
1282 1295 1457 1337 officiorum
1486 1296 1535 1337 (et
1564 1297 1751 1338 praesertim
1776 1307 1828 1328 eas

1752 202 1787 234 61
1840 211 1888 238 An.
1906 211 1933 237 c.
1956 211 2023 237 16029

1876 433 1940 453 ttusue
1956 433 2025 453 bullae

1843 460 1942 484 exetiiplts

1843 486 1936 507 mandat.

1968 459 2026 479 credi

142 1337 227 1358 Modum
239 1339 299 1358 uten-

116 1364 137 1385 di
165 1364 299 1384 facultatibus

1132 1349 1250 1391 quibas
1266 1350 1383 1391 fratres
1393 1349 1621 1392 provinciales,
1645 1349 1828 1391 definitores

1132 1406 1189 1434 aut
1214 1402 1396 1434 visitatores
1420 1402 1468 1434 rel
1491 1401 1730 1444 praedicatores
1750 1413 1828 1434 ina—

1133 1455 1213 1486 iores
1238 1455 1420 1497 nuncupati
1446 1454 1581 1488 Ordinis
1605 1455 1828 1487 Eremitnrum

1131 1508 1236 1539 sancti
1267 1508 1451 1550 Angyztstini
1473 1507 1640 1551 quacient)
1671 1507 1827 1551 fratribus

359 1328 415 1372 §5
433 1329 502 1374 Sed,
517 1330 542 1362 si
559 1340 612 1363 eos
626 1330 729 1374 aliqua
747 1330 890 1375 facultate
908 1341 963 1362 seu
983 1340 1053 1363 con-

116 1391 299 1438 gssdewgg‘ss'ssfi}
315 1382 454 1415 cessione
471 1384 641 1426 apostolica
655 1388 742 1417 motu
759 1384 890 1428 proprio
904 1385 1053 1417 concessa

117 1444 137 1484 ⁵¹3
154 1449 238 1473 suarum
263 1429 300 1490 thas-
315 1435 362 1467 vcl
387 1435 426 1469 ab
451 1436 495 1469 eis
515 1436 575 1469 iam
596 1437 723 1470 obtenta
745 1437 787 1469 uti
805 1437 990 1480 oportuerit,
1008 1436 1054 1468 lit-

117 1473 203 1490 “m'um
216 1476 267 1495 ωε
285 1476 301 1490 ”
317 1493 398 1520 teras
432 1494 555 1522 nostras
586 1495 616 1522 ct
645 1489 776 1523 Romani
808 1490 966 1522 Pontiticis
994 1500 1053 1532 pro

191 1869 301 1890 Contraria

118 1895 217 1922 prot-tibet
265 1896 302 1916 oh·

118 1925 181 1944 stare.

118 1497 210 1526 tionibus
238 1502 301 1522 prae-

117 1523 196 1544 ”nbn'
316 1546 458 1585 tempore
476 1543 636 1576 existentis
652 1543 788 1586 desuper
810 1543 981 1586 expeditas,
999 1543 1054 1575 sci-

316 1594 388 1627 licet
412 1605 520 1628 earum
540 1601 664 1629 tenores
684 1596 721 1629 de
739 1596 837 1630 verbo
854 1596 891 1628 ad
910 1596 1051 1637 verbum,

316 1647 437 1691 integre
454 1649 486 1681 in
502 1649 565 1682 suis
581 1650 762 1693 patentibus
776 1649 887 1682 litteris
903 1649 1051 1685 inserantx

315 1701 400 1743 alias,
417 1702 517 1735 firmis
536 1703 770 1736 remanentibus
794 1703 904 1747 poenis
929 1703 1054 1747 praedi-

316 1755 394 1799 ctis,
420 1766 530 1789 eorum
558 1757 680 1790 litterae
707 1762 847 1801 patentes
871 1757 1052 1790 huiusmodi

315 1809 419 1842 nullae
444 1810 506 1842 sint
530 1820 566 1844 eo
591 1810 668 1854 ipso.
1039 1850 1041 1852 ,

361 1863 375 1906 ξ
400 1862 428 1895 6.
453 1864 522 1897 Non
552 1863 746 1897 obstantibus
781 1864 1054 1898 constitutionibus

317 1920 347 1948 et
365 1916 616 1950 ordinationibus
632 1918 821 1961 apostolicis,
839 1929 884 1958 ac,
901 1923 1055 1961 quatenus

316 1980 395 2014 opus
419 1970 468 2011 sit,
492 1970 566 2003 dicti
588 1971 722 2012 Ordinis,
743 1976 773 2004 et
792 1972 953 2015 quibusvis
977 1973 1054 2013 aliis,

316 2024 409 2056 etiam
423 2024 609 2064 iuramento,
621 2024 859 2058 confirmatione
874 2025 1054 2069 apostolica,

315 2077 363 2109 vel
381 2077 492 2121 quavis
509 2077 657 2111 firmitate
674 2078 734 2110 alia
750 2078 917 2119 roboratis,
933 2079 1055 2111 statutis

317 2134 345 2164 et
361 2131 651 2171 consuetudinibus,
669 2131 841 2175 privilegiis
859 2142 995 2175 quoque,
1013 2132 1056 2164 in-

317 2183 410 2217 dultis
431 2189 461 2217 et
482 2184 594 2218 litteris
614 2185 794 2229 apostolicis
817 2185 918 2217 eidem
937 2185 1055 2225 Ordini,

318 2237 463 2280 illiusque
479 2238 578 2281 priori
595 2238 745 2281 generali,
759 2244 789 2271 et
802 2238 963 2282 quibusvis
975 2239 1054 2294 ffis,

318 2291 375 2324 sub
389 2291 640 2335 quibuscumque
657 2291 818 2325 tenoribus
835 2297 863 2325 et
881 2292 1000 2334 formis,
1021 2302 1055 2325 ac

319 2355 389 2377 cum
404 2345 565 2388 quibusvis
579 2345 725 2378 clausulis
740 2350 769 2378 et
782 2345 926 2389 decretis,
941 2346 971 2378 in
988 2356 1058 2379 con-

319 2399 450 2431 trarium
483 2399 718 2442 quomodolibet
743 2399 917 2441 concessis,
940 2400 1056 2432 contir-

319 2452 411 2485 matis
443 2456 481 2486 et,
502 2452 675 2493 innovatis3
703 2453 816 2496 quibus
849 2453 996 2486 omnibus
1028 2458 1058 2486 et

319 2505 461 2549 singulis,
479 2516 589 2539 eorum
606 2506 748 2540 omnium
771 2512 896 2539 tenores
912 2517 1058 2550 praesen—

1131 1561 1272 1593 eiusdem
1300 1560 1451 1601 Ordinis,
1484 1562 1543 1604 qui
1573 1571 1610 1594 ea
1644 1571 1827 1604 numquam

1131 1620 1353 1655 eaeercuernnt,
1382 1616 1500 1659 absque
1520 1616 1610 1650 Sedis
1624 1615 1828 1659 Apostolicae

1131 1671 1278 1713 expressit
1304 1669 1384 1702 licen
1391 1670 1435 1702 list
1449 1668 1467 1701 ¹.

1292 1749 1427 1776 Urbanus
1449 1749 1526 1782 Papa
1546 1748 1622 1780 vm,

1229 1793 1266 1820 ad
1285 1793 1417 1820 futuram
1437 1793 1480 1820 rei
1500 1792 1681 1820 memoriam.

1134 1865 1216 1898 Inter
1241 1870 1360 1897 ceteras
1384 1864 1574 1908 apostolicae
1593 1864 1751 1897 servitutis
1776 1876 1829 1897 cu-

1090 1929 1149 1958 ras,
1174 1918 1289 1961 quibus
1314 1918 1397 1951 circa
1415 1918 1599 1950 universalis
1616 1918 1771 1951 Ecclesiae
1787 1929 1831 1951 rc-

1090 1972 1194 2014 gimen
1208 1972 1331 2005 assidue
1349 1972 1534 2015 premimur,
1554 1982 1589 2004 ea
1606 1982 1663 2005 nos
1681 1973 1829 2016 precipue

1090 2025 1241 2059 sollicitos
1266 2026 1380 2066 habet,
1410 2031 1444 2058 ut
1468 2036 1621 2069 personae
1651 2027 1829 2069 regulares,

1090 2078 1186 2111 divini
1218 2079 1355 2112 numinis
1381 2079 1539 2122 obsequiis
1565 2079 1622 2111 sub
1647 2080 1732 2112 suavi
1758 2079 1830 2111 rcli-

1090 2132 1192 2174 gionis
1216 2133 1291 2175 iugo
1316 2132 1530 2176 mancipatae,
1564 2133 1646 2165 iuxta
1672 2132 1829 2175 regularia

1090 2196 1197 2218 earum
1224 2185 1364 2218 instituta
1388 2185 1418 2218 in
1443 2186 1529 2229 pacis
1547 2186 1732 2219 amoenitate
1751 2186 1829 2217 salu-

1090 2239 1189 2271 briter
1212 2244 1363 2281 regantur
1387 2244 1415 2271 et
1441 2239 1677 2281 gubernentur,
1703 2244 1732 2271 et
1756 2250 1829 2282 pro<

1090 2297 1216 2336 pterea,
1250 2292 1274 2324 si
1306 2292 1390 2336 qua⁹
1421 2303 1529 2325 earum
1562 2292 1643 2324 felici
1675 2291 1829 2334 gubernio

1091 2346 1211 2386 obesse,
1236 2345 1331 2378 autin
1346 2356 1453 2378 earum
1475 2345 1629 2388 regularis
1646 2344 1829 2387 disciplinae

1091 2399 1289 2432 observantia
1314 2399 1440 2443 aliquod
1458 2399 1680 2432 detrimentum
1698 2408 1829 2440 vergere

1091 2452 1322 2495 cognoscimus,
1348 2463 1400 2496 ea,
1426 2458 1576 2496 quantum
1601 2463 1671 2485 cum
1697 2452 1830 2485 Domino

1126 2535 1136 2560 1
1157 2532 1193 2560 De
1208 2532 1259 2560 hoc
1273 2533 1373 2560 Ordine
1388 2533 1448 2559 vide
1460 2534 1485 2559 in
1497 2533 1586 2560 Const.
1599 2539 1710 2566 cxxxiv,
1723 2533 1830 2560 Roma-

320 2559 403 2593 tibus
430 2571 489 2604 pro
514 2561 607 2605 plene
631 2566 662 2594 et
685 2561 875 2595 sufficienter
900 2561 1056 2606 expressis
1090 2587 1153 2611 nus,
1171 2582 1237 2604 tom.
1255 2585 1312 2611 xm,
1329 2586 1390 2613 pag.
1412 2578 1473 2605 3⁴20.

320 2613 480 2656 habentes,
494 2615 554 2648 illis
571 2615 646 2649 alias
659 2615 690 2649 in
707 2626 764 2650 suo
781 2615 898 2650 robore
914 2626 1057 2661 perman-

1124 2622 1140 2649 2
1155 2622 1226 2650 Edit.
1243 2622 1325 2650 Maia.
1342 2622 1407 2658 tegit
1422 2630 1496 2657 quae
1510 2624 1548 2656 (n.
1566 2623 1614 2658 TE).

1871 1871 1988 1892 Exordium.
