2248 3229
156 254 207 282 An.
222 254 252 283 C.
268 254 339 284 1636
384 246 448 281 564

187 848 304 869 Decretum.
316 846 342 866 de

159 880 201 901 quo
214 876 234 895 in
249 874 341 895 rubrica.

212 1646 347 1668 Confirmatio

164 1675 290 1694 statutorum
307 1673 349 1692 sra-

165 1702 219 1720 trnm
252 1699 348 1720 Reconc-

166 1729 253 1747 ctoruni.

925 251 1104 277 BULLARIUM

354 303 497 337 arctioris
523 301 707 336 eorumdem
740 299 981 334 recollectorum
1006 303 1112 343 prae-3

355 356 486 396 iudicio,
504 360 666 399 praeterea
687 353 780 386 iidem
799 353 912 386 fratres
929 353 967 386 de
985 352 1095 386 Obser-

354 410 456 442 vanua
481 407 604 442 Ordinis
621 407 667 440 sui
685 408 879 450 professores
905 406 942 439 ad
968 406 1093 440 eosdem

354 463 466 496 fratres
491 461 682 495 Recollectos
707 461 794 494 facile
820 461 943 494 mittere
969 470 1113 494 consue-i

355 516 464 555 verint,
489 515 542 557 qui
567 514 693 558 quidem
719 514 833 546 fratres
858 513 896 546 de
921 513 1113 563 ΟὓεριῪειη-1

355 569 405 609 tia,
430 567 468 601 ad
493 567 619 601 eosdem
645 568 837 601 Recollectos
862 573 895 600 ut
918 567 1114 611 praeferturl

355 622 452 664 missi,
473 621 511 654 ad
535 621 703 665 pristinum
729 632 839 655 eorum
866 621 946 654 vitae
975 622 1097 655 institu-

356 680 422 707 tum
441 684 534 718 saepe
551 675 676 718 saepius
692 675 794 707 redire
812 675 930 715 volunt,
950 685 1013 708 non
1030 675 1096 708 sine
1113 694 1115 705 ›

356 727 502 760 scandalo
516 733 546 760 et
559 728 743 761 eorumdem
761 728 1012 762 Recollectorum
1030 738 1098 772 per-

357 781 550 814 turbatione:

402 835 417 877 g
430 834 458 866 1.
473 835 545 875 Nos,
557 834 636 867 felici
652 834 832 868 eorumdem
847 834 1096 868 Rccollectorum

358 888 504 931 regimini
529 893 559 920 et
583 887 759 931 gubernio,
785 898 958 931 eorumque
982 889 1116 932 quieti,¹

358 947 510 985 quantum
535 952 607 974 cum
632 941 765 974 Domino
785 952 968 985 possumus,
989 934 1117 975 consu-³

358 995 433 1037 lere,
454 995 587 1039 illosque
604 995 792 1039 specialibus
809 995 971 1028 favoribus
989 1000 1019 1028 et
1033 1006 1101 1038 gra-

358 1048 409 1081 tiis
426 1049 577 1092 prosequi
591 1048 740 1089 volentes,
758 1053 787 1081 et
801 1058 910 1081 eorum
925 1048 1100 1091 singulares

358 1112 508 1144 personas
531 1112 549 1134 a
573 1101 735 1146 quibusvis
753 1101 1100 1141 excommunicationis,

360 1155 573 1199 suspensionis
597 1159 627 1188 et
652 1155 819 1195 interdicti,
845 1155 978 1198 aliisque
1007 1144 1119 1187 eccle-⁸

360 1209 492 1242 siasticis
517 1208 692 1250 sententiis,
719 1208 861 1241 censuris
886 1213 916 1240 et
939 1208 1058 1251 poenis,
1084 1218 1101 1240 a

360 1262 428 1294 iure
452 1261 500 1294 vel
525 1261 564 1294 ab
590 1261 727 1303 homine,
745 1261 855 1304 quavis
871 1261 1036 1294 occasione
1054 1261 1100 1294 vel

361 1316 455 1348 causa
479 1314 560 1355 latis,
578 1314 603 1347 si
621 1314 734 1358 quibus
755 1314 992 1357 quomodolibet
1016 1314 1102 1347 inno·
1118 1357 1119 1363 ἵ

360 1368 449 1402 datae
474 1368 627 1408 existunt,
652 1368 691 1400 ad
715 1367 862 1400 effectum
886 1368 1119 1411 praesentium*

362 1423 523 1457 dumtaxat
540 1421 806 1466 consequendum,
824 1422 936 1455 harum
955 1422 1035 1455 serie
1052 1422 1103 1454 ab·

362 1475 517 1509 solventes
532 1481 561 1509 et
572 1476 730 1509 absolutas
744 1476 810 1508 sore
828 1481 1000 1516 censentes,
1014 1480 1102 1508 motu

361 1529 512 1573 proprio,
538 1535 567 1562 et
592 1540 628 1562 ex
654 1530 739 1562 certa
769 1529 899 1562 scientia
923 1534 953 1561 et
977 1530 1121 1561 matura

362 1583 588 1617 deliberatione
613 1583 750 1624 nostris,
782 1582 882 1626 deque
912 1582 1103 1626 apostolicae

362 1637 524 1681 potestatis
544 1636 748 1680 plenitudine,
766 1641 875 1669 tenore
892 1635 1103 1679 praesentium

364 1690 528 1723 statuimus
553 1695 583 1723 et
607 1689 805 1729 ordinamus3
831 1689 914 1732 quod
936 1689 973 1722 de
999 1694 1104 1722 cetero

364 1744 468 1776 nullus
493 1744 525 1776 in
549 1743 774 1786 guardianum,
800 1742 1017 1782 definitorem,
1048 1752 1123 1775 nee}

366 1797 553 1839 magistrum
577 1796 767 1829 novitiorum
786 1795 816 1827 in
835 1795 1039 1828 conventibus
1058 1805 1105 1827 eo—

366 1850 510 1883 rumdem
531 1850 663 1883 fratrum
681 1850 932 1883 Recollectorum
951 1849 1105 1893 deputari,

367 1903 451 1946 eligi,
469 1913 523 1936 seu
540 1903 615 1936 alias
631 1903 749 1936 assumi
766 1908 818 1935 aut
836 1903 981 1936 constitui
997 1903 1105 1946 possit,
1123 1898 1125 1948 ᾗ

367 1956 443 1999 quin
466 1956 553 1999 prius
578 1956 720 1988 habitum
744 1966 801 1999 per
819 1956 944 1988 cosdem
970 1956 1108 1989 Recolle-

368 2014 433 2042 ctos
455 2009 571 2052 gestari
596 2009 721 2042 solitum
747 2009 940 2052 susceperit,
973 2014 1002 2042 et
1027 2009 1126 2042 interl

369 2061 496 2095 cosdem
531 2062 725 2095 Recollectos
760 2073 817 2105 per
853 2062 1037 2095 sexennium
1070 2063 1107 2095 ad

370 2115 473 2148 minus
498 2115 624 2156 vixerit,
650 2115 734 2147 iuxta
759 2115 941 2148 eorumdem
968 2115 1108 2148 Recolle-

371 2172 494 2202 ntorum
521 2168 769 2210 constitutiones,
795 2179 873 2212 quas
893 2168 924 2200 in
941 2169 998 2201 hac
1020 2174 1109 2212 parte

372 2232 407 2254 ex
433 2222 517 2255 certa
542 2221 669 2254 scientia
694 2223 820 2263 nostra,
854 2231 916 2265 quo
942 2227 1046 2254 autem
1072 2223 1110 2256 ad

371 2275 493 2319 reliqua
526 2275 651 2308 illarum
683 2275 818 2318 capitula
848 2275 1020 2308 dummodo
1050 2276 1111 2308 sint

372 2329 403 2361 in
427 2340 485 2362 usu
509 2335 539 2362 et
562 2339 624 2362 non
649 2329 709 2361 sint
741 2334 886 2362 revocata
917 2340 1019 2373 neque
1052 2325 1129 2362 sub¹

372 2382 528 2425 aliquibus
546 2382 798 2415 revocationibus
824 2383 1052 2425 comprehensa
1069 2393 1112 2415 sa·
1128 2418 1130 2431 Α

373 2436 496 2479 erisque
521 2436 692 2469 canonibus
725 2442 754 2469 ct
783 2436 911 2469 Cone-ilii
940 2436 1130 2477 Tridentini3

374 2488 506 2522 decretis
545 2500 580 2522 ac
618 2489 892 2522 constitutionilnis
933 2489 1113 2532 apostolicis

375 2542 636 2586 regularibusque
657 2543 841 2576 eorumdem
860 2544 1111 2576 Ilccollectorum
1129 2554 1131 2561 ⁴

376 2594 524 2628 institutis
555 2606 616 2629 non
649 2596 875 2637 adversentur,
901 2595 1113 2640 approbamus

378 2653 407 2681 et
430 2648 662 2690 confirmanius,
685 2650 805 2693 illisque
831 2650 1018 2682 inviolabilis
1044 2660 1116 2694 apo-

1128 250 1282 276 ROMANUM

1127 300 1255 333 Stolicae
1280 298 1436 332 firmitatis
1449 298 1547 331 robur
1560 298 1734 343 adiicimus,
1751 310 1786 334 ac
1800 310 1863 333 om-

1127 362 1182 385 ncs
1218 357 1247 385 et
1282 351 1423 395 singulos
1459 356 1522 384 tam
1554 351 1631 384 iuris
1663 361 1756 394 quam
1792 352 1865 385 facti

1127 406 1275 447 desectus,
1296 405 1320 439 si
1339 405 1392 449 qui
1409 405 1544 450 desuper
1563 405 1800 450 quomodolibet
1818 406 1864 439 in-

1129 459 1332 500 tervenerint,
1357 459 1552 504 supplemus.

1173 514 1239 558 {⁶2-
1266 514 1419 558 Insuper,
1451 513 1535 557 quod
1566 512 1660 546 etiam
1692 513 1729 546 de
1763 518 1867 546 cetero
1910 525 2019 547 mnsam
2039 526 2066 547 m

1129 567 1241 601 svau-es
1254 567 1292 600 de
1306 567 1507 600 observantis
1532 566 1683 611 praedicti
1704 566 1742 599 ad
1759 566 1869 600 neeoi-
1882 551 2022 574 ΜΝΞ·

1130 622 1226 655 lectos
1243 621 1423 654 huiusmodi
1440 621 1573 654 transire
1591 630 1654 654 non
1671 621 1791 665 possint
1803 620 1870 653 abs-

1130 685 1191 718 que
1215 674 1401 708 eorumdem
1425 674 1676 707 Recollectorum
1698 683 1869 715 consensu,

1131 739 1186 761 seu
1221 728 1349 761 maioris
1381 727 1477 772 partis
1508 728 1575 761 eius
1609 733 1802 770 conventus,
1832 726 1871 760 ad

1131 791 1225 825 quem
1244 781 1377 814 transire
1395 781 1527 825 quilibet
1546 781 1699 822 voluerit;
1724 781 1871 825 quodque

1133 835 1152 866 ii
1178 845 1213 868 ex
1238 834 1483 868 Observantibus
1508 835 1685 878 praedictis,
1712 835 1765 879 qui
1789 835 1872 867 ultra

1133 893 1196 921 tres
1220 889 1304 922 vices
1329 889 1493 922 transitum
1518 888 1700 922 huiusmodi
1724 888 1872 928 fecerint,

1133 941 1215 974 inter
1243 941 1369 975 eosdem
1398 942 1629 976 Recollectores
1658 941 1795 986 amplius
1819 941 1873 974 ad—

1134 995 1214 1028 mitti
1234 995 1320 1028 nullo
1342 995 1437 1029 modo
1459 995 1599 1036 valeant,
1623 995 1795 1040 apostolica
1819 1005 1874 1028 au-

1134 1049 1288 1091 ctoritate,
1314 1049 1497 1083 earumdem
1522 1054 1632 1083 tenore
1650 1049 1873 1094 praesentium,

1134 1104 1252 1147 pariter
1276 1104 1442 1137 statuimus
1467 1109 1497 1137 et
1521 1104 1713 1138 ordinamus.

1179 1157 1194 1199 ἓ
1225 1155 1254 1189 3.
1288 1157 1467 1202 Mandantes
1497 1162 1665 1201 propterea
1696 1157 1728 1189 in
1762 1156 1874 1191 virtute
1890 1164 2075 1211 trapissssssssalssli

1135 1213 1259 1243 sanctae
1288 1210 1484 1243 obedientiae
1511 1210 1659 1243 omnibus
1687 1215 1717 1243 et
1744 1209 1929 1252 singulistes.

1135 1262 1209 1295 dicti
1227 1262 1352 1296 Ordinis
1369 1263 1589 1307 superioribus
1606 1273 1806 1307 quocumque
1822 1273 1877 1296 no-

1136 1315 1219 1348 mine
1236 1316 1437 1359 nuncupatis,
1463 1316 1520 1349 sub
1545 1316 1730 1360 privationis
1756 1315 1875 1349 officio-

1136 1380 1219 1410 rum,
1238 1380 1273 1403 ac
1291 1369 1635 1412 excommunicationis,
1661 1369 1793 1413 aliisque
1810 1379 1878 1402 cen-

1136 1423 1218 1456 suris
1248 1429 1278 1456 et
1307 1423 1418 1466 poenis
1442 1423 1661 1456 ecclesiasticis
1694 1423 1764 1467 ipso
1797 1423 1878 1455 sacto

1136 1476 1345 1516 incurrendis,
1354 1486 1394 1509 ne
1404 1476 1654 1517 constitutiones,
1665 1476 1878 1510 ordinationes

1138 1535 1167 1562 et
1192 1534 1305 1562 statuta
1330 1529 1514 1562 eorumdem
1538 1529 1673 1562 fratrum
1690 1529 1880 1562 Recollecto—

1138 1593 1208 1615 rum
1233 1583 1344 1626 quovis
1374 1588 1538 1626 praetextu
1569 1583 1724 1623 alterare,
1756 1587 1878 1615 mutare

1138 1646 1192 1668 seu
1222 1636 1377 1678 abrogare
1410 1635 1544 1668 audeant
1575 1636 1623 1668 vel
1655 1638 1878 1679 praesumant,

1139 1700 1173 1722 ac
1198 1689 1401 1722 decernentes
1418 1694 1598 1732 praesentes
1617 1689 1737 1721 litteras
1751 1687 1878 1729 validas,

1139 1743 1247 1775 sirmas
1272 1746 1302 1776 et
1326 1743 1468 1775 efficaces
1493 1742 1626 1775 existere
1647 1746 1675 1775 et
1695 1742 1772 1781 sore,
1793 1751 1879 1774 suos-

1139 1806 1199 1839 que
1224 1796 1383 1839 plenarios
1408 1801 1437 1828 et
1461 1795 1601 1838 integros
1626 1794 1755 1828 effectus
1773 1794 1879 1827 sortiri

1141 1853 1171 1880 et
1190 1848 1344 1889 obtinere,
1355 1858 1390 1881 ac
1400 1848 1438 1880 ab
1449 1848 1607 1889 omnibus,
1619 1847 1657 1880 ad
1671 1857 1750 1890 quos
1762 1852 1881 1890 spectat

1141 1907 1171 1934 et
1194 1913 1253 1945 pro
1286 1907 1430 1946 tempore
1460 1901 1635 1945 spectabit,
1660 1900 1882 1934 inviolabiliter

1142 1955 1318 1995 observari3
1337 1956 1444 1999 sicque
1459 1965 1516 1998 per
1529 1965 1747 1998 quoscumque
1765 1954 1882 1987 iudices

1143 2008 1319 2042 ordinarios
1345 2014 1376 2042 et
1399 2009 1569 2051 delegatos,
1598 2008 1691 2041 etiam
1716 2018 1881 2041 causarum

1142 2062 1248 2106 palatii
1279 2062 1443 2106 apostolici
1475 2061 1654 2102 auditores,
1689 2061 1821 2094 iudicari
1853 2066 1883 2093 et

1143 2115 1268 2148 definiri
1295 2116 1426 2155 debere;
1452 2126 1488 2148 ac
1520 2115 1646 2149 irritum
1670 2120 1700 2148 et
1724 2115 1833 2157 inane,
1857 2114 1883 2147 si

1144 2179 1234 2202 secus
1251 2179 1345 2212 super
1369 2169 1419 2202 his
1443 2179 1461 2201 a
1490 2178 1666 2212 quoquam,
1694 2168 1803 2212 quavis
1826 2179 1883 2201 au-

1145 2223 1304 2263 ctoritate,
1331 2222 1465 2256 scienter
1489 2222 1537 2255 vel
1561 2222 1758 2265 ignoranter,
1783 2222 1882 2255 conti-

1144 2277 1226 2320 gerit
1241 2276 1396 2310 attentari.

1189 2330 1203 2373 g
1228 2329 1257 2362 li.
1283 2331 1351 2363 Non
1383 2329 1578 2363 obstantibus
1610 2330 1884 2364 constitutionibus

1146 2388 1176 2415 et
1200 2383 1450 2416 ordinationibus
1480 2383 1677 2427 apostolicis,
1702 2394 1738 2417 ac
1761 2382 1884 2417 Ordinis

1146 2442 1175 2468 ct
1188 2436 1368 2479 provinciae
1381 2437 1572 2478 huiusmodi,
1589 2437 1683 2470 etiam
1698 2437 1884 2477 iuramento,

1147 2490 1386 2522 confirmatione
1411 2490 1595 2534 apostolica,
1619 2490 1667 2522 vel
1697 2490 1805 2534 quavis
1833 2489 1883 2522 fir-

1148 2542 1254 2576 mitate
1278 2543 1339 2574 atta
1364 2544 1542 2583 roboratis,
1567 2543 1689 2577 statutis
1709 2549 1738 2576 et.
1759 2552 1886 2576 consue-

1148 2595 1318 2635 tudinibus,
1344 2596 1518 2638 privilegiis
1543 2607 1679 2640 quoque,
1705 2595 1832 2628 indultis
1857 2601 1884 2627 et

1149 2648 1260 2683 litteris
1284 2649 1464 2692 apostolicis
1482 2650 1513 2683 in
1538 2649 1731 2683 contrarium
1756 2659 1887 2692 quomo-

1876 252 1930 278 An.
1947 251 1976 280 C.
1995 249 2063 279 1636·

1914 2338 2026 2367 Dei-ugano
2035 2343 2085 2358 con-

1898 2368 2018 2386 warnorum.
