2221 3224
203 219 290 247 amc.
313 220 381 247 1628
428 212 470 245 Ξῖ)

225 1610 365 1631 Prooemium.

236 2032 332 2056 ruentia<
348 2036 381 2055 Ni*

199 2063 259 2082 Polao
277 2062 381 2082 Guirtobi-

206 2095 238 2107 unu
258 2089 282 2109 «le
302 2095 342 2115 qua
363 2096 380 2109 ιιι

200 2115 291 2135 rubrica.

979 221 1157 245 BULLARIUM

404 269 617 312 importantes,
634 270 751 302 mentio
779 279 833 302 seu
857 269 984 312 quaeris
1009 269 1067 300 :ilia
1093 275 1161 302 ex-3

402 322 523 364 pressio
549 322 690 354 habenda
707 326 758 354 aut
777 322 878 364 aliqua
904 322 962 354 alia
988 322 1141 365 exquisita

402 376 502 407 forma
514 375 552 407 ad
576 375 636 407 lioc
654 375 805 407 servanda
826 376 915 414 soret,
933 375 1059 408 illorum
1078 386 1142 408 om-

402 427 488 459 nium
509 433 539 460 et
558 428 754 470 singulorum
773 432 896 460 tenores
920 429 1141 471 praesentibus

401 491 458 523 pro
475 481 566 523 plene
591 486 620 513 ct
645 481 835 514 sufficienter
860 481 1018 524 expressis
1042 487 1073 514 et
1097 482 1141 514 in-

401 533 490 566 sertis
516 534 687 574 habentes,
712 534 770 566 hac
795 534 862 566 vice
887 534 1047 567 dumtaxat
1072 546 1141 578 spe-

401 585 520 618 cialiter
537 591 566 618 et
583 596 729 629 expresse
745 586 950 629 derogamus,
965 588 1139 631 ceterisque

400 639 564 671 contrariis
589 639 849 683 quibuscumque.

442 693 552 725 Datum
564 694 690 734 Romae,
705 694 787 738 apud
800 695 829 728 S.
840 694 969 728 Mariam
980 696 1138 736 Maiorem,

399 746 456 779 sub
481 747 595 779 annulo
620 747 795 787 piscatoris,
816 748 866 781 die
891 759 990 783 xxvm
1010 755 1140 793 septem-

399 800 462 832 bris
478 810 652 841 Mncxxvm,
670 801 869 844 pontificatus
882 802 981 835 nostri
999 813 1079 835 anno
1098 813 1137 835 vi.

434 861 491 888 Dat.
509 862 551 888 die
566 863 599 889 28
615 863 776 898 septembris
793 864 870 899 16:28,
888 864 981 900 pontis.
999 873 1068 892 anno
1084 872 1118 892 Vt.

711 1006 826 1040 CCCXI.

398 1085 552 1118 Fac-ullas
571 1086 705 1119 Nicolao
728 1087 938 1130 Guz'dobaqno
952 1087 1137 1121 marchioni

441 1139 476 1171 M
477 1143 530 1171 om
535 1139 609 1172 isbel
614 1140 638 1172 li
642 1167 649 1180 ‚
657 1140 767 1173 Caroli
775 1141 952 1173 Barberini
961 1142 996 1173 in
1007 1142 1135 1184 proriu-

441 1193 491 1224 cici
518 1193 755 1226 Romamliolae
792 1195 1020 1228 locumtenenti
1031 1223 1038 1234 ,
1074 1206 1137 1228 erc-

440 1247 548 1278 m'ente
565 1247 655 1278 obilu
671 1246 763 1279 (lucis
781 1247 908 1287 Urbini,
921 1258 992 1280 eam
1008 1249 1137 1291 provin-

440 1300 523 1331 ciam
538 1299 659 1337 luendi,
673 1304 700 1332 et
711 1311 809 1342 perse
822 1300 870 1333 rel
887 1311 998 1333 suosm
1005 1302 1036 1333 iu
1044 1302 1135 1334 istros

439 1363 543 1385 ἰηαηῑι
560 1354 690 1385 armasti
706 1353 861 1385 «lavatum
877 1358 904 1386 el
922 1355 1066 1387 civitates
1080 1355 1136 1387 ltu-

441 1405 585 1437 iusmode'
609 1406 840 1439 custodiendi&

597 1485 732 1512 Urbanus
766 1486 845 1520 Papa
873 1486 949 1520 VIII,
1033 1528 1035 1531 .

543 1529 579 1556 ad
599 1530 731 1557 futuram
750 1531 796 1557 rei
810 1531 989 1558 memoriam.

441 1598 601 1632 Creditum
626 1599 795 1633 humilitati
815 1605 949 1643 nostrae,
967 1601 1087 1634 meritis
1104 1602 1136 1634 li-

398 1658 446 1684 cet
470 1652 652 1696 imparibus,
670 1654 775 1686 divina
795 1654 991 1697 providentia
1009 1662 1135 1699 aposto-

398 1706 474 1738 licae
499 1706 655 1740 servitutis
681 1708 819 1740 officium
846 1706 992 1742 continua
1010 1719 1066 1742 nos
1091 1720 1137 1743 so-

398 1758 558 1792 licitudine
589 1760 752 1802 admonet⁷
777 1766 811 1793 ut
835 1761 865 1793 in
891 1762 928 1793 iis
952 1763 1136 1805 praecipuas

396 1813 561 1855 pastoralis
574 1814 750 1856 vigilantiae
765 1826 855 1847 curas
866 1815 1072 1856 intendamus,
1081 1826 1137 1859 per

397 1876 476 1908 quae
500 1872 625 1899 nostrae
645 1873 675 1900 et
692 1868 784 1900 liuius
802 1872 926 1901 sanctae
949 1869 1036 1901 Sedis
1055 1870 1136 1912 Apo-

398 1919 524 1952 stolicae
548 1920 674 1953 ditionis
705 1921 887 1964 temporalis
911 1922 979 1954 iura
1004 1932 1134 1955 conser-

398 1978 517 2005 rentur.

441 2026 455 2069 g
480 2026 508 2058 l.
534 2027 612 2059 Hinc
630 2032 683 2069 est⁷
702 2027 786 2070 quod
808 2038 874 2068 nos,
895 2032 1046 2071 quantum
1065 2040 1135 2062 cum

397 2079 528 2113 Domino
556 2092 740 2124 possumus,
767 2087 943 2125 opportune
972 2082 1137 2126 providere

397 2133 544 2173 volentes,
570 2144 608 2166 ne
633 2135 731 2167 ullum
749 2135 821 2168 liuic
846 2140 970 2168 sanctae
995 2136 1076 2177 Sedi,
1099 2147 1135 2168 ex

397 2187 506 2229 quovis
519 2198 593 2220 casu
612 2199 785 2231 progressu
802 2189 956 2232 temporis
974 2190 1135 2222 eveniente

396 2240 623 2282 praeiudicium
649 2242 799 2274 inseratur
819 2243 851 2274 in
875 2243 1043 2287 temporali
1070 2243 1136 2275 eius

396 2292 522 2335 ditione⁷
541 2300 570 2326 et
594 2295 779 2337 pracsertim
812 2295 843 2327 in
871 2295 986 2328 ducatu
1016 2295 1133 2337 [rbini⁷

396 2357 518 2379 necnon
534 2347 709 2380 civitatibus
730 2348 955 2391 Scnogalliensi
980 2354 1006 2381 et
1034 2349 1136 2381 Pisau-

397 2399 498 2439 rensi,
531 2406 560 2432 et
584 2400 670 2433 Statu
694 2401 972 2442 Montisseretrani,
1004 2402 1135 2445 aliisque

398 2452 553 2496 dominiis,
578 2455 762 2497 civitatibus,
781 2455 914 2499 oppidis,
940 2456 1033 2488 terris
1049 2460 1078 2489 et
1095 2456 1135 2488 lo-

399 2504 452 2545 cis,
466 2506 497 2537 in
511 2512 540 2539 et
555 2508 611 2539 sub
626 2508 712 2541 Statu
725 2508 797 2541 dicti
814 2509 961 2542 ducatus²
975 2509 1084 2542 Urbini
1098 2509 1134 2542 ad

436 2578 446 2602 1
465 2576 499 2602 Ex
518 2577 623 2611 aegest.
641 2579 667 2605 in
683 2581 788 2606 Secreti
805 2580 881 2607 Brev.

434 2621 449 2648 2
465 2621 534 2649 Edit.
551 2622 630 2650 Main.
648 2623 727 2651 babet
743 2624 841 2652 <lucan
854 2625 891 2659 (n.
908 2624 957 2659 T.).

1181 220 1335 245 ROMANUM

1177 279 1325 312 praesens
1355 268 1591 312 quomodolibet
1614 269 1858 313 comprehensis,
1884 275 1914 303 et

1176 332 1232 365 per
1250 322 1396 354 dilectum
1421 322 1520 355 lilium
1538 322 1676 355 nobilem
1694 323 1796 356 virum
1817 323 1913 356 Fran-

1177 375 1295 408 ciseum
1319 375 1448 408 Mariam
1474 376 1581 409 Urbini
1606 376 1717 409 ducem
1743 377 1913 420 possessis,

1176 438 1256 471 quae
1281 429 1387 461 omnia
1411 435 1441 461 et
1460 429 1590 472 singula⁷
1611 430 1797 463 succedente
1816 430 1913 474 ipsius

1157 491 1158 502 ¹
1175 481 1332 514 Francisci
1357 481 1471 514 Mariae
1493 482 1581 515 ducis
1602 483 1668 515 sine
1687 483 1796 516 liberis
1816 489 1846 516 et
1865 483 1914 516 de-

1175 534 1395 568 scendentibus
1426 535 1573 568 masculis
1596 536 1744 578 legitimis
1769 542 1799 569 et
1822 541 1913 569 natu-

1174 587 1293 620 ralibus
1311 587 1408 628 obitu,
1427 587 1467 621 ob
1484 588 1598 621 lineam
1614 589 1746 630 smitam,
1762 591 1824 622 una
1842 600 1913 622 cum

1174 641 1320 674 omnibus
1353 652 1463 674 eorum
1489 642 1674 683 territoriis,
1699 643 1913 683 districtibus,

1174 694 1451 735 iurisdictionibus
1476 695 1633 728 fortalitiis
1651 696 1714 729 sive
1732 706 1912 740 propugna-

1174 747 1262 787 culis,
1287 747 1448 788 membris,
1466 747 1587 781 iuribus
1604 748 1694 782 etiam
1712 749 1911 793 prohibendi,

1173 810 1208 833 ac
1225 801 1421 844 pertinentiis
1445 801 1631 834 necessariis
1649 803 1792 846 <excepto
1809 808 1912 836 castro

1173 853 1260 886 Podii
1277 854 1497 898 Hybernorum
1519 860 1548 887 et
1565 854 1633 888 aliis
1658 855 1749 888 bonis
1772 865 1835 889 non
1851 856 1914 889 seu-

1172 905 1293 939 dalibus
1317 917 1375 940 nec
1400 907 1700 941 iurisdictionalibus
1717 908 1863 941 relaxatis
1883 914 1910 940 et

1172 960 1337 993 reservatis
1369 960 1470 993 eidem
1504 961 1670 994 Francisco
1702 961 1816 994 Mariae
1841 961 1912 994 duci

1172 1011 1301 1056 eiusque
1315 1013 1504 1046 haeredibus
1518 1018 1548 1046 et
1569 1014 1803 1047 suecessoribus
1820 1015 1912 1048 etiam

1171 1064 1203 1096 in
1228 1065 1437 1099 instrumento
1463 1066 1650 1099 concordiae
1675 1067 1831 1100 celebrato
1855 1067 1913 1100 sub

1170 1118 1220 1151 die
1233 1129 1296 1153 xxx
1313 1119 1421 1162 aprilis
1440 1127 1602 1163 nncxxiv),
1618 1120 1807 1163 aperientur,
1822 1131 1857 1153 ae
1874 1120 1912 1153 ad

1170 1182 1226 1204 nos
1243 1178 1274 1205 et
1297 1173 1469 1205 Romanam
1491 1174 1672 1214 Ecclesiam,
1690 1173 1864 1218 Sedemque
1884 1180 1911 1207 et

1169 1226 1331 1259 Cameram
1349 1227 1561 1270 Apostolicam
1584 1232 1792 1268 revertentur,
1810 1228 1914 1262 devol-

1170 1284 1292 1319 ventur,
1307 1285 1336 1312 et
1351 1280 1445 1323 pleno
1472 1281 1541 1313 iurc
1558 1281 1758 1324 pertinebunt
1766 1292 1773 1321 ;
1791 1291 1912 1314 necnon

1170 1331 1207 1364 de
1225 1332 1377 1375 singulari
1394 1334 1499 1366 dilecti
1512 1334 1568 1366 filii
1582 1333 1701 1367 Nicolai
1715 1335 1913 1377 Guidobagni

1170 1386 1361 1419 marchionis
1393 1387 1581 1420 Montisbelli
1613 1387 1753 1420 eiusdem
1785 1393 1912 1421 nostrae

1170 1439 1296 1472 ditionis
1321 1450 1396 1483 erga
1421 1451 1478 1473 nos
1502 1446 1532 1474 et
1560 1440 1672 1474 Sedem
1698 1441 1840 1474 eamdem
1864 1441 1914 1474 de-

1171 1494 1296 1526 votione
1320 1504 1355 1527 ac
1380 1494 1513 1537 probata
1533 1494 1565 1526 in
1592 1505 1626 1527 re
1650 1495 1778 1527 militari
1802 1495 1864 1528 fide
1883 1500 1914 1527 et

1172 1548 1363 1591 experientia
1387 1548 1560 1591 plurimum
1577 1548 1608 1581 in
1628 1549 1760 1582 Domino
1785 1549 1910 1591 confisi,

1173 1606 1259 1633 motu
1277 1601 1418 1644 proprio,
1436 1606 1466 1635 et
1493 1612 1527 1634 ex
1546 1604 1632 1634 certa
1650 1602 1778 1636 scientia
1796 1612 1832 1635 ac
1849 1612 1911 1634 rna-

1171 1656 1243 1686 tura
1267 1654 1491 1687 deliberatione
1516 1654 1641 1694 nostris,
1664 1654 1764 1698 deque
1792 1660 1914 1699 aposto-

1172 1706 1248 1739 lieae
1264 1707 1425 1750 potestatis
1442 1707 1646 1750 plenitudine,
1665 1707 1767 1740 eidem
1784 1708 1911 1741 Nicolao

1172 1760 1277 1803 (quem
1295 1770 1396 1803 nuper
1412 1760 1543 1793 dilectus
1560 1760 1643 1793 filius
1663 1761 1778 1794 nobilis
1797 1762 1845 1794 vir
1861 1762 1913 1795 Ca-

1171 1813 1256 1845 rolus
1270 1813 1459 1846 Bai-berinus
1472 1819 1578 1847 noster
1599 1814 1770 1847 secundum
1785 1825 1912 1848 carnem

1171 1867 1267 1899 frater
1284 1878 1464 1910 germanus,
1480 1868 1575 1900 totius
1592 1867 1722 1901 militiae
1739 1873 1865 1901 nostrae
1882 1874 1912 1901 et

1172 1920 1312 1953 eiusdem
1330 1926 1453 1954 sanctae
1473 1922 1631 1954 Romanae
1653 1921 1810 1955 Ecclesiae
1834 1921 1913 1955 eius-

1172 1985 1232 2017 que
1249 1975 1414 2008 universae
1431 1975 1557 2008 ditionis
1575 1974 1754 2018 praedictae
1779 1980 1842 2008 tam
1859 1986 1913 2019 pe-

1171 2027 1283 2060 destris
1309 2039 1402 2071 quam
1428 2028 1581 2071 equestris
1605 2028 1779 2070 praesentis
1810 2032 1840 2060 ct
1867 2028 1912 2060 fu-

1171 2086 1260 2114 turae
1285 2082 1467 2125 capitaneus
1491 2081 1656 2123 generalis,
1678 2092 1769 2114 suum
1792 2081 1824 2114 in
1840 2092 1912 2125 pro-

1171 2136 1271 2168 vincia
1283 2137 1391 2169 nostra
1405 2134 1629 2168 Romandiolae
1646 2135 1910 2168 locumtenentem

1152 2193 1154 2196 ·
1170 2189 1342 2232 deputavit)
1367 2194 1401 2221 ut
1419 2199 1480 2221 non
1499 2188 1601 2221 solum
1626 2188 1819 2232 praedictam
1838 2200 1911 2232 pro-

1171 2241 1303 2274 vinciam
1325 2241 1548 2274 Romandiolae
1567 2241 1603 2274 iis
1626 2242 1773 2274 omnibus
1794 2242 1909 2285 modis,

1170 2295 1293 2327 muneri
1318 2294 1559 2328 locumtenentis
1583 2295 1765 2328 huiusmodi
1789 2305 1906 2329 conve-

1169 2347 1337 2387 nientibus,
1363 2352 1393 2380 et
1412 2347 1449 2380 ad
1468 2347 1555 2380 illum
1580 2348 1818 2391 quomodolibet
1841 2358 1910 2391 spe-

1170 2401 1334 2441 ctantibus,
1351 2401 1430 2434 lueri
1443 2406 1472 2433 et
1485 2400 1661 2441 defendere,
1680 2412 1789 2434 verum
1806 2401 1909 2441 etiam,

1170 2455 1330 2487 eveniente
1350 2454 1423 2486 dicti
1440 2454 1462 2486 F
1467 2454 1598 2487 rancisci
1615 2455 1729 2488 Mariae
1746 2455 1834 2488 ducis
1847 2454 1910 2487 obi-

1171 2512 1213 2548 tu,
1227 2518 1282 2540 seu
1302 2507 1363 2539 alio
1387 2517 1587 2550 quocumque
1605 2518 1689 2549 casu,
1709 2508 1793 2541 iuxta
1811 2507 1909 2550 ipsius

1169 2560 1270 2593 Caroli
1294 2560 1446 2604 capitanei
1471 2561 1626 2603 generalis
1651 2562 1750 2602 iussa,
1774 2561 1907 2602 monita,

1171 2615 1401 2656 instructiones,
1418 2621 1449 2649 et
1465 2616 1609 2649 mandata
1629 2616 1659 2649 in
1684 2615 1832 2649 ducatum
1853 2615 1909 2649 Ur-

1929 221 1980 249 Αῐι.
1993 221 2022 248 C.
2040 221 2110 250 1628
