2248 3229
232 191 282 218 An.
297 191 324 220 c.
349 191 411 219 1631
462 183 525 218 198

1013 194 1197 220 BULLARIUM
1217 194 1371 220 ROMANUM

1959 195 2009 223 An.
2022 195 2051 224 C.
2072 195 2136 224 163¹

429 243 452 282 †
477 241 542 284 Ego
574 240 786 284 Berlingerius
822 241 904 273 tituli
943 241 971 274 S.
1005 242 1170 285 Augustini
1204 245 1226 283 -'s
1251 243 1316 285 Ego
1338 242 1548 286 Hieronymus
1571 243 1616 276 Ss.
1643 243 1781 283 Quatuor
1804 242 1941 277 Corona-

516 294 684 338 presbyter
708 293 874 327 cardinalis
894 293 1035 339 Gypsius.

428 350 451 389 »ζ-

436 423 442 442 Ι

428 456 451 494 †
475 454 541 497 Ego
565 453 661 488 Iulius
678 455 759 488 tituli
777 455 805 489 S.
821 456 980 489 Susannae
1005 456 1168 501 presbyter

517 507 684 541 cardinalis
708 509 899 542 Sacchettus.

428 563 450 602 †
474 560 539 604 Ego
563 561 695 595 Ioannes
719 562 855 607 Baptista
876 564 956 598 tituli
981 564 1009 597 S.
1040 562 1166 602 Eusebii

514 615 680 659 presbyter
704 616 871 649 cardinalis
895 616 1099 660 Pamphilius.

425 671 447 709 †
472 667 538 711 Ego
562 669 692 702 Ioannes
716 670 766 703 Fr.
791 670 873 704 tituli
900 671 928 704 S.
954 670 1053 704 Alexii
1078 680 1166 715 pres-

512 722 604 766 byter
625 723 791 757 cardinalis
813 735 829 756 a
853 724 977 758 Balneo.

425 777 447 815 †
468 774 534 819 Ego
558 775 591 809 F.
617 776 698 809 tituli
734 778 763 811 S.
788 778 947 811 Laurentii
975 778 1007 810 in
1030 778 1112 811 Pane
1137 783 1167 811 et

512 829 612 863 Perna
625 831 792 876 presbyter
807 827 973 865 cardinalis
985 831 1164 876 Yerospius.

423 882 449 924 ἢ
473 882 538 926 Ego
563 883 704 927 AEgidius
740 885 822 917 tituli
854 885 881 918 S.
912 885 1025 918 Mariae
1052 885 1083 918 in
1112 885 1165 918 Via

511 937 675 983 presbyter
694 938 861 973 cardinalis
874 939 1086 973 Albornotius.

424 990 448 1010 ‚1-

424 1015 447 1084 ς.

384 1099 445 1190 »l

422 1206 444 1243 †

422 1418 444 1455 »ιω
422 1366 444 1403 »μ
422 1312 444 1349 er
422 1259 444 1296 -1‹

422 1470 446 1511 ἦ
463 1469 529 1512 Ego
547 1469 718 1514 Gregorius
732 1471 812 1504 tituli
826 1471 870 1505 Ss.
889 1472 1017 1511 Quirieii
1036 1477 1064 1504 et
1082 1471 1163 1506 lulit—

510 1528 558 1556 tae
586 1524 752 1567 presbyter
773 1525 939 1558 cardinalis
964 1526 1072 1559 Narus.

422 1580 443 1617 -ε-

422 1633 435 1671 ›i-

437 1646 443 1649 ·
470 1631 534 1674 Ego
566 1631 663 1664 Lucas
695 1633 848 1666 Antonius
881 1633 961 1667 tituli
995 1633 1023 1666 S.
1057 1633 1163 1665 Salva—

509 1685 587 1718 toris
618 1685 649 1718 in
674 1685 776 1720 Lauro
799 1686 968 1731 presbyter
997 1686 1163 1719 cardinalis

512 1736 625 1773 Virilis.

424 2222 446 2261 >e
424 2169 445 2207 ›t-
423 2116 445 2153 ›1—
423 2062 443 2099 »re
422 2008 445 2046 οἱ·
423 1957 444 1994 »μ
422 1903 444 1940 —t-
422 1849 443 1887 »i-
422 1796 443 1834 ›i-

472 2220 537 2263 Ego
561 2220 747 2265 Hippolytus
775 2222 803 2253 S.
822 2221 930 2264 Angeli
957 2222 986 2254 in
1007 2222 1089 2256 Foro
1114 2223 1162 2255 Pi-

513 2274 611 2307 scium
633 2273 782 2307 diaconus
806 2275 971 2308 cardinalis
995 2275 1162 2310 Aldobran-

512 2327 614 2369 dinus,
628 2328 657 2361 S.
671 2328 705 2361 P..
724 2329 756 2361 E.
775 2330 976 2362 camerarius.

424 2385 446 2423 -ξ-
471 2381 536 2425 Ego
567 2381 752 2415 Franciscus
785 2382 812 2415 S.
833 2383 984 2426 ‘Agalhae
1014 2383 1163 2417 diaeonus

471 2460 475 2464 .
513 2431 679 2468 cardinalis
695 2435 893 2469 Barberinus.

425 2491 448 2532 ἦ
478 2489 544 2531 Ego
568 2489 599 2521 P.
618 2489 712 2522 Maria
729 2490 921 2533 Burgliesius
939 2490 1087 2524 diaeonus
1099 2501 1162 2523 car—

513 2544 623 2577 dinalis
641 2544 669 2577 S.
687 2543 822 2586 Georgii.

432 2620 438 2639 t

1292 298 1396 328 torum
1416 294 1567 328 diaconus
1584 295 1751 329 cardinalis
1770 295 1916 341 Vidonus.

1203 350 1225 389 †
1249 348 1315 391 Ego
1340 348 1371 380 L.
1398 348 1442 381 Ss.
1476 347 1535 380 Viti
1568 353 1598 381 et
1631 348 1761 382 Modesti
1792 348 1940 383 diaconus

1292 400 1458 434 cardinalis
1477 401 1586 434 Biseia.

1201 454 1226 497 -ξ-
1251 454 1316 497 Ego
1340 454 1467 488 Martius
1487 455 1516 488 S.
1534 455 1649 488 Mariae
1664 455 1768 488 Novae
1791 455 1941 490 diaconus

1291 508 1456 541 cardinalis
1481 508 1638 551 Ginettus,
1667 509 1854 543 sanctissimi
1878 510 1940 544 do-

1290 562 1367 595 mini
1391 562 1492 596 nostri
1515 563 1616 607 Papae
1640 563 1784 596 vicarius.

1201 618 1223 656 †
1248 616 1314 659 Ego
1338 615 1512 649 Alexander
1536 616 1564 649 S.
1586 617 1701 650 Mariae
1731 616 1763 650 in
1790 616 1941 650 Domnica

1289 669 1441 703 diaconus
1458 669 1624 703 cardinalis
1644 670 1837 704 Caesarinus.

1200 726 1222 764 †
1247 723 1312 766 Ego
1329 723 1497 756 cardinalis
1517 724 1669 758 Antonius
1686 724 1885 766 Barberinus,
1900 723 1940 755 si-

1288 782 1440 820 gnaturae
1457 777 1592 810 iustitiae
1609 777 1793 821 praefectus.

1199 831 1223 873 ’ξ-
1248 830 1314 874 Ego
1338 831 1549 875 Hieronymus
1573 831 1601 865 S.
1626 831 1755 873 Agnetis
1779 831 1810 863 in
1834 830 1940 874 Agone

1288 884 1436 918 diaeonus
1453 884 1620 918 cardinalis
1636 884 1796 918 Columna.

1461 1010 1684 1045 CCCLXXXVI.

1198 1081 1433 1116 Ecclesiasticis
1445 1082 1622 1116 Sardiniae
1632 1082 1838 1126 permittitur
1858 1091 1939 1115 non-

1242 1135 1330 1168 nihil
1350 1136 1421 1179 reqi
1441 1135 1620 1180 persolvere
1637 1136 1669 1168 in
1694 1136 1807 1178 futuro
1823 1135 1938 1179 parla-

1242 1188 1376 1222 ment0¹.

1258 1259 1383 1288 Dilectis
1404 1261 1476 1288 filiis
1496 1261 1636 1290 universo
1658 1262 1736 1290 clero
1757 1262 1876 1290 insulae

1484 1305 1636 1334 sardiniae
1648 1328 1655 1340 ‚

1393 1354 1530 1382 Urbanus
1559 1355 1637 1389 Papa
1663 1355 1740 1383 VIII.

1407 1411 1517 1439 Dilecti
1531 1411 1587 1439 filii
1601 1412 1700 1451 nostri
1708 1412 1729 1446 ²,

1234 1455 1363 1482 salutem
1384 1458 1415 1483 et
1434 1456 1631 1490 apostolicam
1650 1456 1900 1484 benedictionem.

1243 1526 1257 1569 g
1282 1526 1310 1558 t.
1336 1526 1434 1568 Cum,
1464 1527 1544 1560 sicut
1575 1527 1665 1561 nobis
1693 1538 1794 1572 nuper
1824 1528 1937 1572 exponi

1197 1578 1323 1620 fecistis,
1347 1580 1578 1624 parlamentum
1604 1581 1759 1624 generale,
1778 1582 1867 1614 cuius
1887 1592 1938 1615 ce-

1196 1632 1362 1667 lebrationi
1387 1634 1529 1668 nonnulli
1558 1635 1686 1668 nomine
1715 1640 1812 1668 status
1836 1635 1936 1668 eccle-

1198 1686 1312 1720 siastici
1337 1687 1427 1720 istius
1451 1688 1571 1721 insulae
1604 1688 1794 1722 intervenire
1818 1688 1936 1729 solent,

1198 1740 1229 1772 in
1253 1740 1364 1773 eadem
1389 1741 1491 1774 insula
1519 1741 1557 1774 de
1588 1741 1736 1775 mandato
1760 1741 1937 1775 charissimi

1197 1793 1228 1825 in
1242 1793 1365 1827 Christo
1382 1794 1438 1826 filii
1452 1795 1552 1828 nostri
1565 1794 1701 1839 Philippi
1715 1794 1937 1839 Hispaniarum

1197 1847 1281 1889 regis
1306 1847 1453 1881 catholici
1477 1847 1663 1892 propediem
1688 1848 1937 1882 conveniendum

1198 1900 1246 1942 sit,
1272 1906 1301 1933 et
1326 1901 1355 1933 in
1381 1901 1491 1934 eodem
1516 1902 1713 1945 parlamento
1740 1901 1937 1936 necessariae

1197 1954 1351 1996 quaedam
1383 1965 1538 1998 expensae
1569 1955 1717 1989 sustineri
1745 1958 1775 1989 et
1799 1953 1937 1988 subsidia

1197 2006 1357 2040 ordinaria
1381 2007 1483 2040 eidem
1508 2008 1576 2051 regi
1599 2007 1753 2051 praestari
1771 2017 1938 2041 consueve—

1197 2061 1270 2102 rint,
1288 2061 1319 2093 in
1343 2061 1458 2105 quibus
1474 2061 1696 2105 supportandis
1710 2061 1937 2095 ecclesiasticae

1197 2125 1324 2159 quoque
1351 2125 1505 2158 personae
1529 2115 1567 2147 ab
1588 2115 1834 2149 immemorabili
1860 2120 1937 2148 tem-

1197 2178 1275 2211 pore
1293 2168 1371 2200 citra
1384 2168 1422 2201 de
1442 2168 1535 2201 huius
1556 2168 1688 2202 Sanctae
1704 2168 1793 2202 Sedis
1811 2169 1938 2202 licentia

1198 2221 1399 2255 contribuere
1424 2222 1533 2255 solitae
1558 2222 1704 2264 fuerint³‚
1730 2228 1760 2256 et
1784 2223 1816 2255 in
1840 2223 1938 2267 parla-

1197 2278 1302 2308 mento
1320 2275 1521 2308 convocando
1538 2276 1719 2310 huiusmodi
1744 2276 1890 2310 similiter
1906 2277 1937 2308 in

1198 2329 1339 2373 expensis
1364 2335 1394 2362 et
1418 2330 1567 2363 oneribus
1592 2331 1783 2364 sustinendis
1807 2336 1838 2364 et
1861 2341 1935 2375 sup-

1196 2383 1358 2426 portandis
1374 2383 1543 2428 praedietis
1561 2385 1762 2418 contribuere
1781 2395 1872 2429 posse
1889 2384 1939 2417 de-

1197 2436 1360 2479 sidereus,
1386 2438 1410 2470 si
1440 2442 1547 2472 nostra
1580 2444 1607 2471 et
1637 2439 1776 2472 eiusdem
1807 2438 1936 2472 Sanctae

1968 1539 2068 1566 Episcopi
2079 1541 2138 1566 regni

1953 1566 2066 1587 Sardiniae
2089 1572 2138 1593 per-

1952 1593 2005 1613 mitti
2031 1593 2073 1613 sibi
2100 1599 2137 1619 pa-

1952 1621 2011 1643 tunt,
2040 1619 2136 1640 nonnihit

1953 1646 1978 1666 de
2006 1651 2063 1667 more
2092 1647 2137 1672 regi

1952 1673 2034 1693 solvere
2046 1673 2066 1693 iu
2083 1672 2137 1693 sutu-

1953 1705 1976 1721 ro
1990 1699 2128 1725 parlamenio.

1234 2520 1242 2545 1
1263 2518 1299 2546 Ex
1318 2519 1424 2551 liegest.
1442 2519 1468 2546 in
1483 2519 1584 2546 Secret.
1603 2519 1737 2547 Brevium.

1231 2562 1247 2588 2
1268 2562 1337 2589 Edit.
1354 2562 1431 2590 Main.
1450 2563 1513 2598 legit
1528 2564 1635 2592 Dilecte
1649 2565 1692 2599 fili
1705 2564 1852 2598 noster-(R.
1865 2565 1914 2598 T.).

1232 2607 1247 2637 3
1264 2607 1352 2635 Potius
1369 2608 1489 2643 legerem
1503 2609 1622 2643 fuerunt
1636 2609 1674 2644 (a.
1691 2610 1738 2643 τ,).
