2248 3229
110 218 160 246 An.
176 217 204 246 C.
227 218 295 246 1034

917 220 1058 245 {maanus
1083 221 1139 245 vm
1162 222 1210 245 ΓΡ.

305 265 445 307 omittat,
471 266 530 299 nisi
563 268 650 310 gravi
684 278 718 301 ex
750 268 843 301 eausa
877 269 1050 313 superioris

306 320 462 363 generalis
475 326 505 353 et
518 320 720 355 definitorum
739 322 855 356 iudicio
875 323 1048 367 probanda.

351 373 459 406 Officia
484 374 609 408 minora
632 376 823 417 domestica,
848 376 944 409 veluti
972 376 1049 409 iani-

308 426 394 467 toris,
410 427 582 468 sacristiae,
596 428 699 472 coqui,
718 429 895 471 infirmarii,
906 429 1051 462 excitato-

307 479 359 522 ris,
371 480 459 514 ethis
472 481 596 522 similia,
609 482 786 522 distribuat,
800 488 826 515 et
843 482 880 515 de
893 482 1050 516 adiutorio

307 533 368 567 illis
393 536 576 579 prospiciat,
597 536 621 568 si
647 537 858 569 necessarium
885 537 987 577 tuerit,
1012 547 1050 569 ne

307 587 414 621 labore
438 594 618 632 graventur:
643 590 682 622 sit
706 590 867 633 sollicitus,
886 596 918 623 nt
943 590 1050 623 huius-

308 642 391 675 modi
417 642 559 675 officiarii
585 654 642 676 sno
667 644 725 676 rite
751 644 922 687 fungantur
935 644 1049 684 officio,

307 701 336 727 et
351 705 386 728 ea
400 696 517 729 auferat
537 707 553 729 a
576 697 738 739 ministris,
758 698 883 742 quando
900 698 1049 742 expedire

307 748 472 783 videbitur.

351 802 383 835 ln
409 804 508 847 eapite
536 810 638 838 tamen
656 806 791 845 Ordinis,
813 810 943 850 propter
968 805 1048 837 mul-

307 856 445 900 tiplicem
459 861 489 891 ct
507 859 677 902 pretiosam
695 859 856 892 sacristiae
873 858 1048 903 supellecti-

306 910 367 943 lem
393 916 423 943 et
446 907 802 956 choriamplitudinem
818 940 825 951 ,
851 923 910 956 pro
936 912 1047 946 maiori

305 963 406 997 dictae
431 966 635 1009 supellectilis
660 966 826 999 securitate
847 971 873 998 et
893 965 988 998 divini
1008 966 1049 998 of—

307 1018 368 1050 ficii
393 1018 528 1057 decore,
554 1020 683 1052 sacrista
716 1025 747 1052 et
778 1020 866 1052 cliori
898 1019 1049 1062 magister

305 1083 321 1103 a
347 1073 503 1116 superiori
528 1074 684 1116 generali,
710 1074 809 1118 priori
835 1074 994 1106 claustrali
1019 1080 1045 1106 et

305 1132 441 1169 quatuor
453 1127 673 1161 definitoribus
692 1128 901 1166 instituentur,
920 1132 959 1167 et,
976 1139 1046 1161 cum

305 1190 384 1223 opus
408 1181 512 1222 fuerit,
532 1181 750 1214 destituentur.

349 1234 545 1268 Meminerint
578 1241 680 1269 tamen
710 1237 891 1280 superiores
914 1246 976 1269 non
1002 1237 1046 1269 sa-

305 1288 363 1321 cile
387 1288 556 1321 auferenda
572 1289 684 1333 officia,
702 1300 781 1334 quae
800 1290 937 1333 indigent
957 1300 1048 1334 expe-

304 1342 426 1375 rientia.

350 1395 540 1429 Beneficium
562 1397 687 1441 aliquod
705 1398 842 1430 notabile
867 1408 929 1431 non
953 1398 1047 1431 susci-

305 1450 380 1493 piat,
397 1451 457 1483 nisi
482 1451 519 1483 de
544 1462 698 1485 consensu
724 1452 980 1485 reverendissimi
998 1462 1047 1495 ge-

305 1503 421 1536 neralis
438 1510 467 1537 et
484 1504 703 1545 delinitorum;
721 1505 863 1538 officiarii
882 1515 956 1538 vero
974 1505 1044 1537 sub-

304 1556 439 1589 ordinati
464 1557 541 1590 nihil
568 1558 734 1590 immutent
759 1559 788 1590 in
814 1559 878 1591 suis
903 1558 1046 1599 officinis,

304 1619 361 1642 nee
385 1610 469 1650 alibi,
494 1611 561 1643 sinc
586 1611 653 1644 cius
677 1611 812 1644 licentia.

348 1663 487 1707 Singulis
512 1664 693 1707 mensibus,
720 1665 766 1697 rel
793 1665 917 1709 saepius
942 1666 966 1698 si
992 1676 1046 1699 ne-

304 1718 433 1751 cessitas
453 1718 559 1761 exigit,
576 1719 774 1762 superiorem
801 1719 982 1762 generalem
1008 1720 1045 1752 de

304 1776 386 1804 statu
410 1771 545 1804 familiae
566 1771 625 1804 sibi
651 1772 837 1805 commissae
850 1783 907 1816 per
927 1773 1046 1806 litteras

305 1825 472 1858 certiorem
496 1825 599 1866 saciat,
623 1836 758 1870 eumque
783 1826 820 1859 dc
845 1827 1046 1870 gravioribus

305 1879 464 1919 consulat,
488 1879 622 1921 fratres,
647 1880 772 1923 quando
804 1881 974 1914 necessitas
999 1882 1045 1914 vel

304 1932 421 1966 utilitas
445 1932 598 1973 suadebit,
623 1943 798 1966 convocare
822 1934 930 1977 possit.

349 1986 503 2019 Unionem
534 1987 705 2020 fraternam
739 1993 769 2021 et
793 1988 1045 2023 conformitatem

305 2045 447 2073 mutuam
467 2040 696 2073 observandam
719 2046 818 2082 curet,
838 2046 868 2074 et
893 2041 962 2074 ideo
988 2041 1047 2074 sin-

304 2094 430 2137 gulares
454 2094 681 2127 familiaritates
706 2100 735 2127 et.
759 2094 914 2128 amicitias
937 2094 1047 2128 dissol-

305 2153 375 2189 vat,
406 2148 674 2191 perturbationem
708 2149 755 2180 vel
793 2149 872 2181 iram
906 2153 1044 2181 mutuam

306 2201 386 2235 inter
409 2201 598 2235 domesticos
623 2212 686 2234 non
710 2201 806 2241 scrat3
831 2201 895 2244 sed,
921 2201 946 2234 si
970 2201 1046 2245 quid

304 2254 484 2287 huiusmodi
516 2254 686 2295 acciderit,
712 2254 852 2296 studeat,
877 2260 911 2287 ut
943 2255 1046 2287 statim

306 2308 389 2341 iuxta
414 2308 554 2351 regulam
580 2312 719 2342 nostram
738 2319 809 2342 cum
835 2308 1045 2342 satisfactione

305 2361 412 2395 debita
437 2362 466 2394 in
491 2362 626 2405 gratiam
650 2367 791 2395 mutuam
816 2362 956 2396 redeant.

349 2415 565 2450 111.refcetorii
590 2417 814 2450 communitate
845 2417 927 2451 inter
950 2427 1042 2450 man-

304 2469 484 2502 ducandum
509 2470 558 2502 vix
579 2470 735 2514 loquatur,
755 2475 786 2503 et
810 2470 834 2503 si
861 2470 890 2503 in
912 2470 1045 2504 lectione

305 2523 464 2557 communi
478 2523 595 2567 aliquid
609 2529 755 2558 occurrat
767 2534 826 2567 pro
840 2524 1044 2558 instructione

305 2578 437 2610 fratrum
462 2577 538 2610 illud
559 2577 779 2621 explicandum
805 2578 835 2610 in
860 2577 944 2611 aliud
970 2584 1045 2612 tem-

304 2641 363 2676 pus
378 2631 511 2665 differat.

1729 213 1792 246 lna

1129 271 1162 302 ln
1187 269 1361 303 minoribus
1382 270 1482 314 culpis
1502 269 1678 304 ordinarias
1707 274 1824 303 tantum

1084 323 1291 367 poenitentias
1310 323 1460 368 imponat,
1477 324 1585 368 quales
1605 328 1677 357 sunt
1701 323 1826 368 publica

1084 377 1299 420 reprehensio,
1315 377 1407 411 edere
1427 378 1456 410 in
1480 379 1577 422 parra
1596 379 1716 418 mensa,
1734 387 1826 411 orarev

1084 430 1115 462 in
1139 430 1315 472 refectorio,
1334 431 1468 464 osculari
1494 437 1620 474 terram,
1638 431 1742 465 dicere
1760 432 1825 464 cnl-

1084 494 1157 527 pam
1176 495 1275 525 suam,
1293 490 1322 517 et
1343 486 1456 519 similia
1474 496 1536 519 non
1555 487 1711 529 graviora.

1128 538 1247 571 Crebro
1273 544 1299 571 et
1328 550 1458 582 magnae
1489 540 1650 573 charitatis
1674 540 1827 583 significa-

1084 590 1167 623 tione
1185 591 1364 635 alloquatur
1388 593 1510 633 fratres‚
1529 604 1701 638 eorumque
1722 603 1826 627 neces-

1084 644 1227 677 sitatibus
1247 656 1309 677 non
1327 646 1422 678 animi
1442 652 1559 679 tantum
1579 647 1630 679 sed
1649 648 1740 680 etiam
1759 659 1826 680 eor-

1084 698 1170 740 poris
1185 704 1316 741 paterno
1333 700 1465 733 affectu¹
1488 701 1669 744 prospiciat.

1128 751 1245 784 Habeat
1271 753 1441 787 inventaria
1472 754 1651 786 utensilium
1684 754 1824 786 omnium

1083 804 1262 837 officialium
1296 816 1425 838 suorum
1455 807 1622 850 separatim
1647 807 1824 850 descripta,

1083 862 1116 888 ut
1140 867 1175 889 ea
1193 858 1281 890 nox-is
1305 859 1455 893 ministris
1470 860 1578 901 tradat,
1597 866 1623 893 ct
1644 861 1760 893 exactis
1777 871 1825 892 eo-

1083 920 1153 942 rum
1179 911 1290 943 officiis
1324 918 1461 955 repetat;
1488 913 1600 945 habeat
1632 914 1750 946 clavem
1785 914 1823 945 ita

1084 963 1295 1005 fabrefactam,
1314 971 1357 1007 ut,
1375 977 1446 998 eum
1469 966 1624 999 ridebitur
1641 967 1709 1007 sibi,
1731 968 1825 999 cellas

1083 1027 1192 1050 omnes
1210 1028 1353 1051 reserare
1371 1020 1478 1062 possit,
1493 1025 1523 1052 et
1536 1025 1704 1063 propterea
1720 1022 1825 1053 nullus

1083 1071 1204 1113 cellam,
1220 1072 1313 1105 etiam
1327 1078 1433 1113 noctu,
1450 1073 1489 1105 ita
1504 1073 1637 1113 claudat,
1651 1074 1725 1118 quin
1744 1085 1824 1106 seni—

1082 1136 1138 1169 per
1154 1136 1171 1158 a
1189 1126 1353 1169 superiore
1371 1127 1470 1170 possit
1487 1127 1614 1171 aperiri.

1127 1179 1278 1222 Superior
1303 1180 1396 1213 liuius
1425 1182 1607 1214 monasterii
1634 1182 1769 1225 eligatur
1795 1184 1845 1238 in¹
1869 1192 1896 1211 t*-
1917 1199 2006 1217 wem

1082 1234 1219 1277 capitulo
1245 1235 1383 1276 generali
1405 1235 1452 1267 vir
1470 1236 1539 1278 pins
1556 1241 1585 1268 et
1603 1236 1754 1274 eruditus,
1771 1238 1822 1280 qui
1841 1225 2023 1292 ·;·¹='¹¹'2T1'1¹:¹⁸1;f‹'›f{..l{

1856 1282 1862 1292 ,⁷
1863 1280 1901 1291 ......
1907 1279 1920 1291 μ

1081 1287 1197 1330 prioris
1211 1287 1386 1321 claustralis
1407 1288 1544 1320 absentis
1560 1289 1604 1321 rel
1625 1289 1765 1333 impediti
1780 1291 1823 1322 vi-
1841 1282 1843 1290 ¹

1081 1350 1142 1382 ees,
1161 1339 1270 1374 eadem
1291 1352 1352 1384 qua
1370 1341 1420 1373 ille
1438 1343 1633 1383 auctoritate,
1652 1348 1749 1386 gerat.

1126 1394 1419 1439 Praeceptoriarum
1449 1407 1522 1429 vero
1548 1402 1577 1428 et
1602 1397 1734 1429 aliarum
1767 1397 1823 1430 do-

1082 1458 1207 1481 morum
1241 1449 1422 1492 superiores
1452 1449 1586 1482 ricarios
1617 1450 1675 1482 sibi
1706 1451 1823 1483 consti-

1082 1507 1177 1542 tuam,
1188 1503 1295 1546 eisque
1306 1513 1377 1535 suas
1389 1503 1470 1535 vices
1483 1504 1679 1538 committere
1694 1504 1823 1547 possint,

1081 1556 1160 1589 sieut
1183 1562 1210 1589 et
1239 1557 1307 1589 illos
1333 1567 1489 1597 amovere,
1516 1568 1586 1590 enm
1613 1558 1759 1601 expedire
1784 1559 1824 1590 ii-

1080 1609 1200 1650 derint;
1226 1611 1286 1643 illis
1318 1616 1441 1653 tamen,
1467 1611 1519 1643 ubi
1553 1612 1734 1655 superiores
1764 1612 1822 1655 ipsi

1081 1665 1275 1704 morent.ur²‚
1291 1675 1398 1698 curam
1418 1666 1513 1698 totius
1531 1666 1664 1698 familiae
1682 1666 1824 1698 commit-

1082 1719 1185 1759 timus,
1199 1718 1298 1751 donee
1308 1719 1346 1751 de
1361 1719 1524 1762 superiore
1541 1720 1635 1752 fucrit
1652 1720 1823 1763 provisum,

1080 1782 1160 1815 quos
1185 1772 1361 1813 hortamur,
1379 1778 1413 1805 ut
1433 1773 1521 1815 gregi
1548 1773 1697 1816 prodesse
1723 1774 1822 1816 magis

1080 1835 1174 1868 quam
1187 1835 1333 1869 praeesse
1348 1836 1443 1869 opere
1457 1831 1487 1858 et
1500 1826 1646 1869 exemplo
1660 1831 1821 1859 conentur.

1124 1879 1286 1921 Magistri
1304 1879 1497 1912 novitiorum
1515 1879 1627 1912 electio
1645 1879 1725 1912 inter
1742 1880 1825 1923 prio·
1839 1887 1972 1934 n.›¹-s'1f.n¹<'.1'1..'
1997 1895 2000 1906 ι

1080 1943 1130 1965 res
1146 1932 1261 1966 iudicio
1276 1933 1405 1977 capituli
1421 1933 1578 1976 generalis
1592 1934 1643 1965 siat
1658 1933 1724 1966 sine
1738 1944 1824 1977 prae-
1841 1948 1912 1960 -wwn

1082 1986 1196 2019 iudicio
1212 1987 1368 2020 maiorum
1386 1988 1600 2031 superiorum,
1615 1992 1644 2020 ut
1662 1987 1706 2021 sie
1723 1988 1823 2030 magis

1082 2039 1184 2072 idonei
1206 2040 1326 2073 facilins
1344 2041 1416 2083 eligi
1442 2046 1573 2084 quean12
1600 2041 1674 2074 socii
1701 2051 1775 2073 vero
1795 2041 1823 2073 iu

1081 2092 1288 2135 adiutorium,
1318 2105 1388 2127 cum
1414 2095 1581 2127 necessarii
1610 2095 1669 2127 illis
1693 2095 1822 2135 fuerint,

1080 2157 1097 2179 a
1122 2147 1261 2190 generali
1286 2148 1450 2191 superiore
1475 2153 1505 2180 et
1529 2148 1748 2181 definitoribus
1768 2159 1824 2192 per

1081 2206 1200 2233 secreta
1225 2200 1374 2244 suffragia
1400 2201 1489 2234 electi
1516 2201 1727 2235 instituantur.

1125 2254 1244 2287 Horum
1270 2258 1373 2288 autem
1395 2255 1545 2295 omnium,
1565 2255 1683 2288 scilieet
1708 2255 1842 2305 prioris¹
1866 2264 1938 2279 emm*
1955 2262 2021 2281 mm

1848 2288 1955 2307 immina.

1081 2307 1276 2341 claustralis⁴
1301 2312 1329 2341 et
1360 2307 1427 2341 eius
1459 2308 1651 2351 superioris,
1677 2307 1820 2340 definito-

1116 2417 1125 2442 1
1145 2415 1215 2442 Edit.
1232 2415 1311 2442 Maia.
1329 2415 1394 2450 legit
1407 2416 1506 2450 ellectu
1521 2417 1558 2449 (n.
1576 2417 1625 2451 r.).

1114 2461 1130 2488 Ξ.)
1149 2460 1264 2488 Videtur
1288 2461 1454 2489 morientur
1479 2461 1568 2496 potius
1593 2469 1652 2488 esse
1678 2461 1820 2495 legendum

1078 2511 1117 2540 (a.
1128 2508 1176 2538 Τ.>.

1114 2551 1129 2578 3
1146 2550 1237 2578 Potius
1252 2550 1396 2586 legendum
1415 2551 1622 2585 iiiam'strorum
1638 2551 1736 2585 (1‹.T.),

1113 2597 1129 2622 4
1152 2596 1228 2622 Adde
1254 2595 1333 2623 tertia
1361 2595 1512 2622 necessaria
1537 2597 1625 2622 huius
1649 2597 1819 2624 winienstrrlc'

1076 2642 1116 2676 (ir
1134 2642 1180 2674 12).

1839 223 1887 249 An.
1905 222 1932 249 C.
1956 224 2022 250 1⁶:34
