2248 3229
141 249 188 277 An.
207 249 235 277 C.
258 249 326 277 1635

166 1747 278 1767 morando
296 1746 322 1767 ad

141 1779 162 1793 se
178 1779 265 1795 causa«.
281 1779 322 1793 om·

140 1805 176 1820 nes
202 1803 323 1820 controver-

139 1832 192 1846 siam
201 1829 283 1851 penitus
292 1832 324 1846 rx·

139 1853 222 1878 tinguit.

946 253 1087 277 t'ttBANtts
1113 253 1168 277 vm
1193 254 1240 277 PP.

336 297 446 341 positis
465 307 518 330 seu
536 298 710 341 praetensis
726 299 846 333 delictis
863 306 971 333 contra
992 311 1078 333 eum-
1094 307 1098 327 t
1112 301 1292 334 huiusmodi
1310 310 1419 334 causas
1432 305 1459 333 et
1475 298 1631 334 molestias
1649 309 1744 342 super
1760 309 1851 342 prae-

336 348 406 382 dem
432 349 629 394 Onuphrium
656 351 818 394 Legazam,
833 353 990 396 rebusque
1007 353 1075 385 aliis

342 402 371 434 in
405 403 481 435 actis
514 414 625 437 causae
650 410 679 437 et
703 415 868 438 causarum
899 406 1077 443 huiusmodi

336 454 428 488 latius
452 455 604 497 deductis,
628 457 734 490 habita
760 459 851 491 suerit
875 459 1078 502 congregatio

335 507 385 540 die
410 518 487 542 xviii
519 510 626 554 aprilis
659 511 834 554 praesentis
865 512 936 544 anni
971 523 1077 545 coram

335 827 547 862 cardinalibus
559 829 682 864 Ginetto
694 832 866 875 respective
879 831 1076 875 nuncupatis,

336 890 372 913 ac
398 881 520 915 dilectis
544 882 616 916 siliis
641 883 754 918 Ioanne
785 884 920 929 Baptista
945 884 1078 918 Coccino

337 939 367 967 et
392 935 568 970 Alexandro
592 936 785 980 Buccabella,
812 938 1004 982 cappellanis
1025 948 1079 971 no-

335 989 408 1021 stris
433 993 462 1023 et
487 1000 652 1024 causarum
678 991 782 1035 palatii
806 991 968 1035 apostolici
995 991 1079 1025 audi-

335 1043 468 1084 toribus,
493 1054 510 1076 a
535 1044 627 1077 nobis
648 1055 745 1089 super
763 1045 945 1089 praemissis
963 1045 1078 1089 specia-

336 1095 406 1129 liter
424 1096 597 1141 deputatis;
615 1101 644 1132 et
661 1098 692 1130 in
709 1098 817 1131 eadem
832 1098 1078 1142 congregatione

336 1149 489 1183 loannnes
510 1150 645 1195 Baptista
663 1161 698 1184 ac
715 1151 897 1196 Onuphrius
914 1152 1077 1196 praedicti,

336 1213 510 1248 eorumque
520 1210 744 1248 procuratores
757 1211 785 1239 et
800 1206 940 1239 advocati
960 1206 1078 1250 pluries

335 1256 423 1300 prius
448 1257 540 1291 etiam
559 1258 590 1291 in
607 1258 853 1293 contradictorio
873 1259 980 1301 auditi,
1001 1259 1078 1292 scri-

337 1315 511 1355 pturaeque
528 1312 792 1356 quamplurimae,
813 1312 886 1346 hinc
905 1312 975 1345 inde
992 1312 1077 1346 exhi-

336 1362 429 1405 bitae,
451 1364 544 1406 visae,
564 1375 599 1398 ac
619 1366 791 1409 negotium,
809 1365 862 1398 diu
882 1370 1078 1410 matureque,

337 1416 578 1461 diligentissime
602 1428 792 1462 perpensum
816 1429 850 1452 ac
868 1419 1077 1452 examinatum

337 1523 421 1556 tione
450 1524 636 1558 meritorum
662 1534 697 1557 ac
717 1529 815 1557 status
831 1534 944 1558 causae
961 1530 991 1557 et
1007 1535 1079 1557 cau—

338 1587 443 1610 sarum
457 1577 638 1610 huiusmodi
656 1588 714 1621 per
729 1578 854 1611 eosdem
871 1578 1078 1617 Desiderium,

337 1683 510 1716 cardinales
533 1684 710 1728 praedictos
734 1684 825 1717 nobis
850 1685 946 1725 faeta;

381 1737 396 1780 ξ
419 1737 448 1770 2.
484 1737 530 1770 Ad
555 1737 707 1770 tollendas
739 1737 930 1781 discordias,
956 1739 1025 1772 lites
1051 1745 1079 1772 et

339 1791 590 1831 controversias,
614 1801 693 1834 quae
725 1791 755 1824 in
786 1792 968 1835 praemissis
993 1799 1078 1825 ortae

339 1843 451 1876 suerint
477 1849 507 1876 et
530 1844 561 1876 in
586 1844 652 1877 dies
676 1844 752 1878 oriri
774 1851 914 1889 possunt,
933 1856 994 1879 non
1013 1847 1078 1879 sine

339 1950 488 1983 trimento
506 1950 607 1983 dictae
628 1951 820 1994 provinciae,
837 1957 867 1984 et
891 1954 1077 1986 eorumdem

339 2066 510 2101 prosperae
541 2057 680 2090 eiusdem
712 2058 892 2101 provinciae
922 2059 1078 2101 guberna-

339 2109 414 2143 tioni
436 2111 599 2144 consulere
617 2111 767 2152 volentes,
787 2122 821 2144 ac
840 2117 952 2144 statum
972 2118 1000 2144 et
1018 2123 1096 2145 mew

338 2162 398 2196 rita
422 2174 533 2197 causae
557 2170 588 2197 et
613 2175 778 2198 causarum
805 2165 1001 2206 huiusmodi,
1023 2175 1096 2198 no·-

340 2216 484 2261 minaque
511 2222 540 2252 et
564 2219 752 2262 cognomina
778 2219 916 2251 iudicum
942 2224 971 2251 et
995 2219 1080 2252 colli-

339 2270 515 2313 tigantium,
541 2272 662 2315 aliaque
687 2272 780 2304 etiam
806 2272 855 2305 liic
881 2272 918 2305 de
943 2266 1096 2305 necessi-¹

339 2329 400 2356 tate
425 2324 640 2368 exprimenda,
665 2326 883 2369 praesentibus
908 2337 966 2370 pro
988 2326 1078 2370 plene

340 2382 369 2409 et
394 2377 584 2411 sufficienter
609 2379 766 2422 expressis
798 2379 966 2420 habentes,
992 2385 1079 2413 motu

340 2431 483 2475 proprio,
507 2441 569 2464 non
594 2431 631 2464 ad
649 2432 780 2465 alicuius
797 2432 886 2466 nobis
907 2443 1000 2477 super
1021 2431 1097 2467 boc⁴

340 2483 461 2517 oblatae
486 2485 644 2528 petitionis
661 2485 850 2525 instantiam,
869 2486 921 2519 sed
939 2496 974 2518 ex
997 2489 1080 2530 certa

1094 345 1216 395 3missis
1240 359 1269 387 et
1295 354 1419 387 illarum
1451 352 1616 387 occasione
1646 352 1779 386 civiliter
1802 352 1850 384 vel

1094 398 1318 439 'criminaliter
1341 407 1491 440 hactenus
1516 405 1752 450 quomodolibet
1783 416 1850 438 mo-

1094 450 1156 510 }tas
1181 465 1209 491 et
1234 460 1413 503 pendentes,
1439 471 1492 493 seu
1518 470 1597 503 quae
1626 459 1762 503 desuper
1786 469 1852 491 mo-

1094 511 1175 557 }veri
1201 518 1337 555 possent,
1362 523 1433 545 cum
1459 513 1606 546 omnibns
1634 512 1698 545 suis
1722 511 1851 544 annexis

335 561 456 595 dilectis
487 563 559 596 siliis
589 564 704 596 nostris
731 564 894 598 Desiderio
918 565 946 598 S.
973 564 1141 609 Caroli.]et
1166 565 1435 608 dependentibus,
1465 566 1503 599 ad
1535 576 1592 599 nos
1624 566 1736 598 barum
1769 565 1850 598 serie

335 614 373 647 de
397 615 559 655 Cremona,
585 626 619 649 ac
645 616 839 659 Bet-lingerio
864 618 892 651 S.
911 618 1076 660 Augustini
1094 618 1095 639 l
1111 624 1295 659 avocantes,
1323 619 1373 651 itta
1399 619 1523 663 penitus
1555 619 1782 661 extinguimus,
1814 627 1850 650 ac

335 667 467 712 Gypsim
493 675 522 702 et
552 669 700 703 Laudivio
725 670 754 703 S.
780 671 861 704 Petri
887 671 924 703 ad
949 671 1077 703 Vincula
1094 670 1095 682 ’
1112 671 1259 705 fratribus
1280 672 1449 715 praedictis
1466 679 1495 705 et
1512 672 1764 716 quibuscumque
1782 671 1851 704 aliis

335 721 497 755 titulorum
515 722 543 756 S.
559 723 634 757 Sixti
652 724 853 768 presbyteris,
869 735 989 758 necnon
1004 725 1079 758 Mar-
1094 722 1096 734 '⁴

335 774 378 808 tio
410 774 438 808 S.
465 776 574 819 Angeli
608 777 638 809 in
673 778 740 811 soro
766 778 900 811 Piscium
926 778 1095 819 diaconos

1111 724 1262 758 interesse
1276 725 1473 765 habentibus,
1491 735 1545 758 seu
1563 725 1850 769 praetendentibus,

1111 784 1296 822 perpetuum
1312 789 1407 822 super
1420 779 1600 822 praemissis
1617 778 1775 811 silentium
1796 778 1852 810 im-

1111 831 1268 874 ponimus,
1293 842 1414 865 necnon
1432 831 1579 865 omnibus
1597 837 1626 865 et
1643 831 1774 874 singulis
1794 831 1852 864 sra-

1111 884 1212 917 tribus
1236 885 1434 919 Discalceatis
1459 885 1647 929 praedictis,
1672 885 1850 918 cuiuscum-

1111 948 1172 981 que
1197 939 1385 972 conditionis
1409 949 1463 972 seu
1488 938 1604 981 gradus
1628 939 1771 979 existant,
1791 938 1850 971 sub

1112 995 1282 1035 praecepto
1305 996 1429 1024 sanetae
1454 991 1648 1025 obedientiae
1673 997 1703 1024 et
1727 991 1786 1024 sub
1803 1001 1852 1024 ex·

1111 1044 1416 1086 communicationis,
1429 1055 1465 1078 ac
1481 1044 1664 1089 privationis
1679 1044 1763 1078 vocis
1779 1044 1852 1078 acti-

1112 1108 1167 1132 vae
1191 1104 1221 1131 et
1256 1099 1397 1142 passivae
1430 1102 1552 1132 necnon
1577 1108 1852 1142 quorumcumque

1111 1152 1287 1185 officiorum
1317 1163 1396 1196 quae
1421 1152 1583 1194 obtinent,
1608 1162 1644 1185 ac
1679 1157 1851 1196 perpetuae

1111 1205 1315 1239 inhabilitatis
1332 1205 1370 1239 ad
1387 1206 1438 1238 illa
1451 1211 1481 1239 et
1497 1206 1557 1238 alia
1574 1206 1782 1250 imposterum
1801 1205 1852 1238 ob-

1112 1259 1246 1300 tinenda,
1265 1259 1375 1303 poenis
1394 1269 1432 1292 eo
1453 1259 1520 1303 ipso
1538 1258 1746 1299 incurrendis,
1766 1269 1854 1303 prae-

1111 1313 1246 1357 cipimus
1262 1318 1292 1346 et
1311 1313 1506 1353 mandamus,
1524 1323 1562 1345 ne
1579 1312 1617 1345 de
1634 1317 1739 1346 cetero
1753 1311 1853 1346 dictae

1111 1366 1292 1410 provinciae
1317 1366 1429 1399 fratres
1446 1365 1627 1399 huiusmodi
1647 1366 1716 1399 lites
1734 1371 1763 1399 et
1783 1376 1854 1399 con-

1094 1419 1291 1467 itroversias,
1316 1419 1425 1463 quavis
1449 1419 1630 1461 occasione,
1656 1420 1772 1460 causa,
1798 1429 1853 1452 seu

337 1471 511 1514 respective
529 1471 661 1504 suerint:
682 1482 749 1512 nos,
767 1472 871 1505 audita
891 1472 985 1516 plena
1003 1472 1079 1505 rela-
1094 1471 1096 1502 ζ

1113 1478 1287 1516 praetextu,
1312 1472 1430 1505 directe
1456 1473 1502 1505 vel
1527 1472 1694 1512 indirecte,
1719 1472 1853 1505 civiliter

1094 1526 1160 1567 {vel
1186 1527 1402 1567 criminaliter,
1428 1537 1484 1570 per
1508 1537 1559 1567 se,
1584 1526 1631 1558 vel
1656 1525 1734 1558 alios
1757 1535 1853 1569 quos-

1095 1604 1097 1618 ,.
1113 1589 1259 1623 cumque,
1274 1589 1399 1613 movere
1418 1579 1463 1612 vel
1482 1578 1629 1622 prosequi
1650 1578 1779 1622 possint,
1795 1588 1853 1610 nec

338 1629 566 1673 Berlingerium
598 1640 632 1662 ac
666 1631 848 1663 Laudis-ium
874 1636 903 1663 et
933 1631 1096 1663 Martium*

1113 1633 1194 1665 inter
1219 1643 1251 1665 se
1278 1632 1457 1675 molestari,
1483 1632 1596 1675 affligi,
1621 1632 1726 1676 aliqua
1751 1634 1853 1676 poena

1095 1692 1096 1696 ’
1113 1685 1203 1727 affici,
1229 1696 1284 1718 seu
1309 1686 1476 1719 molestare
1494 1686 1595 1718 facere
1614 1684 1853 1729 quomodolibet

1094 1739 1247 1782 ,audeant
1280 1749 1334 1772 seu
1366 1744 1567 1783 praesumant
1602 1738 1853 1782 praemissorum

1113 1792 1294 1833 occasione,
1321 1793 1441 1836 ipsique
1473 1791 1637 1836 Onuphrio
1661 1796 1691 1826 et
1715 1792 1784 1825 aliis
1809 1791 1854 1824 illi

1094 1845 1357 1878 {adhaerentibus
1383 1846 1420 1889 (si
1446 1845 1498 1889 qui
1525 1845 1586 1878 sint
1614 1844 1772 1889 absentes)
1798 1854 1854 1889 pa—

339 1897 475 1930 maxima
488 1898 713 1941 inquietudine,
730 1899 964 1942 perturbatione
984 1905 1013 1934 et
1026 1900 1077 1933 de·
1094 1909 1095 1919 ¹

1113 1899 1190 1932 riter
1214 1899 1411 1940 mandamus,
1436 1904 1469 1931 ut
1495 1898 1574 1931 infra
1599 1903 1662 1932 tres
1687 1908 1812 1931 menses
1837 1909 1855 1931 a

1112 1952 1182 1985 data
1208 1952 1418 1996 praesentium
1439 1952 1511 1996 (nisi
1529 1952 1643 1985 dilecto
1661 1951 1726 1985 filio
1743 1956 1854 1985 nostro

339 2003 562 2046 religiosorum
588 2004 654 2048 paci
681 2010 707 2037 et
734 2004 852 2048 quieti,
879 2005 1022 2049 felicique
1043 2003 1095 2039 acl

1113 2006 1280 2040 Francisco
1296 2006 1325 2039 S.
1342 2007 1501 2039 Laurentii
1522 2006 1553 2039 in
1572 2006 1705 2040 Damaso
1722 2005 1854 2039 diacono

1113 2059 1263 2092 cardinali
1288 2059 1460 2093 Barberino
1484 2064 1680 2103 nuncupato,
1706 2059 1734 2092 S.
1761 2059 1794 2092 R.
1821 2059 1852 2092 Ε.

1113 2112 1379 2155 vicecancellario,
1397 2118 1506 2146 nostro
1535 2112 1705 2146 secundum
1727 2122 1853 2145 carnem

1113 2176 1149 2198 ex
1175 2166 1271 2198 fratre
1302 2176 1454 2209 germano
1485 2166 1607 2210 nepoti,
1632 2166 1706 2199 dicti
1730 2165 1855 2200 Ordinis

1113 2219 1196 2262 apud
1221 2229 1278 2252 nos
1306 2224 1335 2252 et
1359 2219 1571 2262 Apostolicam
1603 2218 1715 2252 Sedem
1748 2224 1855 2263 prote-

1113 2273 1191 2306 ctori
1209 2273 1298 2306 aliter
1311 2272 1481 2316 videbitur)
1497 2273 1542 2307 ut'
1561 2273 1599 2306 ad
1617 2284 1705 2306 suam
1720 2272 1853 2306 debeant

1095 2321 1254 2366 [remeare
1294 2326 1488 2371 provinciam
1508 2355 1515 2368 ‚
1551 2326 1691 2360 districte
1725 2327 1851 2370 pracci—

1114 2379 1227 2423 piendo
1251 2379 1390 2412 eiusdem
1425 2380 1605 2424 provinciae
1636 2380 1855 2424 superioribus

1114 2438 1143 2466 et
1168 2433 1326 2475 fratribus,
1353 2438 1385 2466 ut
1412 2433 1499 2466 illum
1525 2443 1579 2466 seu
1599 2434 1668 2467 illos
1687 2433 1849 2478 recipiant,

1114 2497 1149 2519 ac
1173 2497 1244 2518 eum
1269 2486 1408 2529 aliosque
1434 2487 1556 2528 fratres,
1581 2487 1632 2530 qui
1654 2487 1681 2520 ei
1711 2486 1855 2521 adbaese-

341 2537 468 2570 scientia
493 2549 527 2571 ac
554 2540 676 2572 matura
701 2538 926 2572 deliberatione
955 2539 1080 2579 uostris,
1114 2545 1197 2579 runt,
1223 2539 1343 2572 etiamsi
1374 2540 1482 2583 poenis
1507 2540 1664 2583 aliquibus
1689 2541 1854 2575 occasione.

341 2589 441 2634 deque
466 2591 658 2634 apostolicae
683 2591 845 2634 potestatis
876 2591 1079 2635 plenitudine,
1096 2615 1097 2635 3
1115 2593 1360 2636 praemissorum
1386 2598 1511 2636 possent
1535 2593 1630 2635 affici,
1657 2604 1711 2627 seu
1738 2593 1854 2628 conde-

341 2653 450 2677 omnes
484 2650 512 2677 et
546 2654 759 2688 quascumque
793 2639 1099 2689 controversiaruml
1152 2655 1315 2682 1Particuta
1334 2658 1363 2683 ιιι
1379 2655 1446 2683 mate
1461 2656 1576 2692 repetita
1592 2658 1627 2691 [a.
1645 2659 1692 2691 τ,).

1750 241 1813 276 499
1859 251 1908 278 An.
1929 249 1958 278 c.
1980 250 2049 278 1635
