2226 3235
151 235 203 263 An.
220 234 250 262 C.
274 234 342 262 1629

174 938 287 959 concessio
299 938 335 958 eli-

152 966 213 991 gendi
230 965 335 985 consessa·

153 993 204 1012 rium
215 997 260 1012 cum
272 991 335 1011 sacul-

152 1019 237 1043 tatibus,
249 1020 268 1038 ut
286 1018 327 1039 liic.

967 234 1109 258 URBANUS
1133 233 1190 257 VIII
1213 233 1263 257 Pr.

348 281 557 326 regularibus,
582 282 675 315 etiam
700 282 731 315 in
756 292 882 315 carcerc
908 286 960 316 aut
985 283 1014 314 in
1041 292 1089 315 ca-

347 336 488 380 ptivitate
513 335 727 376 existentibus,
745 337 792 368 vel
814 335 918 379 aliqua
945 335 1089 379 corporis

349 389 531 422 infirmitate
555 399 610 422 seu
635 389 695 423 alio
721 400 921 433 quocumque
952 388 1085 432 impedi-

349 448 455 476 mento
479 442 634 483 detentis,
667 443 718 486 qui
751 454 845 487 supra
870 453 1017 486 expressa
1042 441 1089 474 vel

350 506 460 530 eorum
485 496 588 541 aliqua
620 502 780 541 praestare
805 497 1023 541 nequiverint,
1056 501 1090 528 ut

350 550 573 591 confessarius,
598 561 709 594 quem,
735 548 768 583 ut
794 551 892 592 insi-a,
919 549 1089 593 elegerint,

351 603 394 636 eis
413 604 573 648 praedicta
587 605 692 637 omnia
713 608 742 638 et
763 605 896 647 singula,
914 604 961 636 vel
980 613 1089 637 eorum

350 656 463 701 aliqua,
489 657 521 690 in
545 658 604 690 alia
629 658 752 701 pietatis
773 669 870 702 opera
886 663 1091 696 commutare,

350 711 398 744 vel
415 711 447 743 iu
460 711 545 744 aliud
570 712 749 755 proximum
772 718 896 755 tempus
916 709 1091 755 prorogai'e

350 764 456 807 possit,
483 774 582 808 eaque
607 765 782 808 iniungere,
807 775 886 809 quae
910 764 968 808 ipsi
989 764 1093 808 poeni-

351 823 451 851 tentes
476 819 602 852 efficere
627 824 786 864 poterunt,
810 819 927 864 pariter
946 818 1092 852 concedi-

352 882 422 904 mus
448 876 478 905 et
502 872 710 916 indulgemus.

396 926 411 969 ἓ
428 925 456 958 5.
475 925 643 970 Cupientes
660 931 764 960 autem
780 935 889 959 omnes
908 924 1094 959 christifide-

352 979 396 1011 les
412 979 583 1023 participes
597 979 666 1012 fieri
680 979 773 1012 huius
786 978 1008 1023 pretiosissimi
1025 979 1091 1012 the-

352 1032 446 1074 sauri,
458 1032 612 1066 universis
626 1038 656 1065 et
669 1033 800 1076 singulis
815 1033 978 1076 utriusque
992 1042 1093 1072 sexus,

352 1090 414 1117 tam
429 1085 517 1118 laicis
530 1084 641 1129 quam¹
656 1086 885 1128 ecclesiasticis,
899 1085 1094 1119 secularibus

352 1144 383 1172 ct
406 1139 616 1181 regularibus,
641 1139 778 1172 cuiusvis
802 1139 937 1181 Ordinis,
962 1149 1095 1182 congre-

352 1192 486 1234 gationis
504 1197 533 1225 et
554 1192 697 1230 instituti,
714 1193 872 1226 licentiam
893 1193 1095 1226 concedimus

352 1250 383 1278 et
406 1245 587 1278 facultatem
612 1246 733 1286 damus,
758 1252 793 1279 ut
816 1246 874 1279 sibi
891 1247 929 1279 ad
950 1247 1034 1279 hunc
1052 1247 1095 1279 es-

353 1299 467 1331 sectum
485 1299 603 1342 eligere
620 1299 741 1342 possint
761 1310 993 1343 quemcumque
1012 1310 1097 1343 pres—

353 1354 499 1397 byterum
536 1354 762 1386 confessarium
779 1381 786 1393 ‚
823 1359 884 1386 tam
922 1354 1096 1387 secularem

354 1417 449 1449 quam
474 1407 611 1440 cuiusvis
637 1407 761 1440 Ordinis
782 1408 971 1450 regularem,
990 1417 1026 1440 ex
1044 1418 1098 1451 ap-

354 1460 494 1503 probatis
515 1471 531 1493 a
547 1461 691 1493 locorum
713 1460 897 1501 Ordinariis,
918 1460 971 1503 qui
989 1470 1042 1493 eos
1059 1459 1097 1492 ab

355 1514 502 1547 omnibus
522 1514 865 1555 excommunicationis,
884 1514 1097 1557 suspensionis

355 1572 385 1599 et
401 1567 469 1600 aliis
487 1567 706 1600 ecclesiasticis
721 1567 883 1600 sententiis
898 1572 927 1599 et
945 1568 1096 1609 censuris,

355 1630 371 1652 a
396 1620 465 1653 iure
489 1621 537 1653 vel
562 1621 601 1653 ab
626 1621 765 1662 homine,
790 1621 900 1664 quavis
920 1623 1013 1654 causa
1027 1620 1097 1653 latis

355 1684 411 1707 seu
430 1674 567 1716 inflictis,
588 1685 711 1708 necnon
728 1675 766 1707 ab
783 1675 930 1709 omnibus
949 1676 1097 1719 peccatis,

355 1728 550 1770 excessibus,
575 1729 761 1762 criminibus
788 1734 817 1762 et
841 1729 972 1768 delictis,
997 1739 1097 1772 quan-

356 1783 470 1815 tumvis
490 1783 640 1826 gravibus
664 1787 695 1817 et
718 1783 917 1823 enormibus,
943 1783 1036 1815 etiam
1056 1784 1099 1816 lo-

356 1845 467 1868 corum
490 1835 665 1871 vOrdinariis
690 1836 754 1868 sive
774 1836 864 1869 nobis
882 1841 912 1869 et
932 1836 1002 1869 Sedi
1020 1838 1099 1880 Apo-

356 1889 484 1922 stolicae
499 1916 506 1930 ‚
532 1894 562 1922 et
586 1890 679 1922 etiam
705 1889 736 1921 in
759 1889 871 1923 litteris
903 1889 954 1922 die
978 1890 1098 1923 Coenae

356 1943 480 1976 Domini
503 1943 565 1986 legi
586 1943 685 1976 solitis
705 1943 869 1983 contentis,
890 1947 919 1975 et
944 1943 1019 1976 alias
1040 1953 1099 1987 per

356 2006 571 2040 quascumque
584 2001 707 2029 nostras
724 2001 777 2028 aut
791 1996 1008 2029 Romanorum
1022 1996 1099 2029 Pon-

356 2049 477 2082 tificum
489 2049 768 2093 praedecessorum
787 2053 969 2083 nostrorum
988 2049 1100 2082 consti-

357 2103 503 2144 tutiones,
523 2113 657 2147 quarum
676 2108 802 2136 tenores
818 2103 1036 2146 praesentibus
1048 2103 1100 2135 lia-

357 2156 425 2189 beri
438 2157 584 2190 volumus
600 2167 659 2201 pro
673 2157 840 2200 expressis,
854 2156 1100 2200 quomodocum-

358 2220 418 2252 que
441 2211 630 2251 reservatis,
655 2211 686 2243 in
716 2211 784 2244 soro
815 2210 1044 2253 conscientiae,
1070 2215 1097 2244 et

358 2262 417 2296 hac
441 2263 508 2296 vice
530 2268 674 2306 tantum,
705 2273 770 2297 non
795 2269 900 2296 tamen
925 2274 942 2296 a
967 2263 1099 2296 crimine

359 2316 513 2358 haeresis,
538 2317 701 2351 absolvere
729 2323 759 2350 et
787 2317 922 2351 liberare
947 2317 1098 2358 valeant&

359 2376 390 2403 et
410 2370 539 2415 insuper
555 2376 627 2405 vota
643 2382 860 2416 quaecumque
878 2371 1054 2415 (religionis
1071 2375 1101 2404 et

360 2425 510 2458 castitatis
534 2426 684 2470 exceptis)
702 2425 734 2458 in
753 2426 813 2458 alia
832 2426 883 2469 pia
903 2431 933 2458 et
953 2425 1100 2458 salutaria

360 2488 457 2521 opera
480 2484 686 2519 commutare3
711 2479 852 2511 iniuncta
876 2483 980 2511 tamen
1005 2478 1050 2510 eis
1071 2482 1101 2510 et

360 2542 471 2566 eorum
497 2532 625 2565 cuilibet
638 2532 669 2565 in
683 2531 869 2576 supradictis
894 2531 1040 2565 omnibus
1054 2541 1101 2564 ca-

399 2604 408 2631 l
427 2603 525 2631 Partic.
541 2612 629 2639 quam
644 2611 693 2630 nos
708 2602 833 2630 addimus
847 2604 885 2638 (a.
902 2604 949 2637 r).

395 2649 411 2675 2
426 2648 518 2677 Potius
533 2648 652 2685 legerem
666 2649 760 2677 valea!
776 2650 814 2683 (a.
827 2648 874 2682 ππ).

1123 281 1208 314 sibus
1233 279 1447 325 poenitentia,
1472 278 1603 323 aliisque
1629 278 1768 312 eiusdem
1794 288 1865 311 con-

1124 335 1243 367 fessarii
1265 334 1397 366 arbitrio
1422 332 1630 376 iniungendis.

1168 389 1183 432 ξ
1215 388 1244 421 6.
1281 388 1480 431 Quapropter
1512 392 1621 419 tenore
1650 385 1863 430 praesentium

1124 495 1335 539 praecipimus
1349 501 1441 538 atque
1463 495 1649 527 mandamus
1669 493 1818 527 omnibus
1836 497 1866 526 et

1125 548 1380 591 quibuscumque
1398 548 1633 581 venerabilibus
1650 547 1799 581 fratribus
1816 557 1867 590 pa-

1125 602 1283 641 triarchis,
1302 601 1559 646 archiepiscopis,
1579 602 1734 646 episcopis
1748 607 1778 634 et
1800 601 1868 634 aliis

1126 655 1331 688 ecclesiarum
1365 655 1511 698 praelatis
1545 665 1581 688 ac
1616 655 1867 698 quibuscumque

1125 708 1299 742 Ordinariis
1324 708 1477 747 locorum,
1503 718 1677 751 eorumque
1698 707 1822 741 vicariis
1839 712 1869 740 et

1126 762 1322 804 officialibus,
1348 762 1406 802 vel,
1430 762 1467 794 iis
1492 761 1720 801 deficientibus,
1738 760 1798 793 illis
1815 760 1869 803 qui

1127 826 1235 849 curam
1253 816 1429 849 animarum
1447 821 1604 857 exercent,
1621 821 1664 857 ut,
1683 826 1755 849 cum
1779 825 1869 858 prae—

1127 870 1262 903 sentium
1279 870 1455 903 litterarum
1477 874 1674 913 transumpta
1692 874 1744 902 aut
1762 879 1869 902 exem-

1127 924 1178 967 pla
1201 924 1294 957 etiarn
1319 924 1474 967 impressa
1491 923 1681 967 acceperint,
1697 922 1748 955 illa
1765 922 1869 956 statim

1128 977 1246 1021 absque
1271 977 1335 1010 ulla
1361 979 1461 1018 mora,
1478 976 1691 1009 retardatione
1713 976 1759 1009 vel
1776 976 1871 1019 impe-

1128 1031 1268 1065 dimento
1293 1042 1350 1075 per
1375 1042 1446 1064 suas
1472 1030 1619 1064 ecclesias
1644 1035 1673 1063 et
1698 1030 1869 1072 dioeceses,

1128 1086 1317 1129 provincias,
1331 1086 1481 1126 civitates,
1498 1085 1623 1129 oppida,
1642 1090 1742 1117 terras
1756 1089 1786 1117 et
1802 1084 1871 1117 loca

1129 1140 1290 1183 publicent
1310 1145 1339 1172 et
1358 1139 1515 1183 publicari
1530 1139 1652 1181 saciant,
1677 1149 1713 1172 ac
1733 1137 1825 1171 cleris
1843 1143 1873 1170 et

1130 1194 1256 1237 populis
1274 1193 1333 1226 sibi
1349 1193 1497 1226 subiectis
1520 1193 1676 1225 solemnes
1698 1191 1872 1236 processio-

1130 1257 1185 1280 nes
1203 1253 1230 1280 et
1246 1247 1489 1290 supplicationes
1504 1246 1642 1279 indicent
1655 1250 1684 1279 et
1698 1246 1871 1286 celebrent,

1131 1300 1358 1343 ecclesiamque
1384 1310 1437 1332 seu
1463 1299 1611 1332 ecclesias
1634 1298 1803 1331 visitandas
1823 1298 1873 1331 de-

1131 1354 1264 1396 signent.

1177 1407 1191 1450 g
1212 1406 1240 1439 7.
1266 1407 1334 1440 Non
1359 1405 1549 1440 intendimus
1574 1410 1678 1440 autem
1700 1416 1758 1450 per
1779 1415 1871 1450 prae-

1132 1465 1233 1494 sentes
1257 1470 1352 1504 super
1372 1460 1477 1503 aliqua
1495 1460 1728 1502 irregularitate
1746 1459 1872 1503 publica

1132 1514 1179 1546 vel
1204 1513 1336 1554 occulta,
1349 1515 1433 1553 nota,
1451 1513 1583 1553 defectu,
1602 1513 1805 1556 incapacitate
1819 1523 1873 1545 seu

1131 1567 1327 1600 inhabilitate
1341 1566 1566 1610 quoquomodo
1582 1569 1741 1599 contracta
1751 1565 1874 1610 dispen-

1132 1631 1211 1661 sare,
1230 1621 1277 1653 vel
1298 1621 1435 1664 aliquam
1461 1620 1638 1652 facultatem
1661 1619 1799 1652 tribuere
1816 1619 1875 1652 dis—

1131 1674 1283 1718 pensandi
1305 1685 1360 1707 seu
1380 1674 1577 1714 liabilitandi,
1596 1679 1625 1706 et
1650 1674 1680 1706 in
1706 1673 1874 1717 pristinum

1132 1734 1246 1761 statum
1261 1728 1456 1769 restituendi,
1472 1728 1564 1760 etiam
1584 1727 1615 1759 in
1632 1728 1700 1760 soro
1718 1726 1875 1760 conscien-

1132 1782 1208 1821 tiae;
1233 1791 1335 1824 neque
1361 1781 1454 1813 etiam
1480 1780 1606 1813 easdem
1626 1784 1809 1823 praesentes
1827 1780 1874 1819 iis,

1132 1835 1186 1879 qui
1200 1835 1318 1868 anobis
1333 1840 1361 1868 et
1373 1834 1551 1877 Apostolica
1565 1833 1643 1866 Sede
1657 1833 1704 1866 vel
1718 1833 1756 1865 ab
1770 1833 1874 1876 aliquo

1132 1888 1272 1932 praelato
1288 1898 1343 1920 seu
1356 1887 1459 1920 iudice
1473 1886 1683 1920 ecclesiastico
1698 1897 1876 1919 excommu-

1132 1942 1237 1982 nicati,
1252 1942 1407 1985 suspensi,
1423 1940 1590 1980 interdicti,
1606 1951 1660 1973 seu
1674 1940 1750 1972 alias
1764 1940 1794 1972 in
1808 1950 1875 1972 sen-

1133 1996 1244 2028 tentias
1261 2001 1291 2029 et
1315 2005 1465 2028 censuras
1490 1995 1635 2027 incidisse
1653 1994 1802 2027 declarati
1827 1995 1875 2027 vel

1133 2048 1259 2092 publice
1276 2047 1454 2081 denunciati
1478 2047 1605 2089 suerint,
1622 2047 1682 2080 nisi
1703 2047 1784 2080 infra
1801 2052 1877 2079 tem-

1133 2112 1190 2145 pus
1208 2101 1428 2134 celebrationis
1445 2100 1627 2134 huiusmodi
1644 2100 1769 2133 iubilaei
1787 2100 1876 2133 satis-

1134 2155 1264 2187 fecerint
1288 2159 1341 2186 aut
1358 2165 1429 2187 cum
1449 2154 1591 2197 partibus
1608 2152 1876 2193 concordaverint,

1133 2208 1198 2241 ullo
1216 2207 1310 2240 modo
1331 2207 1499 2250 suffragari
1525 2217 1618 2251 posse
1638 2211 1691 2239 aut
1715 2206 1839 2239 debere.

1177 2261 1192 2304 ἓ
1209 2259 1238 2293 8.
1258 2261 1327 2293 Non
1341 2260 1540 2294 obstantibus
1560 2259 1834 2293 constitutionibus
1847 2262 1876 2290 et

1134 2314 1383 2348 ordinationibus
1396 2313 1587 2358 apostolicis,
1605 2313 1790 2356 pracsertim
1812 2311 1877 2355 qui-

1133 2368 1191 2401 bus
1208 2368 1337 2401 facultas
1355 2367 1547 2407 absolvendi,
1565 2366 1596 2399 in
1614 2366 1707 2399 certis
1727 2369 1799 2399 tunc
1825 2374 1876 2397 ex-

1134 2422 1251 2465 pressis
1269 2422 1402 2464 casibus,
1425 2422 1467 2454 ita
1487 2422 1628 2454 Romano
1649 2419 1798 2453 Pontissce
1816 2429 1877 2462 pro

1134 2481 1276 2519 tempore
1293 2475 1435 2508 existenti
1456 2479 1645 2513 reservatur,
1660 2478 1693 2506 ut
1709 2483 1766 2506 nec
1784 2473 1877 2505 etiam

1134 2529 1252 2561 similes
1268 2529 1316 2561 vel
1333 2528 1501 2561 dissimiles
1523 2527 1648 2560 iubilaei
1669 2526 1877 2569 indulgentia-

1134 2593 1205 2615 rum
1219 2587 1249 2614 et
1261 2582 1442 2614 facultatum
1456 2580 1637 2614 huiusmodi
1648 2580 1877 2620 concessiones,

1134 2635 1192 2667 nisi
1217 2634 1255 2667 de
1280 2634 1341 2667 illis
1356 2644 1505 2678 expressa
1525 2634 1643 2667 mentio
1663 2639 1713 2666 aut
1734 2632 1877 2677 specialis

1769 220 1834 254 1115
1880 229 1929 256 An.
1946 229 1974 256 c.
1996 227 2063 256 1629

1925 397 2064 423 Praeceptum

1881 424 1931 444 illud
1956 424 2063 449 publican-

1124 442 1155 474 in
1186 443 1300 474 virtute
1333 446 1457 474 sanctae
1493 440 1690 474 obedientiae
1724 439 1865 472 districte
1881 451 1965 475 aet-ic.

1958 1412 2071 1433 Restrictio

1888 1440 1945 1460 circa
1952 1439 2072 1460 facultatem

1889 1466 2032 1492 dispensandi.

1918 2264 2076 2285 Contrariorum

1892 2294 1988 2312 remotio.
