2221 3224
211 233 263 259 An.
280 235 308 259 c.
332 233 400 260 1630
445 223 510 256 434

408 281 445 313 lis
466 281 596 314 ecclesia
616 281 724 322 fuerat,
742 280 784 314 ibi
802 280 880 313 duos
897 280 1059 313 Societatis
1076 280 1145 313 Iesu

407 334 608 378 presbyteros
633 334 803 373 constituit,
821 333 920 366 donec
944 333 1027 366 bona
1051 333 1147 366 eccle-

407 386 615 427 siasticorum,
640 386 683 419 ibi
707 387 745 418 ab
777 386 943 419 haereticis
975 392 1144 430 usurpata,

407 440 567 481 recognita
591 439 721 479 suerint,
747 439 853 482 eisque
879 440 1047 482 quamdam
1072 451 1146 484 cap-

406 493 520 535 pellam
546 492 619 535 pagi
643 492 680 524 de
705 492 898 533 Pourrieres,
923 504 1017 536 quam
1045 504 1062 526 a
1092 504 1146 537 pa-

407 545 538 577 rochiali
563 545 694 577 ecclesia
718 545 778 578 loci
803 545 841 578 de
866 546 1003 579 Usseaux
1028 546 1145 590 depen-

406 597 488 629 disse
512 603 694 640 acceperat,
719 598 890 640 regendam
915 604 946 631 et
970 598 1147 631 deservien-

406 650 477 682 dam
502 651 676 690 concessit;
698 658 727 684 et
744 663 815 685 cum
834 653 872 685 ad
893 651 1008 696 pagum
1025 653 1063 685 de
1079 654 1146 686 Rua

405 704 597 744 accessisset,
615 704 769 749 illumque
794 706 958 746 visitasset,
979 706 1085 749 ibique
1101 706 1146 738 ni-

405 756 447 788 hil
466 757 549 789 aliud
567 768 661 801 quam
686 759 853 801 quemdam
882 760 985 792 locum
1004 760 1144 803 amplum

405 821 536 843 vacuum
562 812 755 855 reperiisset,
777 813 807 845 in
826 824 889 857 quo
914 814 988 847 olim
1013 814 1145 847 ecclesia

404 864 593 906 parochialis
611 870 641 897 et
661 867 885 899 coemeterium
907 867 980 899 dicti
998 867 1058 900 loci
1079 867 1144 900 exi-

404 918 540 959 stebant,
565 918 643 952 duos
667 920 867 964 presbyteros
891 921 1145 963 congregationis

403 972 568 1005 Doctrinae
603 973 796 1006 Christianae
822 973 943 1016 (donec
979 973 1143 1017 liquidatio

404 1030 570 1065 terrarum,
595 1026 798 1068 decimarum,
820 1032 851 1059 et
880 1027 1014 1060 aliorum
1039 1028 1141 1061 bono-

403 1088 473 1109 rum
488 1078 694 1121 spectantium
705 1079 743 1111 ad
760 1079 875 1112 dictam
890 1080 1054 1112 ecclesiam
1065 1080 1144 1113 facta

403 1130 509 1173 suerit)
527 1131 558 1163 in
575 1131 634 1164 loci
654 1132 836 1165 huiusmodi
854 1133 1086 1176 possessionem
1102 1133 1146 1166 in-

403 1184 500 1225 duxit,
518 1191 547 1217 et
570 1185 607 1217 iis
635 1186 803 1228 quamdam
832 1186 960 1219 domum
988 1187 1087 1220 locari
1104 1187 1143 1220 si-

403 1237 518 1270 militer
547 1239 687 1281 curavit,
712 1239 820 1282 eisque
844 1240 986 1272 omnium
1010 1251 1028 1272 a
1051 1251 1144 1283 paro-

403 1290 496 1323 chiali
529 1291 661 1324 eccelsia
693 1292 767 1324 dicti
802 1293 862 1325 loci
899 1293 1142 1336 dependentium

402 1355 510 1377 «euram
534 1351 564 1378 et
588 1345 906 1387 administrationem,
931 1352 994 1379 tam
1018 1358 1036 1380 a
1062 1358 1143 1391 pago

402 1398 440 1431 de
457 1399 639 1439 TraudeseS,
658 1411 752 1443 quam
770 1411 868 1444 usque
891 1401 930 1433 ad
953 1401 1056 1434 locum
1074 1401 1142 1434 Col-

403 1452 468 1483 lum
492 1451 530 1484 de
553 1452 714 1486 Sistrieres
729 1458 956 1496 nuncupatum,
977 1453 1142 1486 demanda-

404 1505 454 1540 vit:
473 1510 503 1537 et
526 1506 676 1549 posthaec
701 1506 738 1538 ad
763 1517 878 1550 pagum
901 1507 939 1539 de
964 1507 1091 1540 Villaret
1110 1518 1141 1540 se

402 1559 542 1599 contulit,
559 1559 676 1602 ibique,
698 1571 768 1593 cum
794 1561 860 1593 eius
885 1561 1060 1604 cappellam
1076 1562 1140 1594 sere

402 1612 561 1644 ruinosam
586 1613 624 1644 ab
649 1613 816 1646 haereticis
844 1619 1030 1657 occupatam
1055 1625 1141 1658 repe-

402 1664 515 1705 riisset,
533 1665 593 1697 illis
618 1665 688 1698 inde
713 1666 872 1709 expulsis,
898 1677 965 1699 eam
991 1667 1140 1700 fratribus

401 1717 525 1750 Ordinis
543 1718 698 1751 Minorum
716 1719 813 1751 sancti
830 1719 988 1752 Francisci
1005 1720 1141 1764 Cappuc-

401 1771 543 1804 cinerum
557 1777 820 1815 nuncupatorum,
838 1777 1048 1816 opportunam
1066 1784 1139 1806 suae

400 1825 557 1857 missionis
592 1826 768 1858 facultatem
805 1836 901 1869 super
932 1826 992 1859 hoc
1021 1837 1038 1859 a
1062 1827 1139 1860 Sede

399 1878 577 1920 Apostolica
591 1878 749 1910 obtentam
764 1878 994 1919 exhibentibus,
1011 1890 1139 1913 conces—

400 1931 449 1971 sit,
467 1931 600 1974 illisque,
619 1931 719 1964 donec
739 1932 864 1975 aliquod
882 1932 1051 1976 hospitium
1070 1944 1140 1967 con—

400 1990 554 2018 structum
578 1986 626 2026 sit,
655 1997 752 2018 unum
776 1986 959 2019 cubiculum
983 1987 1013 2019 in
1045 1987 1139 2021 domo

400 2040 514 2083 prioris
538 2040 697 2083 prioratus
728 2041 765 2074 de
796 2041 961 2074 Mentoulle
986 2041 1138 2084 assignari

399 2093 528 2125 curavit.
553 2093 671 2131 Quibus
695 2094 839 2137 peractis,
857 2094 1022 2135 ordinavit,
1039 2100 1073 2127 ut
1097 2095 1139 2127 di-

399 2147 439 2178 cti
463 2147 669 2190 professores,
684 2157 729 2180 ·ac
753 2148 873 2189 fratres,
900 2152 929 2180 et
953 2147 1136 2192 presbyteri,

398 2200 429 2232 in
454 2201 510 2232 sua
534 2200 666 2243 quisque
694 2200 853 2240 missione,
885 2201 1057 2242 actualiter,
1086 2207 1138 2234 aut

398 2253 449 2286 alii
474 2264 584 2286 eorum
609 2254 688 2294 loco,
708 2254 847 2287 residere
871 2259 1044 2287 teneantur.
1062 2255 1137 2294 Quia

398 2317 472 2339 vero
487 2306 635 2348 decimae,
650 2312 763 2347 terrae,
777 2312 808 2339 et
831 2307 889 2339 alia
903 2307 982 2339 bona
995 2313 1137 2350 spectan-

398 2359 440 2392 tia
471 2359 508 2392 ad
532 2360 688 2404 parochos
722 2366 752 2393 et
783 2361 1009 2394 ecclesiasticos
1037 2361 1136 2394 dictae

398 2413 486 2445 vallis
510 2417 581 2447 sunt
613 2414 742 2446 omnino
771 2413 873 2447 adhuc
908 2415 946 2446 ab
971 2415 1136 2448 haereticis

397 2477 542 2510 possessa
567 2472 596 2500 et
627 2473 796 2510 usurpata,
831 2478 889 2511 pro
914 2468 1137 2501 sustentatione

399 2520 549 2563 cuiusque
574 2530 611 2552 cx
636 2520 726 2553 dictis
751 2521 951 2554 missionibus
981 2532 1135 2554 summam

399 2577 609 2607 trecentarum
644 2574 797 2607 librarum
832 2580 975 2608 monetae
1009 2575 1135 2608 illarum

398 2626 533 2671 partium
559 2638 576 2660 e
600 2628 740 2671 pecuniis
770 2628 844 2661 dicti
868 2627 1016 2662 Ludovici
1040 2628 1134 2671 regis,

986 233 1165 256 BULLARIUM
1189 233 1344 257 ROMANUM

1180 281 1210 312 in
1224 281 1367 314 manibus
1383 280 1612 325 archiepiscopi
1624 282 1863 323 Ebredunensis,
1881 282 1919 315 ad

1180 333 1326 366 effectum
1351 344 1403 367 eas
1419 335 1480 367 illis
1500 335 1717 377 distribuendi,
1731 335 1918 379 consignan-

1180 387 1261 429 dam,
1277 387 1334 420 sub
1359 388 1432 421 dicti
1456 388 1603 422 Ludovici
1623 390 1707 432 regis
1724 389 1920 433 beneplacito

1180 441 1356 484 assignarim
1375 447 1413 482 et,
1431 442 1470 475 ad
1493 441 1674 475 evitandam
1693 443 1919 483 confusionem,

1180 505 1260 537 quae
1284 494 1361 527 oriri
1392 500 1498 538 posset
1528 496 1610 529 inter
1634 496 1733 529 dictos
1758 496 1919 530 missiona-

1180 547 1253 587 rios,
1271 547 1329 579 sub
1354 551 1462 581 nostro
1486 553 1517 581 et
1540 548 1628 582 Sedis
1653 548 1841 592 apostolicae
1868 549 1919 582 be-

1179 601 1345 644 neplacito,
1366 601 1530 643 ordinavit,
1547 607 1582 635 ut
1598 603 1711 636 fratres
1727 602 1918 646 Cappuccini

1180 653 1361 686 huiusmodi
1393 655 1534 687 omnium
1558 655 1701 688 locorum
1726 665 1834 689 curam
1859 665 1919 698 gc-

1181 710 1258 747 rant,
1275 717 1355 750 quae
1379 717 1396 739 a
1421 707 1596 741 confinibus
1621 708 1720 742 dictae
1744 709 1832 742 vallis
1848 709 1869 741 ἀ
1886 709 1919 741 la

1179 760 1318 793 Perouse
1336 766 1535 804 nuncupatae
1552 772 1651 805 usque
1667 761 1706 794 ad
1730 761 1844 795 dictam
1861 767 1920 794 ter-

1179 823 1246 845 ram
1279 813 1317 846 de
1347 814 1515 847 Mentoulle
1550 815 1773 858 reperiuntur,
1806 815 1919 848 fratres

1180 876 1254 899 vero
1277 867 1423 908 Minores,
1448 867 1486 900 de
1509 867 1711 901 observantia
1734 868 1919 912 nuncupati,

1180 919 1332 962 praedicti
1366 920 1459 963 burgi
1484 920 1522 953 de
1548 921 1738 955 Fenestrelle
1762 924 1792 954 et
1814 931 1916 965 pago-

1179 983 1248 1004 rum
1266 973 1304 1005 ab
1320 973 1385 1006 eius
1401 974 1575 1017 parochiali
1592 974 1723 1008 ecclesia
1740 974 1919 1018 dependen-

1179 1024 1272 1065 tium,
1292 1026 1466 1071 presbyteri
1490 1026 1652 1060 Societatis
1677 1028 1746 1060 Iesu
1769 1027 1864 1070 burgi
1880 1027 1919 1060 de

1178 1079 1326 1120 Usseaux,
1344 1085 1373 1112 et
1396 1080 1469 1123 pagi
1494 1080 1530 1113 de
1551 1081 1745 1121 Pourrieres,
1769 1081 1918 1113 aliorum-

1179 1142 1239 1174 que
1263 1133 1405 1166 locorum
1431 1133 1512 1166 intra
1544 1134 1659 1167 limites
1683 1134 1853 1178 parochiae
1875 1134 1918 1167 di-

1178 1185 1218 1217 cti
1242 1185 1335 1228 burgi
1359 1197 1458 1230 usque
1483 1187 1522 1220 ad
1546 1187 1660 1220 limites
1687 1187 1855 1231 parochiae
1879 1187 1916 1220 de

1178 1239 1245 1271 Ilua
1269 1240 1484 1281 existentium;
1509 1241 1684 1285 presbyteri
1716 1247 1819 1274 autem
1843 1241 1918 1274 Con-

1178 1293 1369 1335 gregationis
1385 1294 1550 1327 Doctrinae
1566 1294 1758 1328 Christianae
1770 1294 1864 1337 burgi
1878 1293 1916 1327 de

1931 233 1982 262 An.
2002 234 2033 262 C.
2049 235 2118 264 1630

1191 1347 1253 1386 lua,
1271 1352 1299 1380 et
1317 1348 1389 1390 pagi
1406 1348 1442 1380 de
1463 1348 1518 1380 des
1542 1349 1719 1388 Traverses,
1737 1352 1767 1381 et
1781 1348 1928 1380 aliorum>

1177 1399 1318 1432 locorum
1335 1400 1434 1433 dictae
1447 1401 1545 1443 vallis,
1567 1412 1666 1445 usque
1686 1401 1724 1434 ad
1740 1401 1844 1434 locum
1861 1401 1916 1436 Col

1176 1452 1214 1485 de
1237 1453 1402 1487 Sistre‘eres
1426 1455 1521 1497 vulgo
1545 1460 1782 1498 nuncupatum,
1806 1465 1914 1487 curam

1176 1506 1318 1539 habeant.
1344 1507 1518 1550 Postremo,
1540 1519 1611 1541 cum
1636 1508 1736 1541 eidem
1765 1508 1917 1552 archiepi-

1175 1569 1282 1602 scopo,
1308 1560 1415 1603 captis‚
1441 1571 1518 1604 quas
1539 1561 1641 1604 potuit
1665 1571 1793 1604 capere,
1821 1561 1915 1594 infor-

1175 1612 1373 1654 mationibus,
1400 1614 1589 1647 constitisset
1620 1615 1651 1646 in
1675 1614 1758 1648 dicto
1785 1614 1855 1647 loco
1875 1614 1914 1647 de

1174 1666 1340 1699 Mentoulle
1369 1667 1543 1710 prioratum
1572 1667 1767 1711 praedictum
1792 1672 1913 1700 tantum

1174 1718 1322 1759 extitisse,
1346 1720 1562 1763 praepositum
1592 1731 1667 1753 vero
1699 1720 1773 1753 dicti
1798 1730 1910 1753 mona-

1174 1772 1259 1804 sterii
1284 1772 1331 1805 ius
1356 1773 1535 1806 conserendi
1560 1774 1734 1817 prioratum
1762 1784 1798 1806 ac
1821 1784 1914 1817 paro-

1174 1825 1288 1858 chiales
1306 1826 1453 1859 ecclesias
1478 1826 1516 1859 de
1541 1827 1758 1867 Fenestrelles,
1775 1827 1913 1860 Usseaux

1174 1884 1203 1912 et
1227 1879 1264 1912 de
1288 1880 1318 1912 la
1342 1881 1408 1912 Rua
1431 1880 1573 1913 locorum
1598 1880 1833 1924 praedictorum
1856 1880 1913 1913 ha-

1174 1934 1258 1973 bere,
1279 1933 1357 1965 nihil
1382 1940 1486 1966 autem
1510 1933 1549 1966 de
1573 1934 1642 1967 aliis
1665 1933 1807 1967 ecclesiis
1830 1934 1913 1968 loco-

1172 1997 1242 2019 rum
1255 1986 1293 2019 ab
1304 1987 1347 2019 eis
1358 1986 1603 2030 dependentium
1617 1987 1644 2019 ei
1657 1987 1823 2031 probatum
1840 1986 1913 2020 suis-

1173 2043 1231 2079 'set;
1250 2039 1326 2083 ipse,
1344 2050 1403 2084 pro
1427 2039 1510 2073 felici
1526 2040 1679 2082 regimine
1695 2039 1795 2073 dictae
1813 2039 1910 2081 vallis,

1172 2093 1291 2136 pariter
1315 2093 1373 2126 sub
1389 2098 1498 2126 nostro
1514 2099 1545 2126 et
1561 2092 1649 2126 Sedis
1665 2092 1844 2136 praedictae
1861 2093 1911 2126 be-

1171 2146 1337 2189 neplacito,
1356 2145 1555 2189 infrascripta
1575 2145 1740 2186 ordinavit,
1756 2145 1909 2179 videlicet:

1170 2199 1259 2237 Quod
1283 2199 1372 2243 prior
1387 2199 1546 2242 prioratus
1562 2198 1599 2231 de
1616 2199 1794 2240 Mentoulle,
1810 2199 1911 2242 ingre-

1171 2252 1258 2285 diens
1282 2252 1512 2296 possessionem
1537 2252 1679 2286 omnium
1704 2253 1909 2296 decimarum,

1171 2311 1337 2348 terrarum,
1363 2312 1536 2350 pratorum,
1554 2312 1584 2339 et
1600 2307 1735 2340 aliorum
1751 2306 1909 2340 bonorum

1170 2359 1208 2392 ad
1233 2359 1378 2392 ecclesias
1396 2360 1592 2403 parochiales
1609 2365 1638 2393 et
1650 2360 1807 2404 cappellas
1820 2370 1910 2404 prae-

1170 2412 1268 2445 dictas
1293 2412 1509 2456 spectantium,
1524 2413 1686 2446 actualiter
1710 2413 1861 2446 residebit
1875 2413 1908 2446 in

1170 2466 1252 2499 dicto
1278 2466 1348 2498 loco
1365 2466 1403 2498 de
1423 2466 1598 2506 Mentoulle,
1619 2466 1807 2510 habebitque
1829 2466 1908 2499 vica—

1169 2520 1263 2560 rium,
1283 2519 1425 2563 quicum
1450 2520 1482 2552 in
1506 2520 1710 2553 deserviendo
1733 2519 1906 2563 parochiali

1169 2574 1318 2606 ecclesiae
1342 2573 1415 2606 dicti
1439 2573 1501 2606 loci
1525 2574 1673 2607 adiuvare
1697 2578 1727 2606 et
1750 2572 1906 2606 mediante

1167 2627 1346 2671 provisione
1370 2632 1495 2661 centum
1519 2633 1549 2662 et
1568 2626 1794 2671 quinquaginta
1813 2626 1906 2660 libra-
