2248 3229
239 206 286 233 An.
309 205 335 231 e.
363 205 427 233 1639
474 198 535 232 750

436 255 522 287 statis
546 255 749 298 plenitudine,
775 255 896 288 dilectis
924 255 996 288 filiis
1028 256 1171 289 ministro

434 308 583 350 generali,
601 308 819 341 commissario
832 309 981 350 generali,
996 319 1031 341 ac
1043 308 1171 352 provin-

434 360 564 393 cialibus
590 367 617 393 et
643 361 772 403 reliquis
797 360 921 394 Ordinis
945 361 1079 394 fratrum
1110 361 1168 394 Mi-

433 424 545 446 norum
568 413 664 446 sancti
681 413 837 446 Francisci
861 414 898 446 de
922 414 1125 447 Observantia
1142 419 1172 446 et

434 467 683 500 Reformatorum
717 472 969 510 nuncupatorum
1007 467 1170 510 praelatis,

433 529 515 552 nunc
540 525 570 552 et
594 530 650 563 pro
669 525 809 563 tempore
830 520 1043 562 existentibus,
1064 521 1096 552 in
1115 521 1172 553 vir-

433 577 496 605 tute
521 576 643 606 sanetae
668 572 872 612 obedientiae,
896 583 931 606 ac
958 573 1015 606 sub
1040 583 1168 606 excom-

432 626 654 659 municationis
668 629 769 670 poena
788 626 855 670 ipso
873 627 953 660 facto
971 627 1170 667 incurrenda,

431 679 642 723 praecipimus
667 686 697 712 et
721 680 915 720 mandamus,
939 691 977 713 ne
995 680 1033 712 ad
1058 681 1171 713 instan-

432 732 504 764 tiam
518 738 547 765 et
560 732 798 776 requisitionem
813 743 1086 776 quarumcumque
1099 743 1171 777 per-

432 795 580 818 sonarum
599 791 660 818 tam
678 786 828 818 laicarum
844 797 936 829 quam
952 786 1172 819 ecclesiastica-

431 848 500 871 rum
517 841 601 871 extra
619 838 736 871 dictum
750 839 896 871 Ordinem
922 840 1171 879 constitutarum,

432 891 524 924 etiam
550 891 759 924 cardinalatus
785 892 904 925 honore
927 897 956 925 et
974 903 1171 937 quacumque

431 944 565 977 seculari
606 945 756 988 dignitate
794 950 823 978 et
861 946 1045 978 excellentia
1078 947 1170 979 etiam

432 997 544 1037 ducali,
559 999 668 1040 regali,
683 998 836 1042 imperiali
861 998 1059 1041 fulgentium,
1073 999 1171 1032 cuivis

432 1051 583 1094 praedicti
609 1051 732 1085 Ordinis
756 1052 904 1095 religioso
922 1053 1016 1085 ullam
1038 1053 1169 1095 gratiam

432 1105 605 1138 concedere
628 1106 674 1138 vel
701 1116 818 1149 poenas
844 1106 963 1149 aliquas
988 1106 1170 1145 remittere,

432 1168 486 1191 seu
511 1158 638 1201 gradus,
659 1159 804 1200 honores,
826 1158 1003 1201 dignitates,
1024 1158 1125 1191 officia
1143 1164 1170 1191 et

431 1210 728 1251 administrationes,
747 1211 921 1243 functiones
936 1217 963 1243 et
978 1212 1171 1254 praelaturas

431 1265 569 1297 eiusdem
595 1265 720 1298 Ordinis
738 1265 911 1298 concedere
925 1265 1068 1308 audeant⁷
1084 1266 1172 1309 quin-

431 1319 494 1352 imo
519 1319 591 1352 dicti
618 1318 742 1351 Ordinis
775 1320 886 1351 fratres
911 1319 1092 1362 religiosos7
1118 1320 1170 1362 qui

432 1376 539 1404 contra
564 1371 689 1404 decreta
707 1372 763 1404 hac
788 1371 834 1403 via
855 1377 883 1403 et
904 1371 951 1404 his
977 1372 1088 1404 mediis
1114 1382 1171 1415 per

431 1426 623 1469 conquisitos
637 1426 755 1458 tin-ores
771 1431 797 1458 et
813 1426 963 1468 suffragia
981 1426 1098 1469 aliquid
1113 1426 1170 1458 sibi

431 1480 680 1523 procuraverint„
705 1479 741 1511 ad
762 1479 831 1511 talia
847 1485 875 1511 et
889 1479 1001 1512 similia
1027 1490 1061 1512 ac
1077 1480 1169 1512 etiam

432 1533 549 1566 maiora
586 1534 614 1565 in
651 1533 760 1566 eodem
798 1533 912 1566 Ordine
949 1534 1170 1578 consequenda

433 1593 588 1631 perpetuo
614 1587 766 1620 inhabiles
790 1587 993 1620 declaramus.

477 1640 491 1683 ξ,
514 1639 544 1672 Q.
571 1640 702 1683 Insuper
727 1639 818 1672 dietis
835 1640 991 1682 religiosis
1017 1646 1047 1672 et
1071 1641 1171 1673 fratri-

431 1693 489 1725 bus
514 1692 652 1725 eiusdem
683 1692 807 1725 Ordinis
837 1693 1088 1737 quibuscumque
1113 1693 1170 1726 sub

432 1746 549 1778 eisdem
582 1746 691 1788 poenis
723 1746 935 1789 praeripimus
963 1752 991 1778 et
1024 1757 1170 1790 expresse

434 1799 658 1839 interdicimus,
679 1804 791 1833 utnon
811 1801 912 1832 solum
939 1800 969 1832 in
990 1801 1170 1843 praemissis

433 1853 577 1885 omnibus
603 1853 724 1886 favores
744 1853 924 1886 huiusmodi
949 1853 1078 1886 minime
1102 1865 1171 1897 pro-

434 1916 554 1947 curare,
579 1906 701 1939 sednec
721 1906 814 1938 etiam
840 1911 949 1950 sponte
974 1907 1095 1940 oblatos
1119 1913 1169 1940 aut

433 1960 470 1992 ab
495 1960 539 1991 eis
565 1959 693 1992 minime
717 1960 1069 2003 procuratosrecipere,
1088 1966 1115 1992 et
1135 1961 1171 1992 si-

434 2013 550 2046 militer
573 2023 629 2045 nec
646 2013 683 2045 ad
699 2013 783 2045 hune
808 2014 954 2046 effectum
976 2024 1107 2046 munera
1121 2014 1172 2046 ali-

433 2076 493 2110 qua
518 2066 684 2110 praedictis
702 2067 844 2109 personis
863 2067 1010 2099 exhibere
1036 2067 1171 2100 audeant

434 2130 487 2151 seu
513 2125 724 2162 praesumant.

478 2172 534 2215 33.
552 2173 619 2205 Non
636 2172 832 2205 obstantibus
850 2173 1123 2207 constitutionibus
1144 2179 1169 2207 et

435 2226 684 2259 ordinationibus
698 2227 887 2269 apostolicis,
897 2226 1033 2269 dictique
1049 2227 1172 2260 Ordinis

436 2280 557 2312 statutis
582 2285 609 2312 et
635 2280 934 2321 consuetudinilnis,
959 2281 1053 2313 etiam
1083 2281 1170 2314 iura-

437 2339 550 2375 mento,
568 2334 1001 2377 confirmationeapostolica,
1028 2335 1075 2367 vel
1100 2346 1174 2378 qua-

436 2387 483 2419 vis
518 2387 665 2419 firmitate
702 2387 760 2419 :itia
797 2387 970 2428 roboratis,
1000 2388 1173 2431 ceterisque

437 2440 601 2472 contrariis
631 2440 900 2484 quilniscuinque3
933 2446 986 2473 aut
1016 2441 1041 2473 si
1073 2441 1172 2474 eidem

437 2492 543 2525 Ortliui
562 2499 591 2525 et
609 2493 756 2525 tratribus
778 2493 944 2537 praedictis
965 2495 1174 2527 communiter

438 2545 483 2577 vel
508 2545 631 2578 divisim
656 2546 694 2578 ab
718 2547 897 2590 Apostoliczt
922 2547 961 2579 sit
979 2547 1056 2580 Sede
1074 2547 1175 2580 indul-

441 2604 515 2634 tum.
539 2599 622 2643 quod
644 2599 795 2640 interdici,
822 2600 967 2644 suspendi
985 2601 1032 2634 vel
1050 2611 1176 2636 excom-

1014 209 1192 233 BULLARIUM
1216 209 1370 234 ROMANUM

1958 212 2008 240 An.
2024 212 2054 240 C.
2076 212 2144 241 1639

1207 257 1360 290 munieari
1384 267 1447 291 non
1470 258 1592 301 possint
1607 269 1664 302 per
1682 258 1802 293 litteras
1825 264 1946 304 aposto-

1206 309 1281 342 licas
1305 319 1369 342 non
1392 310 1539 343 facientes
1563 311 1687 354 plenam
1707 317 1737 344 et
1763 319 1943 356 expressam

1206 371 1241 394 ac
1265 362 1302 394 de
1327 362 1423 396 verbo
1448 362 1487 395 ad
1511 363 1641 396 verbum
1667 363 1706 397 de
1734 364 1855 398 indulto
1886 366 1944 398 hu-

1206 414 1341 448 iusmodi
1366 416 1566 450 mentionem.

1249 469 1264 512 g
1281 469 1310 501 4.
1336 469 1488 502 Volumus
1501 475 1616 511 autem,
1630 470 1714 514 quod
1730 471 1943 514 praesentium

1205 521 1379 554 litterarum
1405 523 1630 566 transumptis,
1655 523 1748 557 etiam
1773 524 1944 567 impressis,

1205 584 1298 607 manu
1323 575 1454 608 alieuius
1477 575 1591 608 notarii
1613 576 1731 620 publici
1748 576 1944 620 subscriptis,

1206 633 1235 660 et
1259 627 1361 670 sigillo
1386 628 1517 661 alieuius
1546 639 1698 672 personae
1733 630 1765 662 in
1794 629 1944 672 dignitate

1205 681 1416 714 ecelesiastica
1442 681 1626 715 constitutae
1654 682 1801 723 munitis,
1834 682 1943 715 eade-m

1205 745 1336 778 prorsus
1361 734 1437 767 fides
1462 735 1658 776 adhibeatur,
1676 746 1755 779 quae
1779 736 1944 769 adhihere-

1205 793 1256 820 tur
1280 788 1507 831 praesentibus,
1536 788 1560 820 si
1590 789 1691 822 forent
1716 789 1872 822 exhibitae
1896 789 1943 820 vel

1206 844 1356 874 ostensae.

1249 894 1359 927 Datum
1388 895 1515 935 Romae,
1537 894 1621 938 apud
1645 894 1674 928 S.
1696 895 1824 928 Mariam
1850 895 1944 928 Maio-

1205 957 1283 988 rem,
1298 947 1355 981 sub
1376 948 1491 981 annulo
1512 947 1691 989 piscatoris,
1714 948 1763 981 die
1781 958 1854 982 xxlx
1878 947 1944 980 iulii

1206 1011 1377 1043 mcxxxix,
1395 1001 1595 1045 pontificatus
1612 1002 1712 1035 nostri
1726 1012 1807 1035 anno
1820 1011 1883 1035 xvt.

1240 1065 1301 1091 Dat,
1318 1064 1361 1091 die
1377 1064 1410 1091 ⁵29
1427 1064 1482 1091 iulii
1502 1064 1579 1097 1639,
1593 1064 1685 1100 pontif.
1705 1073 1774 1091 anno
1789 1071 1841 1091 xvl.

2000 484 2145 509 Transumptis

1960 511 2018 532 credi
2033 511 2126 532 mandat.

1510 1207 1642 1241 DCLvtt.

1209 1287 1299 1327 Quod
1325 1287 1499 1320 consilium
1523 1292 1626 1321 status
1652 1288 1822 1332 hospitalis
1839 1291 1944 1322 sancti

1253 1341 1384 1374 Ioannis
1409 1341 1716 1384 Hierosolymitani,
1743 1341 1814 1374 sede
1836 1342 1943 1385 Μαρί-

1249 1394 1345 1427 strati
1368 1398 1510 1434 vacante,
1532 1395 1634 1437 possit
1658 1394 1789 1438 quidem
1813 1395 1864 1427 uti
1885 1396 1944 1428 sud

1250 1446 1420 1479 ordinarii}
1452 1447 1644 1479 auctoritate
1679 1447 1715 1479 in
1748 1446 1944 1490 providendo

1249 1500 1342 1532 rebus
1367 1499 1448 1532 dicti
1473 1500 1645 1544 hospitalis
1669 1504 1697 1533 et
1725 1500 1854 1533 insulae
1878 1500 1943 1533 Me-

1251 1553 1390 1592 litanae,
1414 1563 1479 1586 non
1505 1557 1613 1586 lanum
1636 1553 1779 1586 adimere
1810 1563 1865 1586 seu
1899 1552 1945 1585 di·-

1250 1607 1396 1640 minuere
1419 1607 1613 1650 pririleffla,
1637 1607 1782 1640 redditus
1811 1611 1839 1639 el
1869 1607 1945 1638 iura

1250 1671 1368 1703 massae
1387 1660 1545 1703 nzaqislro
1569 1661 1779 1703 competentia
1793 1660 1810 1691 ¹.

1398 1740 1535 1767 Urbanus
1570 1741 1649 1773 Papa
1681 1740 1757 1774 vul,

1349 1785 1384 1810 ad
1405 1784 1537 1810 suturam
1559 1785 1604 1811 rei
1624 1785 1805 1811 memoriam.

1251 1855 1265 1898 ξ
1296 1856 1318 1887 l.
1345 1855 1431 1895 Cum,
1458 1855 1537 1887 sicut
1561 1854 1692 1887 dilectus
1712 1854 1795 1887 silius
1815 1854 1944 1888 Ioannes

1207 1909 1319 1940 Paulus
1343 1908 1484 1941 Lascaris
1507 1907 1666 1947 Casiettar,
1688 1917 1819 1950 magnus
1844 1908 1943 1951 magi-

1206 1965 1268 1995 ster
1288 1961 1452 2005 hospitalis
1470 1961 1498 1993 S.
1516 1961 1641 1994 Ioannis
1658 1961 1944 2005 llierosolymitani,

1206 2015 1295 2048 nobis
1313 2025 1413 2058 nuper
1427 2014 1539 2058 exponi
1556 2014 1639 2055 fecit,
1652 2014 1681 2046 in
1697 2014 1830 2047 concilio
1847 2020 1945 2047 status

1206 2068 1281 2101 dicti
1306 2068 1480 2111 hospitalis,
1501 2072 1627 2100 vacante
1648 2067 1731 2100 illins
1755 2067 1827 2100 sede
1852 2069 1947 2110 magi-

1207 2121 1293 2153 strali
1318 2120 1428 2153 haberi
1454 2120 1555 2161 solito,
1581 2120 1683 2153 maior
1706 2131 1780 2164 pars
1813 2120 1945 2153 fratrum

1207 2175 1351 2216 militum,
1377 2174 1430 2217 qui
1454 2173 1492 2206 ad
1516 2173 1699 2216 dignitatem
1725 2174 1830 2217 magni
1848 2174 1947 2217 magi-

1207 2228 1263 2260 stri
1287 2228 1428 2272 aspirare
1448 2237 1511 2260 non
1535 2233 1676 2270 possunt,
1703 2227 1785 2260 illius
1809 2228 1946 2261 auctori-

1207 2287 1302 2314 tatem
1335 2286 1364 2314 et.
1396 2281 1536 2314 redditus
1568 2281 1756 2314 imminuere
1781 2281 1945 2321 studeant,

1207 2335 1300 2378 quod,
1318 2340 1412 2378 prout
1435 2334 1628 2378 experientia
1652 2334 1767 2375 docuit,
1787 2344 1944 2379 nunquam

1208 2388 1307 2422 cidem
1332 2388 1480 2432 hospitali
1505 2388 1638 2431 profuit:

1252 2442 1266 2485 g
1296 2442 1325 2474 02.
1357 2441 1452 2474 Nobis
1487 2441 1787 2485 proptereadictus
1815 2442 2142 2496 ¹0³¹¹¹108njgsti¹¹²igffffssntssff

1209 2495 1321 2528 Paulus
1335 2505 1467 2538 magnus
1481 2495 1630 2538 magister
1646 2495 1805 2528 humiliter
1821 2496 1945 2539 suppli·
1960 2491 1971 2500 ⁵
2075 2490 2080 2496 “
2137 2491 2140 2496 ’

1999 1865 2081 1885 Causae
2106 1864 2142 1885 de·

1959 1894 2018 1913 cren.

1249 2614 1258 2638 t
1276 2612 1311 2639 Ex
1329 2612 1434 2648 Regest.
1453 2612 1478 2639 iu
1495 2613 1598 2641 Secret.
1619 2612 1694 2640 Brev,
