2248 3229
67 201 118 229 An.
139 200 168 228 G.
186 199 256 228 1634

109 1976 231 1998 Exordium.

146 2352 271 2373 Commissa-

86 2380 130 2400 rius
177 2378 271 2408 nonnibii

86 2407 141 2427 ultra
153 2410 271 2426 concessm-

86 2439 134 2454 nem
146 2431 207 2453 Sedis
218 2432 271 2458 Apo·
307 2449 312 2455 .

87 2459 175 2480 stolicae
190 2464 202 2479 a
216 2460 271 2480 clero

88 2487 192 2511 exegerat.

879 195 1025 221 ‘URBANUS
1046 196 1105 220 'vm
1125 196 1173 219 PP-

269 247 361 281 etiam
376 246 563 288 iuramento,
575 245 815 279 confirmatione
830 244 1011 288 apostolica,

270 301 317 334 vel
335 299 444 344 quavis
460 299 609 333 firmitate
623 299 682 332 alia
700 299 868 335 roboratis,
891 298 1012 331 statutis

271 359 302 387 et
325 353 630 393 consuetudinilms,
662 352 836 396 privilegiis
866 362 1012 395 quoque,

273 407 400 441 indultis
417 412 446 440 et
466 406 578 440 litteris
603 406 792 449 apostolicis,
816 405 908 437 etiam
933 414 1014 436 eom-

271 460 416 494 missario
440 460 601 504 praedicto
622 469 679 502 pro
700 463 844 501 tempore
859 456 1013 495 existenti,

272 521 302 547 et
325 514 490 558 quibusvis
513 513 592 552 aliis,
606 512 637 545 in
650 512 843 545 contrarium
866 510 1014 555 praemis-

273 579 380 602 sorum
400 567 637 612 quomodolibet
656 562 824 607 concessis,
846 566 1013 599 confirma-

275 622 322 662 tis,
347 620 528 666 approbatis
552 626 582 653 et
606 620 776 659 innovatis;
801 619 915 663 quibus
939 628 1014 651 oin-

273 675 365 708 nibus
390 680 420 707 et
440 674 582 717 singulis⁷
601 684 710 707 corum
729 673 870 707 omnium
891 677 1015 705 tenores

274 728 491 772 praesentibus
514 738 574 771 pro
598 727 690 771 plene
708 732 738 759 et
759 726 950 759 sufficienter
968 736 1015 757 ex-

274 782 392 826 pressis
422 786 451 814 ct
475 781 513 813 ad
538 780 668 814 verbum
694 780 820 813 insertis
844 779 1014 819 habentes,

275 835 313 868 ad
338 835 587 879 praemissorum
612 834 758 867 ell'ectum
783 832 961 877 specialiter
987 836 1034 866 et·

275 899 421 933 expresse
441 888 645 931 derogainus3
660 887 836 930 ceterisque
850 885 1016 919 contrariis

276 942 538 986 quibuscumque.

320 996 432 1029 Datum
453 996 582 1036 Romae,
598 994 680 1039 apud
690 994 719 1028 S.
732 994 869 1035 Petrum,
888 993 947 1025 sub
964 1002 1017 1025 an-

277 1050 352 1083 nulo
377 1048 562 1089 piscatoris,
586 1048 637 1081 die
663 1058 682 1081 x
709 1046 812 1080 martii
839 1056 1016 1087 Mncxxxw,

276 1103 478 1148 pontificatus
492 1102 591 1136 nostri
605 1111 687 1134 anno
702 1111 743 1134 xi.

312 1166 373 1192 Dat.
390 1164 433 1192 die
450 1165 482 1192 ¹0
496 1163 584 1192 martii
606 1163 685 1198 1634,
701 1162 795 1198 pontis.
817 1171 888 1191 anno
909 1170 947 1190 x1.

567 1316 730 1350 CDLxxx.

281 1399 469 1435 Commissio
483 1398 586 1432 eidem
599 1398 730 1439 nuncio,
748 1402 783 1430 ut
799 1402 924 1431 moneat
938 1407 1022 1431 eum—

324 1453 396 1486 dem
407 1452 669 1486 commissarium
682 1452 855 1492 cruciatae,
872 1461 911 1484 ne
920 1451 1022 1495 officia

325 1507 552 1540 notariatuum
568 1506 741 1545 cruciatae,
769 1504 910 1538 subsidit·
923 1509 952 1537 et
969 1515 1021 1537 ea:-

324 1560 430 1593 casati
453 1559 570 1593 vendat
584 1557 601 1590 ¹.

279 1640 450 1670 Venerabili
469 1639 558 1668 fratri
582 1639 742 1668 Laurentio
771 1639 910 1674 episcopo
931 1638 1022 1667 Seno-

315 1685 474 1720 salnensi,
496 1688 600 1713 nostro
621 1687 651 1712 et
677 1684 762 1712 Sedis
782 1683 972 1719 apostolicae
992 1684 1023 1712 in

315 1730 418 1766 regnis
439 1730 648 1765 Hispaniarum
668 1729 787 1763 nuntio,

477 1783 614 1811 Urbanus
644 1783 724 1817 Papa
752 1782 828 1810 vm.

497 1844 683 1873 Venerabilis
705 1845 810 1878 frater,

319 1890 448 1918 salutem
469 1892 500 1917 et
524 1890 720 1924 apostolicam
740 1889 989 1918 benedictionem.

327 1961 528 2005 Apostolatus
542 1961 691 2002 officium,
705 1960 873 1994 humilitati
890 1966 1025 2002 nostrae,

283 2014 405 2048 meritis
421 2014 495 2048 licet
511 2015 696 2059 imparibus,
711 2015 815 2048 divina
828 2015 1025 2059 providentia

283 2068 503 2111 commissum,
529 2068 644 2112 iugiter
668 2079 725 2102 nos
754 2068 917 2112 compellit
940 2069 1026 2102 omni

285 2121 496 2155 sollicitudine
509 2122 683 2166 invigilare,
701 2132 740 2155 ne
757 2122 963 2156 immunitatis
982 2132 1027 2155 ec-

285 2175 478 2209 clesiasticae
502 2176 571 2209 iura
594 2181 625 2210 et
653 2176 819 2220 privilegia
849 2175 1025 2217 violentur7

286 2228 340 2261 sed
364 2230 510 2273 personis
534 2229 753 2264 ecclesiasticis
770 2230 854 2262 salva
873 2234 903 2263 et.
920 2230 1026 2263 illaesa

286 2289 522 2323 conserventur.
905 2282 915 2293 '⁴

331 2344 347 2387 g
364 2343 393 2376 Δ1.
411 2338 508 2375 Sane2
526 2349 562 2372 ex
579 2339 666 2382 gravi
684 2338 870 2372 dilectorum
888 2338 1026 2372 filiorum

287 2396 364 2431 cleri
386 2404 559 2438 regnorum
583 2392 732 2426 Castellae
749 2397 779 2425 et
792 2392 937 2435 Legionis
952 2403 1027 2436 que-

286 2448 424 2484 rimonia
449 2447 644 2490 accepimus,
670 2445 924 2479 commissarium
950 2456 1024 2478 cru-

288 2503 387 2538 ciatae
410 2502 448 2535 ad
473 2500 662 2535 concordiae
685 2499 779 2534 initae
804 2499 884 2533 inter
909 2499 1027 2533 charis-

322 2575 336 2602 1
359 2573 397 2602 Ex
417 2573 525 2608 Regest.
545 2572 573 2599 in
592 2571 695 2599 Secret.
717 2570 793 2598 Brev.

322 2618 339 2646 2
354 2617 460 2647 Primae
471 2616 539 2645 duae
550 2616 564 2653 ἓ
575 2616 688 2646 eaedem
699 2624 730 2644 ac
741 2618 826 2645 const.
840 2623 932 2652 praec.
940 2616 1028 2651 (ar).

1687 183 1752 217 7375

1047 244 1160 277 simum
1186 243 1217 276 in
1242 243 1364 277 Christo
1389 242 1490 275 silium
1508 247 1651 274 nostrum
1669 241 1784 284 Philip-

1048 308 1122 340 pum
1148 296 1369 340 Hispaniarum
1395 305 1503 337 regem
1534 294 1723 328 catholicum
1750 305 1785 326 ex

1048 352 1109 382 una
1136 361 1170 382 ac
1196 350 1322 383 eosdem
1340 350 1458 381 clerum
1480 359 1518 381 ex
1531 349 1629 381 altera
1643 348 1785 392 partibus·

1048 406 1156 446 (super
1180 403 1335 436 solutione
1360 402 1570 435 concessionis
1596 401 1716 445 primae
1736 401 1773 433 de

1048 456 1146 489 cimae
1168 457 1198 488 in
1222 456 1377 488 universis
1402 456 1559 499 parochiis
1584 455 1615 487 in
1636 454 1742 498 reguis
1758 460 1784 486 et

1048 509 1195 541 dominiis
1221 509 1441 553 Hispaniarum
1467 520 1502 541 ac
1530 509 1638 541 insulis
1669 508 1785 541 eisdem

1048 564 1154 605 regnis
1180 563 1394 595 adiacentilms
1419 563 1455 595 ad
1490 563 1641 595 rationem
1671 562 1786 594 ducem

1049 621 1152 650 torum
1169 620 1198 648 et
1212 615 1438 659 quinquaginta
1456 615 1589 647 millium
1602 615 1786 648 ducatorum

1050 676 1193 702 monetae
1217 670 1447 714 Hispaniarum,
1465 668 1568 712 quoad
1585 669 1722 712 praefata
1740 679 1787 701 re-

1049 734 1110 767 gna
1134 724 1283 757 Castellae
1313 729 1342 756 et
1376 723 1519 766 Legionis
1543 722 1704 755 annuatim
1733 723 1790 755 sol>

1050 776 1237 819 vendorum')
1262 782 1292 810 et
1316 787 1334 809 a
1358 776 1448 810 nobis
1464 776 1649 809 auctoritate
1668 780 1790 819 aposto-

1051 831 1109 863 lica
1127 832 1331 864 confirmatae
1349 830 1591 873 exequutionem
1606 829 1789 874 procedere.

1051 885 1122 917 licet
1147 884 1316 918 concordia
1340 889 1369 916 et
1394 883 1592 917 confirmatio
1613 883 1790 927 praedictae

1050 937 1089 970 ad
1113 938 1252 981 quinque
1276 948 1374 970 annos
1399 938 1459 969 iam
1490 948 1507 969 a
1538 937 1681 981 pluribus
1706 947 1791 970 men—

1051 991 1137 1025 sibus
1155 992 1232 1024 citra
1250 992 1374 1035 elapsos
1399 991 1574 1024 restrictae¹
1594 996 1624 1023 et
1643 991 1791 1024 limitatae

1052 1046 1133 1085 sint,
1170 1055 1272 1089 neque
1307 1045 1422 1078 solutio
1458 1044 1639 1077 huiusmodi
1675 1044 1791 1088 absque

1052 1101 1133 1133 nova
1159 1098 1331 1133 concordia
1344 1103 1374 1131 et
1386 1099 1467 1131 nova
1493 1097 1581 1131 Sedis
1597 1098 1792 1142 Apostolicae

1053 1153 1179 1186 licentia
1193 1153 1274 1195 exigi
1288 1153 1398 1196 possit,
1409 1186 1413 1190 ,
1423 1151 1678 1195 quandoquidem
1692 1152 1792 1195 prima

1053 1207 1175 1239 decima
1199 1206 1379 1239 huiusmodi
1403 1216 1466 1239 non
1483 1216 1541 1249 pro
1559 1207 1645 1238 certa
1660 1207 1794 1245 summa,

1055 1260 1220 1304 minusque
1244 1270 1303 1303 pro
1327 1259 1409 1292 dicta
1435 1260 1559 1291 summa
1587 1258 1794 1292 ducentorum

1055 1314 1282 1358 quinquaginta
1306 1313 1440 1345 millium
1466 1312 1653 1345 ducatorum
1676 1312 1796 1356 praedi-

1055 1372 1189 1407 ctorum,
1214 1367 1252 1400 ab
1277 1367 1387 1400 eadem
1413 1366 1492 1399 Sede
1517 1366 1717 1407 concedatur,
1742 1367 1794 1399 sed

1055 1421 1160 1465 potius
1184 1431 1242 1464 pro
1266 1420 1389 1452 decima
1414 1419 1536 1453 ditioris
1552 1419 1665 1452 domus
1689 1420 1794 1453 cuius-

1056 1475 1131 1507 libet
1154 1473 1323 1518 parochiae
1341 1483 1513 1516 regnorum
1533 1478 1559 1506 et
1583 1473 1796 1506 dominiorum

1057 1528 1256 1568 huiusmodi,
1281 1527 1323 1561 ita
1346 1532 1400 1568 nt,
1426 1528 1532 1571 elapso
1558 1527 1745 1560 concordiae
1770 1534 1794 1561 et

1058 1581 1306 1615 confirmationis
1319 1581 1510 1625 apostolicae
1528 1585 1682 1624 tempore,
1696 1581 1799 1614 cleruzsv

1058 1636 1124 1680 ipse
1141 1636 1179 1668 ad
1196 1635 1328 1668 alicuius
1346 1645 1488 1668 summae
1509 1635 1695 1668 ducatorum
1716 1636 1799 1669 solu-

1059 1691 1175 1724 tionem
1193 1700 1229 1723 eo
1248 1694 1412 1734 praetextu
1429 1690 1515 1722 nullo
1533 1689 1627 1723 modo
1647 1694 1799 1725 teneatur.

1060 1743 1226 1787 minusque
1252 1743 1289 1775 ad
1316 1743 1346 1775 id
1371 1743 1441 1785 cogi
1466 1742 1565 1786 possit
1590 1752 1644 1775 seu
1670 1742 1800 1782 debeat,

1060 1797 1113 1830 sed
1131 1807 1166 1830 ea
1180 1797 1345 1841 ,dumtaxat
1365 1796 1487 1829 ditioris
1505 1796 1618 1829 domus
1635 1795 1798 1829 cuiuslibet

1060 1851 1229 1896 parochiae
1249 1851 1370 1884 decima
1399 1851 1482 1893 exigi
1502 1850 1614 1883 debeat
1642 1861 1702 1894 pro
1726 1855 1802 1883 tem-

1060 1916 1136 1949 pore
1154 1910 1272 1938 tantum
1293 1916 1355 1949 quo
1373 1905 1474 1938 eidem
1493 1904 1637 1948 Philippo
1654 1904 1722 1947 regi
1748 1915 1796 1937 au-

1060 1960 1204 1993 ctoritate
1224 1959 1395 2003 apostolica
1415 1969 1563 1992 concessa
1588 1958 1755 2002 reperitur.

1105 2014 1120 2055 ξ
1144 2013 1173 2046 02.
1199 2013 1312 2053 Quare,
1330 2013 1406 2046 cleri
1427 2012 1663 2056 praedictorum
1681 2012 1800 2045 indem*

1061 2066 1159 2107 nitati⁷
1179 2066 1262 2099 iuxta
1283 2066 1436 2099 creditum
1462 2065 1552 2098 nobis
1577 2066 1711 2109 desuper
1728 2076 1801 2109 apo-

1062 2120 1190 2153 stolicae
1214 2119 1372 2153 servitutis
1397 2119 1545 2159 officium,
1563 2125 1715 2162 (piantum
1730 2131 1800 2153 cum

1062 2174 1194 2207 Domino
1204 2183 1381 2217 possumus,
1399 2174 1565 2206 consulere
1581 2174 1731 2215 volentes,
1744 2174 1800 2206 tilii

1062 2240 1119 2271 per
1131 2231 1310 2271 praesentes
1320 2227 1548 2260 committimus
1561 2231 1591 2259 et
1608 2227 1801 2267 mandamus,

1063 2287 1094 2314 ut
1128 2281 1229 2314 eidem
1262 2281 1480 2314 commissario
1513 2280 1688 2323 significes,
1718 2281 1800 2324 quod

1062 2336 1128 2379 ipse
1161 2335 1416 2376 commissarius,
1450 2346 1523 2368 cum
1553 2336 1671 2368 nullam
1701 2334 1740 2367 ad
1771 2335 1800 2367 id

1062 2390 1193 2423 liaberet
1223 2390 1424 2429 l‘acultatem,
1458 2390 1538 2421 male
1570 2394 1599 2421 et
1632 2399 1800 2432 perperam

1062 2444 1134 2477 t'ecit
1162 2443 1321 2487 gravando
1346 2443 1472 2476 eosdem
1497 2443 1636 2483 clerum,
1667 2441 1720 2474 et2
1744 2442 1802 2475 sub

1063 2497 1213 2535 censuris7
1232 2496 1269 2529 ad
1290 2496 1474 2529 solvendum
1494 2500 1564 2539 post
1589 2496 1710 2539 lapsum
1728 2495 1802 2529 dicti

1098 2570 1110 2596 ‘1
1130 2569 1273 2604 Perperam
1289 2567 1332 2595 ed.
1349 2567 1427 2595 Μαίη.
1446 2567 1509 2602 legit
1524 2567 1671 2595 restitutae
1685 2567 1722 2602 (n.
1739 2568 1788 2601 aa).

1097 2615 1113 2642 2
1128 2615 1215 2643 Antea
1230 2622 1291 2650 pag.
1309 2614 1359 2642 374
1376 2614 1390 2640 b
1406 2612 1507 2641 lectum
1522 2612 1572 2640 fuit
1587 2612 1676 2640 etiam
1692 2611 1733 2647 (n.
1747 2612 1782 2647 T).

1800 193 1847 217 An.
1865 193 1892 219 C.
1917 190 1984 219 1634,

1818 2051 1828 2066 li

1834 2054 1861 2067 t'lt

1870 2021 1965 2041 Libana:-
1981 2020 2000 2040 id

1880 2051 1909 2067 tvl
1917 2051 1946 2069 U,
