2248 3229
113 230 162 257 Au.
179 229 208 256 C.
229 229 296 257 1635

128 398 209 419 Causae
224 399 297 418 status.

146 1618 240 1640 Laudum

918 226 1060 251 URBANUS
1085 225 1142 251 VIII
1166 226 1214 250 PP-

513 277 649 304 Urbanus
669 277 747 311 Papa
767 276 852 309 VIII,

455 320 492 348 ad
512 321 646 348 futuram
665 321 708 348 rei
729 321 909 349 memoriam.

358 383 373 426 ξ
397 382 426 414 ’1.
451 383 559 427 Nuper
573 394 632 427 pro
645 388 734 426 parte
752 383 977 416 venerabilium
995 383 1054 415 fra-

312 435 369 468 tris
390 437 516 469 Zenobii
538 437 678 480 episcopi
693 437 825 470 civitatis
845 437 939 479 Burgi
957 437 986 470 S.
1004 437 1053 469 Se—

313 490 437 533 pulchri
462 501 583 523 necnon
604 490 726 523 abbatis
747 491 930 523 monasterii
948 490 976 523 S.
995 490 1054 523 Ma-

313 543 377 576 riae
405 543 434 575 in
461 543 574 576 Balneo
606 544 860 586 congregationis
890 543 1053 577 Camaldu-

314 596 408 629 lensis
421 597 513 629 nobis
527 597 703 639 expositum
722 598 790 633 suit,
804 597 888 641 quod
902 608 918 629 a
932 596 1053 629 dilectis

313 648 386 681 filiis
409 649 526 682 nostris
550 649 628 682 lulio
654 650 682 681 S.
716 650 875 683 Susannae
908 650 1053 683 Sachetto

313 708 343 735 et
372 702 486 735 Ioanne
514 702 651 746 Baptista
680 704 707 736 S.
735 703 859 736 Eusebii
889 703 1052 736 titulorum

313 755 505 800 presbyteris
523 756 733 789 cardinalibus
750 757 934 801 Pamphylio
952 766 1055 800 respe-

314 810 394 842 ctive
410 810 608 853 nuncupatis,
625 810 751 843 arbitris
770 810 978 843 communiter
995 810 1055 842 ele-

315 862 372 895 ctis
397 863 427 895 in
453 865 547 895 causa
573 868 601 895 et
627 863 728 895 causis
752 873 807 896 seu
832 862 1054 896 controversiis

315 915 397 948 inter
422 916 503 959 ipsas
528 921 633 959 partes
658 916 851 949 vertentibus
865 915 903 949 de
917 919 946 949 et
959 926 1055 959 super

315 968 446 1002 diversis
470 969 656 1002 differentiis
681 969 844 1002 occasione
869 974 1054 1013 praetensae

316 1021 518 1056 subiectionis
549 1023 642 1055 castri
674 1022 703 1055 S.
730 1022 843 1054 Mariae
877 1021 907 1054 in
941 1021 1055 1054 Balneo

316 1086 388 1108 eum
413 1076 479 1109 suis
492 1076 620 1109 annexis
633 1075 734 1108 eidem
750 1076 899 1119 episcopo
914 1085 950 1109 ac
966 1086 1056 1119 prae-

317 1135 404 1163 tenso
448 1130 596 1163 exercitio
637 1129 860 1163 iurisdictionis
905 1130 935 1163 in
973 1130 1056 1163 dicto

316 1183 477 1217 territorio
510 1193 631 1216 necnon
663 1194 757 1227 super
787 1187 952 1228 praetenso
990 1184 1056 1216 iure

317 1237 496 1270 conferendi
521 1237 668 1270 ecclesias
700 1237 729 1269 in
761 1233 871 1270 eodem
897 1237 1056 1270 territorio

316 1290 494 1331 existentes,
511 1291 592 1323 inter
612 1302 665 1324 eos
690 1291 720 1323 in
741 1291 986 1334 congregatione
1004 1302 1056 1324 ve-

315 1343 504 1376 nerabilium
529 1344 661 1377 fratrum
687 1349 868 1378 nostrorum
901 1344 929 1377 S.
964 1345 997 1377 R.
1023 1344 1055 1377 E.

304 1396 522 1429 cardinalium
549 1398 629 1430 sacri
654 1397 782 1431 Concilii
812 1397 985 1431 Tridentini
1011 1398 1057 1430 in-

318 1456 490 1494 terpretum
523 1461 577 1483 seu
611 1451 640 1483 in
671 1452 782 1495 quovis
814 1451 876 1484 alio
909 1451 1057 1485 tribunali

319 1503 463 1536 indecisis
491 1504 718 1547 pendentibus,
747 1505 901 1537 emanarit
928 1504 1056 1538 laudum

317 1557 436 1590 tenoris
460 1557 634 1600 sequentis,
661 1557 819 1590 videlicet:

362 1607 419 1651 {2
444 1608 557 1641 Christi
575 1608 701 1642 nomine
715 1609 867 1641 invocato.
886 1609 948 1642 Nos
962 1609 1057 1643 Iulius

318 1661 482 1694 Sachettus
506 1666 533 1694 et
551 1661 682 1694 Ioannes
702 1661 837 1705 Baptista
856 1662 1056 1707 Pamphylius

318 1714 346 1748 S.
365 1715 399 1747 R.
420 1715 452 1747 E.
478 1714 670 1755 cardinales,
695 1714 826 1756 arbitri,
852 1715 1056 1749 arbitratores

319 1773 348 1800 et
358 1767 537 1801 amicabiles
551 1768 779 1812 compositores
793 1768 884 1801 electi
897 1779 956 1812 pro
968 1774 1057 1813 parte

319 1821 571 1855 reverendissimi
592 1822 695 1856 fratris
709 1822 834 1855 Zenobii
848 1823 981 1856 Medices
995 1824 1058 1867 epi—

320 1875 405 1918 scopi
430 1875 563 1907 civitatis
588 1875 682 1917 Burgi
707 1875 736 1908 S.
758 1875 924 1919 Sepulchri
942 1886 979 1909 ex
994 1879 1056 1909 una

320 1933 351 1961 et
375 1927 495 1961 abbatis
519 1928 701 1961 monasterii
715 1928 744 1961 S.
758 1928 871 1961 Mariae
892 1929 923 1961 in
943 1929 1057 1962 Balneo

321 1981 575 2025 congregationis
607 1981 851 2015 Camaldulensis
887 1992 922 2015 ex
958 1983 1056 2015 altera

321 2035 475 2079 partibus,
493 2035 531 2068 de
551 2040 581 2068 et
605 2045 701 2079 super
725 2035 856 2068 diversis
874 2035 1058 2069 differentiis

321 2088 486 2121 occasione
516 2094 700 2132 praetensae
732 2088 935 2122 subiectionis
965 2090 1058 2122 castri

322 2141 350 2173 S.
376 2142 490 2174 Mariae
521 2142 552 2174 in
584 2142 698 2175 Balneo
731 2153 803 2175 cum
834 2142 897 2175 suis
931 2142 1058 2175 annexis

322 2195 423 2229 eidem
448 2195 618 2240 episcopo,
650 2207 685 2229 ac
715 2202 880 2240 praetenso
910 2196 1058 2230 exercitio

322 2248 547 2282 iurisdictionis
572 2250 603 2282 in
627 2249 710 2283 dicto
734 2249 913 2291 territorio,
938 2259 1060 2283 necnon

323 2312 418 2346 super
438 2308 603 2346 praetenso
624 2304 691 2336 iure
708 2303 888 2337 conferendi
913 2303 1060 2336 ecclesias

324 2356 354 2389 in
379 2356 489 2390 eodem
517 2357 676 2391 territorio
704 2358 870 2390 existentes
899 2358 979 2391 inter
1007 2369 1060 2391 eos

324 2410 355 2443 in
372 2412 460 2443 sacra
477 2411 722 2454 congregatione
738 2410 1060 2444 eminentissimorum

324 2464 530 2498 cardinalium
555 2464 684 2498 Concilii
706 2464 880 2497 Tridentini
906 2464 1060 2508 interpre-

323 2523 390 2551 tum
415 2528 469 2551 seu
494 2518 525 2550 in
548 2518 659 2562 quovis
682 2518 743 2551 alio
769 2517 916 2551 tribunali
936 2517 1056 2558 indeci-

325 2572 366 2604 sis
389 2571 607 2615 pendentibus,
632 2571 789 2615 rebusque
805 2571 883 2614 aliis,
901 2576 970 2612 etc.,
987 2570 1060 2604 visis

1085 276 1250 308 ambarum
1276 273 1424 318 partium,
1439 273 1592 316 dictisque
1608 271 1749 316 partibus
1764 283 1828 305 sae-

1086 329 1156 372 pius
1174 333 1321 362 oretenus
1333 327 1456 368 auditis,
1468 338 1503 360 ac
1517 327 1609 360 etiam
1624 325 1828 360 consideratis

1087 383 1333 423 considerandis,
1359 393 1416 426 per
1441 382 1520 414 hanc
1542 386 1682 414 nostram
1707 384 1828 413 senten-

1087 436 1171 477 tiam,
1187 436 1312 469 laudum
1328 446 1382 468 seu
1396 435 1667 476 arbitramcntum,
1682 438 1734 466 aut
1751 433 1828 465 ami-

1087 488 1218 521 cabilem
1245 489 1519 532 compositionem,
1536 498 1630 531 quam
1648 492 1678 520 et
1695 485 1779 530 quod
1796 485 1826 517 in

1087 542 1135 574 his
1159 542 1284 585 scriptis
1315 541 1445 574 serimus
1477 541 1508 573 in
1540 542 1635 573 causa
1666 545 1696 572 et
1724 539 1826 572 causis

1087 605 1142 627 seu
1166 595 1381 627 controversia
1407 599 1437 627 et
1460 593 1683 627 controversiis
1717 602 1827 635 supra-

1087 647 1188 687 dictis,
1209 647 1352 689 dicimus,
1377 647 1541 679 laudamus
1566 652 1596 679 et
1620 645 1828 678 amicabiliter

1088 705 1314 744 componentes
1328 701 1575 744 pronunciamus
1588 704 1617 734 et
1630 700 1828 733 declaramus

1088 759 1181 797 prout
1205 754 1295 795 infra,
1322 754 1483 788 videlicet:

1133 807 1153 839 l.
1179 806 1265 845 Quod
1282 807 1429 851 deinceps
1447 807 1607 851 perpetuis
1622 807 1734 840 suturis
1754 812 1827 839 tem-

1088 860 1219 902 poribus
1243 866 1381 893 castrum
1395 861 1423 893 S.
1442 861 1557 893 Mariae
1578 860 1608 892 in
1626 861 1740 893 Balneo
1758 870 1828 893 cum

1089 914 1281 946 monasterio
1299 914 1376 947 inibi
1394 914 1543 948 existente
1557 916 1620 947 una
1635 925 1706 948 cum
1726 920 1829 948 castro

1089 966 1117 998 S.
1133 966 1215 999 Petri
1232 971 1359 1010 totoque
1376 967 1443 999 eius
1459 967 1620 1001 territorio
1637 973 1666 1000 et
1682 967 1830 1000 omnibus

1089 1019 1133 1052 illi
1157 1019 1286 1053 annexis
1311 1020 1349 1052 sit
1366 1025 1395 1052 et
1413 1030 1480 1053 esse
1505 1026 1670 1053 censeatur
1695 1021 1725 1053 in
1748 1020 1830 1053 dioe-

1089 1074 1152 1107 cesi
1177 1073 1271 1117 Burgi
1296 1073 1325 1106 S.
1347 1073 1522 1117 Sepulchri,
1548 1079 1578 1106 et
1601 1078 1829 1118 consequenter

1089 1126 1255 1171 episcopus
1286 1126 1387 1160 dictae
1418 1127 1569 1168 civitatis,
1602 1127 1646 1160 uti
1682 1126 1830 1171 proprius

1090 1179 1279 1223 ordinarius,
1305 1180 1405 1224 possit
1429 1180 1547 1214 dictum
1572 1180 1769 1213 territorium
1790 1179 1831 1211 vi-

1091 1234 1194 1276 sitare,
1221 1244 1327 1267 sacros
1351 1234 1478 1267 ordines
1502 1234 1656 1275 conferre,
1682 1233 1830 1268 ecclesias

1091 1299 1287 1329 consecrare,
1306 1290 1437 1333 illasque
1453 1295 1482 1323 et
1496 1290 1621 1323 illarum
1640 1289 1830 1323 coemeteria

1091 1342 1304 1384 reconciliare,
1330 1343 1478 1383 chrisma,
1503 1343 1608 1376 oleum
1633 1348 1775 1376 sanctum
1799 1348 1830 1375 et

1091 1396 1388 1429 cathecumenorum
1413 1396 1551 1437 tradere,
1577 1396 1759 1439 litterasque
1784 1395 1830 1429 di-

1092 1449 1253 1483 missorias
1270 1450 1393 1483 clericis
1406 1450 1602 1483 secularibus
1615 1449 1756 1483 eiusdem
1774 1454 1832 1482 ter-

1092 1502 1193 1535 ritorii
1212 1503 1249 1535 ad
1267 1503 1394 1536 ordines
1419 1503 1643 1547 promovendis
1659 1502 1831 1536 concedere

1093 1556 1223 1600 (absque
1248 1560 1350 1590 tamen
1375 1557 1572 1600 praeiudicio
1591 1557 1712 1590 abbatis
1729 1556 1832 1600 quoad

1092 1609 1158 1641 eius
1178 1610 1327 1642 familiam
1350 1611 1554 1653 regularem),
1572 1620 1695 1644 necnon
1716 1610 1833 1643 confes-

1092 1662 1191 1696 sarios
1224 1663 1401 1707 approbare
1433 1668 1464 1696 et
1499 1664 1604 1697 omnia
1635 1664 1696 1696 alia
1725 1663 1832 1696 munia

1092 1716 1283 1760 pontificalia
1303 1717 1417 1757 facere,
1432 1727 1510 1760 quae
1524 1717 1663 1761 episcopi
1676 1717 1708 1750 in
1722 1726 1833 1750 eorum

1092 1769 1231 1813 propriis
1247 1769 1443 1803 dioecesibus
1463 1770 1545 1803 soliti
1564 1774 1636 1804 sunt
1652 1780 1800 1804 exercere
1810 1781 1817 1809 ;

1137 1823 1172 1855 ll.
1197 1822 1286 1862 Quod
1307 1823 1404 1856 abbas
1424 1823 1632 1867 supradictus,
1649 1824 1697 1856 vel
1717 1834 1774 1868 per
1791 1835 1834 1865 se,

1094 1876 1140 1908 vel
1166 1886 1224 1919 per
1247 1876 1355 1917 alium,
1384 1886 1441 1909 nec
1464 1886 1528 1909 non
1551 1876 1603 1909 alii
1629 1877 1735 1910 clerici
1759 1877 1835 1910 dicti

1092 1929 1245 1962 territorii
1271 1934 1435 1962 teneantur
1452 1929 1602 1963 accedere
1622 1929 1660 1962 ad
1681 1929 1834 1974 synodum

1093 1981 1310 2015 dioecesanam
1335 1982 1488 2024 civitatis,
1513 1982 1772 2026 quotiescumque
1797 1982 1835 2015 ab

1094 2036 1241 2079 episcopo
1266 2036 1365 2069 vocati
1391 2036 1515 2078 suerint,
1536 2036 1595 2069 nisi
1620 2037 1761 2079 legitimo
1778 2037 1836 2069 im—

1094 2088 1274 2131 pedimento
1291 2089 1500 2129 detineantur,
1519 2095 1549 2122 et
1572 2090 1656 2133 quod
1680 2090 1713 2121 in
1734 2089 1836 2133 prima

1095 2141 1213 2185 synodo
1233 2142 1431 2184 celebranda,
1458 2148 1487 2175 et
1512 2143 1696 2184 successive,
1721 2153 1836 2187 perpe—

1095 2195 1156 2227 tuis
1180 2195 1293 2228 suturis
1317 2195 1523 2239 temporibus,
1548 2196 1630 2230 inter
1655 2196 1732 2229 alios
1758 2206 1833 2228 exa—

1096 2248 1265 2282 minatores
1289 2249 1453 2293 synodales
1478 2249 1590 2282 debeat
1614 2259 1739 2293 semper
1763 2249 1835 2291 eligi

1095 2313 1175 2335 unus
1196 2302 1233 2335 de
1251 2302 1333 2335 dicto
1355 2303 1514 2336 territorio
1532 2303 1647 2342 Balnei,
1664 2302 1836 2335 dummodo

1095 2357 1127 2388 in
1151 2361 1216 2390 toto
1241 2356 1325 2389 dicto
1349 2356 1510 2389 territorio
1531 2356 1610 2388 adsit
1637 2356 1749 2399 aliquis
1774 2355 1837 2388 ido-

1096 2420 1189 2449 neus;

1141 2464 1188 2497 ΙΙΙ.
1214 2463 1302 2503 Quod
1327 2463 1509 2497 omnimoda
1539 2464 1664 2497 collatio
1689 2462 1835 2496 ecelesia«

1097 2527 1166 2550 rum
1185 2522 1215 2549 et
1238 2516 1465 2549 beneficiorum
1484 2522 1545 2549 tam
1562 2526 1633 2549 cum
1650 2517 1727 2548 cura
1743 2525 1836 2559 quam

1097 2571 1162 2603 sine
1187 2573 1263 2603 cura
1284 2571 1315 2603 in
1332 2570 1415 2603 dicto
1440 2570 1601 2603 territorio
1626 2569 1836 2609 existentium,

324 2625 445 2658 iuribus
470 2630 499 2659 et
523 2626 688 2669 scripturis
716 2636 751 2659 ac
787 2624 1059 2660 informationibus
1097 2623 1288 2658 cessantibus
1320 2623 1586 2657 reservationibus
1610 2628 1640 2656 et
1665 2622 1835 2656 affectioni-

1732 214 1796 247 493
1844 223 1891 250 An.
1907 223 1935 250 c.
1957 222 2024 250 1635
