2221 3224
214 240 304 267 Aac.
330 239 396 266 1029
443 231 506 263 ’.ΗΞ

410 287 482 320 dicti
507 287 702 331 praepositus
738 284 893 328 generalis
917 289 949 316 et
973 283 1079 316 clerici
1105 293 1151 315 so-

411 342 545 374 lemnem
582 340 845 372 beatificationem
883 348 953 370 curn
987 337 1090 369 ossicio
1121 341 1151 368 et

413 394 529 433 missa,
555 393 585 425 in
614 393 663 424 die
692 392 737 424 eis
765 390 932 430 benevisa,
958 390 1009 422 hic
1034 382 1168 422 Rornae}

414 448 445 479 in
470 446 601 480 ecclesia
626 445 654 478 S.
673 444 814 477 Andreae
838 444 876 476 de
901 443 1005 485 Valle,
1030 453 1151 476 necnon

412 500 464 532 alii
485 499 522 531 ad
548 499 632 531 illam
658 497 850 530 confluentes
869 496 1029 529 celebrare
1053 496 1151 529 libere

414 559 443 585 et
460 553 542 584 licite
566 551 686 595 possint
710 555 739 583 et
764 550 894 590 valeant,
912 549 1084 593 apostolica
1103 560 1170 582 au-v

414 606 576 646 ctoritate,
602 610 710 637 tenore
735 604 946 648 praesentium
962 630 969 644 ,
994 603 1152 636 licentiam

414 664 443 692 ct
463 659 640 691 l'acultateni
666 657 868 691 concedimus
889 662 919 690 et
943 657 1151 700 impertimur.

459 712 474 755 ἓ
499 711 527 745 5.
552 713 621 745 Νοη
652 711 848 744 obstantibus
878 709 1154 743 constitutionibus

415 771 444 798 et
468 765 717 799 ordinationibus
749 764 945 808 apostolicis,
979 763 1153 807 ceterisque

367 845 371 849 .
415 819 582 853 contrariis
606 819 864 862 quibuscumque.

265 889 397 909 r..1ssst,<,›.„.
459 873 474 916 ξ
497 872 527 904 4.
553 873 705 905 Volumus
730 877 833 904 autem
849 898 856 911 ,
884 875 925 904 ut.
942 871 1153 914 praesentium

214 919 349 941 ⁵¹¹¹'¹²'¹”s¹¹¹¹¹'
416 925 642 969 transumptis,
664 925 756 958 etiam
787 924 970 968 impressis,
996 923 1155 956 secretarii

416 979 513 1022 ipsius
533 977 792 1020 Congregationis
817 977 864 1009 vel
889 976 1021 1009 alicuius
1041 976 1155 1009 notarii

417 1032 532 1076 publici
555 1042 648 1064 manu
667 1030 862 1074 subscriptis,
879 1035 909 1062 et
934 1030 1064 1063 alicuius
1088 1040 1158 1073 per-

417 1096 511 1119 sonae
528 1085 559 1117 in
577 1085 727 1128 dignitate
745 1083 957 1117 ecclesiastica
971 1083 1157 1116 constitutae

417 1145 470 1172 aut
492 1139 664 1183 praepositi
690 1138 736 1171 rel
762 1137 867 1170 vicarii
894 1137 1050 1180 generalis
1075 1137 1156 1169 eius-

418 1193 489 1225 dem
514 1190 773 1234 Congregatiouis
804 1190 906 1232 sigillo
931 1190 1076 1230 munitis,
1101 1201 1159 1222 ea-

418 1246 488 1278 dem
502 1255 632 1289 prorsus
646 1244 723 1276 tides
737 1244 852 1286 ubique
867 1243 1062 1283 adhibeatur,
1080 1253 1158 1286 quae

418 1299 493 1343 ipsis
516 1299 734 1342 praesentibus
763 1298 984 1337 adhiberetur,
1008 1297 1034 1329 si
1057 1297 1159 1329 forent

419 1353 583 1393 exhibitae,
605 1353 652 1384 vel
678 1357 829 1385 ostensae.

463 1407 575 1440 Datum
600 1407 733 1448 Romae,
760 1405 842 1450 apud
868 1406 896 1439 S.
915 1405 1042 1438 Mariam
1067 1405 1160 1438 Maio-

420 1471 504 1501 rem,
522 1460 579 1492 sub
597 1460 713 1492 annulo
731 1459 915 1499 Piscatoris,
934 1459 983 1491 dic
1007 1469 1062 1491 vm
1079 1464 1161 1491 octo-

420 1514 485 1546 bris
502 1523 653 1553 MDcxxm
668 1513 866 1556 pontificatus
884 1512 982 1545 nostri
1003 1522 1084 1545 anno
1105 1522 1158 1545 vn.

455 1576 515 1603 Dat.
533 1576 576 1603 die
592 1576 607 1603 8
623 1575 741 1603 octobris
758 1575 836 1608 1529,
853 1574 946 1610 pontif.
963 1582 1034 1601 anno
1049 1581 1097 1601 viI.

727 1718 853 1753 CCCLII.

421 1795 572 1835 Exiensio
589 1800 785 1844 facultatum
804 1799 982 1838 Cruciatae,
1001 1798 1108 1842 quoad
1127 1797 1163 1830 le?-

465 1855 605 1887 centv'am
622 1853 767 1886 vescendi
783 1853 849 1885 ovis
866 1857 893 1884 et
913 1852 1098 1889 lacticiniis,
1120 1851 1162 1883 ad

463 1907 674 1952 patriarchas
690 1934 697 1947 ,
725 1906 981 1950 archiepiscopos
1016 1909 1045 1937 et
1079 1905 1162 1937 alios

466 1962 635 2005 inferiores
658 1959 833 2003 praelatos,
850 1970 886 1992 ac
908 1959 1109 2002 presbyteros
1135 1963 1181 1995 et:

467 2015 597 2048 clericos
614 2014 783 2052 seculares,
809 2018 935 2045 temtum
955 2014 1082 2056 excepta
1098 2023 1164 2044 ma-
1181 2035 1182 2041 ,

467 2069 531 2102 iorz'
552 2066 777 2101 hebdomadffl.

426 2148 604 2175 Charissimo
621 2147 651 2174 in
674 2147 789 2173 Christo
810 2146 871 2173 filio
891 2148 993 2172 nostro
1014 2145 1162 2180 Philippo,

557 2192 767 2226 Hispaniarum
787 2191 849 2224 regi
871 2191 1030 2223 catholico,

632 2245 768 2272 Urbanus
786 2245 863 2277 Papa
879 2244 957 2271 vlu.

523 2308 703 2335 Charissime
720 2308 750 2334 in
768 2307 883 2333 christo
900 2306 942 2332 fili
955 2308 1067 2338 noster,

461 2353 590 2380 salutem
611 2355 641 2379 et
665 2352 861 2386 apostoticam
881 2351 1129 2378 benedictionem.

265 2432 314 2452 Pius
330 2432 346 2451 V
363 2432 410 2478 ηψ-

228 2464 267 2509 ‘¹⁰5
298 2459 327 2478 ro
331 2459 383 2478 ..m
472 2425 486 2469 ἓ
510 2425 539 2458 l.
566 2424 648 2458 Alias
680 2434 697 2456 a
730 2423 826 2456 telicis
857 2422 1082 2456 iwecoidationis
1113 2421 1167 2455 Pio

264 2491 299 2505 0Γὸ
329 2491 377 2505 ΓΙἹΙΓ

228 2492 261 2531 {2¹2
301 2517 344 2531 00„
378 2464 508 2528 §Papa
522 2479 544 2511 V
559 2478 801 2522 praedeeessffle
818 2481 925 2510 nostro
939 2477 1034 2519 (inter
1048 2481 1168 2509 ceteras

228 2540 276 2558 ¹⁰⁰2
322 2544 410 2558 ¹0¹⁰⁰¹⁰
429 2533 544 2576 gratias
570 2533 637 2566 illas
662 2532 841 2576 spirituales
866 2536 895 2564 et
915 2531 1105 2576 temporales
1130 2529 1169 2563 ad

464 2648 475 2674 1
493 2647 530 2675 Ex
546 2647 653 2683 Regest.
670 2648 697 2675 in
712 2647 812 2675 Secret.
831 2647 906 2674 Brev.

993 235 1175 259 BULLARlUM
1197 234 1350 258 ROMANUM

1941 235 1990 261 An.
2004 234 2032 261 C.
2056 235 2121 263 1629

1166 317 1168 332 ι
1184 288 1303 315 eertum
1322 287 1396 314 tunc
1417 292 1600 325 expiessum
1624 287 1747 326 tempus
1763 282 1925 326 publican-
1940 300 2012 318 sumt
2003 297 2123 323 eamponbus

1184 335 1238 368 das
1263 340 1292 367 et
1317 334 1483 367 duraturas
1516 335 1617 367 clarae
1649 335 1822 368 memmiae
1846 324 2124 371 ΡΙιί-Ξιῇᾟέζᾞζξζξζ

1185 389 1271 432 lippo
1296 388 1321 420 ll
1346 388 1565 431 Hispaniarum
1597 389 1664 431 legi
1690 388 1843 421 catholico
1868 398 1925 421 avo

1186 446 1249 481 tuo,
1274 451 1310 473 ac
1334 441 1479 473 omnibus
1503 446 1533 473 et
1558 441 1690 484 singulis
1714 441 1926 474 christifideli-

1186 494 1243 527 bus
1260 493 1291 526 in
1310 493 1414 536 regnis
1431 499 1461 526 et
1484 494 1633 527 dominiis
1658 494 1879 538 Hispaniarum
1898 499 1928 526 et

1186 547 1247 580 illis
1271 546 1486 579 adiacentibus
1505 557 1629 580 necnon
1658 546 1819 580 Sardiniae
1844 547 1928 579 insu-

1187 601 1224 633 lis
1241 600 1485 634 consistentibus
1505 606 1535 633 et
1551 601 1588 633 ad
1613 601 1664 633 illa
1688 600 1926 641 declinantibus,

1188 654 1226 687 iis
1243 654 1297 698 qui
1314 659 1399 686 certa
1422 664 1552 686 munera
1575 654 1840 697 adimplevissent,
1857 664 1929 686 con-

1187 717 1299 748 cessas,
1318 712 1348 740 et
1371 717 1388 739 a
1405 706 1536 739 diversis
1561 707 1708 740 Romanis
1725 707 1928 740 Pontificibus

1188 760 1484 805 praedecessoribus
1511 760 1626 794 nostris
1657 760 1759 793 eidem
1785 760 1928 804 Philippo

1189 825 1224 847 ac
1248 814 1358 847 similis
1388 813 1560 846 memoriae
1593 813 1739 857 Philippo
1771 813 1810 846 111
1835 814 1928 846 etiam

1189 868 1409 912 Hispaniarum
1435 867 1503 911 regi
1527 867 1682 900 catholico
1707 867 1841 909 genitori
1866 872 1929 908 tuo,

1189 927 1260 957 eta
1282 922 1374 956 nobis
1407 932 1464 966 per
1495 927 1619 955 nostras
1650 921 1681 953 in
1711 921 1805 954 simili
1829 921 1930 953 forma

1190 975 1297 1009 Brevis
1326 975 1383 1008 sub
1416 975 1465 1007 die
1493 984 1567 1008 xxv1
1597 973 1701 1007 martii
1734 983 1872 1007 iuncxxw
1901 977 1931 1006 et

1191 1029 1239 1062 die
1263 1039 1296 1063 ix
1341 1028 1458 1062 ctobris
1486 1027 1661 1072 praesentis
1692 1027 1764 1060 anni
1789 1036 1931 1060 MDCXXIX

1191 1082 1315 1126 expedit
1379 1080 1515 1114 litteras¹
1542 1081 1694 1114 maiestati
1724 1085 1794 1114 tuae
1823 1090 1932 1124 proro-

1191 1142 1289 1179 gatas,
1317 1136 1472 1168 indultum
1504 1135 1583 1175 fuit,
1612 1140 1645 1167 ut
1676 1134 1733 1178 ipsi
1761 1134 1930 1174 carnibus,

1192 1190 1230 1222 de
1247 1189 1377 1222 consilio
1395 1190 1559 1231 utriusque
1584 1187 1714 1227 medici,
1735 1187 1932 1231 temporibus

1193 1244 1381 1277 ieiuniorum
1407 1248 1469 1275 tam
1494 1242 1813 1286 quadragesimalium
1838 1251 1931 1284 quani

1193 1297 1408 1341 quorumlibet
1432 1297 1526 1330 totius
1551 1297 1635 1335 anni,
1662 1306 1707 1336 ac,
1732 1306 1790 1339 pro
1821 1305 1932 1328 eorum

1193 1351 1291 1391 libito,
1317 1350 1383 1383 ovis
1408 1355 1437 1382 et
1461 1349 1625 1382 lacticiniis
1649 1348 1753 1389 vesci,
1778 1348 1819 1380 ita
1839 1348 1933 1391 quod,

1193 1404 1245 1448 qui
1271 1414 1380 1437 carnes
1409 1402 1491 1436 non²
1515 1402 1733 1441 comedissent,
1758 1403 1878 1433 servata
1903 1401 1935 1433 in

1194 1458 1305 1492 ceteris
1329 1457 1445 1490 ienunii
1477 1455 1678 1489 ecclesiastici
1703 1455 1825 1494 forma,
1851 1454 1934 1487 dicto

1194 1511 1310 1544 ieiunio
1336 1510 1521 1543 satisfecisse
1547 1512 1763 1547 censerentur,
1788 1507 1888 1540 libere
1905 1511 1935 1540 et

1194 1564 1277 1597 licite
1301 1568 1437 1607 possent.

1239 1618 1254 1660 g
1274 1617 1303 1650 ⁶2.
1329 1616 1392 1649 Sub
1417 1616 1474 1648 hac
1498 1620 1602 1648 tamen
1627 1615 1728 1657 gratia
1751 1618 1781 1648 et
1805 1623 1934 1647 conces-
2119 1652 2122 1655 ‚

1196 1670 1283 1704 sione
1308 1669 1437 1702 minime
1463 1668 1688 1712 comprehendi
1717 1667 1934 1711 patriarchas,
1950 1652 2135 1706 ffi-‘illl‘il‘lffil'cf

1196 1724 1357 1768 primates,
1371 1723 1635 1766 archiepiscopos,
1646 1721 1820 1765 episcopos,
1834 1731 1936 1764 neque

1196 1778 1273 1811 alios
1297 1777 1461 1810 interiores
1478 1776 1642 1819 praelatos,
1662 1784 1762 1818 neque
1784 1774 1938 1817 quaslibet

1196 1831 1358 1873 regulares
1383 1839 1544 1873 personas,
1565 1835 1657 1871 atque
1682 1838 1716 1860 ex
1743 1827 1936 1860 secularibus

1197 1895 1258 1925 eas,
1277 1894 1357 1928 quae
1382 1884 1413 1916 in
1432 1883 1667 1928 presbyteratus
1691 1881 1802 1915 ordine
1826 1881 1938 1914 consti·
1962 1911 1968 1916 .

1180 1952 1181 1974 t
1200 1944 1280 1971 tutae
1299 1943 1410 1978 essent,
1429 1937 1531 1980 quoad
1549 1935 1831 1980 quadragesimalia
1858 1935 1937 1967 ieiu-

1989 1625 2088 1651 Exceptis
2103 1627 2134 1645 ta-

1180 1993 1258 2032 enia,
1273 1992 1333 2024 illis
1347 1995 1450 2024 autem
1467 1990 1611 2034 exceptis,
1627 1999 1735 2022 omnes
1751 1988 1938 2032 praedictos,

1199 2044 1440 2089 praeterquam³
1457 2044 1627 2076 insularum
1646 2042 1876 2085 praedictarum
1897 2042 1940 2074 in-

1199 2100 1293 2138 colas,
1315 2099 1405 2132 etiam
1426 2097 1491 2130 ovis
1512 2101 1541 2130 et
1563 2096 1724 2129 lacticiniis
1743 2095 1823 2128 vesci
1839 2105 1940 2138 posse,

1200 2159 1233 2185 ut
1257 2162 1351 2195 supra
1376 2151 1550 2189 concessit,
1576 2149 1673 2182 voluit
1703 2150 1794 2182 etiam
1825 2159 1938 2192 quem-

1201 2215 1335 2248 cumque
1353 2204 1609 2242 ecclesiasticum,
1625 2203 1670 2235 vel
1689 2203 1873 2243 secularem,
1887 2201 1941 2245 qui

1201 2269 1269 2292 eam
1295 2258 1426 2301 gratiani
1453 2258 1561 2290 suisset
1585 2263 1792 2300 assi-quinus,
1821 2258 1857 2288 ea
1882 2255 1941 2288 mi-

1201 2313 1285 2345 nime
1310 2322 1400 2355 posse
1433 2311 1476 2344 uti
1510 2316 1595 2343 extra
1628 2311 1695 2354 ipsa
1720 2310 1939 2353 Hispaniarum

1202 2376 1309 2409 regna,
1326 2371 1357 2398 et
1386 2365 1461 2398 alias
1480 2370 1575 2409 prout
1601 2365 1631 2396 in
1655 2364 1787 2397 diversis
1804 2369 1864 2396 tam
1883 2362 1940 2396 suh

1240 2466 1249 2490 1
1269 2463 1345 2490 Non
1339 2472 1361 2490 is
1366 2467 1404 2489 tas
1419 2463 1465 2488 sed
1483 2462 1561 2489 allani
1579 2461 1662 2488 habes
1679 2466 1742 2488 tom.
1767 2467 1832 2491 xiil,
1848 2469 1874 2497 p.
1892 2460 1943 2488 1⁶5

1184 2512 1209 2541 t(
1201 2512 1241 2541 (a.
1257 2515 1272 2534 T
1288 2507 1304 2542 ).
1522 2509 1526 2512 “

1237 2553 1253 2578 ’2
1270 2553 1323 2578 lam
1339 2552 1375 2578 ih.
1389 2552 1540 2578 notavimus
1557 2551 1715 2586 particulam
1727 2558 1784 2577 non
1798 2549 1882 2577 videri
1893 2549 1942 2577 de-

1203 2598 1309 2639 leniam
1330 2605 1371 2623 tiz.
1387 2600 1435 2629 T.).

1237 2643 1254 2670 3
1268 2642 1382 2670 Videtur
1398 2642 1487 2678 potius
1502 2641 1646 2678 legendum
1660 2643 1778 2677 praeter
1792 2643 1831 2675 (a.
1847 2639 1898 2674 τ.).

2202 674 2218 825 *manem-'739
2201 644 2217 667 ἑ-
2207 577 2217 630 2³2-
2212 521 2217 538 -,
2213 495 2216 498 i
2205 467 2216 482 ι,·
2208 365 2221 454 „aest—3
2204 329 2221 353 »⁴
