2226 3235
176 228 224 254 An.
243 226 271 253 G.
291 225 362 253 1630

211 1406 319 1435 t'tausulas
331 1411 368 1426 ne·

184 1438 289 1454 “asarias
303 1438 368 1458 appo-

184 1462 221 1480 nit.

335 1685 341 1687 >
381 1667 514 1695 cernunt
533 1667 564 1696 et
579 1667 771 1696 concernent
790 1662 821 1695 in
841 1663 993 1702 futurum,
1011 1662 1043 1694 in
1060 1672 1125 1695 om-

186 1937 294 1959 Contraria
310 1938 369 1959 tollit.

989 224 1128 249 [numus

376 271 510 306 iusmodi
523 271 604 306 inter
618 271 738 305 Arabos
759 271 864 312 situm,
882 271 1115 316 maximamque

376 325 458 359 illius
470 325 508 358 ab
521 325 578 359 hac
591 327 696 359 sancta
712 325 790 359 Sede
804 325 994 367 distantiam,
1008 331 1117 369 etpro-

376 383 482 422 pterea
499 378 639 412 eiusdem
659 378 842 412 monasterii
861 379 1031 412 monachos
1050 389 1117 422 spe-

376 432 506 466 cialibus
529 432 689 466 savoribus
713 437 743 465 et
767 432 875 475 gratiis
897 432 1046 476 prosequi
1067 442 1135 469 vo-.

377 486 484 528 lentes,
498 490 527 520 et
541 496 651 519 eorum
669 485 844 528 singulares
859 495 1009 529 personas
1023 495 1039 517 a
1053 484 1118 528 qui·

377 540 484 573 husvis
500 539 843 581 excommunicationis,
857 538 1070 583 suspensionis
1088 544 1117 571 ct

379 593 544 634 interdicti,
562 593 693 636 aliisque
710 593 930 626 ecclesiasticis
947 592 1117 632 sententiis,

378 646 519 680 censuris
536 650 565 680 et
585 646 706 690 poenis,
724 657 740 678 a
762 646 829 679 iure
849 646 896 679 vel
917 645 954 678 ab
980 644 1116 685 homine,

376 700 485 744 quavis
502 700 666 734 occasione
685 700 733 733 vel
751 702 844 733 causa
863 699 942 739 latis,
963 699 987 731 si
1004 698 1118 742 quibus

376 753 615 798 quomodolibet
639 753 807 787 innodatae
825 753 970 793 existunt,
992 751 1031 785 ad
1049 751 1119 784 effe-

377 812 462 841 ctum
484 808 698 852 praesentium
734 808 894 841 dumtaxat
919 815 1117 849 consequen—

377 861 462 903 dum,
472 861 586 895 harum
599 861 681 895 serie
694 861 900 902 absolventes,
915 865 944 894 et
960 860 1120 893 absolutas

378 914 443 948 sore
457 920 628 957 censentes,
641 914 822 948 huiusmodi
840 912 1120 957 supplicationibus

378 968 534 1009 inclinati,
560 969 665 1002 onmia
689 973 719 1002 et
743 968 866 1011 singula
891 966 1119 1009 concessiones,

378 1021 598 1065 indulgentias,
615 1022 788 1062 facultates,
806 1020 927 1055 indulta
945 1023 974 1055 et
991 1021 1051 1053 alia
1067 1031 1120 1054 su-

381 1075 487 1119 perius
507 1085 655 1119 expressa
672 1073 864 1115 huiusmodi,
880 1074 1056 1118 apostolica
1070 1084 1122 1107 au-

379 1127 533 1169 ctoritate,
557 1132 666 1162 tenore
690 1127 906 1172 praesentium
931 1128 1063 1171 (scilicet
1084 1127 1121 1161 ad

380 1181 508 1224 triginta
531 1192 639 1223 annos,
664 1182 768 1226 quoad
792 1181 1003 1225 indulgentias
1023 1187 1122 1215 extra-

379 1235 555 1269 ordinarias
589 1235 814 1279 huiusmodi),
843 1235 1060 1279 approbamus
1093 1241 1121 1269 et

380 1288 616 1330 confirmamus,
640 1289 766 1333 illisque
787 1289 977 1322 inviolabilis
1003 1294 1124 1332 aposto—

382 1341 459 1376 licae
481 1342 639 1375 firmitatis
664 1342 762 1376 robur
786 1342 960 1375 adiicimus.

426 1396 441 1439 g
465 1395 495 1429 9.
523 1396 731 1429 Decernentes
755 1395 865 1428 eadem
892 1396 1063 1439 praemissa
1088 1384 1141 1428 ac]

383 1453 564 1493 praesentes
588 1449 707 1483 litteras
732 1448 844 1489 valida,
869 1450 960 1481 lirma
977 1454 1005 1481 et
1024 1449 1142 1482 edica-3

382 1502 431 1536 cia
447 1502 581 1536 existere
599 1508 629 1535 et
652 1503 730 1545 sore,
756 1512 893 1546 suosque
918 1502 1077 1545 plenarios
1094 1506 1124 1535 et

383 1556 523 1599 integros
536 1555 665 1589 effectus
679 1555 784 1590 sortiri
799 1560 829 1588 et
844 1555 998 1596 obtinere,
1012 1565 1048 1588 ac
1059 1565 1125 1588 mo-

381 1608 490 1641 nachis
515 1608 695 1652 praedictis,
719 1613 749 1641 et
774 1608 842 1641 aliis
867 1618 948 1651 quos
971 1608 1024 1640 illa
1049 1618 1124 1641 con-

382 1715 473 1749 nibus
490 1720 520 1748 et
538 1726 595 1760 per
615 1715 721 1750 omnia
744 1715 926 1760 plenissime
945 1715 1124 1758 suffragari,

383 1768 572 1813 irritumque
597 1773 627 1801 et
651 1768 753 1810 inane,
770 1769 795 1801 si
813 1779 902 1801 secus
927 1779 1025 1812 super
1042 1768 1090 1801 liis
1107 1778 1125 1800 a

382 1832 551 1866 quoquam,
576 1821 685 1866 quavis
709 1821 906 1862 auctoritate,
923 1821 1059 1855 scienter
1076 1821 1124 1854 vel

383 1875 575 1919 ignoranter,
601 1875 769 1918 contigerit
794 1875 951 1908 attentari.

428 1930 443 1973 ἓ
468 1928 519 1962 10.
545 1929 613 1962 Non
644 1928 839 1963 obstantibus
871 1928 1018 1962 omnibus
1046 1928 1124 1969 illis,

383 1983 508 2027 quaein
521 1982 612 2017 dictis
625 1982 737 2017 litteris
752 1992 902 2016 concessa
915 1986 986 2015 sunt
999 1991 1062 2015 non
1073 1981 1126 2015 ob-

383 2041 476 2078 stare,
493 2036 669 2080 ceterisque
682 2035 849 2069 contrariis
862 2035 1124 2078 quibuscumque.

428 2091 444 2134 ἓ
465 2090 519 2123 lt.
556 2090 706 2123 volumus
736 2094 853 2129 autem,
880 2088 974 2134 quod,
1000 2088 1026 2121 si
1050 2088 1126 2121 alias

384 2143 641 2178 christifidelibus
665 2142 781 2176 dictam
799 2142 973 2186 cappellam
998 2141 1126 2174 visitan-

385 2197 467 2230 tibus
487 2196 624 2241 aliquam
644 2196 737 2229 aliam
757 2195 994 2239 indulgentiam,
1012 2205 1126 2239 perpe-
1143 2222 1145 2237 ,

386 2256 439 2284 tuo
460 2251 507 2284 vel
524 2250 563 2283 ad
576 2255 701 2294 tempus
718 2250 948 2293 nonelapsum,
963 2259 1125 2282 concesse-

385 2304 495 2345 rimus,
520 2309 703 2348 praesentes
726 2304 831 2336 nullae
855 2304 925 2336 sint.

429 2358 541 2392 Datum
565 2358 700 2398 Romae,
725 2356 810 2401 apud
830 2356 859 2390 S.
883 2355 1013 2389 Mariam
1033 2356 1127 2390 Maio-

387 2422 465 2453 rem,
482 2410 540 2444 sub
556 2410 672 2444 annulo
689 2410 865 2452 piscatoris,
881 2409 930 2442 die
948 2419 979 2442 1v
997 2415 1129 2453 septem-

386 2465 451 2498 bris
467 2474 611 2505 MDcxxx,
623 2463 825 2508 pontificatus
837 2463 937 2497 nostri
954 2473 1036 2497 anno
1052 2473 1116 2497 vni.

421 2526 480 2554 Dat.
497 2525 540 2554 die
556 2526 571 2553 4
586 2525 749 2561 septembris
763 2525 842 2560 1630,
859 2525 953 2561 pontif.
972 2533 1042 2553 anno
1057 2532 1113 2553 vin.

474 2687 553 2717 Ball.
574 2687 660 2717 Rom.
702 2686 762 2718 Vol.
782 2686 856 2716 XIV.

1155 223 1210 248 vm
1234 224 1281 248 rr.
1794 211 1847 246 tut
1901 221 1946 245 im.
1965 220 1991 245 c.
2020 219 2085 246 1030

1422 268 1614 304 CCCLxxvt.

1152 343 1364 387 illaqislratui
1375 341 1582 376 Ferrariense'
1598 340 1738 383 facultas
1752 340 1889 371 ‹oncedi-

1197 401 1250 429 [ιη’
1272 395 1409 439 vectiyal
1439 395 1519 428 salis
1543 399 1572 427 et
1597 394 1658 426 olei
1684 393 1887 436 imponemli,

1196 454 1399 493 montemque
1421 460 1483 482 non
1508 447 1686 481 ‘tatcabz'lcm
1711 457 1806 490 super
1823 447 1890 478 eiu<

1196 503 1356 545 fructibus
1381 502 1528 545 criqemli
1542 502 1559 533 ¹.

1309 609 1314 614 ,
1355 581 1490 609 Urbanus
1511 582 1589 616 Papa
1608 582 1687 615 vm,

1294 627 1329 654 ad
1350 626 1484 654 futuram
1501 626 1545 654 rei
1567 626 1747 654 memoriam.

1198 699 1328 731 Paterna
1348 698 1386 730 de
1410 697 1525 730 nostris
1542 703 1572 730 et
1595 702 1718 730 sanetae
1735 697 1891 730 Romnum«-

1153 751 1309 785 Ecclesiae
1333 751 1466 784 subditis
1490 761 1566 784 cura
1590 756 1620 783 et
1644 750 1820 783 sollicitudo
1844 762 1894 794 po-

1935 708 1984 728 12101
1991 708 2045 727 dium

1135 809 1137 819 ¹
1153 805 1257 843 stillat,
1271 809 1304 837 ut
1322 814 1432 837 eorum
1450 803 1728 837 commoditatibus
1746 808 1774 836 et
1793 803 1892 839 saluti,

1153 862 1305 901 quantum
1330 867 1401 889 cum
1424 856 1556 889 Domino
1576 866 1755 900 possumus,
1781 856 1894 898 iugiter

1154 910 1364 944 consulamus.

1199 964 1214 1007 ξ
1239 963 1266 996 l.
1292 964 1368 998 Cum
1393 963 1508 1007 itaque,
1536 963 1615 996 sicut
1640 963 1831 1006 accepimus,
1854 962 1896 995 di·
1925 973 2096 1005 ,fdsuiiaiiuu

1154 1017 1225 1050 lecti
1250 1016 1307 1050 filii
1332 1016 1424 1050 iudex
1449 1021 1478 1049 et
1496 1016 1697 1059 magistratus
1719 1015 1895 1059 sapientum
1912 1000 2096 1047 ῗι“.ἶῖιὲῗ“’ἑοὶἓὲἷι“ἶῖ

1155 1070 1288 1105 civitatis
1312 1076 1438 1104 nostrae
1462 1070 1682 1110 Ferrariensis,
1703 1069 1741 1101 ad
1755 1074 1896 1101 averten-
1912 1054 2096 1105 }‡''01'⁰51²„·'2“?.¹„532

1155 1125 1238 1167 dam,
1264 1130 1415 1169 quantum
1442 1124 1565 1157 divinae
1590 1123 1743 1167 placuerit
1768 1122 1896 1155 miseri-
1912 1107 1990 1130 ''md''

1156 1179 1292 1220 cordiae,
1318 1179 1536 1222 contagionem
1562 1178 1593 1210 in
1616 1177 1776 1211 nonnullis
1806 1177 1897 1209 Lom-

1156 1233 1283 1266 bardiae
1309 1232 1452 1276 partibus
1476 1236 1682 1274 grassantem,
1701 1229 1786 1262 varia
1806 1233 1899 1272 atquc

1157 1285 1263 1329 gravia
1281 1294 1603 1329 expensarumonera
1621 1283 1766 1316 subeant:
1784 1292 1851 1323 nos,
1867 1288 1901 1315 ut

1140 1340 1249 1373 {iudex
1272 1346 1301 1372 ct
1326 1340 1527 1382 magistratus
1551 1337 1702 1382 praedicti
1727 1337 1900 1381 praemissa

1159 1394 1278 1427 facilius
1296 1399 1325 1426 et
1342 1393 1464 1426 minore
1493 1403 1555 1435 quo
1581 1391 1649 1424 fieri
1667 1396 1769 1435 potest
1790 1401 1901 1423 eorum

1158 1447 1358 1481 incommodo
1383 1456 1535 1490 peragere
1560 1446 1692 1485 valeant,
1717 1456 1776 1488 pro
1800 1444 1901 1478 nostri

1158 1500 1325 1545 pastoralis
1350 1499 1445 1534 officii
1465 1499 1571 1532 debito
1596 1503 1774 1542 opportune
1799 1498 1901 1542 provi-

1158 1554 1243 1595 dere,
1261 1553 1394 1597 illosque
1409 1552 1597 1597 specialibus
1615 1551 1774 1585 favoribus
1791 1556 1821 1585 ct
1835 1562 1902 1594 gra-

1160 1608 1209 1641 tiis
1222 1607 1370 1652 prosequi
1384 1608 1532 1649 volentes,
1543 1612 1573 1639 et
1588 1606 1714 1639 illorum
1728 1606 1902 1648 singulares

1158 1672 1309 1705 personas
1333 1672 1350 1693 a
1370 1660 1533 1704 quibusvis
1553 1659 1902 1699 excommunicationis,

1159 1714 1375 1759 suspensionis
1401 1720 1431 1747 et
1455 1713 1624 1753 interdicti,
1648 1713 1780 1757 aliisque
1805 1713 1903 1746 eccle-

1159 1767 1291 1801 siasticis
1315 1767 1491 1809 sententiis,
1517 1766 1659 1800 censuris
1684 1771 1713 1799 ct
1740 1765 1860 1809 poenis,
1886 1777 1902 1798 a

1159 1821 1228 1855 iure
1245 1821 1293 1854 vel
1314 1820 1352 1854 ab
1376 1820 1516 1861 homine,
1542 1819 1651 1864 quavis
1671 1819 1837 1853 occasione
1855 1820 1902 1851 vel

1160 1876 1254 1908 causa
1278 1874 1357 1916 latis,
1372 1875 1398 1907 si
1415 1874 1529 1918 quibus
1554 1872 1792 1917 quomodolibet
1813 1872 1902 1905 inno-

1160 1928 1250 1961 datae
1274 1928 1428 1968 existunt‚
1453 1927 1491 1960 ad
1516 1926 1661 1960 effectum
1686 1925 1902 1970 praesentium

1160 1982 1321 2015 dumtaxat
1335 1981 1603 2025 consequendum,
1620 1980 1734 2013 harum
1752 1979 1833 2012 serie
1849 1980 1903 2012 al)-

1161 2035 1316 2069 solventes
1330 2040 1359 2068 et
1371 2034 1530 2069 absolutas
1546 2035 1613 2068 sore
1628 2038 1801 2073 censentes,
1816 2037 1903 2067 motu

1160 2088 1309 2132 proprio,
1334 2094 1364 2121 et
1388 2099 1425 2121 ex
1450 2090 1535 2121 certa
1565 2087 1695 2121 scientia
1719 2097 1754 2120 ac
1780 2088 1903 2120 matura

1161 2141 1387 2175 deliberatione
1417 2142 1552 2181 nostris,
1578 2141 1679 2184 deque
1712 2140 1904 2184 apostolicae

1162 2195 1324 2240 potestatis
1355 2195 1572 2239 plenitudine,
1597 2194 1714 2227 eisdem
1745 2193 1841 2226 iudici
1874 2198 1903 2225 et

1162 2248 1369 2292 magistratui,
1392 2253 1426 2282 ut
1444 2248 1475 2281 in
1491 2247 1652 2292 praedicta
1670 2247 1793 2281 civitate
1813 2246 1903 2279 dum-

1161 2308 1244 2336 taxat
1272 2313 1367 2336 unam
1399 2302 1535 2336 duorum
1571 2306 1798 2345 quatrenorum
1831 2310 1903 2332 cum

1162 2355 1292 2389 dimidio
1318 2355 1446 2389 alterius
1464 2354 1573 2388 similis
1591 2353 1735 2398 quatreni
1761 2357 1905 2386 monetae

1162 2410 1288 2442 illarum
1306 2408 1442 2453 partium
1460 2418 1555 2452 super
1569 2407 1706 2451 qualibet
1724 2406 1805 2439 libra
1819 2406 1903 2447 salis,

1163 2469 1192 2497 et
1216 2463 1327 2505 aliam,
1355 2462 1509 2505 gabellas,
1543 2461 1651 2495 tertiae
1682 2460 1780 2504 partis
1812 2460 1904 2493 unius

1163 2515 1325 2559 bolognini
1346 2526 1441 2560 super
1457 2515 1594 2559 qualibet
1619 2514 1699 2547 libra
1719 2514 1780 2547 olei
1801 2514 1905 2558 impo-

1164 2580 1255 2610 nere,
1281 2579 1395 2613 easquc
1421 2579 1438 2601 a
1462 2568 1623 2612 quibusvis
1655 2567 1815 2612 personis,
1840 2573 1903 2600 tam

1201 2634 1211 2660 1
1231 2631 1268 2659 Ex
1284 2631 1391 2667 Regest.
1407 2630 1436 2659 in
1448 2630 1550 2659 Secret.
1567 2629 1642 2658 Brev.
