<?xml version="1.0" encoding="UTF-8"?>
<!DOCTYPE html PUBLIC "-//W3C//DTD XHTML 1.0 Transitional//EN"
    "http://www.w3.org/TR/xhtml1/DTD/xhtml1-transitional.dtd">
<html xmlns="http://www.w3.org/1999/xhtml" xml:lang="en" lang="en">
 <head>
  <title>
</title>
<meta http-equiv="Content-Type" content="text/html;charset=utf-8" />
  <meta name='ocr-system' content='tesseract 3.04.00' />
  <meta name='ocr-capabilities' content='ocr_page ocr_carea ocr_par ocr_line ocrx_word'/>
</head>
<body>
  <div class='ocr_page' id='page_1' title='image "./bullarumdiplomat14cath_0311.png"; bbox 0 0 2248 3229; ppageno 0'>
   <div class='ocr_carea' id='block_1_1' title="bbox 121 208 1083 2653">
    <p class='ocr_par' dir='ltr' id='par_1_1' title="bbox 121 208 1083 676">
     <span class='ocr_line' id='line_1_1' title="bbox 124 208 1073 241; baseline -0.002 -1"><span class='ocrx_word' id='word_1_1' title='bbox 124 213 174 241; x_wconf 78' lang='lat' dir='ltr'>An.</span> <span class='ocrx_word' id='word_1_2' title='bbox 189 213 219 240; x_wconf 86' lang='lat' dir='ltr'>C.</span> <span class='ocrx_word' id='word_1_3' title='bbox 244 211 305 240; x_wconf 84' lang='grc'><strong>1631</strong></span> <span class='ocrx_word' id='word_1_4' title='bbox 931 208 1073 234; x_wconf 71' lang='lat' dir='ltr'>URBANUS</span> 
     </span>
     <span class='ocr_line' id='line_1_2' title="bbox 161 257 1083 304; baseline -0.007 -8"><span class='ocrx_word' id='word_1_5' title='bbox 161 275 256 304; x_wconf 62' lang='lat' dir='ltr'>Pontifex</span> <span class='ocrx_word' id='word_1_6' title='bbox 272 275 308 295; x_wconf 50' lang='grc' dir='ltr'>ηρ.</span> <span class='ocrx_word' id='word_1_7' title='bbox 368 259 383 303; x_wconf 66' lang='lat' dir='ltr'>g</span> <span class='ocrx_word' id='word_1_8' title='bbox 403 259 429 292; x_wconf 86' lang='grc'>1.</span> <span class='ocrx_word' id='word_1_9' title='bbox 448 258 520 299; x_wconf 89' lang='lat' dir='ltr'>Nos,</span> <span class='ocrx_word' id='word_1_10' title='bbox 534 259 587 302; x_wconf 90' lang='lat' dir='ltr'>qui</span> <span class='ocrx_word' id='word_1_11' title='bbox 605 257 685 292; x_wconf 84' lang='lat' dir='ltr'>inter</span> <span class='ocrx_word' id='word_1_12' title='bbox 702 257 902 301; x_wconf 74' lang='lat' dir='ltr'>gravissimas</span> <span class='ocrx_word' id='word_1_13' title='bbox 917 258 1065 302; x_wconf 84' lang='lat' dir='ltr'>multipli-</span> <span class='ocrx_word' id='word_1_14' title='bbox 1080 262 1083 272; x_wconf 95' lang='lat'>&#39;</span> 
     </span>
     <span class='ocr_line' id='line_1_3' title="bbox 123 302 1064 356; baseline -0.005 -7"><span class='ocrx_word' id='word_1_15' title='bbox 123 302 308 349; x_wconf 52' lang='lat' dir='ltr'>ffii&#39;ffioioii‘ssiiiiiii&#39;z&#39;s&#39;-</span> <span class='ocrx_word' id='word_1_16' title='bbox 324 322 437 355; x_wconf 90' lang='lat' dir='ltr'>cesque</span> <span class='ocrx_word' id='word_1_17' title='bbox 445 312 637 356; x_wconf 85' lang='lat' dir='ltr'>apostolatus</span> <span class='ocrx_word' id='word_1_18' title='bbox 647 312 746 346; x_wconf 83' lang='lat' dir='ltr'>nostri</span> <span class='ocrx_word' id='word_1_19' title='bbox 756 322 847 345; x_wconf 87' lang='lat' dir='ltr'>curas</span> <span class='ocrx_word' id='word_1_20' title='bbox 858 312 965 344; x_wconf 80' lang='lat' dir='ltr'>ineam</span> <span class='ocrx_word' id='word_1_21' title='bbox 979 322 1064 355; x_wconf 86' lang='lat' dir='ltr'>prae-</span> 
     </span>
     <span class='ocr_line' id='line_1_4' title="bbox 122 355 1063 410; baseline -0.004 -9"><span class='ocrx_word' id='word_1_22' title='bbox 122 355 308 402; x_wconf 50' lang='lat' dir='ltr'>?ii&#39;diemffli&#39;i&#39;i&#39;iillss&#39;ss</span> <span class='ocrx_word' id='word_1_23' title='bbox 323 366 417 410; x_wconf 91' lang='lat' dir='ltr'>cipuo</span> <span class='ocrx_word' id='word_1_24' title='bbox 434 375 470 397; x_wconf 88' lang='lat' dir='ltr'>ac</span> <span class='ocrx_word' id='word_1_25' title='bbox 486 365 638 409; x_wconf 75' lang='lat' dir='ltr'>peculiari</span> <span class='ocrx_word' id='word_1_26' title='bbox 655 366 759 398; x_wconf 90' lang='lat' dir='ltr'>studio</span> <span class='ocrx_word' id='word_1_27' title='bbox 777 365 892 408; x_wconf 88' lang='lat' dir='ltr'>iugiter</span> <span class='ocrx_word' id='word_1_28' title='bbox 906 365 1063 398; x_wconf 85' lang='lat' dir='ltr'>incumbi-</span> 
     </span>
     <span class='ocr_line' id='line_1_5' title="bbox 123 413 1064 463; baseline -0.005 -9"><span class='ocrx_word' id='word_1_29' title='bbox 123 413 308 463; x_wconf 55' lang='grc' dir='ltr'>ἓῘῘῖ-’ῗᾷιέᾛᾈῖἷῖ</span> <span class='ocrx_word' id='word_1_30' title='bbox 323 429 402 460; x_wconf 88' lang='lat' dir='ltr'>mus,</span> <span class='ocrx_word' id='word_1_31' title='bbox 427 423 471 458; x_wconf 86' lang='lat' dir='ltr'>ut,</span> <span class='ocrx_word' id='word_1_32' title='bbox 496 418 657 462; x_wconf 70' lang='lat' dir='ltr'>extirpatis</span> <span class='ocrx_word' id='word_1_33' title='bbox 675 419 905 451; x_wconf 82' lang='lat' dir='ltr'>haereticarum</span> <span class='ocrx_word' id='word_1_34' title='bbox 928 418 1064 462; x_wconf 70' lang='lat' dir='ltr'>pravita-</span> 
     </span>
     <span class='ocr_line' id='line_1_6' title="bbox 122 467 1079 516; baseline -0.004 -9"><span class='ocrx_word' id='word_1_35' title='bbox 122 467 307 516; x_wconf 55' lang='grc' dir='ltr'>ξξὲιῗιῑῖἶιὲυἷῖἶὶῖἷιῖ</span> <span class='ocrx_word' id='word_1_36' title='bbox 323 468 387 505; x_wconf 76' lang='lat' dir='ltr'>tuni</span> <span class='ocrx_word' id='word_1_37' title='bbox 409 472 580 513; x_wconf 85' lang='lat' dir='ltr'>erroribus,</span> <span class='ocrx_word' id='word_1_38' title='bbox 597 472 750 506; x_wconf 86' lang='lat' dir='ltr'>catholica</span> <span class='ocrx_word' id='word_1_39' title='bbox 766 472 844 504; x_wconf 79' lang='lat' dir='ltr'>tides</span> <span class='ocrx_word' id='word_1_40' title='bbox 861 472 976 516; x_wconf 90' lang='lat' dir='ltr'>ubique</span> <span class='ocrx_word' id='word_1_41' title='bbox 992 482 1064 515; x_wconf 79' lang='lat' dir='ltr'>gen-</span> <span class='ocrx_word' id='word_1_42' title='bbox 1078 483 1079 488; x_wconf 55' lang='lat'>¹</span> 
     </span>
     <span class='ocr_line' id='line_1_7' title="bbox 121 514 1062 571; baseline -0.003 -10"><span class='ocrx_word' id='word_1_43' title='bbox 121 514 306 571; x_wconf 49' lang='lat' dir='ltr'>{ssssssl&#39;lfftilflua‘tf</span> <span class='ocrx_word' id='word_1_44' title='bbox 323 526 400 559; x_wconf 88' lang='lat' dir='ltr'>tium</span> <span class='ocrx_word' id='word_1_45' title='bbox 414 530 618 559; x_wconf 77' lang='lat' dir='ltr'>conservetur</span> <span class='ocrx_word' id='word_1_46' title='bbox 632 531 660 558; x_wconf 88' lang='lat' dir='ltr'>ct</span> <span class='ocrx_word' id='word_1_47' title='bbox 679 529 882 569; x_wconf 69' lang='lat' dir='ltr'>propagetur,</span> <span class='ocrx_word' id='word_1_48' title='bbox 896 536 991 569; x_wconf 86' lang='lat' dir='ltr'>super</span> <span class='ocrx_word' id='word_1_49' title='bbox 1005 526 1062 558; x_wconf 83' lang='lat' dir='ltr'>liae</span> 
     </span>
     <span class='ocr_line' id='line_1_8' title="bbox 122 567 1063 623; baseline -0.002 -10"><span class='ocrx_word' id='word_1_50' title='bbox 122 569 185 588; x_wconf 71' lang='lat'><strong>”⁰⁰¹⁵</strong></span> <span class='ocrx_word' id='word_1_51' title='bbox 195 567 292 588; x_wconf 43' lang='lat' dir='ltr'><strong>‘mmmm&#39;</strong></span> <span class='ocrx_word' id='word_1_52' title='bbox 320 578 370 612; x_wconf 88' lang='lat' dir='ltr'>re¹</span> <span class='ocrx_word' id='word_1_53' title='bbox 381 584 579 623; x_wconf 75' lang='lat' dir='ltr'>opportunae</span> <span class='ocrx_word' id='word_1_54' title='bbox 587 578 799 622; x_wconf 85' lang='lat' dir='ltr'>dispositionis</span> <span class='ocrx_word' id='word_1_55' title='bbox 810 579 983 614; x_wconf 90' lang='lat' dir='ltr'>ministerio</span> <span class='ocrx_word' id='word_1_56' title='bbox 993 589 1063 623; x_wconf 86' lang='lat' dir='ltr'>pro·</span> 
     </span>
     <span class='ocr_line' id='line_1_9' title="bbox 320 632 1062 676; baseline 0 -12"><span class='ocrx_word' id='word_1_57' title='bbox 320 633 426 666; x_wconf 79' lang='lat' dir='ltr'>videre</span> <span class='ocrx_word' id='word_1_58' title='bbox 450 633 598 674; x_wconf 76' lang='lat' dir='ltr'>volentes,</span> <span class='ocrx_word' id='word_1_59' title='bbox 624 642 660 665; x_wconf 87' lang='lat' dir='ltr'>ac</span> <span class='ocrx_word' id='word_1_60' title='bbox 681 632 901 676; x_wconf 84' lang='lat' dir='ltr'>ambiguitates</span> <span class='ocrx_word' id='word_1_61' title='bbox 918 638 947 666; x_wconf 90' lang='lat' dir='ltr'>et</span> <span class='ocrx_word' id='word_1_62' title='bbox 966 632 1062 665; x_wconf 84' lang='lat' dir='ltr'>dubia</span> 
     </span>
    </p>

    <p class='ocr_par' dir='ltr' id='par_1_2' title="bbox 270 685 1062 2597">
     <span class='ocr_line' id='line_1_10' title="bbox 270 685 1062 730; baseline 0 -12"><span class='ocrx_word' id='word_1_63' title='bbox 270 699 275 703; x_wconf 91' lang='lat'><strong>·</strong></span> <span class='ocrx_word' id='word_1_64' title='bbox 319 685 486 719; x_wconf 81' lang='lat' dir='ltr'>demedio</span> <span class='ocrx_word' id='word_1_65' title='bbox 510 686 621 719; x_wconf 89' lang='lat' dir='ltr'>tollere</span> <span class='ocrx_word' id='word_1_66' title='bbox 645 686 826 730; x_wconf 86' lang='lat' dir='ltr'>cupientes,</span> <span class='ocrx_word' id='word_1_67' title='bbox 850 691 884 719; x_wconf 89' lang='lat' dir='ltr'>ut</span> <span class='ocrx_word' id='word_1_68' title='bbox 913 690 972 728; x_wconf 87' lang='lat' dir='ltr'>tot,</span> <span class='ocrx_word' id='word_1_69' title='bbox 998 690 1062 720; x_wconf 88' lang='lat' dir='ltr'>tan-</span> 
     </span>
     <span class='ocr_line' id='line_1_11' title="bbox 319 738 1061 783; baseline 0 -11"><span class='ocrx_word' id='word_1_70' title='bbox 319 745 431 783; x_wconf 91' lang='lat' dir='ltr'>taeque</span> <span class='ocrx_word' id='word_1_71' title='bbox 451 738 691 773; x_wconf 69' lang='lat' dir='ltr'>constitutiones</span> <span class='ocrx_word' id='word_1_72' title='bbox 709 739 872 782; x_wconf 78' lang='lat' dir='ltr'>generales</span> <span class='ocrx_word' id='word_1_73' title='bbox 888 749 905 772; x_wconf 88' lang='lat' dir='ltr'>a</span> <span class='ocrx_word' id='word_1_74' title='bbox 924 739 1014 772; x_wconf 91' lang='lat' dir='ltr'>nobis</span> <span class='ocrx_word' id='word_1_75' title='bbox 1031 744 1061 772; x_wconf 88' lang='lat' dir='ltr'>ct</span> 
     </span>
     <span class='ocr_line' id='line_1_12' title="bbox 318 791 1059 836; baseline -0.001 -10"><span class='ocrx_word' id='word_1_76' title='bbox 318 792 377 826; x_wconf 87' lang='lat' dir='ltr'>hac</span> <span class='ocrx_word' id='word_1_77' title='bbox 389 792 501 827; x_wconf 78' lang='lat' dir='ltr'>Sancta</span> <span class='ocrx_word' id='word_1_78' title='bbox 519 791 649 833; x_wconf 88' lang='lat' dir='ltr'>Sedc,et</span> <span class='ocrx_word' id='word_1_79' title='bbox 660 792 848 836; x_wconf 89' lang='lat' dir='ltr'>praesertim</span> <span class='ocrx_word' id='word_1_80' title='bbox 865 792 903 825; x_wconf 88' lang='lat' dir='ltr'>ad</span> <span class='ocrx_word' id='word_1_81' title='bbox 919 792 1059 825; x_wconf 84' lang='lat' dir='ltr'>savorem</span> 
     </span>
     <span class='ocr_line' id='line_1_13' title="bbox 317 845 1059 889; baseline -0.001 -11"><span class='ocrx_word' id='word_1_82' title='bbox 317 845 390 879; x_wconf 85' lang='lat' dir='ltr'>fidei</span> <span class='ocrx_word' id='word_1_83' title='bbox 415 845 598 887; x_wconf 86' lang='lat' dir='ltr'>catholicae,</span> <span class='ocrx_word' id='word_1_84' title='bbox 619 845 765 889; x_wconf 89' lang='lat' dir='ltr'>illiusque</span> <span class='ocrx_word' id='word_1_85' title='bbox 788 845 1059 889; x_wconf 81' lang='lat' dir='ltr'>propagationem,</span> 
     </span>
     <span class='ocr_line' id='line_1_14' title="bbox 317 898 1060 942; baseline -0.003 -9"><span class='ocrx_word' id='word_1_86' title='bbox 317 903 347 933; x_wconf 89' lang='lat' dir='ltr'>et</span> <span class='ocrx_word' id='word_1_87' title='bbox 371 898 466 932; x_wconf 84' lang='lat' dir='ltr'>officii</span> <span class='ocrx_word' id='word_1_88' title='bbox 488 904 613 932; x_wconf 82' lang='lat' dir='ltr'>sanctae</span> <span class='ocrx_word' id='word_1_89' title='bbox 633 898 844 942; x_wconf 82' lang='lat' dir='ltr'>inquisitionis</span> <span class='ocrx_word' id='word_1_90' title='bbox 861 903 971 932; x_wconf 90' lang='lat' dir='ltr'>contra</span> <span class='ocrx_word' id='word_1_91' title='bbox 989 898 1060 931; x_wconf 86' lang='lat' dir='ltr'>bae-</span> 
     </span>
     <span class='ocr_line' id='line_1_15' title="bbox 317 951 1058 996; baseline -0.001 -11"><span class='ocrx_word' id='word_1_92' title='bbox 317 952 448 985; x_wconf 86' lang='lat' dir='ltr'>reticam</span> <span class='ocrx_word' id='word_1_93' title='bbox 479 951 666 996; x_wconf 80' lang='lat' dir='ltr'>pravitatem</span> <span class='ocrx_word' id='word_1_94' title='bbox 691 951 791 984; x_wconf 86' lang='lat' dir='ltr'>editae</span> <span class='ocrx_word' id='word_1_95' title='bbox 822 956 853 984; x_wconf 89' lang='lat' dir='ltr'>et</span> <span class='ocrx_word' id='word_1_96' title='bbox 883 951 922 984; x_wconf 91' lang='lat' dir='ltr'>de</span> <span class='ocrx_word' id='word_1_97' title='bbox 953 956 1058 984; x_wconf 89' lang='lat' dir='ltr'>cetero</span> 
     </span>
     <span class='ocr_line' id='line_1_16' title="bbox 318 1003 1058 1049; baseline -0.003 -10"><span class='ocrx_word' id='word_1_98' title='bbox 318 1005 457 1039; x_wconf 83' lang='lat' dir='ltr'>edendae</span> <span class='ocrx_word' id='word_1_99' title='bbox 470 1031 478 1045; x_wconf 92' lang='lat'>,</span> <span class='ocrx_word' id='word_1_100' title='bbox 499 1004 629 1038; x_wconf 90' lang='lat' dir='ltr'>sublatis</span> <span class='ocrx_word' id='word_1_101' title='bbox 652 1003 844 1048; x_wconf 85' lang='lat' dir='ltr'>quibuslibet</span> <span class='ocrx_word' id='word_1_102' title='bbox 868 1005 1058 1049; x_wconf 82' lang='lat' dir='ltr'>exceptioni-</span> 
     </span>
     <span class='ocr_line' id='line_1_17' title="bbox 316 1056 1059 1100; baseline -0.001 -9"><span class='ocrx_word' id='word_1_103' title='bbox 316 1059 386 1099; x_wconf 89' lang='lat' dir='ltr'>bus,</span> <span class='ocrx_word' id='word_1_104' title='bbox 403 1057 609 1100; x_wconf 77' lang='lat' dir='ltr'>subterfugiis</span> <span class='ocrx_word' id='word_1_105' title='bbox 626 1062 657 1090; x_wconf 88' lang='lat' dir='ltr'>et</span> <span class='ocrx_word' id='word_1_106' title='bbox 675 1056 919 1100; x_wconf 86' lang='lat' dir='ltr'>impedimentis,</span> <span class='ocrx_word' id='word_1_107' title='bbox 939 1057 978 1090; x_wconf 90' lang='lat' dir='ltr'>ad</span> <span class='ocrx_word' id='word_1_108' title='bbox 995 1068 1059 1090; x_wconf 91' lang='lat' dir='ltr'>ma-</span> 
     </span>
     <span class='ocr_line' id='line_1_18' title="bbox 316 1110 1057 1154; baseline 0 -9"><span class='ocrx_word' id='word_1_109' title='bbox 316 1112 416 1145; x_wconf 91' lang='lat' dir='ltr'>iorem</span> <span class='ocrx_word' id='word_1_110' title='bbox 432 1110 487 1144; x_wconf 90' lang='lat' dir='ltr'>Dei</span> <span class='ocrx_word' id='word_1_111' title='bbox 511 1110 646 1154; x_wconf 80' lang='lat' dir='ltr'>gloriam</span> <span class='ocrx_word' id='word_1_112' title='bbox 672 1114 858 1154; x_wconf 80' lang='lat' dir='ltr'>sanctaeque</span> <span class='ocrx_word' id='word_1_113' title='bbox 877 1111 983 1144; x_wconf 87' lang='lat' dir='ltr'>Matris</span> <span class='ocrx_word' id='word_1_114' title='bbox 999 1112 1057 1145; x_wconf 87' lang='lat' dir='ltr'>Ec-</span> 
     </span>
     <span class='ocr_line' id='line_1_19' title="bbox 316 1161 1056 1209; baseline -0.003 -9"><span class='ocrx_word' id='word_1_115' title='bbox 316 1161 430 1200; x_wconf 86' lang='lat' dir='ltr'>clesiae</span> <span class='ocrx_word' id='word_1_116' title='bbox 453 1165 684 1205; x_wconf 79' lang='lat' dir='ltr'>exaltationem,</span> <span class='ocrx_word' id='word_1_117' title='bbox 705 1164 856 1206; x_wconf 88' lang='lat' dir='ltr'>debitum,</span> <span class='ocrx_word' id='word_1_118' title='bbox 874 1170 908 1198; x_wconf 90' lang='lat' dir='ltr'>ut</span> <span class='ocrx_word' id='word_1_119' title='bbox 925 1175 982 1209; x_wconf 90' lang='lat' dir='ltr'>par</span> <span class='ocrx_word' id='word_1_120' title='bbox 999 1171 1056 1207; x_wconf 88' lang='lat' dir='ltr'>est,</span> 
     </span>
     <span class='ocr_line' id='line_1_20' title="bbox 315 1218 1061 1264; baseline -0.003 -11"><span class='ocrx_word' id='word_1_121' title='bbox 315 1219 488 1264; x_wconf 84' lang='lat' dir='ltr'>sortiantur</span> <span class='ocrx_word' id='word_1_122' title='bbox 504 1218 670 1259; x_wconf 79' lang='lat' dir='ltr'>effectum,</span> <span class='ocrx_word' id='word_1_123' title='bbox 689 1227 812 1251; x_wconf 86' lang='lat' dir='ltr'>necnon</span> <span class='ocrx_word' id='word_1_124' title='bbox 833 1228 1061 1262; x_wconf 71' lang='lat' dir='ltr'>quorumeum:</span> 
     </span>
     <span class='ocr_line' id='line_1_21' title="bbox 313 1271 1057 1318; baseline -0.001 -12"><span class='ocrx_word' id='word_1_125' title='bbox 313 1283 374 1318; x_wconf 90' lang='lat' dir='ltr'>que</span> <span class='ocrx_word' id='word_1_126' title='bbox 397 1271 648 1317; x_wconf 85' lang='lat' dir='ltr'>privilegiorum,</span> <span class='ocrx_word' id='word_1_127' title='bbox 673 1271 847 1313; x_wconf 86' lang='lat' dir='ltr'>gratiarum</span> <span class='ocrx_word' id='word_1_128' title='bbox 872 1276 902 1306; x_wconf 88' lang='lat' dir='ltr'>et</span> <span class='ocrx_word' id='word_1_129' title='bbox 922 1272 1057 1305; x_wconf 87' lang='lat' dir='ltr'>indulto-</span> 
     </span>
     <span class='ocr_line' id='line_1_22' title="bbox 313 1324 1054 1368; baseline -0.003 -8"><span class='ocrx_word' id='word_1_130' title='bbox 313 1336 395 1368; x_wconf 86' lang='lat' dir='ltr'>rum,</span> <span class='ocrx_word' id='word_1_131' title='bbox 420 1325 511 1359; x_wconf 84' lang='lat' dir='ltr'>dictis</span> <span class='ocrx_word' id='word_1_132' title='bbox 528 1324 719 1365; x_wconf 85' lang='lat' dir='ltr'>Ordinibus,</span> <span class='ocrx_word' id='word_1_133' title='bbox 746 1325 1054 1368; x_wconf 78' lang='lat' dir='ltr'>congregationibus,</span> 
     </span>
     <span class='ocr_line' id='line_1_23' title="bbox 313 1378 1056 1422; baseline -0.001 -9"><span class='ocrx_word' id='word_1_134' title='bbox 313 1379 517 1413; x_wconf 79' lang='lat' dir='ltr'>societatibus</span> <span class='ocrx_word' id='word_1_135' title='bbox 548 1384 579 1411; x_wconf 89' lang='lat' dir='ltr'>ct</span> <span class='ocrx_word' id='word_1_136' title='bbox 602 1378 771 1419; x_wconf 83' lang='lat' dir='ltr'>institutis,</span> <span class='ocrx_word' id='word_1_137' title='bbox 796 1388 869 1411; x_wconf 89' lang='lat' dir='ltr'>cum</span> <span class='ocrx_word' id='word_1_138' title='bbox 894 1378 1056 1422; x_wconf 77' lang='lat' dir='ltr'>quibusvis</span> 
     </span>
     <span class='ocr_line' id='line_1_24' title="bbox 314 1431 1055 1476; baseline -0.003 -10"><span class='ocrx_word' id='word_1_139' title='bbox 314 1433 463 1467; x_wconf 81' lang='lat' dir='ltr'>clausulis</span> <span class='ocrx_word' id='word_1_140' title='bbox 487 1437 518 1466; x_wconf 91' lang='lat' dir='ltr'>et</span> <span class='ocrx_word' id='word_1_141' title='bbox 532 1431 686 1474; x_wconf 79' lang='lat' dir='ltr'>decretis,</span> <span class='ocrx_word' id='word_1_142' title='bbox 707 1432 801 1465; x_wconf 87' lang='lat' dir='ltr'>etiam</span> <span class='ocrx_word' id='word_1_143' title='bbox 823 1433 1055 1476; x_wconf 86' lang='lat' dir='ltr'>quantumlibet</span> 
     </span>
     <span class='ocr_line' id='line_1_25' title="bbox 313 1485 1056 1529; baseline 0 -9"><span class='ocrx_word' id='word_1_144' title='bbox 313 1485 582 1526; x_wconf 78' lang='lat' dir='ltr'>extraordinariis,</span> <span class='ocrx_word' id='word_1_145' title='bbox 601 1489 630 1519; x_wconf 89' lang='lat' dir='ltr'>et</span> <span class='ocrx_word' id='word_1_146' title='bbox 649 1485 789 1526; x_wconf 82' lang='lat' dir='ltr'>cautelis,</span> <span class='ocrx_word' id='word_1_147' title='bbox 818 1485 1056 1529; x_wconf 85' lang='lat' dir='ltr'>quomodolibet</span> 
     </span>
     <span class='ocr_line' id='line_1_26' title="bbox 313 1537 1055 1583; baseline -0.001 -10"><span class='ocrx_word' id='word_1_148' title='bbox 313 1546 400 1573; x_wconf 87' lang='lat' dir='ltr'>etex</span> <span class='ocrx_word' id='word_1_149' title='bbox 425 1548 625 1583; x_wconf 89' lang='lat' dir='ltr'>quacumque</span> <span class='ocrx_word' id='word_1_150' title='bbox 649 1537 743 1572; x_wconf 73' lang='lat' dir='ltr'>causa</span> <span class='ocrx_word' id='word_1_151' title='bbox 767 1548 1002 1579; x_wconf 89' lang='lat' dir='ltr'>concessorum,</span> <span class='ocrx_word' id='word_1_152' title='bbox 1028 1549 1055 1572; x_wconf 93' lang='lat' dir='ltr'>c-</span> 
     </span>
     <span class='ocr_line' id='line_1_27' title="bbox 313 1592 1054 1636; baseline -0.001 -10"><span class='ocrx_word' id='word_1_153' title='bbox 313 1593 415 1626; x_wconf 89' lang='lat' dir='ltr'>tiamsi</span> <span class='ocrx_word' id='word_1_154' title='bbox 439 1593 470 1625; x_wconf 93' lang='lat' dir='ltr'>in</span> <span class='ocrx_word' id='word_1_155' title='bbox 491 1603 627 1636; x_wconf 86' lang='lat' dir='ltr'>corpore</span> <span class='ocrx_word' id='word_1_156' title='bbox 650 1592 729 1625; x_wconf 89' lang='lat' dir='ltr'>iuris</span> <span class='ocrx_word' id='word_1_157' title='bbox 747 1592 851 1625; x_wconf 89' lang='lat' dir='ltr'>clausa</span> <span class='ocrx_word' id='word_1_158' title='bbox 876 1593 946 1635; x_wconf 87' lang='lat' dir='ltr'>sint,</span> <span class='ocrx_word' id='word_1_159' title='bbox 966 1598 1054 1626; x_wconf 89' lang='lat' dir='ltr'>teno-</span> 
     </span>
     <span class='ocr_line' id='line_1_28' title="bbox 311 1645 1055 1690; baseline 0 -11"><span class='ocrx_word' id='word_1_160' title='bbox 311 1657 362 1679; x_wconf 91' lang='lat' dir='ltr'>res</span> <span class='ocrx_word' id='word_1_161' title='bbox 386 1645 616 1690; x_wconf 82' lang='lat' dir='ltr'>praesentibus,</span> <span class='ocrx_word' id='word_1_162' title='bbox 634 1655 670 1678; x_wconf 89' lang='lat' dir='ltr'>ae</span> <span class='ocrx_word' id='word_1_163' title='bbox 695 1645 721 1678; x_wconf 91' lang='lat' dir='ltr'>si</span> <span class='ocrx_word' id='word_1_164' title='bbox 745 1645 783 1678; x_wconf 89' lang='lat' dir='ltr'>dc</span> <span class='ocrx_word' id='word_1_165' title='bbox 805 1646 902 1678; x_wconf 86' lang='lat' dir='ltr'>verbo</span> <span class='ocrx_word' id='word_1_166' title='bbox 930 1646 968 1679; x_wconf 89' lang='lat' dir='ltr'>ad</span> <span class='ocrx_word' id='word_1_167' title='bbox 989 1658 1055 1680; x_wconf 81' lang='lat' dir='ltr'>ver-</span> 
     </span>
     <span class='ocr_line' id='line_1_29' title="bbox 310 1700 1054 1743; baseline 0 -10"><span class='ocrx_word' id='word_1_168' title='bbox 310 1700 396 1742; x_wconf 91' lang='lat' dir='ltr'>bum,</span> <span class='ocrx_word' id='word_1_169' title='bbox 412 1700 492 1733; x_wconf 88' lang='lat' dir='ltr'>nihil</span> <span class='ocrx_word' id='word_1_170' title='bbox 512 1700 639 1743; x_wconf 90' lang='lat' dir='ltr'>penitus</span> <span class='ocrx_word' id='word_1_171' title='bbox 659 1700 776 1733; x_wconf 88' lang='lat' dir='ltr'>omisso</span> <span class='ocrx_word' id='word_1_172' title='bbox 796 1706 826 1733; x_wconf 88' lang='lat' dir='ltr'>et</span> <span class='ocrx_word' id='word_1_173' title='bbox 842 1701 943 1734; x_wconf 72' lang='lat' dir='ltr'>forma</span> <span class='ocrx_word' id='word_1_174' title='bbox 960 1701 992 1733; x_wconf 91' lang='lat' dir='ltr'>in</span> <span class='ocrx_word' id='word_1_175' title='bbox 1009 1701 1054 1733; x_wconf 84' lang='lat' dir='ltr'>eis</span> 
     </span>
     <span class='ocr_line' id='line_1_30' title="bbox 311 1753 1054 1794; baseline 0 -7"><span class='ocrx_word' id='word_1_176' title='bbox 311 1753 423 1788; x_wconf 79' lang='lat' dir='ltr'>tradita</span> <span class='ocrx_word' id='word_1_177' title='bbox 443 1753 624 1794; x_wconf 72' lang='lat' dir='ltr'>observata,</span> <span class='ocrx_word' id='word_1_178' title='bbox 648 1753 758 1786; x_wconf 87' lang='lat' dir='ltr'>inserti</span> <span class='ocrx_word' id='word_1_179' title='bbox 784 1754 908 1794; x_wconf 88' lang='lat' dir='ltr'>forent,</span> <span class='ocrx_word' id='word_1_180' title='bbox 935 1754 1054 1787; x_wconf 87' lang='lat' dir='ltr'>eisdem</span> 
     </span>
     <span class='ocr_line' id='line_1_31' title="bbox 309 1806 1053 1851; baseline -0.001 -11"><span class='ocrx_word' id='word_1_181' title='bbox 309 1807 528 1851; x_wconf 89' lang='lat' dir='ltr'>praesentibus</span> <span class='ocrx_word' id='word_1_182' title='bbox 540 1817 599 1850; x_wconf 92' lang='lat' dir='ltr'>pro</span> <span class='ocrx_word' id='word_1_183' title='bbox 616 1806 774 1850; x_wconf 81' lang='lat' dir='ltr'>expressis</span> <span class='ocrx_word' id='word_1_184' title='bbox 791 1807 952 1849; x_wconf 87' lang='lat' dir='ltr'>babentes,</span> <span class='ocrx_word' id='word_1_185' title='bbox 967 1812 1053 1840; x_wconf 86' lang='lat' dir='ltr'>motu</span> 
     </span>
     <span class='ocr_line' id='line_1_32' title="bbox 309 1860 1053 1905; baseline -0.001 -12"><span class='ocrx_word' id='word_1_186' title='bbox 309 1860 451 1905; x_wconf 90' lang='lat' dir='ltr'>proprio,</span> <span class='ocrx_word' id='word_1_187' title='bbox 476 1863 505 1893; x_wconf 92' lang='lat' dir='ltr'>et</span> <span class='ocrx_word' id='word_1_188' title='bbox 529 1870 566 1892; x_wconf 86' lang='lat' dir='ltr'>ex</span> <span class='ocrx_word' id='word_1_189' title='bbox 591 1861 677 1893; x_wconf 75' lang='lat' dir='ltr'>certa</span> <span class='ocrx_word' id='word_1_190' title='bbox 701 1860 831 1892; x_wconf 75' lang='lat' dir='ltr'>scientia</span> <span class='ocrx_word' id='word_1_191' title='bbox 862 1870 898 1893; x_wconf 90' lang='lat' dir='ltr'>ae</span> <span class='ocrx_word' id='word_1_192' title='bbox 930 1862 1053 1893; x_wconf 78' lang='lat' dir='ltr'>matura</span> 
     </span>
     <span class='ocr_line' id='line_1_33' title="bbox 309 1913 1054 1957; baseline 0 -10"><span class='ocrx_word' id='word_1_193' title='bbox 309 1914 536 1947; x_wconf 83' lang='lat' dir='ltr'>deliberatione</span> <span class='ocrx_word' id='word_1_194' title='bbox 568 1913 702 1956; x_wconf 87' lang='lat' dir='ltr'>nostris,</span> <span class='ocrx_word' id='word_1_195' title='bbox 727 1913 829 1957; x_wconf 84' lang='lat' dir='ltr'>deque</span> <span class='ocrx_word' id='word_1_196' title='bbox 863 1915 1054 1957; x_wconf 86' lang='lat' dir='ltr'>apostolieae</span> 
     </span>
     <span class='ocr_line' id='line_1_34' title="bbox 309 1965 1052 2011; baseline -0.001 -10"><span class='ocrx_word' id='word_1_197' title='bbox 309 1966 472 2011; x_wconf 85' lang='lat' dir='ltr'>potestatis</span> <span class='ocrx_word' id='word_1_198' title='bbox 496 1965 711 2010; x_wconf 87' lang='lat' dir='ltr'>plenitudine,</span> <span class='ocrx_word' id='word_1_199' title='bbox 736 1966 821 2010; x_wconf 90' lang='lat' dir='ltr'>quod</span> <span class='ocrx_word' id='word_1_200' title='bbox 845 1967 973 2010; x_wconf 78' lang='lat' dir='ltr'>quaevis</span> <span class='ocrx_word' id='word_1_201' title='bbox 999 1978 1052 2011; x_wconf 91' lang='lat' dir='ltr'>ge-</span> 
     </span>
     <span class='ocr_line' id='line_1_35' title="bbox 309 2019 1054 2064; baseline 0 -10"><span class='ocrx_word' id='word_1_202' title='bbox 309 2021 433 2054; x_wconf 87' lang='lat' dir='ltr'>nerales</span> <span class='ocrx_word' id='word_1_203' title='bbox 469 2019 709 2054; x_wconf 81' lang='lat' dir='ltr'>constitutiones</span> <span class='ocrx_word' id='word_1_204' title='bbox 722 2047 729 2061; x_wconf 91' lang='lat'>,</span> <span class='ocrx_word' id='word_1_205' title='bbox 761 2020 985 2064; x_wconf 86' lang='lat' dir='ltr'>dispositiones</span> <span class='ocrx_word' id='word_1_206' title='bbox 1024 2027 1054 2054; x_wconf 90' lang='lat' dir='ltr'>ct</span> 
     </span>
     <span class='ocr_line' id='line_1_36' title="bbox 310 2073 1053 2118; baseline -0.001 -10"><span class='ocrx_word' id='word_1_207' title='bbox 310 2074 523 2108; x_wconf 85' lang='lat' dir='ltr'>ordinationes</span> <span class='ocrx_word' id='word_1_208' title='bbox 547 2073 738 2117; x_wconf 86' lang='lat' dir='ltr'>apostolicae</span> <span class='ocrx_word' id='word_1_209' title='bbox 762 2084 819 2117; x_wconf 88' lang='lat' dir='ltr'>per</span> <span class='ocrx_word' id='word_1_210' title='bbox 836 2084 893 2107; x_wconf 90' lang='lat' dir='ltr'>nos</span> <span class='ocrx_word' id='word_1_211' title='bbox 913 2079 943 2106; x_wconf 85' lang='lat' dir='ltr'>et</span> <span class='ocrx_word' id='word_1_212' title='bbox 963 2085 1053 2118; x_wconf 81' lang='lat' dir='ltr'>quos-</span> 
     </span>
     <span class='ocr_line' id='line_1_37' title="bbox 309 2127 1053 2173; baseline 0 -11"><span class='ocrx_word' id='word_1_213' title='bbox 309 2139 446 2173; x_wconf 87' lang='lat' dir='ltr'>cumque</span> <span class='ocrx_word' id='word_1_214' title='bbox 465 2129 623 2161; x_wconf 84' lang='lat' dir='ltr'>Romanos</span> <span class='ocrx_word' id='word_1_215' title='bbox 647 2127 813 2160; x_wconf 83' lang='lat' dir='ltr'>Pontifices</span> <span class='ocrx_word' id='word_1_216' title='bbox 834 2128 1053 2170; x_wconf 85' lang='lat' dir='ltr'>praedeeesso-</span> 
     </span>
     <span class='ocr_line' id='line_1_38' title="bbox 309 2180 1052 2215; baseline 0 0"><span class='ocrx_word' id='word_1_217' title='bbox 309 2193 360 2215; x_wconf 89' lang='lat' dir='ltr'>res</span> <span class='ocrx_word' id='word_1_218' title='bbox 368 2186 494 2214; x_wconf 88' lang='lat' dir='ltr'>nostros</span> <span class='ocrx_word' id='word_1_219' title='bbox 510 2181 542 2213; x_wconf 95' lang='lat' dir='ltr'>in</span> <span class='ocrx_word' id='word_1_220' title='bbox 559 2180 823 2214; x_wconf 79' lang='lat' dir='ltr'>concernentibus</span> <span class='ocrx_word' id='word_1_221' title='bbox 836 2181 931 2214; x_wconf 85' lang='lat' dir='ltr'>tidem</span> <span class='ocrx_word' id='word_1_222' title='bbox 945 2183 1052 2215; x_wconf 87' lang='lat' dir='ltr'>catho-</span> 
     </span>
     <span class='ocr_line' id='line_1_39' title="bbox 308 2234 1051 2278; baseline 0.001 -10"><span class='ocrx_word' id='word_1_223' title='bbox 308 2236 412 2277; x_wconf 89' lang='lat' dir='ltr'>licam,</span> <span class='ocrx_word' id='word_1_224' title='bbox 430 2235 577 2278; x_wconf 86' lang='lat' dir='ltr'>illiusque</span> <span class='ocrx_word' id='word_1_225' title='bbox 590 2234 862 2278; x_wconf 80' lang='lat' dir='ltr'>propagationem,</span> <span class='ocrx_word' id='word_1_226' title='bbox 881 2239 910 2267; x_wconf 86' lang='lat' dir='ltr'>et</span> <span class='ocrx_word' id='word_1_227' title='bbox 928 2241 1051 2269; x_wconf 81' lang='lat' dir='ltr'>sanetae</span> 
     </span>
     <span class='ocr_line' id='line_1_40' title="bbox 309 2287 1051 2333; baseline 0 -11"><span class='ocrx_word' id='word_1_228' title='bbox 309 2288 522 2333; x_wconf 86' lang='lat' dir='ltr'>inquisitionis</span> <span class='ocrx_word' id='word_1_229' title='bbox 538 2287 677 2321; x_wconf 87' lang='lat' dir='ltr'>officium</span> <span class='ocrx_word' id='word_1_230' title='bbox 697 2288 885 2332; x_wconf 85' lang='lat' dir='ltr'>praefatum,</span> <span class='ocrx_word' id='word_1_231' title='bbox 905 2299 1051 2332; x_wconf 85' lang='lat' dir='ltr'>praeser-</span> 
     </span>
     <span class='ocr_line' id='line_1_41' title="bbox 309 2334 1050 2386; baseline -0.001 -10"><span class='ocrx_word' id='word_1_232' title='bbox 309 2344 365 2376; x_wconf 85' lang='lat' dir='ltr'>tim</span> <span class='ocrx_word' id='word_1_233' title='bbox 390 2334 494 2386; x_wconf 70' lang='lat' dir='ltr'>quoa‘d</span> <span class='ocrx_word' id='word_1_234' title='bbox 519 2352 569 2383; x_wconf 87' lang='lat' dir='ltr'>ea,</span> <span class='ocrx_word' id='word_1_235' title='bbox 594 2352 673 2385; x_wconf 86' lang='lat' dir='ltr'>quae</span> <span class='ocrx_word' id='word_1_236' title='bbox 698 2342 729 2374; x_wconf 93' lang='lat' dir='ltr'>in</span> <span class='ocrx_word' id='word_1_237' title='bbox 754 2343 1050 2385; x_wconf 71' lang='lat' dir='ltr'>congregationibus</span> 
     </span>
     <span class='ocr_line' id='line_1_42' title="bbox 309 2394 1048 2438; baseline 0 -9"><span class='ocrx_word' id='word_1_238' title='bbox 309 2395 408 2429; x_wconf 85' lang='lat' dir='ltr'>sancti</span> <span class='ocrx_word' id='word_1_239' title='bbox 425 2394 519 2428; x_wconf 82' lang='lat' dir='ltr'>offleii</span> <span class='ocrx_word' id='word_1_240' title='bbox 533 2394 614 2427; x_wconf 90' lang='lat' dir='ltr'>etde</span> <span class='ocrx_word' id='word_1_241' title='bbox 630 2395 836 2438; x_wconf 83' lang='lat' dir='ltr'>Propaganda</span> <span class='ocrx_word' id='word_1_242' title='bbox 849 2396 924 2428; x_wconf 82' lang='lat' dir='ltr'>Fide</span> <span class='ocrx_word' id='word_1_243' title='bbox 942 2407 1048 2429; x_wconf 85' lang='lat' dir='ltr'>coram</span> 
     </span>
     <span class='ocr_line' id='line_1_43' title="bbox 308 2447 1049 2490; baseline 0 -8"><span class='ocrx_word' id='word_1_244' title='bbox 308 2449 401 2482; x_wconf 89' lang='lat' dir='ltr'>nobis</span> <span class='ocrx_word' id='word_1_245' title='bbox 422 2447 560 2481; x_wconf 82' lang='lat' dir='ltr'>tractari</span> <span class='ocrx_word' id='word_1_246' title='bbox 593 2448 713 2490; x_wconf 86' lang='lat' dir='ltr'>solent,</span> <span class='ocrx_word' id='word_1_247' title='bbox 746 2449 897 2482; x_wconf 85' lang='lat' dir='ltr'>hactenus</span> <span class='ocrx_word' id='word_1_248' title='bbox 929 2449 1049 2487; x_wconf 85' lang='lat' dir='ltr'>editae,</span> 
     </span>
     <span class='ocr_line' id='line_1_44' title="bbox 309 2501 1050 2544; baseline 0 -9"><span class='ocrx_word' id='word_1_249' title='bbox 309 2512 418 2536; x_wconf 90' lang='lat' dir='ltr'>omnes</span> <span class='ocrx_word' id='word_1_250' title='bbox 442 2506 474 2534; x_wconf 86' lang='lat' dir='ltr'>et</span> <span class='ocrx_word' id='word_1_251' title='bbox 497 2501 637 2544; x_wconf 87' lang='lat' dir='ltr'>singulos</span> <span class='ocrx_word' id='word_1_252' title='bbox 662 2506 723 2534; x_wconf 90' lang='lat' dir='ltr'>tam</span> <span class='ocrx_word' id='word_1_253' title='bbox 747 2502 776 2535; x_wconf 89' lang='lat' dir='ltr'>S.</span> <span class='ocrx_word' id='word_1_254' title='bbox 809 2502 976 2544; x_wconf 86' lang='lat' dir='ltr'>Benedicti,</span> <span class='ocrx_word' id='word_1_255' title='bbox 1002 2503 1050 2537; x_wconf 88' lang='lat' dir='ltr'>Ci-</span> 
     </span>
     <span class='ocr_line' id='line_1_45' title="bbox 309 2554 1049 2597; baseline 0 -9"><span class='ocrx_word' id='word_1_256' title='bbox 309 2554 498 2597; x_wconf 87' lang='lat' dir='ltr'>sterciensis,</span> <span class='ocrx_word' id='word_1_257' title='bbox 524 2554 845 2596; x_wconf 86' lang='lat' dir='ltr'>Praemontratensis,</span> <span class='ocrx_word' id='word_1_258' title='bbox 870 2555 899 2588; x_wconf 83' lang='lat' dir='ltr'>S.</span> <span class='ocrx_word' id='word_1_259' title='bbox 924 2556 1049 2589; x_wconf 84' lang='lat' dir='ltr'>Antonii</span> 
     </span>
    </p>

    <p class='ocr_par' dir='ltr' id='par_1_3' title="bbox 345 2617 1025 2653">
     <span class='ocr_line' id='line_1_46' title="bbox 345 2617 1025 2653; baseline -0.001 -7"><span class='ocrx_word' id='word_1_260' title='bbox 345 2620 356 2646; x_wconf 83' lang='lat'><strong>1</strong></span> <span class='ocrx_word' id='word_1_261' title='bbox 378 2617 469 2645; x_wconf 86' lang='lat' dir='ltr'>Verba</span> <span class='ocrx_word' id='word_1_262' title='bbox 487 2625 575 2653; x_wconf 77' lang='lat' dir='ltr'>super</span> <span class='ocrx_word' id='word_1_263' title='bbox 594 2618 646 2644; x_wconf 83' lang='lat' dir='ltr'>hac</span> <span class='ocrx_word' id='word_1_264' title='bbox 665 2626 696 2645; x_wconf 80' lang='lat' dir='ltr'>re</span> <span class='ocrx_word' id='word_1_265' title='bbox 716 2625 764 2644; x_wconf 90' lang='lat' dir='ltr'>nos</span> <span class='ocrx_word' id='word_1_266' title='bbox 780 2617 904 2646; x_wconf 84' lang='lat' dir='ltr'>addimus</span> <span class='ocrx_word' id='word_1_267' title='bbox 922 2618 960 2653; x_wconf 79' lang='lat' dir='ltr'>(n.</span> <span class='ocrx_word' id='word_1_268' title='bbox 977 2619 1025 2652; x_wconf 83' lang='grc' dir='ltr'>τ.).</span> 
     </span>
    </p>
   </div>
   <div class='ocr_carea' id='block_1_2' title="bbox 392 2671 984 2701">
    <p class='ocr_par' dir='ltr' id='par_1_4' title="bbox 392 2671 984 2701">
     <span class='ocr_line' id='line_1_47' title="bbox 392 2671 984 2701; baseline 0 -3"><span class='ocrx_word' id='word_1_269' title='bbox 392 2671 469 2699; x_wconf 71' lang='lat' dir='ltr'>Ruit.</span> <span class='ocrx_word' id='word_1_270' title='bbox 490 2671 573 2698; x_wconf 83' lang='lat' dir='ltr'>Rom.</span> <span class='ocrx_word' id='word_1_271' title='bbox 595 2686 628 2691; x_wconf 93' lang='lat'>—</span> <span class='ocrx_word' id='word_1_272' title='bbox 651 2671 709 2701; x_wconf 80' lang='lat' dir='ltr'>Vol.</span> <span class='ocrx_word' id='word_1_273' title='bbox 731 2671 805 2699; x_wconf 82' lang='lat' dir='ltr'><em>XIV.</em></span> <span class='ocrx_word' id='word_1_274' title='bbox 949 2673 984 2698; x_wconf 70' lang='lat'>32</span> 
     </span>
    </p>
   </div>
   <div class='ocr_carea' id='block_1_3' title="bbox 1084 197 2034 2653">
    <p class='ocr_par' dir='ltr' id='par_1_5' title="bbox 1097 197 2034 620">
     <span class='ocr_line' id='line_1_48' title="bbox 1099 197 2034 236; baseline 0.003 -3"><span class='ocrx_word' id='word_1_275' title='bbox 1099 209 1155 233; x_wconf 71' lang='lat' dir='ltr'>vin</span> <span class='ocrx_word' id='word_1_276' title='bbox 1181 209 1227 234; x_wconf 77' lang='lat' dir='ltr'>er.</span> <span class='ocrx_word' id='word_1_277' title='bbox 1742 197 1806 231; x_wconf 69' lang='grc'>949</span> <span class='ocrx_word' id='word_1_278' title='bbox 1853 207 1901 236; x_wconf 70' lang='grc' dir='ltr'>Αιι,</span> <span class='ocrx_word' id='word_1_279' title='bbox 1918 206 1948 235; x_wconf 84' lang='lat' dir='ltr'>c.</span> <span class='ocrx_word' id='word_1_280' title='bbox 1969 207 2034 236; x_wconf 79' lang='lat'>1631</span> 
     </span>
     <span class='ocr_line' id='line_1_49' title="bbox 1099 255 1840 296; baseline -0.001 -7"><span class='ocrx_word' id='word_1_281' title='bbox 1099 259 1136 290; x_wconf 72' lang='lat' dir='ltr'>‹te</span> <span class='ocrx_word' id='word_1_282' title='bbox 1151 259 1179 290; x_wconf 65' lang='lat' dir='ltr'>S.</span> <span class='ocrx_word' id='word_1_283' title='bbox 1199 256 1332 291; x_wconf 74' lang='lat' dir='ltr'>Antonio</span> <span class='ocrx_word' id='word_1_284' title='bbox 1347 256 1539 296; x_wconf 72' lang='lat' dir='ltr'>Viennensis,</span> <span class='ocrx_word' id='word_1_285' title='bbox 1554 260 1580 288; x_wconf 87' lang='lat' dir='ltr'>et</span> <span class='ocrx_word' id='word_1_286' title='bbox 1596 255 1758 289; x_wconf 79' lang='lat' dir='ltr'>Societatis</span> <span class='ocrx_word' id='word_1_287' title='bbox 1772 256 1840 288; x_wconf 88' lang='lat' dir='ltr'>Iesu</span> 
     </span>
     <span class='ocr_line' id='line_1_50' title="bbox 1099 309 1841 355; baseline -0.003 -12"><span class='ocrx_word' id='word_1_288' title='bbox 1099 312 1323 355; x_wconf 84' lang='lat' dir='ltr'>praefatorum,</span> <span class='ocrx_word' id='word_1_289' title='bbox 1348 321 1442 353; x_wconf 90' lang='lat' dir='ltr'>quam</span> <span class='ocrx_word' id='word_1_290' title='bbox 1467 320 1743 354; x_wconf 87' lang='lat' dir='ltr'>quorumcumque</span> <span class='ocrx_word' id='word_1_291' title='bbox 1767 309 1841 341; x_wconf 90' lang='lat' dir='ltr'>alio-</span> 
     </span>
     <span class='ocr_line' id='line_1_51' title="bbox 1099 363 1839 406; baseline -0.001 -10"><span class='ocrx_word' id='word_1_292' title='bbox 1099 375 1168 396; x_wconf 89' lang='lat' dir='ltr'>rum</span> <span class='ocrx_word' id='word_1_293' title='bbox 1178 364 1339 405; x_wconf 77' lang='lat' dir='ltr'>Ordinum,</span> <span class='ocrx_word' id='word_1_294' title='bbox 1351 363 1643 406; x_wconf 67' lang='lat' dir='ltr'>congregatioinun,</span> <span class='ocrx_word' id='word_1_295' title='bbox 1653 363 1839 395; x_wconf 85' lang='lat' dir='ltr'>societatum</span> 
     </span>
     <span class='ocr_line' id='line_1_52' title="bbox 1099 415 1838 460; baseline -0.003 -11"><span class='ocrx_word' id='word_1_296' title='bbox 1099 422 1128 449; x_wconf 90' lang='lat' dir='ltr'>et</span> <span class='ocrx_word' id='word_1_297' title='bbox 1146 417 1360 449; x_wconf 81' lang='lat' dir='ltr'>institutorum</span> <span class='ocrx_word' id='word_1_298' title='bbox 1386 417 1582 460; x_wconf 72' lang='lat' dir='ltr'>professores</span> <span class='ocrx_word' id='word_1_299' title='bbox 1602 415 1731 449; x_wconf 87' lang='lat' dir='ltr'>omnino</span> <span class='ocrx_word' id='word_1_300' title='bbox 1751 425 1838 448; x_wconf 88' lang='lat' dir='ltr'>com-</span> 
     </span>
     <span class='ocr_line' id='line_1_53' title="bbox 1098 467 1838 516; baseline 0 -16"><span class='ocrx_word' id='word_1_301' title='bbox 1098 470 1293 513; x_wconf 75' lang='lat' dir='ltr'>prehendant</span> <span class='ocrx_word' id='word_1_302' title='bbox 1305 469 1321 511; x_wconf 73' lang='lat'>¹,</span> <span class='ocrx_word' id='word_1_303' title='bbox 1343 470 1473 513; x_wconf 79' lang='lat' dir='ltr'>perinde</span> <span class='ocrx_word' id='word_1_304' title='bbox 1491 480 1526 502; x_wconf 86' lang='lat' dir='ltr'>ac</span> <span class='ocrx_word' id='word_1_305' title='bbox 1544 470 1568 502; x_wconf 83' lang='lat' dir='ltr'>si</span> <span class='ocrx_word' id='word_1_306' title='bbox 1589 468 1719 512; x_wconf 87' lang='lat' dir='ltr'>praefati</span> <span class='ocrx_word' id='word_1_307' title='bbox 1739 473 1769 502; x_wconf 86' lang='lat' dir='ltr'>et</span> <span class='ocrx_word' id='word_1_308' title='bbox 1785 467 1838 516; x_wconf 82' lang='lat' dir='ltr'>alii</span> 
     </span>
     <span class='ocr_line' id='line_1_54' title="bbox 1097 522 1839 567; baseline -0.001 -12"><span class='ocrx_word' id='word_1_309' title='bbox 1097 523 1325 567; x_wconf 88' lang='lat' dir='ltr'>quantumlibet</span> <span class='ocrx_word' id='word_1_310' title='bbox 1362 523 1550 566; x_wconf 76' lang='lat' dir='ltr'>privilegiati</span> <span class='ocrx_word' id='word_1_311' title='bbox 1578 523 1607 555; x_wconf 87' lang='lat' dir='ltr'>in</span> <span class='ocrx_word' id='word_1_312' title='bbox 1632 523 1677 555; x_wconf 92' lang='lat' dir='ltr'>eis</span> <span class='ocrx_word' id='word_1_313' title='bbox 1700 522 1839 556; x_wconf 87' lang='lat' dir='ltr'>nomina-</span> 
     </span>
     <span class='ocr_line' id='line_1_55' title="bbox 1098 576 1472 620; baseline -0.003 -11"><span class='ocrx_word' id='word_1_314' title='bbox 1098 577 1150 610; x_wconf 90' lang='lat' dir='ltr'>tim</span> <span class='ocrx_word' id='word_1_315' title='bbox 1170 576 1311 620; x_wconf 75' lang='lat' dir='ltr'>expressi</span> <span class='ocrx_word' id='word_1_316' title='bbox 1332 576 1472 608; x_wconf 84' lang='lat' dir='ltr'>fuissent.</span> 
     </span>
    </p>

    <p class='ocr_par' dir='ltr' id='par_1_6' title="bbox 1086 629 1838 2332">
     <span class='ocr_line' id='line_1_56' title="bbox 1141 629 1838 675; baseline 0.006 -14"><span class='ocrx_word' id='word_1_317' title='bbox 1141 630 1155 673; x_wconf 64' lang='grc' dir='ltr'><strong>ἓ</strong></span> <span class='ocrx_word' id='word_1_318' title='bbox 1173 629 1202 662; x_wconf 75' lang='lat'>⁶2.</span> <span class='ocrx_word' id='word_1_319' title='bbox 1222 629 1368 662; x_wconf 87' lang='lat' dir='ltr'>Edendae</span> <span class='ocrx_word' id='word_1_320' title='bbox 1386 640 1460 663; x_wconf 73' lang='lat' dir='ltr'>vero</span> <span class='ocrx_word' id='word_1_321' title='bbox 1481 629 1688 674; x_wconf 78' lang='lat' dir='ltr'>imposterum</span> <span class='ocrx_word' id='word_1_322' title='bbox 1708 641 1764 675; x_wconf 89' lang='lat' dir='ltr'>per</span> <span class='ocrx_word' id='word_1_323' title='bbox 1781 641 1838 665; x_wconf 93' lang='lat' dir='ltr'>nos</span> 
     </span>
     <span class='ocr_line' id='line_1_57' title="bbox 1096 682 1836 727; baseline 0.004 -12"><span class='ocrx_word' id='word_1_324' title='bbox 1096 687 1126 715; x_wconf 88' lang='lat' dir='ltr'>et</span> <span class='ocrx_word' id='word_1_325' title='bbox 1135 683 1293 716; x_wconf 86' lang='lat' dir='ltr'>Romanos</span> <span class='ocrx_word' id='word_1_326' title='bbox 1305 682 1472 715; x_wconf 82' lang='lat' dir='ltr'>Pontifices</span> <span class='ocrx_word' id='word_1_327' title='bbox 1483 693 1683 716; x_wconf 84' lang='lat' dir='ltr'>successores</span> <span class='ocrx_word' id='word_1_328' title='bbox 1699 689 1836 727; x_wconf 89' lang='lat' dir='ltr'>nostros,</span> 
     </span>
     <span class='ocr_line' id='line_1_58' title="bbox 1096 737 1838 780; baseline 0.004 -12"><span class='ocrx_word' id='word_1_329' title='bbox 1096 741 1157 769; x_wconf 90' lang='lat' dir='ltr'>tam</span> <span class='ocrx_word' id='word_1_330' title='bbox 1175 737 1205 769; x_wconf 94' lang='lat' dir='ltr'>in</span> <span class='ocrx_word' id='word_1_331' title='bbox 1226 737 1366 770; x_wconf 83' lang='lat' dir='ltr'>favorem</span> <span class='ocrx_word' id='word_1_332' title='bbox 1383 737 1541 780; x_wconf 83' lang='lat' dir='ltr'>praefatae</span> <span class='ocrx_word' id='word_1_333' title='bbox 1561 737 1634 770; x_wconf 84' lang='lat' dir='ltr'>fidei</span> <span class='ocrx_word' id='word_1_334' title='bbox 1656 738 1838 779; x_wconf 86' lang='lat' dir='ltr'>catholicae,</span> 
     </span>
     <span class='ocr_line' id='line_1_59' title="bbox 1095 791 1838 835; baseline 0.004 -12"><span class='ocrx_word' id='word_1_335' title='bbox 1095 791 1242 834; x_wconf 88' lang='lat' dir='ltr'>illiusque</span> <span class='ocrx_word' id='word_1_336' title='bbox 1265 792 1519 835; x_wconf 85' lang='lat' dir='ltr'>propagationis,</span> <span class='ocrx_word' id='word_1_337' title='bbox 1552 797 1583 825; x_wconf 86' lang='lat' dir='ltr'>et</span> <span class='ocrx_word' id='word_1_338' title='bbox 1613 792 1711 826; x_wconf 87' lang='lat' dir='ltr'>saneti</span> <span class='ocrx_word' id='word_1_339' title='bbox 1743 793 1838 826; x_wconf 83' lang='lat' dir='ltr'>officii</span> 
     </span>
     <span class='ocr_line' id='line_1_60' title="bbox 1094 843 1838 891; baseline 0.005 -15"><span class='ocrx_word' id='word_1_340' title='bbox 1094 843 1305 888; x_wconf 86' lang='lat' dir='ltr'>inquisitionis</span> <span class='ocrx_word' id='word_1_341' title='bbox 1328 846 1497 889; x_wconf 80' lang='lat' dir='ltr'>praefatae,</span> <span class='ocrx_word' id='word_1_342' title='bbox 1525 856 1619 889; x_wconf 85' lang='lat' dir='ltr'>quam</span> <span class='ocrx_word' id='word_1_343' title='bbox 1645 856 1741 890; x_wconf 89' lang='lat' dir='ltr'>super</span> <span class='ocrx_word' id='word_1_344' title='bbox 1765 857 1838 891; x_wconf 89' lang='lat' dir='ltr'>qua-</span> 
     </span>
     <span class='ocr_line' id='line_1_61' title="bbox 1094 897 1837 941; baseline 0.003 -12"><span class='ocrx_word' id='word_1_345' title='bbox 1094 907 1230 941; x_wconf 88' lang='lat' dir='ltr'>cumque</span> <span class='ocrx_word' id='word_1_346' title='bbox 1260 897 1320 930; x_wconf 74' lang='lat' dir='ltr'>atta</span> <span class='ocrx_word' id='word_1_347' title='bbox 1353 908 1406 938; x_wconf 89' lang='lat' dir='ltr'>re,</span> <span class='ocrx_word' id='word_1_348' title='bbox 1430 898 1579 941; x_wconf 82' lang='lat' dir='ltr'>negotio,</span> <span class='ocrx_word' id='word_1_349' title='bbox 1604 909 1658 931; x_wconf 86' lang='lat' dir='ltr'>seu</span> <span class='ocrx_word' id='word_1_350' title='bbox 1687 899 1837 940; x_wconf 75' lang='lat' dir='ltr'>materia,</span> 
     </span>
     <span class='ocr_line' id='line_1_62' title="bbox 1094 950 1838 995; baseline 0 -10"><span class='ocrx_word' id='word_1_351' title='bbox 1094 950 1343 992; x_wconf 84' lang='lat' dir='ltr'>constitutiones,</span> <span class='ocrx_word' id='word_1_352' title='bbox 1365 950 1586 995; x_wconf 87' lang='lat' dir='ltr'>dispositiones</span> <span class='ocrx_word' id='word_1_353' title='bbox 1612 957 1642 985; x_wconf 91' lang='lat' dir='ltr'>et</span> <span class='ocrx_word' id='word_1_354' title='bbox 1669 952 1838 986; x_wconf 84' lang='lat' dir='ltr'>ordinatio-</span> 
     </span>
     <span class='ocr_line' id='line_1_63' title="bbox 1092 1003 1837 1049; baseline 0.003 -13"><span class='ocrx_word' id='word_1_355' title='bbox 1092 1013 1147 1037; x_wconf 90' lang='lat' dir='ltr'>nes</span> <span class='ocrx_word' id='word_1_356' title='bbox 1171 1003 1353 1037; x_wconf 87' lang='lat' dir='ltr'>huiusmodi</span> <span class='ocrx_word' id='word_1_357' title='bbox 1377 1003 1522 1037; x_wconf 88' lang='lat' dir='ltr'>similiter</span> <span class='ocrx_word' id='word_1_358' title='bbox 1544 1004 1673 1038; x_wconf 89' lang='lat' dir='ltr'>omnino</span> <span class='ocrx_word' id='word_1_359' title='bbox 1697 1015 1837 1049; x_wconf 88' lang='lat' dir='ltr'>compre-</span> 
     </span>
     <span class='ocr_line' id='line_1_64' title="bbox 1092 1057 1835 1102; baseline 0 -12"><span class='ocrx_word' id='word_1_360' title='bbox 1092 1057 1231 1090; x_wconf 83' lang='lat' dir='ltr'>hendant</span> <span class='ocrx_word' id='word_1_361' title='bbox 1261 1058 1419 1102; x_wconf 83' lang='lat' dir='ltr'>praefatos</span> <span class='ocrx_word' id='word_1_362' title='bbox 1450 1057 1635 1092; x_wconf 88' lang='lat' dir='ltr'>eorumdem</span> <span class='ocrx_word' id='word_1_363' title='bbox 1664 1057 1835 1099; x_wconf 86' lang='lat' dir='ltr'>Ordinum,</span> 
     </span>
     <span class='ocr_line' id='line_1_65' title="bbox 1092 1111 1836 1154; baseline 0.003 -11"><span class='ocrx_word' id='word_1_364' title='bbox 1092 1111 1387 1154; x_wconf 84' lang='lat' dir='ltr'>congregationum,</span> <span class='ocrx_word' id='word_1_365' title='bbox 1413 1111 1598 1145; x_wconf 85' lang='lat' dir='ltr'>societatum</span> <span class='ocrx_word' id='word_1_366' title='bbox 1623 1116 1653 1145; x_wconf 86' lang='lat' dir='ltr'>et</span> <span class='ocrx_word' id='word_1_367' title='bbox 1677 1111 1836 1145; x_wconf 87' lang='lat' dir='ltr'>instituto-</span> 
     </span>
     <span class='ocr_line' id='line_1_66' title="bbox 1090 1164 1835 1208; baseline 0 -11"><span class='ocrx_word' id='word_1_368' title='bbox 1090 1175 1162 1197; x_wconf 87' lang='lat' dir='ltr'>rum</span> <span class='ocrx_word' id='word_1_369' title='bbox 1187 1165 1398 1208; x_wconf 87' lang='lat' dir='ltr'>prosessores,</span> <span class='ocrx_word' id='word_1_370' title='bbox 1423 1164 1484 1198; x_wconf 87' lang='lat' dir='ltr'>nisi</span> <span class='ocrx_word' id='word_1_371' title='bbox 1509 1165 1540 1197; x_wconf 89' lang='lat' dir='ltr'>in</span> <span class='ocrx_word' id='word_1_372' title='bbox 1565 1164 1694 1198; x_wconf 89' lang='lat' dir='ltr'>edendis</span> <span class='ocrx_word' id='word_1_373' title='bbox 1720 1164 1835 1198; x_wconf 85' lang='lat' dir='ltr'>consti-</span> 
     </span>
     <span class='ocr_line' id='line_1_67' title="bbox 1090 1217 1836 1262; baseline 0.001 -12"><span class='ocrx_word' id='word_1_374' title='bbox 1090 1217 1265 1251; x_wconf 86' lang='lat' dir='ltr'>tutionibus</span> <span class='ocrx_word' id='word_1_375' title='bbox 1278 1217 1461 1251; x_wconf 86' lang='lat' dir='ltr'>huiusmodi</span> <span class='ocrx_word' id='word_1_376' title='bbox 1475 1218 1652 1262; x_wconf 83' lang='lat' dir='ltr'>specialiter</span> <span class='ocrx_word' id='word_1_377' title='bbox 1666 1223 1695 1251; x_wconf 89' lang='lat' dir='ltr'>et</span> <span class='ocrx_word' id='word_1_378' title='bbox 1709 1228 1836 1261; x_wconf 82' lang='lat' dir='ltr'>expres-</span> 
     </span>
     <span class='ocr_line' id='line_1_68' title="bbox 1090 1271 1836 1315; baseline 0 -11"><span class='ocrx_word' id='word_1_379' title='bbox 1090 1281 1124 1304; x_wconf 90' lang='lat' dir='ltr'>se</span> <span class='ocrx_word' id='word_1_380' title='bbox 1155 1271 1368 1315; x_wconf 82' lang='lat' dir='ltr'>excipiantur,</span> <span class='ocrx_word' id='word_1_381' title='bbox 1399 1271 1521 1304; x_wconf 88' lang='lat' dir='ltr'>etiamsi</span> <span class='ocrx_word' id='word_1_382' title='bbox 1554 1271 1613 1315; x_wconf 91' lang='lat' dir='ltr'>ipsi</span> <span class='ocrx_word' id='word_1_383' title='bbox 1644 1271 1836 1315; x_wconf 79' lang='lat' dir='ltr'>privilegiati</span> 
     </span>
     <span class='ocr_line' id='line_1_69' title="bbox 1090 1324 1834 1368; baseline 0.001 -12"><span class='ocrx_word' id='word_1_384' title='bbox 1090 1325 1191 1358; x_wconf 88' lang='lat' dir='ltr'>forent</span> <span class='ocrx_word' id='word_1_385' title='bbox 1216 1324 1316 1367; x_wconf 82' lang='lat' dir='ltr'>magis</span> <span class='ocrx_word' id='word_1_386' title='bbox 1340 1324 1470 1368; x_wconf 86' lang='lat' dir='ltr'>speciali</span> <span class='ocrx_word' id='word_1_387' title='bbox 1491 1326 1564 1357; x_wconf 74' lang='lat' dir='ltr'>nota</span> <span class='ocrx_word' id='word_1_388' title='bbox 1582 1330 1612 1357; x_wconf 89' lang='lat' dir='ltr'>et</span> <span class='ocrx_word' id='word_1_389' title='bbox 1629 1325 1834 1368; x_wconf 88' lang='lat' dir='ltr'>expressione</span> 
     </span>
     <span class='ocr_line' id='line_1_70' title="bbox 1089 1378 1834 1422; baseline 0.001 -12"><span class='ocrx_word' id='word_1_390' title='bbox 1089 1378 1186 1420; x_wconf 88' lang='lat' dir='ltr'>digni,</span> <span class='ocrx_word' id='word_1_391' title='bbox 1204 1379 1311 1422; x_wconf 86' lang='lat' dir='ltr'>eisque</span> <span class='ocrx_word' id='word_1_392' title='bbox 1332 1378 1508 1422; x_wconf 78' lang='lat' dir='ltr'>privilegia,</span> <span class='ocrx_word' id='word_1_393' title='bbox 1525 1378 1645 1421; x_wconf 83' lang='lat' dir='ltr'>gratiae</span> <span class='ocrx_word' id='word_1_394' title='bbox 1662 1383 1693 1411; x_wconf 89' lang='lat' dir='ltr'>et</span> <span class='ocrx_word' id='word_1_395' title='bbox 1713 1378 1834 1411; x_wconf 84' lang='lat' dir='ltr'>indulta</span> 
     </span>
     <span class='ocr_line' id='line_1_71' title="bbox 1090 1431 1832 1475; baseline 0 -11"><span class='ocrx_word' id='word_1_396' title='bbox 1090 1442 1106 1464; x_wconf 90' lang='lat' dir='ltr'>a</span> <span class='ocrx_word' id='word_1_397' title='bbox 1119 1431 1198 1464; x_wconf 81' lang='lat' dir='ltr'>Sede</span> <span class='ocrx_word' id='word_1_398' title='bbox 1211 1431 1392 1474; x_wconf 75' lang='lat' dir='ltr'>Apostolica</span> <span class='ocrx_word' id='word_1_399' title='bbox 1410 1431 1560 1474; x_wconf 76' lang='lat' dir='ltr'>praefata,</span> <span class='ocrx_word' id='word_1_400' title='bbox 1575 1431 1669 1464; x_wconf 88' lang='lat' dir='ltr'>etiam</span> <span class='ocrx_word' id='word_1_401' title='bbox 1688 1431 1746 1463; x_wconf 88' lang='lat' dir='ltr'>sub</span> <span class='ocrx_word' id='word_1_402' title='bbox 1763 1431 1832 1475; x_wconf 88' lang='lat' dir='ltr'>qui-</span> 
     </span>
     <span class='ocr_line' id='line_1_72' title="bbox 1089 1484 1832 1528; baseline 0 -11"><span class='ocrx_word' id='word_1_403' title='bbox 1089 1485 1287 1528; x_wconf 88' lang='lat' dir='ltr'>buscumque</span> <span class='ocrx_word' id='word_1_404' title='bbox 1312 1484 1475 1517; x_wconf 84' lang='lat' dir='ltr'>tenoribus</span> <span class='ocrx_word' id='word_1_405' title='bbox 1500 1489 1530 1517; x_wconf 85' lang='lat' dir='ltr'>et</span> <span class='ocrx_word' id='word_1_406' title='bbox 1554 1484 1675 1525; x_wconf 85' lang='lat' dir='ltr'>formis,</span> <span class='ocrx_word' id='word_1_407' title='bbox 1701 1495 1736 1517; x_wconf 89' lang='lat' dir='ltr'>ae</span> <span class='ocrx_word' id='word_1_408' title='bbox 1761 1495 1832 1518; x_wconf 88' lang='lat' dir='ltr'>cum</span> 
     </span>
     <span class='ocr_line' id='line_1_73' title="bbox 1088 1537 1833 1581; baseline 0.001 -11"><span class='ocrx_word' id='word_1_409' title='bbox 1088 1538 1250 1581; x_wconf 75' lang='lat' dir='ltr'>quibusvis</span> <span class='ocrx_word' id='word_1_410' title='bbox 1276 1538 1370 1570; x_wconf 85' lang='lat' dir='ltr'>etiam</span> <span class='ocrx_word' id='word_1_411' title='bbox 1395 1537 1671 1580; x_wconf 84' lang='lat' dir='ltr'>derogatoriarum</span> <span class='ocrx_word' id='word_1_412' title='bbox 1700 1538 1833 1581; x_wconf 84' lang='lat' dir='ltr'>deroga-</span> 
     </span>
     <span class='ocr_line' id='line_1_74' title="bbox 1089 1591 1834 1635; baseline 0.003 -12"><span class='ocrx_word' id='word_1_413' title='bbox 1089 1591 1194 1629; x_wconf 87' lang='lat' dir='ltr'>toriis,</span> <span class='ocrx_word' id='word_1_414' title='bbox 1220 1591 1352 1635; x_wconf 89' lang='lat' dir='ltr'>aliisque</span> <span class='ocrx_word' id='word_1_415' title='bbox 1384 1591 1616 1624; x_wconf 78' lang='lat' dir='ltr'>efficacioribus</span> <span class='ocrx_word' id='word_1_416' title='bbox 1646 1596 1676 1625; x_wconf 89' lang='lat' dir='ltr'>et.</span> <span class='ocrx_word' id='word_1_417' title='bbox 1701 1592 1834 1625; x_wconf 87' lang='lat' dir='ltr'>insolitis</span> 
     </span>
     <span class='ocr_line' id='line_1_75' title="bbox 1089 1644 1833 1687; baseline 0.003 -10"><span class='ocrx_word' id='word_1_418' title='bbox 1089 1645 1246 1686; x_wconf 76' lang='lat' dir='ltr'>clausulis,</span> <span class='ocrx_word' id='word_1_419' title='bbox 1267 1655 1303 1677; x_wconf 91' lang='lat' dir='ltr'>ac</span> <span class='ocrx_word' id='word_1_420' title='bbox 1327 1644 1524 1678; x_wconf 84' lang='lat' dir='ltr'>irritantibus</span> <span class='ocrx_word' id='word_1_421' title='bbox 1545 1650 1575 1677; x_wconf 86' lang='lat' dir='ltr'>et</span> <span class='ocrx_word' id='word_1_422' title='bbox 1595 1645 1663 1677; x_wconf 88' lang='lat' dir='ltr'>aliis</span> <span class='ocrx_word' id='word_1_423' title='bbox 1687 1645 1833 1687; x_wconf 80' lang='lat' dir='ltr'>decretis,</span> 
     </span>
     <span class='ocr_line' id='line_1_76' title="bbox 1088 1699 1833 1743; baseline 0.001 -12"><span class='ocrx_word' id='word_1_424' title='bbox 1088 1699 1180 1731; x_wconf 83' lang='lat' dir='ltr'>etiam</span> <span class='ocrx_word' id='word_1_425' title='bbox 1202 1703 1289 1733; x_wconf 87' lang='lat' dir='ltr'>motu</span> <span class='ocrx_word' id='word_1_426' title='bbox 1310 1699 1452 1743; x_wconf 89' lang='lat' dir='ltr'>proprio,</span> <span class='ocrx_word' id='word_1_427' title='bbox 1470 1710 1506 1732; x_wconf 87' lang='lat' dir='ltr'>ac</span> <span class='ocrx_word' id='word_1_428' title='bbox 1524 1710 1561 1731; x_wconf 85' lang='lat' dir='ltr'>ex</span> <span class='ocrx_word' id='word_1_429' title='bbox 1586 1701 1672 1732; x_wconf 73' lang='lat' dir='ltr'>certa</span> <span class='ocrx_word' id='word_1_430' title='bbox 1693 1700 1833 1740; x_wconf 74' lang='lat' dir='ltr'>scientia,</span> 
     </span>
     <span class='ocr_line' id='line_1_77' title="bbox 1088 1752 1834 1796; baseline 0.004 -12"><span class='ocrx_word' id='word_1_431' title='bbox 1088 1763 1123 1785; x_wconf 87' lang='lat' dir='ltr'>ac</span> <span class='ocrx_word' id='word_1_432' title='bbox 1137 1753 1174 1785; x_wconf 87' lang='lat' dir='ltr'>de</span> <span class='ocrx_word' id='word_1_433' title='bbox 1191 1752 1381 1796; x_wconf 82' lang='lat' dir='ltr'>apostolieae</span> <span class='ocrx_word' id='word_1_434' title='bbox 1397 1753 1560 1796; x_wconf 89' lang='lat' dir='ltr'>potestatis</span> <span class='ocrx_word' id='word_1_435' title='bbox 1577 1753 1782 1796; x_wconf 79' lang='lat' dir='ltr'>plenitudine,</span> <span class='ocrx_word' id='word_1_436' title='bbox 1803 1759 1834 1787; x_wconf 86' lang='lat' dir='ltr'>et</span> 
     </span>
     <span class='ocr_line' id='line_1_78' title="bbox 1088 1806 1833 1849; baseline 0.001 -11"><span class='ocrx_word' id='word_1_437' title='bbox 1088 1806 1358 1846; x_wconf 86' lang='lat' dir='ltr'>consistorialiter,</span> <span class='ocrx_word' id='word_1_438' title='bbox 1379 1806 1472 1838; x_wconf 82' lang='lat' dir='ltr'>etiam</span> <span class='ocrx_word' id='word_1_439' title='bbox 1495 1806 1759 1849; x_wconf 84' lang='lat' dir='ltr'>contemplatione</span> <span class='ocrx_word' id='word_1_440' title='bbox 1784 1807 1833 1840; x_wconf 85' lang='lat' dir='ltr'>vel</span> 
     </span>
     <span class='ocr_line' id='line_1_79' title="bbox 1088 1859 1831 1902; baseline 0.003 -12"><span class='ocrx_word' id='word_1_441' title='bbox 1088 1859 1126 1891; x_wconf 88' lang='lat' dir='ltr'>ad</span> <span class='ocrx_word' id='word_1_442' title='bbox 1144 1859 1321 1891; x_wconf 85' lang='lat' dir='ltr'>instantiam</span> <span class='ocrx_word' id='word_1_443' title='bbox 1340 1859 1551 1902; x_wconf 87' lang='lat' dir='ltr'>imperatoris,</span> <span class='ocrx_word' id='word_1_444' title='bbox 1576 1869 1689 1901; x_wconf 86' lang='lat' dir='ltr'>regum</span> <span class='ocrx_word' id='word_1_445' title='bbox 1707 1864 1737 1891; x_wconf 87' lang='lat' dir='ltr'>et</span> <span class='ocrx_word' id='word_1_446' title='bbox 1753 1859 1831 1893; x_wconf 85' lang='lat' dir='ltr'>alio-</span> 
     </span>
     <span class='ocr_line' id='line_1_80' title="bbox 1088 1912 1833 1958; baseline 0.003 -14"><span class='ocrx_word' id='word_1_447' title='bbox 1088 1923 1159 1944; x_wconf 90' lang='lat' dir='ltr'>rum</span> <span class='ocrx_word' id='word_1_448' title='bbox 1177 1912 1368 1956; x_wconf 87' lang='lat' dir='ltr'>principum,</span> <span class='ocrx_word' id='word_1_449' title='bbox 1388 1918 1523 1958; x_wconf 86' lang='lat' dir='ltr'>tamper</span> <span class='ocrx_word' id='word_1_450' title='bbox 1539 1912 1621 1944; x_wconf 70' lang='lat' dir='ltr'>viam</span> <span class='ocrx_word' id='word_1_451' title='bbox 1640 1923 1744 1946; x_wconf 88' lang='lat' dir='ltr'>merae</span> <span class='ocrx_word' id='word_1_452' title='bbox 1762 1923 1833 1946; x_wconf 88' lang='lat' dir='ltr'>con-</span> 
     </span>
     <span class='ocr_line' id='line_1_81' title="bbox 1088 1966 1831 2010; baseline 0.001 -11"><span class='ocrx_word' id='word_1_453' title='bbox 1088 1966 1249 2007; x_wconf 87' lang='lat' dir='ltr'>cessionis,</span> <span class='ocrx_word' id='word_1_454' title='bbox 1266 1978 1360 2010; x_wconf 84' lang='lat' dir='ltr'>quam</span> <span class='ocrx_word' id='word_1_455' title='bbox 1383 1966 1688 2007; x_wconf 80' lang='lat' dir='ltr'>communicationis,</span> <span class='ocrx_word' id='word_1_456' title='bbox 1706 1972 1736 1999; x_wconf 88' lang='lat' dir='ltr'>et</span> <span class='ocrx_word' id='word_1_457' title='bbox 1756 1967 1831 2000; x_wconf 87' lang='lat' dir='ltr'>ali&#39;as</span> 
     </span>
     <span class='ocr_line' id='line_1_82' title="bbox 1088 2020 1830 2064; baseline 0.001 -12"><span class='ocrx_word' id='word_1_458' title='bbox 1088 2020 1328 2064; x_wconf 85' lang='lat' dir='ltr'>quomodolibet</span> <span class='ocrx_word' id='word_1_459' title='bbox 1360 2031 1509 2053; x_wconf 77' lang='lat' dir='ltr'>concessa</span> <span class='ocrx_word' id='word_1_460' title='bbox 1540 2020 1715 2064; x_wconf 82' lang='lat' dir='ltr'>respective</span> <span class='ocrx_word' id='word_1_461' title='bbox 1747 2020 1830 2062; x_wconf 85' lang='lat' dir='ltr'>sint,</span> 
     </span>
     <span class='ocr_line' id='line_1_83' title="bbox 1087 2074 1832 2117; baseline 0.001 -11"><span class='ocrx_word' id='word_1_462' title='bbox 1087 2084 1223 2117; x_wconf 80' lang='lat' dir='ltr'>(piorum</span> <span class='ocrx_word' id='word_1_463' title='bbox 1244 2084 1299 2106; x_wconf 89' lang='lat' dir='ltr'>seu</span> <span class='ocrx_word' id='word_1_464' title='bbox 1319 2085 1453 2117; x_wconf 89' lang='lat' dir='ltr'>quarum</span> <span class='ocrx_word' id='word_1_465' title='bbox 1469 2074 1577 2116; x_wconf 75' lang='lat' dir='ltr'>vigore</span> <span class='ocrx_word' id='word_1_466' title='bbox 1600 2074 1648 2106; x_wconf 76' lang='lat' dir='ltr'>vel</span> <span class='ocrx_word' id='word_1_467' title='bbox 1666 2079 1832 2117; x_wconf 82' lang='lat' dir='ltr'>praetextu</span> 
     </span>
     <span class='ocr_line' id='line_1_84' title="bbox 1087 2127 1830 2170; baseline 0.001 -11"><span class='ocrx_word' id='word_1_468' title='bbox 1087 2127 1148 2159; x_wconf 82' lang='lat' dir='ltr'>sint</span> <span class='ocrx_word' id='word_1_469' title='bbox 1175 2127 1307 2170; x_wconf 89' lang='lat' dir='ltr'>excepti,</span> <span class='ocrx_word' id='word_1_470' title='bbox 1328 2138 1382 2159; x_wconf 81' lang='lat' dir='ltr'>seu</span> <span class='ocrx_word' id='word_1_471' title='bbox 1400 2137 1432 2159; x_wconf 82' lang='lat' dir='ltr'>se</span> <span class='ocrx_word' id='word_1_472' title='bbox 1450 2127 1580 2159; x_wconf 89' lang='lat' dir='ltr'>minime</span> <span class='ocrx_word' id='word_1_473' title='bbox 1604 2127 1830 2170; x_wconf 79' lang='lat' dir='ltr'>comprehendi</span> 
     </span>
     <span class='ocr_line' id='line_1_85' title="bbox 1087 2180 1830 2224; baseline 0.001 -12"><span class='ocrx_word' id='word_1_474' title='bbox 1087 2180 1293 2224; x_wconf 84' lang='lat' dir='ltr'>praetendant.</span> <span class='ocrx_word' id='word_1_475' title='bbox 1321 2180 1352 2212; x_wconf 91' lang='lat' dir='ltr'>in</span> <span class='ocrx_word' id='word_1_476' title='bbox 1379 2180 1653 2213; x_wconf 81' lang='lat' dir='ltr'>constitutionibus</span> <span class='ocrx_word' id='word_1_477' title='bbox 1673 2181 1830 2223; x_wconf 87' lang='lat' dir='ltr'>generali-</span> 
     </span>
     <span class='ocr_line' id='line_1_86' title="bbox 1086 2234 1829 2278; baseline 0 -11"><span class='ocrx_word' id='word_1_478' title='bbox 1086 2235 1162 2275; x_wconf 90' lang='lat' dir='ltr'>bus,</span> <span class='ocrx_word' id='word_1_479' title='bbox 1186 2234 1235 2266; x_wconf 70' lang='lat' dir='ltr'>vel</span> <span class='ocrx_word' id='word_1_480' title='bbox 1259 2234 1327 2266; x_wconf 88' lang='lat' dir='ltr'>aliis</span> <span class='ocrx_word' id='word_1_481' title='bbox 1352 2244 1414 2266; x_wconf 93' lang='lat' dir='ltr'>non</span> <span class='ocrx_word' id='word_1_482' title='bbox 1439 2234 1624 2266; x_wconf 87' lang='lat' dir='ltr'>facientibus</span> <span class='ocrx_word' id='word_1_483' title='bbox 1649 2235 1773 2278; x_wconf 88' lang='lat' dir='ltr'>plenam</span> <span class='ocrx_word' id='word_1_484' title='bbox 1799 2239 1829 2267; x_wconf 85' lang='lat' dir='ltr'>et</span> 
     </span>
     <span class='ocr_line' id='line_1_87' title="bbox 1086 2288 1614 2332; baseline -0.004 -10"><span class='ocrx_word' id='word_1_485' title='bbox 1086 2298 1265 2332; x_wconf 77' lang='lat' dir='ltr'>expressam</span> <span class='ocrx_word' id='word_1_486' title='bbox 1283 2298 1393 2321; x_wconf 89' lang='lat' dir='ltr'>eorum</span> <span class='ocrx_word' id='word_1_487' title='bbox 1413 2288 1614 2321; x_wconf 87' lang='lat' dir='ltr'>mentionem.</span> 
     </span>
    </p>

    <p class='ocr_par' dir='ltr' id='par_1_7' title="bbox 1084 2341 1827 2598">
     <span class='ocr_line' id='line_1_88' title="bbox 1130 2341 1827 2385; baseline 0.001 -12"><span class='ocrx_word' id='word_1_488' title='bbox 1130 2342 1144 2385; x_wconf 63' lang='grc' dir='ltr'>ξς</span> <span class='ocrx_word' id='word_1_489' title='bbox 1164 2341 1193 2373; x_wconf 90' lang='lat'>.3.</span> <span class='ocrx_word' id='word_1_490' title='bbox 1215 2341 1399 2373; x_wconf 84' lang='lat' dir='ltr'>Praesentes</span> <span class='ocrx_word' id='word_1_491' title='bbox 1418 2352 1493 2374; x_wconf 69' lang='lat' dir='ltr'>xero</span> <span class='ocrx_word' id='word_1_492' title='bbox 1511 2341 1642 2381; x_wconf 82' lang='lat' dir='ltr'>litteras,</span> <span class='ocrx_word' id='word_1_493' title='bbox 1660 2341 1827 2385; x_wconf 87' lang='lat' dir='ltr'>omniaque</span> 
     </span>
     <span class='ocr_line' id='line_1_89' title="bbox 1085 2394 1826 2438; baseline 0 -10"><span class='ocrx_word' id='word_1_494' title='bbox 1085 2401 1112 2428; x_wconf 79' lang='lat' dir='ltr'>et</span> <span class='ocrx_word' id='word_1_495' title='bbox 1123 2395 1245 2437; x_wconf 82' lang='lat' dir='ltr'>singula</span> <span class='ocrx_word' id='word_1_496' title='bbox 1260 2395 1291 2427; x_wconf 89' lang='lat' dir='ltr'>in</span> <span class='ocrx_word' id='word_1_497' title='bbox 1302 2395 1346 2427; x_wconf 89' lang='lat' dir='ltr'>eis</span> <span class='ocrx_word' id='word_1_498' title='bbox 1360 2399 1515 2433; x_wconf 87' lang='lat' dir='ltr'>contenta,</span> <span class='ocrx_word' id='word_1_499' title='bbox 1530 2394 1622 2427; x_wconf 88' lang='lat' dir='ltr'>etiam</span> <span class='ocrx_word' id='word_1_500' title='bbox 1638 2405 1674 2427; x_wconf 87' lang='lat' dir='ltr'>ex</span> <span class='ocrx_word' id='word_1_501' title='bbox 1685 2405 1732 2433; x_wconf 88' lang='lat' dir='ltr'>eo,</span> <span class='ocrx_word' id='word_1_502' title='bbox 1742 2395 1826 2438; x_wconf 86' lang='lat' dir='ltr'>quod</span> 
     </span>
     <span class='ocr_line' id='line_1_90' title="bbox 1085 2447 1827 2490; baseline 0.001 -10"><span class='ocrx_word' id='word_1_503' title='bbox 1085 2449 1246 2489; x_wconf 77' lang='lat' dir='ltr'>Ordinum,</span> <span class='ocrx_word' id='word_1_504' title='bbox 1265 2448 1561 2490; x_wconf 81' lang='lat' dir='ltr'>congregationum,</span> <span class='ocrx_word' id='word_1_505' title='bbox 1587 2447 1771 2480; x_wconf 81' lang='lat' dir='ltr'>societatum</span> <span class='ocrx_word' id='word_1_506' title='bbox 1797 2454 1827 2481; x_wconf 87' lang='lat' dir='ltr'>et</span> 
     </span>
     <span class='ocr_line' id='line_1_91' title="bbox 1085 2501 1825 2544; baseline -0.001 -9"><span class='ocrx_word' id='word_1_507' title='bbox 1085 2502 1300 2535; x_wconf 80' lang='lat' dir='ltr'>institutorum</span> <span class='ocrx_word' id='word_1_508' title='bbox 1325 2501 1505 2534; x_wconf 86' lang='lat' dir='ltr'>huiusmodi</span> <span class='ocrx_word' id='word_1_509' title='bbox 1538 2501 1752 2544; x_wconf 73' lang='lat' dir='ltr'>professoreS,</span> <span class='ocrx_word' id='word_1_510' title='bbox 1776 2502 1825 2534; x_wconf 71' lang='lat' dir='ltr'>vel</span> 
     </span>
     <span class='ocr_line' id='line_1_92' title="bbox 1084 2553 1825 2598; baseline 0.003 -11"><span class='ocrx_word' id='word_1_511' title='bbox 1084 2555 1135 2587; x_wconf 87' lang='lat' dir='ltr'>alii</span> <span class='ocrx_word' id='word_1_512' title='bbox 1166 2555 1356 2598; x_wconf 88' lang='lat' dir='ltr'>quicumque</span> <span class='ocrx_word' id='word_1_513' title='bbox 1388 2554 1419 2586; x_wconf 90' lang='lat' dir='ltr'>in</span> <span class='ocrx_word' id='word_1_514' title='bbox 1452 2553 1635 2597; x_wconf 85' lang='lat' dir='ltr'>praemissis</span> <span class='ocrx_word' id='word_1_515' title='bbox 1673 2554 1825 2588; x_wconf 81' lang='lat' dir='ltr'>interesse</span> 
     </span>
    </p>

    <p class='ocr_par' dir='ltr' id='par_1_8' title="bbox 1119 2616 1752 2653">
     <span class='ocr_line' id='line_1_93' title="bbox 1119 2616 1752 2653; baseline -0.002 -9"><span class='ocrx_word' id='word_1_516' title='bbox 1119 2618 1131 2645; x_wconf 67' lang='lat'>¹1</span> <span class='ocrx_word' id='word_1_517' title='bbox 1151 2617 1220 2645; x_wconf 86' lang='lat' dir='ltr'>Edit.</span> <span class='ocrx_word' id='word_1_518' title='bbox 1236 2617 1316 2645; x_wconf 80' lang='lat' dir='ltr'>Main.</span> <span class='ocrx_word' id='word_1_519' title='bbox 1333 2616 1397 2652; x_wconf 80' lang='lat' dir='ltr'>legit</span> <span class='ocrx_word' id='word_1_520' title='bbox 1416 2617 1637 2651; x_wconf 76' lang='lat' dir='ltr'>comprehendat</span> <span class='ocrx_word' id='word_1_521' title='bbox 1651 2617 1689 2652; x_wconf 79' lang='lat' dir='ltr'>(n.</span> <span class='ocrx_word' id='word_1_522' title='bbox 1705 2617 1752 2653; x_wconf 59' lang='lat'>11).</span> 
     </span>
    </p>
   </div>
   <div class='ocr_carea' id='block_1_4' title="bbox 1853 642 2039 744">
    <p class='ocr_par' dir='ltr' id='par_1_9' title="bbox 1853 642 2039 744">
     <span class='ocr_line' id='line_1_94' title="bbox 1868 642 2037 664; baseline -0.024 -3"><span class='ocrx_word' id='word_1_523' title='bbox 1868 643 1894 664; x_wconf 69' lang='lat' dir='ltr'>Ar</span> <span class='ocrx_word' id='word_1_524' title='bbox 1905 642 1967 662; x_wconf 71' lang='lat' dir='ltr'>etiam</span> <span class='ocrx_word' id='word_1_525' title='bbox 1977 642 2037 663; x_wconf 76' lang='lat' dir='ltr'>eden.</span> 
     </span>
     <span class='ocr_line' id='line_1_95' title="bbox 1854 670 2039 689; baseline -0.011 0"><span class='ocrx_word' id='word_1_526' title='bbox 1854 670 1885 689; x_wconf 62' lang='lat' dir='ltr'>dis</span> <span class='ocrx_word' id='word_1_527' title='bbox 1901 670 2039 689; x_wconf 69' lang='lat' dir='ltr'>Cumanum-</span> 
     </span>
     <span class='ocr_line' id='line_1_96' title="bbox 1853 695 2038 717; baseline 0.005 -1"><span class='ocrx_word' id='word_1_528' title='bbox 1853 697 1915 716; x_wconf 68' lang='lat' dir='ltr'>nibus</span> <span class='ocrx_word' id='word_1_529' title='bbox 1925 695 2038 717; x_wconf 71' lang='lat' dir='ltr'>subiacere</span> 
     </span>
     <span class='ocr_line' id='line_1_97' title="bbox 1853 723 1953 744; baseline -0.03 0"><span class='ocrx_word' id='word_1_530' title='bbox 1853 723 1953 744; x_wconf 75' lang='lat' dir='ltr'>decernit.</span> 
     </span>
    </p>
   </div>
   <div class='ocr_carea' id='block_1_5' title="bbox 1841 2350 2029 2451">
    <p class='ocr_par' dir='ltr' id='par_1_10' title="bbox 1841 2350 2029 2451">
     <span class='ocr_line' id='line_1_98' title="bbox 1881 2350 2028 2371; baseline 0.007 -1"><span class='ocrx_word' id='word_1_531' title='bbox 1881 2350 1940 2371; x_wconf 75' lang='lat' dir='ltr'>llane</span> <span class='ocrx_word' id='word_1_532' title='bbox 1955 2350 2028 2371; x_wconf 63' lang='lat' dir='ltr'>decta-</span> 
     </span>
     <span class='ocr_line' id='line_1_99' title="bbox 1842 2378 2029 2398; baseline 0.005 -1"><span class='ocrx_word' id='word_1_533' title='bbox 1842 2379 1944 2397; x_wconf 57' lang='lat' dir='ltr'>rationem</span> <span class='ocrx_word' id='word_1_534' title='bbox 1970 2378 2029 2398; x_wconf 74' lang='lat' dir='ltr'>elau-</span> 
     </span>
     <span class='ocr_line' id='line_1_100' title="bbox 1842 2404 2028 2429; baseline 0.011 -6"><span class='ocrx_word' id='word_1_535' title='bbox 1842 2404 1891 2423; x_wconf 72' lang='lat' dir='ltr'>sutus</span> <span class='ocrx_word' id='word_1_536' title='bbox 1903 2409 1999 2429; x_wconf 67' lang='lat' dir='ltr'>praeseri</span> <span class='ocrx_word' id='word_1_537' title='bbox 2005 2411 2028 2425; x_wconf 82' lang='lat' dir='ltr'>a·</span> 
     </span>
     <span class='ocr_line' id='line_1_101' title="bbox 1841 2430 1978 2451; baseline 0.007 -1"><span class='ocrx_word' id='word_1_538' title='bbox 1841 2430 1890 2451; x_wconf 75' lang='lat' dir='ltr'>uvis</span> <span class='ocrx_word' id='word_1_539' title='bbox 1905 2433 1978 2451; x_wconf 81' lang='lat' dir='ltr'>munit.</span> 
     </span>
    </p>
   </div>
  </div>
 </body>
</html>
