2226 3235
193 231 246 259 An.
262 231 291 260 C.
312 231 382 261 1630

1004 237 1147 262 UnssANUS

389 280 514 324 liarum,
531 280 623 314 etiam
640 281 746 316 forsan
764 289 873 317 contra
890 283 1039 325 civitates,
1060 286 1128 319 loca
1145 288 1147 321 ἰ,

389 339 419 367 et
443 340 554 376 eastra,
578 341 631 369 aut
654 336 810 378 dominos,
828 348 884 371 seu
908 338 1059 379 subditos,
1081 323 1147 381 vel]

389 387 517 428 incolas,
534 388 566 421 in
584 399 700 432 genere
725 390 773 422 vel
791 390 821 423 in
846 392 962 435 specie,
978 392 1070 426 etiam
1092 403 1128 425 ex

389 443 484 474 causa
500 442 583 486 belli,
598 444 644 476 vel
663 444 800 478 0111115115
817 445 1055 488 inobedientiae,
1074 450 1129 480 se'u

389 494 579 537 rebellionis,
604 497 696 531 etiam
723 499 987 543 excogitatarum,
1011 500 1128 543 incogi-

388 552 538 589 tatarum,
563 544 785 593 decretorum,
811 557 862 586 aut
894 554 1104 587 relaxatorum
1120 581 1127 595 ,

388 607 442 635 aut
464 604 575 646 quovis
603 604 664 637 alio
694 611 878 649 praetextu,
903 607 1051 651 denegari
1076 612 1129 640 aut

388 657 532 699 protrahi
564 658 611 690 vel
640 658 760 692 differri
792 662 908 704 queat)
933 661 1073 705 rccipcrc
1099 666 1146 693 et:

387 708 514 751 habere,
538 716 568 744 et
592 723 825 757 quamcumque
852 714 1069 747 remissionem
1099 719 1145 757 et¹

1171 237 1227 262 vm
1251 238 1299 262 Pr.

1164 286 1280 330 petliri,
1306 286 1372 320 sino
1396 287 1520 322 licentia
1544 287 1636 331 legati
1663 299 1721 332 pro
1748 290 1904 334 temporej,

1163 340 1300 382 possint,
1325 340 1378 373 sed
1403 341 1440 373 ad
1465 351 1575 375 eorum
1600 341 1638 374 ab
1663 341 1808 375 intestato
1833 342 1907 375 hae-

1165 393 1263 434 redes,
1282 404 1334 427 seu
1348 386 1566 438 proximiores,
1581 400 1633 428 aut
1647 395 1722 429 alias
1736 396 1903 429 succedere

1164 446 1323 490 habentes,
1356 453 1534 492 transcant,
1560 460 1595 482 ac
1620 449 1657 481 de
1682 449 1726 482 eis
1750 449 1848 483 libere
1873 450 1902 481 in

1165 504 1350 533 testamento
1375 502 1422 534 vel
1448 502 1610 543 codicillis,
1628 508 1677 535 aut
1704 513 1903 546 quocumque

1163 559 1327 587 contractu
1338 555 1419 588 inter
1432 556 1527 597 vivos,
1539 557 1569 589 in
1583 568 1798 601 quoscumque
1812 557 1903 591 etiam

1164 607 1344 650 illegitimos
1369 614 1398 642 et
1421 610 1507 652 alios,
1527 622 1562 643 ac
1581 611 1611 642 in
1636 612 1785 644 omnibus
1802 615 1830 645 et
1847 622 1905 655 per

1163 662 1277 699 onmia,
1302 663 1385 696 iuxta
1411 664 1571 696 facultates
1596 664 1663 697 aliis
1689 665 1849 698 montibus
1874 670 1904 697 et

1162 716 1346 760 praesertim
1365 717 1465 750 almae
1477 718 1569 750 Urbis
1587 724 1711 751 nostrae
1726 723 1754 750 et
1771 718 1904 751 civitatis

1806 232 1870 265 103
1917 242 1965 269 An.
1982 242 2010 269 0.
2033 242 2102 269 1030

386 764 559 806 quamlibet
573 765 666 798 aliam
679 766 930 809 diminutionem,
949 778 984 800 ex
1000 768 1126 812 quibus·
1162 775 1287 803 nostrae
1305 770 1508 803 Bononiensis
1522 783 1578 814 pei·
1595 782 1812 815 quoscumque
1830 772 1904 804 Pon-

386 816 432 849 vis
457 817 606 861 honestis,
626 819 863 853 rationabilibus
883 832 918 854 ac
943 820 1127 864 necessariis
1143 860 1145 870 ⁴
1162 823 1261 856 titices
1297 824 1555 866 praedecessores
1586 831 1710 858 nostros
1742 836 1777 858 ac.
1810 825 1902 858 etiam

387 875 416 902 et
440 872 640 914 quantumvis
664 873 849 916 urgentibus
877 873 969 907 etiam
994 874 1123 908 1110100-
1143 871 1218 923 lnos
1243 887 1417 919 concessas,
1436 877 1613 921 disponere,
1632 883 1661 911 et
1683 883 1714 910 ut
1738 888 1902 921 personae,

386 923 490 966 gitatis
514 926 616 959 causis
639 937 698 970 pro
723 932 863 971 tempore
886 927 1064 969 faciendas,
1088 928 1126 961 ad
1143 930 1145 971 fi
1161 930 1310 973 pecunias
1336 941 1430 973 super
1459 931 1541 964 dicto
1567 937 1671 964 monte
1696 937 1848 975 ponentes
1874 937 1901 965 et

385 977 536 1012 damnum
560 985 590 1012 et
615 980 709 1013 totale
727 981 961 1014 incommodum
984 992 1125 1015 camerae
1142 975 1144 1011 '1
1161 983 1328 1025 babentes,
1354 984 1522 1027 collegium
1548 985 1628 1017 inter
1646 996 1677 1017 se
1703 985 1902 1025 constituant,

386 1030 596 1065 Ferrariensis
620 1033 732 1066 cedere
757 1040 787 1066 ct
810 1034 968 1078 pertinere
993 1034 1125 1074 debere,
1161 1048 1195 1069 ac
1221 1037 1431 1080 collegialium
1457 1037 1525 1070 iura
1550 1043 1579 1070 ct
1604 1038 1753 1081 insignia,
1774 1044 1902 1071 statuta-

387 1083 477 1117 itaut
500 1085 707 1119 conductores
725 1097 780 1119 seu
795 1088 1006 1131 appaltatores
1029 1087 1126 1121 dicta·
1160 1090 1241 1134 ([110,1
1268 1096 1297 1123 et
1322 1081 1535 1125 ordinationes
1567 1091 1604 1124 ad
1637 1092 1734 1124 instar
1767 1093 1901 1125 aliorum

385 1148 455 1170 rum
476 1138 672 1181 gabellarum
690 1140 816 1183 singulo
833 1152 959 1185 quoque
983 1141 1125 1175 bimestri
1142 1132 1144 1173 l
1161 1144 1314 1177 montium
1340 1145 1483 1187 habeant,
1511 1145 1626 1189 illaque
1652 1150 1774 1178 mutare
1799 1151 1829 1179 et
1852 1146 1900 1178 al-

386 1191 525 1234 integros
550 1192 702 1236 redditus,
720 1204 779 1237 pro
804 1196 1006 1228 concurrenti
1032 1203 1274 1240 quan-3te1·a1·e,
1299 1209 1420 1232 necnon
1450 1199 1699 1243 possessionem,
1725 1210 1779 1232 seu
1803 1200 1902 1243 quasi,

386 1245 470 1279 titate
503 1257 614 1280 eorum
647 1248 778 1289 crediti,
811 1248 901 1283 dictis
931 1250 1065 1292 collegio
1098 1255 1127 1282 et
1143 1252 1144 1295 l
1161 1253 1332 1286 exactionis
1357 1253 1450 1285 annui
1476 1253 1615 1286 redditus
1640 1254 1820 1287 huiusmodi
1844 1265 1902 1298 pro

384 1300 537 1342 personis,
563 1311 619 1334 5011
643 1312 753 1334 eorum
778 1302 981 1346 depositario,
998 1304 1126 1347 persol-
1142 1298 1144 1331 5
1161 1308 1227 1338 rata
1250 1307 1478 1350 pecuniarum,
1503 1318 1580 1351 quas
1605 1308 1635 1340 in
1661 1308 1770 1341 eodem
1796 1313 1902 1341 monte

327 2096 525 2184 pendi
548 2104 670 2147 forent,
696 2115 731 2138 ae
763 2106 869 2151 onmia
900 2117 1009 2139 eorum
1040 2107 1139 2142 bona:

382 2161 443 2189 „int
467 2157 634 2191 confiscata
659 2159 707 2191 vel
737 2159 957 2203 confiscanda,
982 2160 1020 2193 de
1044 2161 1121 2194 locis
1137 2181 1139 2204 1
1155 2161 1333 2195 iuramento
1353 2166 1382 2195 et
1407 2162 1474 2195 aliis
1499 2163 1647 2196 clausulis
1664 2164 1850 2207 opportunis
1867 2170 1895 2196 et

1137 2223 1139 2249 ‚¹
1154 2217 1340 2249 necessariis
1357 2216 1508 2260 obligare,
1525 2228 1561 2250 ac
1579 2218 1708 2251 idoncos
1732 2218 1895 2252 fideiusso-

385 1362 457 1386 vere
486 1359 666 1397 teneantur,
691 1360 718 1388 et
745 1355 775 1388 in
800 1366 836 1389 co
864 1356 947 1400 quod
972 1357 1144 1400 supererit*

384 1406 422 1439 de
446 1406 537 1440 dietis
557 1407 742 1451 redditibus,
769 1414 808 1449 et,
830 1409 860 1441 111
885 1409 1069 1450 subsidium,
1095 1404 1144 1455 in}

386 1460 498 1493 ceteris
515 1460 693 1495 introitibus
711 1467 741 1495 ct
757 1462 847 1496 bonis
864 1463 965 1496 dictae
983 1474 1126 1497 camerae
1142 1464 1144 1487 ³

385 1512 407 1544 F
410 1514 606 1555 errariemis,
630 1515 668 1548 de
694 1515 880 1549 remissione
907 1521 958 1549 aut
982 1516 1121 1549 (limium

384 1566 467 1600 tione
491 1567 659 1611 praedictis
680 1568 767 1602 refici
789 1569 931 1609 debeant,
949 1581 984 1602 ac
1002 1570 1124 1603 etiamsi

383 1619 484 1653 laesae
500 1620 670 1655 maiestatis
691 1626 743 1654 aut
767 1622 826 1655 alia
851 1633 1067 1667 quaecun‘ique
1096 1629 1125 1657 et

383 1673 624 1718 qualiacumque
641 1679 671 1707 et
690 1681 942 1720 quantacumque
968 1678 1075 1720 gravia
1096 1681 1125 1711 ct

382 1725 569 1769 gravissima
592 1727 725 1761 crimina
743 1729 979 1774 (praeterquam
1000 1731 1031 1763 in
1056 1742 1124 1775 per—

383 1790 491 1813 sonam
507 1781 640 1814 Romani
658 1782 826 1824 Pontificis,
841 1789 891 1816 aut
909 1784 1040 1817 alicuius
1053 1795 1125 1828 per-

383 1843 477 1867 sonae
501 1834 530 1868 S.
556 1835 590 1868 R.
615 1836 648 1868 E.
675 1836 852 1878 cardinalis,
870 1848 905 1871 ac
936 1838 1122 1881 legatorum,

383 1887 639 1931 vicelegatorum‚
667 1890 714 1937 rel
739 1890 989 1933 gubernatorum
1014 1892 1124 1925 Ferra-

382 1941 534 1975 riensium
553 1953 612 1986 pro
634 1947 776 1987 tempore
803 1944 1014 1990 existentium)
1041 1957 1123 1979 com-

383 1995 571 2037 mitterent¹,
588 2002 618 2030 et
645 2002 813 2041 propterea
834 1999 946 2032 ultimo
967 2000 1122 2043 supplicio

379 2049 581 2098 ‘condemnati
598 2054 627 2084 et
644 2051 749 2084 traditi
769 2062 825 2085 5011
849 2052 1077 2086 condemnandi
1093 2059 1123 2086 et

381 2214 412 2242 et
429 2209 628 2253 portionibus
651 2212 767 2246 montis
798 2213 1001 2255 huiusmodi,
1028 2213 1119 2246 etiam

381 2263 600 2299 emolumentis
617 2265 676 2298 sibi
697 2276 732 2299 ex
754 2276 791 2300 eo
811 2267 1031 2310 spectantibus,
1053 2278 1121 2301 nec-

381 2327 444 2350 non
460 2318 601 2361 pecuniis
617 2329 674 2363 per
691 2330 754 2360 eos,
770 2320 823 2364 qui
844 2320 882 2353 ab
898 2321 974 2365 ips'ss
995 2332 1120 2356 causam
1136 2343 1138 2363 2

381 2369 557 2414 habuerint,
576 2382 670 2416 super
687 2373 797 2406 eodem
815 2379 921 2407 monte
941 2375 1061 2418 positis,
1080 2376 1121 2409 ita

381 2424 555 2465 statuimus,
573 2425 657 2468 quod
680 2427 858 2461 nullatenus
876 2428 1051 2469 confiscari,
1069 2434 1120 2464 aut,

380 2477 418 2510 ad
436 2477 612 2512 instantiam
626 2489 898 2525 quorumcumque
915 2482 1118 2524 creditorum,

380 2531 427 2564 vel
452 2531 527 2565 alias
551 2533 657 2577 aliquo
674 2534 768 2568 modo
792 2536 981 2579 sequestrari
1001 2537 1047 2570 vel
1065 2537 1119 2570 im-

415 2651 426 2675 1
445 2648 510 2678 Male
526 2649 567 2678 ed.
585 2649 666 2678 Main.
683 2651 748 2686 tegit
763 2653 1014 2683 committerentur
1027 2655 1115 2689 gean&
1132 2636 1134 2661 ξ

1162 1361 1340 1402 posuerint,
1366 1361 1496 1405 proprisi
1521 1361 1705 1395 auctoritate
1729 1368 1759 1393 et
1783 1361 1902 1405 absque

1160 1414 1239 1446 11110Ξ
1257 1414 1333 1447 iuris
1352 1425 1406 1447 5011
1423 1415 1533 1447 iudicis
1552 1416 1725 1449 ministerio
1752 1416 1797 1448 1·οΙ
1820 1426 1902 1448 man-

1160 1466 1246 1508 dato,
1273 1467 1366 1500 etiam
1392 1468 1503 1501 iudicis
1528 1474 1554 1501 01
1583 1469 1785 1511 magistratus
1810 1480 1901 1513 prae-

1160 1520 1317 1553 dictorum
1350 1526 1402 1553 aut
1437 1521 1572 1554 aliorum
1605 1533 1900 1566 quorumcumque,

1159 1574 1396 1617 apprehendere
1418 1580 1447 1607 et
1471 1580 1625 1619 perpetuo
1650 1576 1785 1609 retinere
1803 1576 1900 1609 libere

1159 1631 1188 1659 et
1206 1627 1288 1660 licite
1303 1628 1436 1668 valcant3
1455 1634 1484 1661 et
1501 1629 1584 1672 quod
1602 1629 1795 1672 gabellarum
1813 1640 1901 1673 prae—

1158 1680 1313 1714 dictarum
1339 1682 1566 1723 conductores,
1593 1693 1648 1716 seu
1671 1684 1899 1727 appallatoies,

1158 1740 1326 1779 antequam
1358 1736 1396 1768 ad
1426 1737 1565 1780 ipsarum
1590 1737 1820 1780 possessionem
1845 1737 1899 1770 ad-

1140 1789 1330 1829 imittantur,
1356 1790 1394 1823 de
1419 1790 1575 1823 solvendis
1596 1791 1686 1824 dictis
1711 1791 1844 1834 collegio
1869 1797 1897 1824 et

1157 1843 1315 1885 personis,
1343 1843 1388 1875 vel
1421 1854 1532 1876 eorum
1565 1844 1773 1888 dcpositario,
1799 1844 1898 1877 dictos

1157 1906 1277 1929 annuos
1291 1897 1432 1930 redditus
1446 1908 1503 1941 pro
1518 1898 1689 1941 quantitate
1707 1908 1816 1931 eorum
1836 1908 1899 1931 cre-

1156 1950 1212 1982 diti
1237 1950 1361 1993 singulo
1385 1951 1530 1984 bimestri
1556 1952 1677 1995 integro
1702 1957 1732 1985 e't
1757 1953 1822 1985 sine
1846 1953 1898 1986 ali-

1156 2005 1216 2048 qua
1241 2004 1457 2045 diminutione,
1477 2010 1508 2037 nt
1525 2016 1630 2049 supra,
1655 2007 1850 2050 promittere,
1869 2012 1897 2039 et

1156 2057 1193 2089 ad
1218 2057 1278 2091 hoc
1303 2069 1335 2091 se
1361 2069 1392 2091 50
1410 2058 1625 2102 principaliter
1646 2065 1675 2092 et
1695 2060 1725 2092 in
1750 2060 1896 2101 solidum,

1156 2107 1249 2140 etiam
1267 2108 1297 2140 in
1316 2109 1415 2142 forma
1441 2120 1583 2143 camerae
1606 2111 1806 2154 apostolicae,
1825 2122 1896 2144 011111

1156 2280 1205 2302 res
1222 2275 1383 2313 praestare
1405 2275 1584 2312 teneantur,
1606 2277 1635 2304 ct
1653 2272 1736 2315 quod
1754 2273 1895 2315 quicum-

1154 2333 1214 2366 que
1235 2323 1273 2356 ad
1297 2323 1433 2356 dandum
1451 2324 1668 2358 investituram
1691 2326 1719 2358 in
1738 2326 1842 2369 aliqua
1860 2338 1894 2359 re

1155 2376 1309 2409 immobili
1341 2379 1405 2410 tuta
1431 2383 1461 2410 et
1492 2380 1602 2411 sccurfi
1627 2378 1719 2411 ctiam
1746 2390 1815 2411 011111
1843 2379 1892 2412 iu-

1135 2429 1297 2471 {ramento
1321 2431 1489 2474 obligatus,
1507 2432 1609 2465 dando
1629 2433 1765 2476 aliquam
1792 2439 1890 2467 ratam

1153 2487 1182 2517 et
1199 2490 1319 2528 partem
1338 2484 1410 2517 dicti
1428 2486 1543 2518 montis
1561 2486 1809 2529 aequivalentem
1824 2498 1892 2531 pre-

1153 2538 1194 2571 tio
1218 2549 1276 2582 per
1293 2549 1364 2572 eum
1384 2539 1588 2580 investiendo,
1613 2540 1797 2583 obligationi
1816 2551 1891 2575 suae

1190 2612 1198 2636 t
1218 2609 1362 2645 Perperam
1379 2609 1422 2638 ed.
1438 2610 1517 2638 lllain.
1530 2610 1611 2638 babet
1621 2614 1786 2647 statumque
1797 2615 1888 2649 (11.1),

1186 2654 1202 2680 *2
1218 2653 1319 2682 Eadem
1336 2654 1401 2683 edit.
1417 2654 1480 2691 legit
1495 2656 1556 2684 alia
1572 2656 1611 2691 (n.
1629 2658 1677 2690 T,).
