2248 3229
221 232 274 260 An.
291 231 319 259 C.
335 230 404 260 1635

261 560 358 581 Urbanus
382 559 409 579 ad

227 587 282 607 eliud
289 591 408 606 sexennium

225 614 330 639 prorogat.

426 280 538 324 galliae
563 282 773 323 spectantem,
804 282 833 309 et
863 281 1031 320 propterea
1063 274 1163 308 dictus

428 333 590 376 Philippus
614 341 667 364 rex
692 330 782 363 nobis
807 328 968 362 humiliter
991 327 1162 372 supplicari

427 386 553 424 fecerit,
588 389 620 418 ut
650 393 744 426 super
775 381 953 426 praemissis
985 386 1163 425 opportune

427 437 591 483 providere
605 436 643 469 de
656 435 847 478 benignitate
869 434 1039 478 apostolica
1059 433 1163 476 digna-

424 501 546 524 remur:

469 544 483 587 ᾗ
505 543 533 576 5.
556 544 627 583 Nos,
645 543 704 587 piis
725 542 798 575 dieti
818 541 954 585 Philippi
971 541 1056 583 regis
1074 540 1162 580 rotis,

426 600 574 640 quantum
589 606 660 629 cum
674 595 806 628 Domino
823 603 1001 638 possumus,
1015 603 1161 634 annuere,

426 650 577 692 illumque
602 649 809 692 amplioribus
835 647 992 680 favoribus
1009 652 1038 679 et
1055 646 1163 689 gratiis

428 702 575 746 prosequi
602 702 750 742 volentes,
776 701 958 743 clerumque
976 704 1006 732 et
1022 699 1164 732 ecclesia-

428 755 521 788 sticos
535 765 705 797 regnorum
725 755 936 797 praefatorum
955 752 1163 795 Portugalliae

426 814 455 841 et
489 807 709 851 Algarbiorum
726 834 732 846 ,
766 807 823 839 sub
857 816 992 849 quorum
1023 805 1163 838 dominio

427 861 531 894 Indiae
542 860 719 904 praedictae
730 860 911 899 consistunt,
922 869 979 902 pro
988 858 1164 891 necessaria

428 914 583 948 dictorum
602 915 744 947 locorum
766 912 1013 956 recuperatione,
1029 922 1063 944 ac
1082 911 1164 944 chri-

429 966 608 1000 stifidelium
629 966 670 999 ibi
689 966 887 999 existentium
908 966 1016 1006 salute,
1039 964 1165 998 catholi-

429 1031 544 1064 caeque
561 1019 722 1063 religionis
742 1019 921 1052 defensione
938 1022 967 1052 et
984 1022 1162 1061 augmento,

430 1075 468 1108 de
481 1073 672 1119 patrimonio
686 1073 810 1114 Christi,
824 1073 912 1106 cuius
927 1082 1017 1105 causa
1031 1071 1164 1104 maxime
1180 1097 1183 1123 ἡ

430 1128 542 1172 agitur,
568 1128 660 1160 etiam
686 1137 795 1160 eorum
822 1131 919 1159 ratam
945 1125 1086 1168 gabellae
1112 1125 1165 1157 hu·
1180 1125 1183 1155 l

428 1181 573 1221 jusmodi,
583 1191 641 1224 pro
656 1189 749 1213 carne
763 1184 791 1212 et
803 1180 872 1212 rino
884 1178 1008 1222 publice
1022 1178 1164 1219 emendo,

429 1233 607 1268 solvendam
633 1243 692 1277 pro
713 1233 773 1265 alio
799 1231 956 1273 sexennio,
977 1231 1000 1264 si
1023 1230 1164 1263 eamdem

429 1287 583 1331 gabellam
608 1286 645 1319 ad
672 1286 754 1318 aliud
779 1285 961 1318 sexennium
985 1283 1165 1317 huiusmodi

429 1352 486 1386 per
511 1340 670 1381 civitates,
697 1339 810 1383 oppida
839 1344 867 1371 et
897 1339 965 1371 loca
993 1340 1184 1380 eorumque‘

431 1393 670 1429 communitates
700 1403 734 1425 ac
765 1391 982 1425 universitates
1007 1396 1034 1424 et
1065 1389 1166 1424 homi-

430 1458 486 1481 nes
518 1447 611 1480 modo
643 1452 669 1479 et
707 1447 806 1479 forma
832 1444 1014 1489 praemissis
1046 1443 1165 1488 imponi

432 1501 617 1544 eontigerit,
643 1500 775 1532 libenter
801 1498 1056 1542 suppeditaturos
1076 1497 1166 1530 nobis

431 1554 675 1600 persuadentes,
718 1552 933 1597 praefatosque
968 1551 1167 1584 necessitates

432 1608 558 1642 omnino
584 1606 790 1645 attendentes3
816 1604 995 1638 huiusmodi
1016 1604 1168 1649 supplica-

431 1661 567 1696 tionibus
593 1660 742 1701 inclinati,
756 1660 812 1691 tibi
826 1669 881 1703 per
895 1663 1074 1703 praesentes
1087 1668 1168 1691 com-

431 1714 583 1748 mittimus
597 1717 626 1747 et
639 1713 833 1752 mandamus,
846 1716 889 1752 ut,
903 1712 928 1744 si
942 1721 996 1755 per
1013 1711 1167 1744 civitatem

432 1767 703 1812 Ulyssiponensem
729 1776 785 1809 pro
810 1766 932 1798 summa
960 1764 1168 1798 ducentorum

432 1820 575 1862 millium,
589 1830 645 1864 per
658 1819 795 1862 reliquas
807 1828 881 1851 vero
895 1817 1045 1858 civitates,
1056 1816 1169 1860 oppida

433 1879 463 1907 et
486 1874 555 1907 loca
578 1872 762 1906 eorumdem
783 1881 954 1914 regnorum
969 1881 1028 1914 pro
1047 1872 1169 1904 summa

434 1926 735 1972 quadringentorum
747 1925 879 1957 millium
891 1924 1103 1957 cruciatorum
1117 1924 1171 1956 hu-

434 1979 570 2014 iusmodi
595 1979 749 2022 gabellam
764 1977 905 2010 eamdem
920 1987 1015 2020 super
1033 1987 1127 2010 carne
1141 1982 1170 2010 et

434 2033 506 2066 vino
530 2032 655 2077 publice
679 2031 834 2071 emendis,
860 2035 893 2063 ut
916 2030 1110 2073 praefertur,
1136 2040 1171 2062 ac

435 2085 528 2120 modo
553 2090 581 2118 et
606 2086 706 2118 forma
725 2084 755 2116 in
772 2083 975 2127 praeinsertis
995 2083 1106 2116 litteris
1120 2094 1170 2116 ex-

435 2140 562 2185 pressis,
576 2139 613 2171 ad
627 2138 710 2171 aliud
724 2138 907 2171 sexennium
923 2147 939 2169 a
956 2137 1017 2170 fine
1032 2137 1169 2170 sexennii

436 2203 531 2238 supra
544 2192 681 2236 expressi
700 2190 944 2235 computandum
961 2190 999 2223 de
1015 2200 1098 2224 novo
1117 2191 1172 2223 im-

435 2247 509 2293 poni
523 2246 697 2288 contigerit,
712 2245 757 2277 rel
773 2245 878 2277 forsan
891 2244 1037 2288 imposita
1050 2245 1099 2285 sit,
1112 2255 1171 2289 pro

435 2299 673 2344 recuperatione
706 2303 735 2330 et
764 2297 995 2331 manutentione
1030 2298 1172 2331 locorum

436 2353 592 2388 lndiarum
610 2351 829 2396 praefatarum,
845 2351 885 2383 ita
899 2357 933 2384 ut
950 2351 1108 2395 praedicta
1124 2362 1173 2394 ga-

436 2407 517 2440 bella
547 2412 610 2439 tam
639 2404 769 2438 civitatis
800 2404 1047 2449 Ulyssiponensis
1078 2414 1172 2448 quam

438 2462 530 2494 etiam
551 2469 821 2503 quarumcumque
846 2459 979 2491 aliarum
1003 2458 1171 2500 civitatum,

438 2520 593 2547 terrarum
619 2519 648 2545 et
671 2513 813 2545 locorum
838 2511 1048 2554 Portugalliae
1068 2515 1098 2544 et
1123 2510 1173 2543 Al-

439 2566 621 2609 garhiorum
645 2575 815 2608 regnorum
841 2564 1021 2597 huiusmodi
1047 2563 1172 2597 insimul

438 2618 470 2652 in
494 2622 592 2653 totum
612 2628 768 2652 summam
793 2623 1012 2652 sexcentorum
1038 2617 1170 2651 millium

997 227 1175 252 BULLARIUM
1198 227 1353 252 ROMAMJM

1195 274 1407 308 cruciatorum
1435 284 1490 307 seu
1518 279 1680 308 scutorum
1702 279 1846 309 monetae
1868 274 1930 309 Ro-

1195 337 1304 360 manae
1320 336 1382 360 non
1401 326 1546 367 excedat,
1573 326 1755 360 earumdem
1771 327 1929 362 civitatum

1195 386 1226 413 et
1250 380 1436 424 oppidorum
1455 390 1490 412 ae
1507 379 1650 413 locorum
1671 379 1929 423 praesidentibus,

1195 433 1390 473 officialibus,
1415 432 1577 473 ministris,
1603 432 1879 466 communitatibus
1895 443 1931 467 ac

1196 485 1448 519 universitatibus
1482 491 1511 518 et
1545 485 1724 518 hominibus
1759 485 1931 528 respective

1195 538 1373 579 licentiam,
1399 538 1584 582 auctoritate
1608 539 1716 571 nostra
1748 537 1930 580 praedicta,

1196 591 1349 625 concedas
1380 597 1407 624 et
1441 590 1630 635 impar-tiaris
1660 589 1815 634 gabellam
1843 601 1933 635 prae-

1187 645 1311 688 dictam
1329 644 1422 678 etiam
1437 655 1453 677 a
1466 644 1609 688 personis
1634 643 1852 677 ecclesiasticis
1869 648 1932 677 tam

1196 697 1390 732 secularibus
1411 707 1504 741 quam
1526 696 1733 740 regularibus,
1755 696 1932 730 cuiuscum-

1197 762 1256 795 que
1281 750 1450 794 dignitatis,
1475 754 1583 791 status,
1608 749 1734 792 gradus,
1759 749 1876 783 ordinis
1904 754 1933 783 et

1197 804 1384 837 conditionis
1409 803 1562 844 existant,
1596 803 1688 835 etiam
1721 803 1873 846 exemptis
1904 807 1934 835 et

1197 857 1431 902 quomodolibet
1458 856 1658 900 qualificatis,
1685 856 1789 888 vinum
1816 861 1846 889 et
1869 866 1935 889 car-

1198 921 1287 955 nem,
1314 916 1345 943 ut
1370 910 1566 954 praefertur,
1592 909 1719 953 publice
1743 908 1934 950 ementibus,

1198 965 1315 1008 absque
1354 964 1417 997 ullo
1453 963 1662 996 conscientiae
1698 962 1848 1006 scrupulo
1882 966 1934 996 aut

1198 1028 1404 1051 censurarum
1418 1022 1447 1049 et
1460 1026 1633 1060 poenarum
1651 1015 1935 1049 ecclesiasticarum

1199 1072 1335 1111 incursu,
1355 1075 1385 1103 et
1401 1071 1531 1103 durante
1554 1069 1701 1103 sexennio
1721 1079 1777 1113 per
1793 1079 1935 1113 praesen-

1199 1129 1243 1157 tes
1269 1134 1427 1164 eoncesso,
1445 1129 1473 1156 et
1498 1128 1531 1156 ut
1555 1123 1731 1167 praefertur
1753 1126 1931 1166 computan-

1199 1178 1247 1219 do,
1269 1177 1436 1217 dumtaxat,
1460 1176 1613 1220 exigendi,
1631 1177 1842 1221 pecuniasque
1864 1175 1935 1209 inde

1199 1230 1418 1274 provenientes
1443 1230 1480 1262 ad
1505 1230 1650 1262 effectum
1674 1229 1883 1273 praemissum
1906 1234 1936 1262 et

1199 1295 1261 1318 non
1275 1284 1305 1316 in
1323 1283 1400 1317 alios
1425 1295 1499 1316 usus
1520 1294 1717 1327 quocumque
1734 1282 1936 1317 convertendi

1200 1343 1229 1370 et
1254 1336 1419 1380 erogandi,
1440 1342 1470 1370 et
1491 1336 1671 1380 respective,
1697 1340 1849 1380 quatenus
1873 1335 1934 1368 iam

1200 1391 1238 1423 ad
1270 1389 1500 1423 ultimodictum
1537 1389 1719 1422 sexennium
1754 1387 1933 1422 huiusmodi

1201 1443 1345 1487 imposita
1370 1442 1418 1482 sit,
1444 1441 1610 1475 confirmes
1635 1447 1664 1474 et
1689 1442 1855 1486 approbes.

1245 1497 1260 1540 ἓ
1286 1495 1312 1528 6.
1336 1496 1486 1530 Volumus
1511 1495 1664 1535 similiter,
1682 1494 1767 1538 quod
1786 1494 1937 1539 pecuniae

1201 1550 1320 1583 ratione
1345 1549 1541 1592 gabellarum
1562 1547 1743 1582 huiusmodi
1768 1547 1938 1591 exigendae

1203 1613 1298 1647 penes
1322 1603 1408 1635 datas
1433 1611 1582 1646 personas
1606 1601 1667 1634 fide
1687 1606 1716 1634 et
1740 1600 1937 1634 facultatibus

1202 1655 1328 1690 idoneas
1343 1682 1350 1696 ,
1383 1665 1474 1687 unam
1500 1654 1643 1688 videlicet
1666 1653 1704 1686 ab
1729 1653 1839 1687 eodem
1871 1652 1938 1686 Phi-

1202 1710 1288 1752 lippo
1312 1718 1387 1750 rege
1412 1718 1467 1740 seu
1491 1707 1558 1740 eius
1590 1706 1741 1740 ministris
1769 1707 1800 1739 in
1828 1705 1938 1740 eodem

1202 1772 1300 1805 regno
1334 1761 1557 1802 existentibus,
1583 1760 1675 1793 aliam
1704 1770 1777 1794 vero
1810 1770 1827 1792 a
1858 1759 1939 1793 dicto

1203 1816 1297 1858 clero,
1315 1825 1370 1848 seu
1393 1825 1409 1847 a
1426 1820 1455 1847 te
1475 1814 1615 1847 eiusdem
1639 1812 1715 1847 cleri
1739 1812 1875 1854 nomine,
1892 1812 1941 1846 de-

1203 1869 1353 1913 putandas
1377 1874 1407 1900 et
1431 1867 1603 1911 respective
1622 1865 1853 1911 approbandas,
1877 1875 1941 1900 om-

1203 1922 1276 1955 nino
1287 1922 1494 1965 deponantur,
1519 1925 1548 1952 et
1572 1930 1630 1964 per
1647 1919 1772 1952 easdem
1788 1929 1940 1963 personas

1204 1975 1395 2009 coniunctim
1412 1973 1617 2018 procedentes
1638 1973 1728 2006 dictis
1742 1971 1876 2017 Philippi
1896 1982 1941 2006 re-

1204 2029 1251 2072 gis
1275 2027 1435 2069 ministris,
1461 2026 1499 2060 ad
1520 2025 1666 2060 effectum
1686 2025 1754 2059 illas
1778 2025 1809 2058 in
1833 2035 1942 2070 supra-

1205 2082 1303 2116 dictos
1329 2081 1487 2115 indiarum
1521 2086 1549 2113 et
1580 2079 1744 2121 Brasiliae,
1771 2084 1800 2112 et
1823 2088 1886 2112 non
1910 2079 1941 2112 in

1205 2136 1282 2170 alios
1308 2145 1400 2175 usus,
1425 2134 1482 2168 sub
1514 2133 1721 2177 infrascriptis
1745 2132 1885 2166 censuris
1913 2135 1942 2167 et

1205 2190 1312 2234 poenis
1337 2200 1373 2222 eo
1400 2189 1466 2232 ipso
1491 2185 1699 2227 incurrendis,
1719 2185 1939 2230 expendendae

1206 2244 1445 2286 consignentur-3
1467 2241 1613 2285 quodque
1642 2250 1795 2284 personae
1825 2239 1869 2273 sic
1892 2238 1942 2273 de-

1206 2301 1329 2342 putatae
1349 2299 1377 2330 et
1401 2294 1591 2339 approbatae
1611 2293 1649 2326 de
1669 2293 1816 2338 pecunias
1840 2292 1944 2326 huius-

1207 2350 1289 2385 modi
1315 2348 1438 2382 nonnisi
1456 2348 1493 2380 ad
1511 2347 1656 2380 effectum
1677 2346 1786 2380 eadem
1804 2345 1942 2379 subsidia

1206 2405 1236 2437 in
1261 2404 1417 2448 praefatos
1434 2406 1464 2436 et
1480 2412 1542 2434 non
1566 2401 1643 2434 alios
1667 2410 1743 2433 usus
1762 2398 1940 2443 praestandi

1206 2457 1322 2490 eisdem
1338 2455 1471 2499 Philippi
1482 2454 1566 2497 regis
1576 2453 1727 2487 ministris
1737 2451 1941 2493 numerando,

1207 2509 1341 2543 ministri
1366 2518 1439 2542 vero
1464 2507 1615 2551 praedicti
1632 2506 1780 2551 pecunias
1797 2515 1834 2538 ex
1850 2503 1940 2538 dictis

1206 2563 1335 2606 gabellis
1362 2562 1601 2607 provenientes,
1626 2560 1683 2594 sibi
1707 2564 1741 2592 ut
1763 2558 1941 2603 praefertur

1205 2615 1423 2659 numerandas,
1444 2615 1569 2649 nonnisi
1593 2615 1625 2648 in
1648 2613 1724 2648 istos
1740 2617 1769 2646 et
1785 2621 1847 2646 non
1864 2611 1941 2646 alios

1943 227 1993 255 An.
2011 226 2039 255 G.
2057 226 2126 256 1635

1978 1505 2072 1532 Deputat
2085 1508 2136 1533 por-

1952 1537 2013 1553 sonas
2040 1531 2069 1552 ad
2104 1530 2136 1552 dt-

1952 1561 2008 1579 etam
2031 1555 2136 1583 gahaitam

1953 1585 2085 1610 exigendam.
