2226 3235
87 222 138 250 Αη.
153 222 184 250 C.
202 221 272 250 ¹630

122 284 208 310 leges
205 289 225 304 iu
239 289 272 304 re-

89 312 208 338 «temptione
217 315 273 330 mon-

89 339 115 359 tis
130 336 254 359 serxandae.

904 221 1045 246 URBANUS
1069 220 1125 245 vm
1149 221 1197 245 PP.

331 269 346 314 ς
370 268 399 303 8.
425 269 576 303 Volumus
599 275 715 311 autent,
740 275 773 303 ut
798 269 890 303 iudex
911 276 940 303 ct
960 281 1025 303 ma-

286 323 435 369 gistratus
471 334 507 357 ac
543 323 683 368 deputati
721 324 852 368 praefati
888 328 1024 358 montem

286 376 467 410 huiusmodi
497 377 591 410 modo
623 382 650 410 et
684 377 787 410 formai
806 376 1027 420 'infrascriptis

286 429 443 462 redimere
467 434 495 464 et
522 430 726 473 extinguere,
755 440 791 463 ac
815 430 853 463 ad
878 429 909 462 id
934 430 1027 462 etiam

285 483 324 517 ad
341 484 708 518 savoremmontistarum
719 495 781 517 non
795 485 896 518 solum
910 484 1028 518 fructus

286 537 468 570 carumdem
494 537 707 580 gabellarum,
732 537 785 570 sed
810 538 902 570 etiam
928 548 961 570 se
985 547 1028 577 se,

285 601 322 624 ac
346 590 451 624 omnia
468 596 496 623 et
515 591 638 633 singula
658 601 801 624 camerac
818 589 1029 623 Ferrariensis

287 644 369 677 bona
383 643 551 677 efficaciter
564 643 717 687 obligare,
731 644 823 678 ctiam
840 644 870 676 in
883 643 1028 687 ampliori

287 697 390 732 forma
399 707 543 730 camerae
552 697 756 741 apostolieae,
767 698 896 730 omnino
907 702 1030 729 tenean-

289 757 349 790 tu1·;
359 756 454 794 utque
466 750 645 795 praedictae
657 751 882 795 impositiones,
893 749 1029 798 extincto

289 808 404 844 monte,
429 814 467 837 eo
490 804 558 848 ipso
584 804 678 837 etiam
703 804 854 838 extinctae
879 803 1029 843 existant,

289 867 390 900 neque
417 857 549 890 ulterius
574 857 655 900 exigi
674 857 803 901 possint;
823 856 969 900 quodque
986 865 1031 888 re-

145 1400 278 1421 vastantium

96 1427 213 1452 derogatio?

289 910 429 954 demptio
460 916 490 943 ct
523 910 672 944 extinctio
705 909 819 943 montis
849 908 1030 941 huiusmodi

290 963 358 996 lieri
384 970 551 1007 nequeant,
575 963 634 996 nisi
655 964 761 1007 elapso
782 962 997 1006 quinquennio
1014 971 1031 994 a

290 1016 361 1051 ‹latsi
386 1017 598 1061 praesentium
625 1015 847 1060 computando,
868 1021 898 1048 et
919 1015 1031 1060 deinde

290 1071 418 1103 omnino
439 1070 507 1104 fieri
532 1070 664 1103 debeant
688 1080 745 1114 per
771 1069 905 1103 iudicem
924 1074 954 1102 et
971 1079 1032 1101 ma-

289 1123 456 1166 gistratum
479 1124 635 1167 praefatos
659 1133 766 1156 coram
792 1122 901 1156 eodem
928 1122 1031 1155 cardi-

290 1176 359 1210 nale
384 1177 497 1220 legato,
518 1187 574 1210 seu
594 1177 661 1210 eius
682 1176 866 1219 vicelegato,
883 1176 920 1209 iis
937 1175 1031 1209 modo

291 1234 320 1264 et
344 1231 465 1273 formal,
490 1231 605 1275 quibus
630 1231 864 1275 redemptiones
889 1236 917 1263 et
938 1230 1029 1263 extin-

291 1283 411 1318 (tiones
425 1285 578 1318 montium
593 1284 693 1318 almae
703 1285 796 1318 Urbis
807 1290 933 1318 nostrae
946 1294 1033 1328 prae-

292 1337 393 1370 dictae
417 1337 487 1370 tieri
512 1343 754 1371 consueverunt.

337 1390 395 1434 ἓξ).
420 1391 489 1424 Non
503 1390 700 1425 obstantibus
716 1392 784 1435 piae
802 1391 974 1424 memoriae
988 1390 1032 1423 Pii
1049 1405 1051 1410 2

295 1444 395 1488 Papae
418 1443 455 1476 tv
479 1444 733 1487 praedecessoris
749 1444 848 1477 nostri
866 1444 903 1477 de
924 1443 1034 1487 gratiis

294 1499 444 1531 interesse
453 1507 595 1531 camerae
607 1498 871 1531 concernentibus
882 1498 913 1530 in
925 1497 1034 1530 eadem

293 1552 420 1585 camera
438 1551 518 1584 infra
531 1555 651 1585 certum
667 1557 790 1595 tempus
800 1550 1034 1595 praesentandis

293 1610 323 1637 et
346 1604 562 1647 registrandis,
587 1615 623 1638 ac
648 1604 810 1647 quibusvis
830 1603 899 1636 aliis
924 1602 1036 1636 consti-

294 1657 466 1690 tutionibus
496 1662 527 1690 et
557 1657 808 1691 ordinationibus
832 1656 1034 1701 apostolicis,

293 1711 482 1754 praesertim
496 1711 594 1744 felicis
611 1711 840 1745 recordationis
853 1710 1035 1751 Simmaclii,

293 1775 373 1808 quac
397 1765 523 1809 incipit:
549 1764 623 1798 Non
649 1765 754 1805 liceat,
771 1775 806 1798 ae
826 1764 960 1798 aliorum
979 1765 1036 1797 no-

294 1827 462 1851 manorum
480 1817 667 1851 Pontificum
676 1818 967 1863 praedecessorum
984 1828 1036 1851 no-

294 1877 434 1905 strorum
444 1875 472 1905 et
483 1871 611 1913 nostris,
620 1882 742 1905 necnon
752 1872 783 1905 in
793 1872 1035 1912 universalibus,

295 1925 542 1970 provincialibus
559 1930 589 1958 et
602 1925 803 1970 synodalibus
820 1925 960 1959 conciliis
976 1925 1038 1959 edi-

296 1978 350 2019 tis,
374 1978 577 2021 generalibus
604 1979 651 2011 vel
681 1978 879 2022 specialibus,
905 1979 1037 2023 aliisque

295 2031 570 2065 constitutionibus
591 2037 621 2065 et
644 2031 896 2065 ordinationibus
917 2037 1038 2076 aposto-

295 2085 373 2127 licis,
397 2095 520 2119 necnon
544 2085 676 2118 civitatis
703 2085 913 2118 Ferrariensis
933 2085 1039 2118 liuius-

295 2138 408 2180 modi¹,
418 2139 512 2173 etiam
521 2139 708 2180 iuramento,
720 2139 957 2173 confirmatione
968 2149 1038 2183 apo-

296 2191 416 2235 stolica,
430 2192 479 2225 rel
495 2192 603 2236 quavis
625 2192 772 2226 firmitate
790 2192 850 2225 alia
871 2192 1038 2233 roboratis,

296 2245 419 2280 statutis
432 2251 462 2278 et
475 2245 764 2288 consuetudinibus⁷
778 2245 952 2290 privilegiis
965 2256 1039 2290 quo-

296 2309 367 2342 qne,
392 2297 530 2340 indultis,
555 2299 819 2343 exemptionibus,
840 2299 1040 2332 immunitati-

297 2352 356 2386 bus
380 2357 407 2386 et
433 2351 640 2393 libertatibus,
660 2363 696 2386 ac
712 2353 825 2386 litteris
845 2353 1039 2397 apostolicis,

298 2406 329 2439 in
349 2405 541 2440 contrarium
558 2406 817 2450 praemissorum,
840 2406 897 2439 sub
915 2406 1040 2451 quibus-

298 2469 433 2503 cumque
457 2459 619 2492 tenoribus
643 2465 673 2493 et
692 2459 811 2501 formis,
830 2470 866 2493 ac
883 2470 955 2493 cum
973 2460 1039 2504 qui-

299 2511 405 2546 busvis
418 2512 512 2546 etiam
529 2512 804 2556 derogatoriarum
818 2513 1038 2557 derogatoriis,

337 2584 347 2610 1
365 2583 435 2611 Mate
450 2583 514 2611 edit.
535 2583 613 2612 Μαίη.
631 2591 738 2612 comma
758 2583 829 2620 istud
849 2592 938 2620 praec.
961 2588 1038 2614 ante-

300 2627 388 2663 posuit
403 2629 440 2663 (η.
458 2628 508 2663 r.)-

1059 270 1189 313 aliisque
1207 267 1437 301 efficacioribus
1454 273 1483 300 et
1497 267 1629 300 insolitis
1643 267 1800 302 clausulis,

1060 322 1256 355 irritantibus
1276 327 1306 355 et
1326 321 1394 354 aliis
1415 320 1567 361 decretis,
1592 320 1686 353 etiam
1715 324 1802 352 motu

1060 375 1201 418 proprio,
1216 380 1242 407 et
1262 385 1297 408 ex
1316 376 1402 407 certa
1419 374 1558 415 scientia,
1572 384 1607 406 ac
1624 373 1662 406 dc
1681 376 1802 417 aposto-

1062 428 1139 461 licae
1164 429 1326 472 potestatis
1352 427 1555 471 plenitudine,
1574 433 1627 460 aut
1650 426 1802 460 consisto-

1062 481 1191 521 rialiter,
1209 492 1263 515 seu
1283 482 1358 514 ali-[is
1376 481 1615 525 quomodolibet
1636 480 1803 517 concessis,

1062 545 1098 568 ac
1122 535 1216 568 etiam
1241 535 1360 567 iteratis
1381 535 1500 568 vicibus
1523 534 1705 578 approbatis
1719 534 1804 567 etin-

1062 587 1200 627 novatis;
1225 588 1340 631 quibus
1364 587 1522 627 omnibus,
1546 588 1667 620 etiamsi
1692 598 1750 631 pro
1768 588 1802 619 il-

1064 642 1165 674 lorum
1191 642 1356 674 sufficienti
1383 642 1586 684 derogatione
1604 642 1641 674 tle
1665 642 1735 678 illis,
1757 652 1805 673 co-

1064 705 1197 738 rumque
1212 695 1283 727 totis
1298 694 1459 727 tenoribus
1474 695 1628 738 specialis,
1647 694 1802 738 specifica.

1063 758 1211 791 expressa
1225 752 1252 781 et
1271 747 1439 788 individua,
1454 758 1514 780 11011
1530 753 1633 780 autem
1653 758 1708 791 per
1723 747 1805 779 clau-

1064 801 1147 834 sulas
1176 802 1338 841 ocnc11lcs
1367 802 1449 834 idem
1479 802 1694 845 nuperrimos,
1722 812 1803 833 meu

1066 854 1106 887 tio
1131 865 1188 887 seu
1219 855 1348 898 quacxis
1380 855 1440 887 alia
1472 864 1582 898 expies
1586 855 1631 887 sio
1662 854 1805 887 habendi

1064 913 1117 940 aut
1141 892 1245 951 ahqua
1259 908 1318 940 alia
1332 907 1485 951 exquisita
1499 908 1546 940 s01
1550 918 1599 940 ma
1616 908 1653 940 ad
1671 908 1729 941 hoe
1744 918 1796 941 sei
1799 928 1807 931 -

1065 960 1164 993 xanda
1185 962 1233 1002 sit,
1248 961 1370 994 etiamsi
1383 961 1413 993 in
1428 962 1472 993 cis
1490 967 1636 994 ‹tw-axeltm
1648 972 1662 993 ι
1668 972 1806 1005 xprcsse,

1064 1015 1148 1059 quod
1171 1015 1230 1048 illis
1254 1015 1433 1048 nullatenus
1458 1015 1604 1058 derogari
1626 1016 1734 1059 possit,
1759 1026 1806 1047 eo>

1065 1079 1198 1112 rumque
1213 1079 1348 1109 causam,
1360 1068 1410 1101 ad¹
1423 1068 1567 1102 effectum
1583 1069 1806 1112 praesentium,

1065 1133 1124 1166 pro
1151 1122 1342 1155 sufficienter
1366 1122 1522 1165 expressis
1555 1128 1583 1155 ct
1613 1122 1650 1154 ad
1676 1122 1806 1155 verbum

1066 1177 1208 1217 insertis,
1233 1186 1356 1209 necnon
1385 1176 1495 1209 modos
1520 1182 1547 1208 et
1574 1176 1690 1222 sor-mas
1715 1176 1753 1208 ad
1778 1176 1807 1208 iil

1066 1229 1233 1274 serranfflis
1248 1240 1306 1273 pro
1325 1229 1485 1262 individuo
1503 1230 1633 1262 servatis
1648 1229 1807 1266 habentes,

1066 1284 1127 1316 illis
1151 1283 1227 1316 alias
1243 1284 1272 1315 in
1290 1294 1347 1316 suo
1368 1283 1482 1316 robore
1506 1283 1733 1327 permansuris,
1751 1284 1807 1316 lia«-

1067 1337 1133 1369 vice
1158 1336 1318 1369 dumtaxat
1343 1335 1520 1380 specialiter
1545 1342 1570 1368 ct
1592 1346 1738 1380 expresse
1756 1336 1808 1369 de-

1066 1399 1226 1432 rogamus,
1247 1395 1304 1422 ete.

1111 1444 1125 1486 g
1156 1443 1201 1475 10.
1228 1443 1379 1476 Volumus
1403 1448 1525 1483 autem,
1552 1443 1634 1487 quod
1661 1453 1809 1486 praesen-

1068 1497 1145 1529 tium
1163 1496 1384 1540 transumptis,
1408 1497 1500 1529 etiam
1519 1497 1690 1540 impressis,
1717 1507 1809 1529 manu

1068 1550 1200 1583 alieuius
1224 1549 1338 1583 notarii
1363 1550 1482 1593 publici
1507 1550 1702 1594 subscriptis,
1723 1556 1752 1582 et
1773 1550 1810 1582 si<

1068 1603 1144 1646 gillo
1180 1614 1333 1647 personae
1364 1604 1394 1636 in
1420 1603 1571 1646 dignitate
1600 1604 1810 1637 ecclesiastica

1068 1657 1255 1691 constitutae
1279 1657 1417 1699 munitis,
1443 1657 1551 1690 eadem
1577 1668 1709 1701 prorsus
1735 1658 1811 1691 tides

1069 1710 1185 1755 ubique
1209 1710 1414 1751 adhibeatur,
1439 1722 1518 1754 quae
1543 1711 1619 1755 ipsis
1644 1712 1812 1755 praesenti-

1068 1764 1128 1797 bus
1153 1763 1377 1805 adhiberetur,
1403 1764 1427 1797 si
1451 1764 1552 1798 forent
1584 1765 1739 1798 exhibitae
1765 1765 1809 1797 rel

1069 1823 1223 1851 ostensae.

1113 1872 1225 1905 Datum
1236 1872 1362 1914 Romae,
1377 1872 1459 1916 apud
1470 1873 1498 1907 S.
1511 1872 1639 1905 Mariam
1651 1872 1809 1910 Maiorem,

1070 1925 1127 1958 sub
1145 1926 1260 1959 annulo
1280 1926 1456 1966 piscatoris,
1474 1926 1524 1959 die
1548 1937 1601 1960 ΧΠ
1623 1926 1811 1970 septembri<

1070 1990 1213 2021 MDcxxx,
1238 1980 1438 2024 pontificatus
1462 1981 1561 2014 nostri
1586 1991 1667 2014 anuo
1693 1991 1757 2014 v111.

1107 2042 1165 2069 Dat.
1183 2043 1225 2070 die
1244 2042 1275 2070 16
1289 2043 1453 2078 septembris
1471 2044 1548 2079 1630,
1567 2044 1659 2080 pontit.
1677 2053 1721 2072 an.
1739 2051 1796 2071 wn.

1338 2214 1544 2248 CCCLxxvtt.

1074 2299 1284 2342 Confirmatio
1302 2302 1490 2336 concordiem
1510 2303 1613 2336 milae
1631 2303 1716 2336 inter
1735 2303 1813 2336 Plu:

1118 2353 1246 2397 lippum
1263 2354 1313 2388 IV
1334 2355 1578 2399 He'spaniarzwz
1596 2366 1700 2400 reyem
1719 2361 1746 2389 et
1764 2367 1813 2389 ca-

1114 2407 1226 2450 pitula
1240 2407 1448 2441 ecclesiarum
1465 2419 1641 2452 rcqnorum
1657 2409 1813 2444 Castellw·

1118 2465 1145 2493 et
1162 2460 1313 2504 Lessionis
1330 2472 1427 2505 super
1442 2462 1601 2496 solutione
1616 2463 1744 2506 primae
1761 2462 1810 2495 de<

1117 2524 1219 2547 cintae
1233 2526 1250 2545 ·.

1110 2587 1119 2612 1
1140 2584 1286 2620 perperam
1301 2585 1365 2613 edit.
1382 2586 1465 2613 Main.
1483 2586 1546 2622 legit
1561 2590 1586 2614 et
1601 2588 1641 2622 (n,
1660 2588 1707 2622 r).

1107 2629 1123 2657 2
1143 2629 1180 2658 Ex
1200 2633 1299 2667 regest.
1322 2630 1347 2658 in
1367 2630 1469 2659 Secret.
1487 2631 1562 2659 Brev.
1652 2634 1655 2636 ’

1825 1481 1894 1498 timuisti

1709 209 1773 243 165
1820 217 1866 244 An.
1885 216 1913 244 n.
1932 203 2000 243 ioan

1861 1452 1922 1472 l'nles
1938 1453 2007 1473 danti

1899 1483 1966 1504 mptts.
