2248 3229
217 220 266 248 An.
287 219 316 248 C.
334 219 402 249 1633
447 211 512 246 320

242 816 364 839 Exordium.

718 266 849 301 CDLVII.

993 219 1172 244 BULLARIL'II
1197 218 1350 244 ROMANUM

1187 267 1254 300 sine
1277 276 1350 300 suae
1382 271 1412 301 ct
1442 266 1531 301 Sedis
1555 267 1752 312 Apostolicae
1775 266 1925 313 expressa

413 333 460 367 De
483 332 650 366 missiones
673 330 901 373 reliyiosorum
922 330 1154 374 cuiuscumque
1187 320 1313 354 licentia
1337 320 1496 365 PsOslssiSCi
1520 321 1680 356 auderent·

460 385 591 419 Ordinis
614 383 657 416 acl
680 383 854 427 Japonicas
879 387 908 416 et
932 383 1018 416 alias
1042 383 1154 417 India-

1231 375 1246 418 ς
1270 374 1299 407 02.
1314 374 1518 408 Postmodum
1537 379 1640 408 autem
1658 376 1843 410 recolendae
1860 386 1925 410 me-

458 448 531 470 rum
557 436 779 471 Orientalium
802 437 946 480 reyioncs
975 436 1154 480 impedien-
1188 428 1308 461 moriae
1332 428 1474 462 Clemens
1492 428 1574 472 Papa
1593 428 1657 462 VIII
1677 429 1820 464 Similiter
1836 440 1926 474 Pl'ass·

459 491 539 523 tium
561 491 675 535 poenis
700 495 728 524 et
749 491 826 524 aliis
852 490 894 523 ad
918 501 970 524 eas
987 490 1155 534 pertinen-

459 543 575 578 tibus¹.

615 607 752 634 Urbanus
772 607 853 641 Papa
871 607 950 639 VIII,

414 656 570 685 univorsis
591 656 842 684 christifidelibus
862 658 1041 691 praesentes
1067 656 1154 684 litte-

419 726 421 728 .
448 709 498 730 ras
518 701 723 736 inspecturis,
745 702 876 729 salutem
906 704 937 729 et
958 702 1154 735 apostolicam

448 746 699 774 benedictionem.

458 806 503 839 Ex
527 805 632 838 debito
657 804 822 849 pastoralis
847 805 942 838 officii
974 805 1067 838 saluti
1091 805 1156 838 ani-

361 869 539 1000 dparum
571 863 601 892 et
632 858 705 891 fidei
738 858 910 892 catholicae
935 859 1155 903 propagationi

239 1352 348 1379 Gregorius
358 1351 403 1372 xm

218 1380 328 1406 prohibuit
377 1384 402 1399 ne

219 1412 331 1432 qnisquam
341 1411 402 1427 acce·

219 1433 279 1453 deret.
303 1432 330 1452 ad
356 1438 403 1458 pro-

220 1460 299 1480 vincias
320 1460 404 1484 Inponi-

218 1492 255 1507 cas
265 1485 403 1511 praedicandi

219 1514 284 1533 causa
301 1518 346 1532 sine
365 1512 404 1533 Se-

219 1540 251 1559 dis
269 1539 403 1564 apostoticae

220 1566 313 1586 lieentia.

447 912 651 956 'ospicientes,
670 922 705 945 ea
723 922 802 955 quae
827 912 958 956 provide
975 922 991 945 a
1008 912 1157 946 Romanis

441 966 621 1000 ontificibus
637 965 934 1010 praedecessoribus
951 967 1066 1000 nostris
1087 977 1158 1010 pro-

415 1026 523 1065 pterea
548 1020 691 1054 ordinata
715 1020 852 1060 fuerunt,
871 1020 896 1053 si
913 1020 1045 1053 subinde
1063 1031 1157 1064 expe-

415 1074 529 1108 rientia
553 1073 663 1107 doceat
687 1084 723 1106 ea
749 1073 921 1106 mutatione
946 1073 1098 1116 indigere,
1125 1073 1157 1106 li-

416 1126 527 1160 benter
552 1127 764 1167 immutamus,
789 1126 927 1169 aliasque
952 1126 1157 1169 disponimus,

416 1186 512 1224 prout
535 1180 574 1213 ad
599 1180 671 1213 fidei
697 1180 870 1213 catholicae
897 1179 1158 1223 propagationem

418 1238 447 1268 et
471 1233 651 1266 animarum
675 1233 808 1266 salutem
833 1232 1014 1265 huiusmodi
1039 1233 1160 1277 conspi-

418 1287 518 1320 cimus
533 1287 564 1319 in
582 1286 714 1319 Domino
731 1286 900 1319 salubriter
914 1285 1070 1329 expedire.

463 1341 477 1384 ξ
498 1340 526 1373 ’1.
543 1340 626 1373 Alias
640 1339 794 1383 siquidem
819 1339 917 1372 felicis
933 1338 1160 1372 recordationis

418 1395 589 1438 Gregorius
605 1394 671 1428 XIII
689 1393 914 1437 praedecessor
929 1398 1046 1434 noster,
1067 1393 1160 1426 certis

420 1453 494 1482 tune
514 1447 670 1492 expressis
695 1447 797 1480 causis
820 1447 983 1488 adductus,
1008 1457 1065 1491 per
1090 1457 1161 1480 suas

419 1502 451 1536 in
467 1501 562 1534 simili
580 1501 680 1534 forma
696 1500 803 1534 Brevis
823 1500 952 1541 litteras,
970 1499 1028 1534 sub
1053 1500 1159 1533 datum

419 1554 469 1588 die
493 1564 594 1588 xxvln
619 1554 751 1587 ianuarii
776 1563 927 1588 Mntxxxv
960 1553 1160 1598 pontificatus

419 1609 467 1642 sui
484 1618 566 1643 anno
583 1609 667 1650 xt112,
682 1607 828 1642 omnibus
844 1607 1034 1651 patriarchis
1050 1612 1080 1641 et
1096 1607 1161 1651 epi-

419 1663 533 1708 scopis,
548 1663 641 1696 etiam
658 1662 839 1707 provinciae
852 1662 967 1696 Cliinae
981 1666 1011 1695 et
1027 1661 1160 1705 Iaponis,

420 1717 477 1751 sub
494 1717 652 1750 interdicti
673 1715 873 1750 ecclesiastici
893 1720 923 1748 et
947 1714 1160 1759 suspensionis

421 1770 459 1803 ab
470 1770 615 1814 ingressu
632 1768 783 1802 eeclesiae
794 1774 823 1806 et
836 1768 1063 1812 pontificalium
1076 1778 1161 1801 exer-

421 1824 513 1865 citio,
537 1823 605 1856 aliis
630 1833 704 1856 vero
729 1821 959 1862 sacerdotibus,
985 1821 1108 1854 clericis
1132 1825 1161 1856 et

421 1877 574 1912 ministris
598 1875 834 1916 ecclesiasticis,
859 1880 921 1908 tam
946 1875 1160 1916 secularibus,

421 1942 515 1977 quam
534 1930 671 1964 cuiusvis
688 1930 813 1964 Ordinis
829 1929 1040 1972 regularibus,
1057 1929 1161 1962 cuius-

422 1995 558 2029 cumque
582 1989 690 2025 status,
714 1983 841 2027 gradus,
859 1983 979 2016 ordinis
1003 1988 1033 2015 et
1059 1982 1163 2016 condi-

422 2039 515 2073 tionis
539 2038 721 2080 existerent,
747 2037 804 2070 sub
830 2035 1162 2070 excommunicationis

422 2093 551 2127 maioris
574 2092 685 2136 poenis
701 2092 767 2135 ipso
786 2091 868 2124 sacto
893 2090 1101 2131 incurrendis,
1119 2090 1162 2122 in-

423 2147 548 2180 terdixit
574 2150 603 2180 et
627 2145 783 2186 inhibuit,
807 2155 846 2178 ne
877 2145 915 2177 ad
940 2144 1085 2177 Sinarum
1110 2154 1160 2176 rc-

422 2201 530 2244 giones
561 2206 591 2233 et
614 2199 792 2244 provincias
816 2199 977 2242 Iaponicas
1008 2197 1160 2241 evangelii

421 2253 624 2298 praedicandi
639 2253 685 2286 vel
704 2253 878 2286 doctrinam
897 2252 1097 2285 christianam
1111 2250 1163 2284 do-

423 2307 523 2349 cendi,
540 2312 593 2340 aut
612 2309 807 2339 sacramenta
824 2304 1073 2347 administrandi,
1092 2303 1163 2336 alia-

423 2371 483 2406 que
508 2360 616 2394 munia
640 2359 850 2393 ecclesiastica
882 2358 1018 2393 obeundi
1048 2358 1162 2398 causa,

462 2460 471 2486 1
497 2458 538 2485 Ad
557 2458 610 2485 hoc
632 2457 690 2484 vide
713 2457 796 2484 Clem.
817 2456 888 2489 VIII,
912 2456 1051 2483 Constitut.
1069 2461 1163 2482 ccxu't

424 2505 475 2539 (al.
491 2503 565 2537 236),
581 2503 720 2537 Onerosa,
735 2505 801 2528 tom.
816 2507 842 2535 X,
857 2509 917 2536 pag.
930 2501 992 2532 6313
1004 2504 1031 2527 et
1046 2499 1162 2533 Paul.V‚

425 2548 512 2575 Const-
532 2554 564 2574 ον
584 2548 634 2582 (al.
652 2546 724 2581 102),
741 2546 824 2574 Sedis
841 2545 1032 2580 Apostolicae,
1049 2548 1112 2573 tom.
1127 2550 1162 2578 xr,

425 2601 486 2629 pag.
503 2592 564 2620 501.

461 2637 478 2664 2²
493 2636 563 2668 Quas
577 2645 629 2665 non
644 2640 709 2672 puto
725 2636 778 2672 legi
792 2636 819 2663 in
834 2635 970 2664 Bullario
985 2635 1021 2670 (n.
1034 2634 1082 2670 r).

1188 482 1335 516 decessor
1358 481 1484 516 noster1
1505 483 1648 527 (accepto
1672 482 1757 526 quod
1781 488 1843 516 tam
1859 484 1927 518 Chi-

1189 546 1246 568 nae
1264 540 1293 568 et
1310 536 1462 579 Iaponum
1480 546 1574 579 quam
1591 535 1669 568 aliae
1689 535 1792 569 illius²
1809 535 1927 570 vicinae

1189 593 1219 623 ct
1243 588 1420 622 adlacentes
1451 588 1591 630 insulae,
1616 589 1762 632 regiones
1794 594 1824 622 et
1854 599 1928 633 pro-

1189 642 1319 683 vinciae,
1332 652 1368 675 ac
1380 642 1513 675 finitima
1528 652 1626 686 regna
1642 642 1746 677 Indiae
1763 642 1929 677 Orientalis

1190 695 1383 739 amplissima
1405 699 1435 728 et
1458 695 1585 739 populis
1609 696 1814 729 refertissima
1830 701 1929 737 erant,

1191 754 1220 782 et
1244 759 1302 793 pro
1327 750 1413 781 tanta
1433 748 1609 782 animarum
1626 749 1825 783 multitudine
1841 749 1880 782 ad
1897 749 1931 783 fi-

1191 803 1262 836 dem
1289 803 1477 836 catholicam
1502 802 1693 836 traducenda
1710 807 1740 836 et
1763 803 1931 847 spirituali-

1190 856 1249 888 bus
1273 856 1428 889 alimentis
1451 856 1583 889 sovenda
1605 857 1712 900 plures
1734 857 1870 900 operarii
1895 867 1931 891 ac

1191 910 1326 943 ministri
1351 909 1520 943 necessarii
1547 913 1655 951 erant,
1680 920 1774 954 quam
1804 920 1841 943 ex
1866 908 1932 945 sola

1191 964 1415 1007 religiosorum
1441 963 1594 997 Societate
1619 964 1689 997 Iesu
1712 963 1821 997 haberi
1845 969 1933 1008 pote·

1192 1022 1280 1061 rant)
1305 1017 1451 1050 omnibus
1477 1022 1506 1050 et
1535 1017 1667 1060 singulis
1690 1017 1932 1051 Mendicantium

1192 1070 1342 1104 Ordinum
1368 1071 1528 1113 magistris
1552 1081 1607 1104 seu
1630 1071 1790 1114 prioribus
1807 1081 1933 1114 genera-

1192 1124 1274 1157 libus
1307 1129 1381 1157 tunc
1413 1129 1443 1157 et
1477 1135 1537 1167 pro
1563 1130 1706 1168 tempore
1730 1124 1932 1158 existentibus

1193 1176 1337 1217 indulsit,
1363 1182 1410 1217 ut,
1436 1188 1508 1210 cum
1531 1177 1700 1210 necessitas
1724 1178 1931 1221 postulasset,

1193 1230 1352 1274 quoslibet
1376 1230 1500 1264 Ordinis
1533 1232 1580 1264 sui
1609 1235 1765 1275 spectatae
1798 1231 1878 1265 vitae
1902 1238 1932 1265 et

1194 1283 1380 1316 cruditionis
1405 1284 1581 1327 religiosos,
1606 1295 1685 1328 quos
1715 1284 1867 1317 nimirum
1894 1285 1933 1318 ad

1193 1336 1353 1380 praedicta
1377 1336 1479 1370 officia
1498 1342 1528 1369 et
1553 1337 1727 1371 ministeria
1750 1337 1879 1370 idoneos
1903 1342 1934 1370 et

1194 1390 1286 1422 utiles
1319 1390 1385 1422 sore
1420 1390 1451 1422 in
1482 1390 1614 1423 Domino
1649 1390 1843 1434 iudicarent,
1875 1402 1933 1435 per

1194 1442 1384 1476 Lusitaniam
1420 1443 1581 1476 dumtaxat
1615 1448 1645 1476 et
1680 1445 1827 1488 suscepta
1862 1444 1934 1477 inde

1194 1497 1401 1540 navigatione,
1426 1497 1457 1529 in
1481 1496 1584 1530 Indias
1608 1502 1638 1530 et
1661 1497 1818 1531 civitatem
1835 1498 1933 1532 Goam

1195 1556 1287 1595 atque
1312 1551 1351 1583 ad
1375 1551 1555 1595 superiores
1572 1550 1724 1584 Ordinum
1742 1551 1773 1584 in
1790 1551 1850 1585 illis
1866 1562 1935 1596 par-

1196 1604 1279 1637 tibus
1303 1604 1471 1637 existentes
1495 1604 1722 1644 transmittere3
1741 1609 1850 1637 ettam
1875 1605 1934 1649 ipsi

1195 1658 1239 1690 sic
1253 1657 1494 1698 transmittendi,
1506 1667 1601 1701 quarn
1615 1657 1666 1690 alii
1680 1657 1933 1702 supradictorum

1195 1710 1348 1745 Ordinum
1384 1711 1524 1755 religiosi
1560 1711 1592 1744 in
1625 1711 1743 1745 eisdem
1774 1711 1935 1745 Indiarum

1194 1765 1335 1809 partibus
1365 1765 1554 1806 existentes,
1588 1768 1617 1799 et
1650 1765 1688 1798 ad
1724 1765 1785 1798 hoc
1821 1775 1935 1799 munus

1195 1818 1376 1852 obeundum
1400 1829 1418 1851 a
1437 1818 1501 1851 suis
1526 1818 1695 1862 magistris,
1717 1818 1870 1852 ministris
1886 1819 1934 1852 vel

1195 1872 1356 1916 prioribus
1373 1872 1584 1915 generalibus,
1601 1882 1657 1905 seu
1673 1872 1741 1905 aliis
1763 1872 1935 1916 superiori-

1195 1926 1254 1959 bus
1278 1926 1368 1958 electi
1392 1930 1422 1958 et
1442 1925 1617 1969 approbati,
1636 1929 1698 1960 tam
1718 1925 1756 1958 ad
1773 1926 1935 1970 Iaponicas

1196 1980 1392 2024 praedictas,
1425 1990 1520 2022 quam
1549 1979 1588 2011 ad
1617 1979 1694 2011 alias
1722 1979 1882 2022 proximas
1906 1985 1936 2013 et

1196 2033 1372 2066 adiacentes
1403 2032 1496 2066 etiam
1525 2032 1639 2066 Chinae
1667 2037 1697 2065 et
1724 2032 1933 2066 finitimorum

1197 2097 1368 2130 regnorum
1394 2091 1424 2119 ct
1449 2092 1550 2119 terrae
1572 2086 1682 2119 firmae
1702 2086 1806 2119 Indiae
1830 2086 1935 2120 Orien·

1197 2142 1266 2173 talis
1291 2140 1417 2180 insulas,
1442 2139 1587 2182 regiones
1605 2144 1634 2172 et
1651 2139 1828 2183 provincias
1851 2149 1935 2173 acce-

1197 2195 1270 2228 dere
1284 2192 1430 2238 possent2.
1445 2193 1588 2226 Ceterum
1602 2193 1749 2227 omnibus
1762 2198 1792 2226 et
1805 2193 1936 2237 singulis

1197 2247 1371 2291 religiosis,
1397 2247 1623 2290 cuiuscumque
1656 2252 1772 2287 status,
1797 2247 1935 2290 gradus,

1197 2301 1316 2335 ordinis
1333 2306 1360 2333 ct
1382 2300 1569 2334 conditionis
1589 2305 1701 2343 essent,
1726 2300 1785 2333 sub
1811 2311 1935 2334 excom-

1198 2353 1418 2388 municationis
1447 2353 1596 2394 maioris,
1628 2364 1645 2386 a
1678 2364 1738 2397 qua
1768 2354 1892 2387 nonnisi
1918 2364 1935 2386 a

1198 2410 1339 2443 Romano
1358 2408 1506 2442 Pontificc
1523 2413 1744 2452 praeterquam
1758 2408 1789 2441 in
1803 2407 1935 2441 articulo

1199 2463 1310 2497 mortis
1322 2462 1440 2496 absolvi
1460 2466 1598 2506 possent,
1615 2472 1736 2495 necnon
1749 2461 1933 2506 privationis

1198 2517 1282 2550 vocis
1308 2522 1368 2549 tam
1395 2516 1512 2550 activae
1536 2525 1630 2560 quam
1654 2515 1804 2560 passivae,
1828 2524 1864 2548 ac
1889 2514 1936 2547 di-

1233 2589 1243 2614 1
1262 2587 1326 2614 Eius
1342 2586 1452 2615 Constit.
1468 2586 1528 2613 vide
1543 2586 1571 2613 in
1586 2589 1651 2613 tom.
1667 2591 1696 2619 x,
1712 2585 1765 2613 loc.
1782 2584 1827 2612 cit.
1838 2586 1874 2620 (R.
1886 2585 1934 2619 τ.).

1233 2633 1248 2659 ⁵2
1265 2632 1300 2659 Ex
1316 2631 1367 2660 loc.
1384 2631 1478 2668 parall.
1494 2631 1554 2667 lege
1569 2631 1630 2659 illis
1643 2630 1739 2665 (n.r.).

1936 217 1987 246 An.
2007 216 2036 246 C.
2054 216 2122 246 1633

1961 387 2019 408 Hane
2029 386 2124 413 prohibi-

1940 414 2018 435 tionem
2030 414 2127 435 declara-

1940 442 1970 461 vn
1978 441 2072 461 Clemens
2079 440 2125 461 vm

1940 470 1963 488 ut
1982 467 2002 488 iu
2021 466 2126 488 coustitu-

1941 495 1997 515 tione
2018 494 2084 514 citata
2105 492 2126 513 'm

1941 522 1990 541 nota
2008 520 2036 541 ad
2057 519 2126 541 rubri-

1941 553 1994 568 cam.
