2248 3229
97 229 145 256 An.
163 227 189 256 C.
215 228 278 256 1631

125 557 227 577 Ροῐιιιιιῑιῑ
245 555 282 577 [r-

97 584 171 604 banus.

144 1891 237 1917 narogat
251 1892 288 1913 ob-

103 1919 215 1940 cuntibus.

908 222 1050 248 caninus
1072 222 1126 247 vin
1146 222 1193 246 1³1³.
1718 212 1781 246 '199
1828 222 1875 249 An.
1898 222 1925 249 e.
1946 223 2007 249 1631

296 274 384 309 Sedis
397 273 521 308 licentia
541 272 629 306 vobis
647 271 836 316 suffragetur
853 275 883 306 et
898 271 1037 305 facultas:
1074 270 1254 298 charissimo
1274 270 1305 298 in
1326 270 1444 308 christo
1464 269 1526 297 filio
1546 272 1649 298 nostro
1667 269 1813 304 Philippo.

296 327 387 361 nobis
406 331 575 371 propterea
598 325 699 359 dictus
719 326 882 370 Philippus
906 336 960 358 rex
984 325 1039 358 hu-

299 381 414 414 militer
445 380 619 424 supplicari
652 380 744 419 fecit,
770 384 802 412 ut
827 389 923 423 super
946 389 1037 422 prae-

296 433 400 467 missis
417 438 596 478 opportune
612 432 779 477 providerc
792 432 829 465 dc
847 432 1038 476 benignitate

297 488 472 534 apostolica
497 488 713 531 dignaremur.

342 543 357 586 ξ
381 542 410 575 ⁶2.
436 542 498 576 Nos
522 541 629 583 igitur,
647 545 710 573 tam
730 540 875 573 ciusdem
901 539 1038 583 Philippi

298 596 382 639 regis
399 605 493 639 quam
511 599 686 627 vestrarum
704 593 968 627 conscientiarum
988 603 1037 625 se-

299 648 434 690 curitati,
452 651 604 691 quantum
622 657 693 679 cum
711 647 844 680 Domino
862 656 1038 690 possumus,

298 702 484 744 consulere,
511 701 693 745 dictumque
720 701 899 745 Philippum
932 710 1039 743 regem

298 761 328 789 ct
344 766 399 789 vos
415 755 602 799 specialibus
618 755 777 789 favoribus
797 760 827 787 et
843 754 952 798 gratiis
970 763 1040 797 pro-

300 810 389 855 sequi
405 810 555 850 volentes,
570 813 599 843 et
616 814 756 842 vestrum
774 808 950 851 singulares
967 817 1039 851 pcr-

299 874 392 898 sonas
405 874 422 897 a
439 863 601 908 quibusvis
616 862 965 902 excommunicationis,
977 871 1041 894 sus-

300 917 459 963 pensionis
483 923 514 950 et
536 917 706 959 interdicti,
731 916 862 960 aliisque
887 915 1037 949 ccclesia-

299 972 385 1005 sticis
402 971 574 1012 sententiis,
595 970 736 1004 censuris
754 975 783 1003 ct
796 968 916 1014 poenis,
937 980 955 1002 a
972 970 1041 1002 iure

301 1026 348 1059 vel
365 1025 403 1058 ab
420 1025 557 1066 homine,
574 1024 684 1069 quavis
701 1024 866 1057 occasione
883 1024 930 1056 vel
948 1024 1042 1056 causa

301 1080 390 1120 latis,
415 1079 442 1112 si
470 1079 586 1123 quibus
616 1077 853 1122 quomodolibet
876 1077 1042 1111 innodatae

300 1133 447 1174 existunt,
464 1132 502 1166 ad
523 1131 668 1165 effectum
684 1130 898 1175 praesentium
923 1131 1042 1163 dumta-

301 1193 352 1221 xat
375 1186 641 1231 consequendum,
658 1185 773 1218 harum
787 1185 868 1218 serie
882 1184 1043 1217 absolven-

301 1248 346 1276 tes
363 1247 393 1275 et
408 1241 570 1274 absolutas
587 1240 654 1273 fore
672 1242 843 1281 censentes,
861 1238 1042 1272 huiusmodi

301 1294 582 1340 supplicationibus
614 1293 775 1333 inclinati,
805 1298 868 1325 tam
899 1293 1043 1337 Philippo

301 1349 371 1392 regi
396 1348 577 1393 praedicto,
609 1354 643 1380 nt.
673 1351 774 1381 ratam
802 1347 1043 1381 contributionis

301 1403 517 1437 subsidiorum
542 1401 777 1436 ordinariorum
807 1401 1042 1445 praedictorum

302 1456 333 1489 in
344 1457 539 1501 parlamento
550 1455 751 1490 convocando
764 1454 944 1488 huiusmodi
958 1466 1044 1498 prae-

302 1509 486 1543 standorum
518 1520 573 1543 vos
604 1514 784 1552 tangentem
815 1520 831 1541 a
862 1508 949 1542 vobis
973 1509 1040 1541 exi-

301 1573 377 1607 gere
408 1573 464 1597 seu
495 1563 577 1606 exigi
608 1563 732 1603 facere,
757 1572 852 1606 quam
877 1562 985 1602 vobis,
1011 1566 1044 1594 ut

302 1617 445 1651 eamdem
470 1621 571 1650 ratam
595 1616 681 1649 iuxta
705 1616 833 1649 solitum
859 1621 888 1648 et
916 1626 1045 1649 consuc-

302 1677 368 1705 tum
393 1671 515 1705 solvere
531 1670 630 1703 libere
655 1675 685 1703 et
715 1669 799 1703 licite
819 1670 956 1712 valeatis,
974 1680 1045 1713 apo-

302 1725 413 1759 stolica
423 1724 619 1765 auctoritate,
629 1728 739 1757 tenore
752 1724 975 1768 praesentium,
986 1735 1044 1768 pro

303 1779 415 1813 eodem
438 1779 634 1823 parlamento
652 1777 854 1811 convocando
874 1777 1044 1819 dumtaxat,

303 1832 504 1867 concedimus
528 1836 558 1866 et
580 1831 790 1875 indulgemus.

347 1887 363 1931 ξ
386 1886 416 1920 3.
445 1886 514 1920 Non
543 1884 741 1919 obstantibus
771 1885 1045 1919 constitutionibus

303 1944 333 1975 et
356 1939 608 1986 ordinationibus
639 1938 840 1983 apostolicis,
869 1939 1045 1983 ceterisque

303 1993 471 2029 contrariis
495 1993 756 2037 quibuscumque.

347 2048 458 2081 Datum
475 2047 602 2088 Romae,
616 2046 698 2090 apud
715 2046 744 2079 S.
763 2046 899 2087 Petrum,
921 2046 978 2079 sub
995 2056 1046 2079 an-

303 2102 378 2135 nulo
390 2101 571 2141 Piscatoris,
589 2100 639 2133 die
655 2109 730 2134 xxix
744 2100 877 2133 ianuarii
892 2110 1044 2142 iincxxxi,

303 2154 503 2200 pontificatus
519 2154 619 2188 nostri
644 2164 726 2187 anno
746 2164 811 2187 v111.

341 2217 399 2246 Dat.
416 2218 460 2246 die
475 2217 509 2245 29
524 2217 642 2245 ianuarii
658 2218 736 2251 1631,
753 2218 850 2253 pontif,
867 2225 937 2245 anno
953 2224 1007 2245 vni,

559 2350 794 2384 CCCLXXXVII.

306 2424 487 2464 Decretum,
508 2426 544 2456 ut
561 2423 738 2467 quotannis
758 2422 928 2456 solvantur
948 2423 1047 2466 fabri-

350 2487 405 2511 cae
422 2476 575 2510 basilicae
591 2476 761 2520 Principis
777 2476 997 2520 apostolorum
1010 2476 1047 2510 cle

354 2530 435 2565 Urbe
452 2530 557 2563 decem
573 2529 661 2562 mille
681 2529 794 2563 ducati
810 2530 848 2564 de
866 2531 994 2564 camera
1010 2541 1048 2564 ex

351 2584 497 2618 cruciata
513 2582 771 2627 Portuqalliae¹.

344 2648 354 2674 1
373 2646 411 2676 Ex
425 2646 532 2683 Regest.
549 2646 577 2675 in
592 2645 692 2675 Secret.
715 2645 848 2675 Brevium.

1109 315 1313 351 Portuqalliae
1323 319 1354 343 et
1364 315 1568 351 Alqarbiorum
1578 315 1642 350 reqi
1654 314 1812 344 catholico,

1277 369 1414 397 Urbanus
1435 370 1514 404 Papa
1532 370 1610 398 v111.

1171 428 1350 456 charissime
1367 429 1397 456 in
1415 428 1533 459 Christo
1548 429 1592 456 fili
1607 431 1720 460 noster,

1109 473 1240 500 salutem
1261 476 1292 500 et
1313 473 1508 507 apostolicam
1527 472 1776 501 benedictionem.

1118 539 1132 581 ξ
1162 539 1185 571 l.
1212 538 1341 579 llodie¹,
1359 550 1415 583 per
1435 540 1511 572 alias
1531 544 1654 574 nostras
1672 539 1702 572 in
1719 539 1813 572 simili
1872 553 1941 573 uum
1966 559 2013 578 pui-

1074 592 1174 626 soi-ma
1195 592 1301 625 Brevis
1326 593 1485 636 expeditas
1506 594 1635 633 litteras,
1654 582 2013 654 indulgen-{Ji-³15²¹1³¹ui¹ufsi¹=il¹i

1830 640 1884 661 DFUI
1897 640 1944 658 v'gld
1977 638 2014 657 lll'U

1074 646 1131 678 tias
1156 651 1186 678 et
1210 646 1327 689 gratias
1352 646 1420 679 illas
1445 646 1623 690 spirituales
1643 652 1670 679 et
1699 652 1816 691 tempo·
1831 666 1900 684 mins
1943 660 2014 680 cmi..-

1075 700 1165 737 ralcs,
1183 692 1221 731 ad
1243 703 1364 733 certum
1390 705 1513 743 tempus
1538 701 1763 743 puliblieandas
1787 706 1814 733 ct
1831 688 1961 740 filiiflii-uili.
1983 687 2014 706 u

1074 753 1253 793 duraturas,
1271 754 1373 786 clarae
1391 753 1562 787 memoriae
1580 754 1723 797 Philippo
1740 754 1765 786 11
1787 760 1813 786 ct

1075 807 1221 851 Philippo
1246 807 1284 840 ΙΙΙ
1310 807 1520 850 Portugalliac
1541 813 1570 839 el.
1593 807 1814 849 Algarbiornni

1075 860 1204 904 regibus
1237 860 1421 900 catholicis,
1445 871 1502 893 avo
1535 866 1564 893 ct
1596 861 1731 904 genitori
1756 861 1816 894 tuis

1075 913 1259 958 respective,
1276 924 1311 946 ac
1332 914 1478 947 omnibus
1495 918 1524 947 ct
1541 914 1674 957 singulis
1691 914 1817 947 christi-

1076 967 1220 1000 fidelibus
1245 967 1276 1000 in
1301 967 1511 1010 Portugalliae
1542 973 1571 1000 ct
1595 968 1816 1010 Algarbiorum

1077 1022 1182 1063 regnis
1206 1031 1242 1054 ac-
1267 1022 1452 1055 eorumdem
1470 1031 1643 1064 regnorum
1662 1022 1770 1055 insulis
1788 1023 1817 1055 iu

1076 1075 1171 1108 Indiis
1202 1075 1410 1109 orientalibus
1442 1080 1472 1108 et
1501 1075 1714 1108 ultramarinis
1742 1087 1817 1109 con-

1077 1129 1214 1173 questis²
1231 1129 1324 1162 terris
1344 1134 1374 1162 ct
1394 1129 1482 1170 locis,
1501 1129 1642 1162 ciusdem
1660 1131 1819 1173 Portugal-

1078 1183 1136 1215 liae
1162 1187 1192 1215 et
1215 1182 1439 1226 Algarbiorum
1460 1183 1564 1226 regis³
1580 1183 1720 1217 dominio
1746 1189 1819 1217 tem-

1078 1236 1179 1280 porali
1197 1236 1355 1278 subiectis,
1369 1237 1641 1270 commorantibus
1663 1243 1692 1270 ct
1712 1238 1750 1270 ad
1767 1238 1818 1270 illa

1077 1291 1322 1332 declinantibus,
1347 1301 1469 1324 necnon
1501 1301 1672 1334 regnorum
1698 1292 1819 1336 praedi-

1078 1350 1201 1378 ctorum
1220 1344 1352 1377 subditis
1366 1344 1396 1377 in
1411 1345 1513 1378 alieno
1527 1345 1667 1378 dominio
1682 1345 1713 1378 in
1729 1346 1819 1380 dictis

1078 1398 1173 1431 indiis
1197 1397 1396 1431 mercimonii
1421 1399 1526 1439 causa,
1546 1408 1609 1431 non
1630 1403 1733 1431 tamen
1757 1399 1819 1432 ani-

1078 1462 1129 1484 mo
1154 1451 1185 1483 in
1210 1451 1312 1484 alieno
1337 1451 1476 1485 dominio
1501 1451 1682 1485 huiusmodi
1699 1463 1821 1496 perma-

1077 1505 1181 1547 nendi,
1196 1504 1394 1548 degentibus,
1408 1504 1461 1548 qui
1475 1509 1560 1537 certa
1577 1515 1709 1538 munera
1726 1505 1821 1538 adim-

1077 1558 1261 1602 plevissent,
1286 1568 1303 1590 a
1326 1557 1425 1591 felicis
1448 1558 1678 1591 recordationis
1702 1558 1821 1602 Grego-

1078 1612 1126 1645 rio
1140 1613 1215 1653 xlv,
1230 1612 1279 1645 die
1294 1622 1325 1644 VI
1335 1611 1454 1656 aprilis,
1469 1612 1670 1656 pontificatus
1683 1613 1730 1645 sui
1740 1623 1820 1646 anno

1077 1666 1192 1710 primo,
1211 1671 1241 1698 et
1260 1665 1372 1698 deinde
1397 1676 1414 1698 a
1436 1666 1594 1700 Clemente
1612 1666 1693 1707 VIII,
1714 1666 1764 1699 die
1789 1677 1821 1700 1x

1078 1718 1229 1752 februarii
1247 1729 1354 1753 iinxcn
1380 1724 1410 1752 et
1432 1729 1485 1752 xix
1512 1719 1645 1752 ianuarii
1665 1729 1820 1757 iunxcvni,

1079 1779 1109 1807 et
1133 1773 1183 1806 die
1212 1784 1277 1807 xxx
1310 1773 1449 1806 octobris
1482 1784 1598 1815 nocui,
1623 1784 1747 1808 necnon
1772 1774 1821 1807 dic

1079 1837 1156 1861 xxm
1180 1827 1288 1871 aprilis
1313 1827 1481 1867 uofflvsset
1503 1832 1613 1871 postea
1637 1838 1654 1860 a
1678 1828 1773 1862 Paulo
1800 1829 1821 1860 Y

1079 1882 1130 1915 die
1154 1891 1221 1914 xxn
1245 1881 1322 1914 iunii
1347 1891 1431 1915 MDCV
1460 1881 1498 1914 ad
1523 1882 1749 1924 triennium,et
1773 1883 1822 1916 die

1079 1946 1133 1969 XVI
1147 1935 1324 1969 decembris
1342 1945 1438 1969 imon<
1459 1935 1498 1968 ad
1513 1937 1708 1976 sexennium,
1727 1941 1756 1969 et
1773 1937 1822 1970 die

1080 1999 1157 2023 xx111
1181 1989 1358 2023 decembris
1386 1999 1491 2023 nincxv
1521 1989 1559 2021 ad
1589 1989 1674 2022 aliud
1706 2001 1818 2023 sexen-

1080 2044 1178 2085 nium,
1190 2048 1220 2076 et
1233 2043 1435 2088 postmodum
1449 2054 1467 2076 a
1477 2043 1631 2086 Gregorio
1642 2045 1702 2086 XV,
1714 2044 1822 2077 Roma-

1080 2097 1128 2130 nis
1145 2097 1350 2130 Pontificibus
1374 2097 1672 2141 praedecessoribus
1695 2097 1821 2140 nostris,

1080 2151 1130 2184 die
1154 2161 1208 2184 xx'l
1222 2151 1410 2195 septembris
1435 2152 1585 2192 MDcxxl⁵‚
1603 2156 1634 2184 et
1653 2151 1822 2184 novissime

1080 2216 1097 2238 a
1121 2204 1212 2238 nobis
1236 2204 1287 2237 die
1303 2215 1322 2239 x
1346 2204 1424 2237 iunii
1445 2204 1592 2238 MDCXXV⁰
1612 2215 1666 2238 seu
1684 2205 1752 2238 aliis
1774 2215 1822 2237 ve—

1117 2287 1128 2312 t
1147 2284 1384 2317 Quamsimillimas
1404 2284 1508 2312 litteras
1522 2284 1584 2312 vide
1599 2285 1626 2312 in
1644 2288 1707 2312 tom.
1724 2291 1761 2319 111,
1778 2292 1823 2320 pa-

1079 2331 1142 2367 gina
1156 2330 1207 2357 557
1224 2334 1250 2357 et
1265 2330 1327 2364 640,
1343 2333 1370 2357 et
1385 2333 1449 2357 tom.
1465 2336 1514 2364 xil,
1532 2337 1592 2365 pag.
1611 2330 1662 2356 587
1678 2330 1715 2363 (n.
1729 2331 1779 2363 T.).

1116 2375 1131 2401 ⁹2
1148 2375 1176 2401 ln
1190 2378 1254 2402 tom.
1271 2381 1309 2408 x1,
1326 2382 1388 2409 pag.
1405 2375 1455 2402 557
1469 2374 1483 2400 b
1497 2377 1537 2401 est
1548 2374 1719 2408 conquisitis
1729 2374 1822 2409 (n.T.).

1116 2420 1132 2447 3
1145 2419 1212 2446 Male
1227 2419 1290 2446 edit.
1308 2418 1387 2445 Main.
1405 2418 1470 2453 legit
1485 2418 1583 2452 reynt's
1598 2420 1634 2452 (R.
1653 2418 1702 2452 Τ.).

1116 2465 1131 2492 4
1147 2464 1246 2492 Omnes
1256 2463 1398 2499 hucusque
1410 2464 1506 2490 citatae
1519 2463 1625 2490 litterae
1637 2462 1734 2489 desunt
1746 2462 1822 2498 (uxr).

1117 2510 1133 2537 5
1144 2509 1305 2536 Praedictae
1319 2508 1392 2536 Pauli
1401 2508 1419 2534 V
1431 2508 1544 2542 etGreg.
1555 2507 1597 2533 XV
1609 2507 1715 2534 litterae
1726 2507 1824 2542 partim

1080 2555 1231 2582 innuuntur
1247 2554 1339 2585 etiam,
1351 2552 1398 2580 sed
1415 2561 1468 2580 non
1484 2552 1648 2586 referuntur,
1663 2552 1690 2579 in
1706 2556 1770 2579 tom.
1783 2559 1823 2584 XI,

1081 2608 1141 2635 pag.
1158 2599 1208 2626 557
1226 2602 1252 2625 et
1265 2598 1334 2629 6103
1351 2600 1376 2624 et
1391 2597 1419 2623 in
1439 2600 1503 2623 tom.
1524 2604 1573 2631 ΧΠ,
1590 2605 1650 2633 pag.
1667 2597 1718 2625 587
1734 2597 1822 2632 (nen).

1116 2644 1131 2671 6
1146 2643 1236 2672 Histae
1252 2642 1351 2670 desunt
1366 2641 1474 2671 omnino
1490 2642 1526 2677 (a.
1539 2642 1586 2676 T.).
