2248 3229
108 232 157 258 An.
174 230 203 258 C.
225 229 288 257 1631

919 227 1061 253 URBANUS
1086 227 1142 253 VIII
1165 228 1214 252 FP.

307 276 487 321 recipienda
511 281 555 311 est
577 277 746 321 appellatio
771 282 823 310 aut
849 277 953 320 aliqua
971 276 1046 309 inhi-

306 329 383 363 bitio
408 329 618 371 concedenda,
635 330 688 363 sed
706 331 750 364 cis
768 335 898 372 tantum,
915 330 953 362 ad
967 340 1046 374 quos

306 383 442 427 pertinet
467 384 587 427 iniungi
611 385 736 428 poterit,
763 390 796 417 ut
816 385 918 418 soluta
944 383 1048 416 condi-

307 439 369 480 gna
394 438 539 471 mercede
553 443 707 479 actorum,
724 439 902 482 exemplum
919 437 1048 472 authen-

308 491 405 524 ticum
437 492 607 536 appellanti
640 492 721 525 intra
751 492 879 526 brevem
910 492 1046 536 aliquem

307 550 537 588 competentem
562 545 733 578 terminum
758 546 916 587 tradatur;
942 550 1049 579 caveat

309 603 411 632 tamen
427 599 519 631 iudex
533 609 550 631 a
567 609 640 642 quo,
658 609 707 641 ne,
725 600 749 632 si
768 610 839 633 vere
856 599 1046 643 appellatum

308 652 411 693 suerit,
438 653 469 684 in
493 663 567 685 casu
587 653 766 696 appellabili
785 654 908 686 interim
930 652 1048 695 aliquid

308 705 338 737 in
358 705 586 748 praeiudicium
605 706 791 750 appellantis
804 710 948 745 attentet,
966 709 1004 747 et,
1023 705 1047 737 si

307 767 363 801 per
387 757 509 790 actum'
529 759 691 801 publicum
709 764 762 792 aut
782 769 838 803 per
855 759 981 792 testium
999 758 1049 790 de-

308 810 480 853 positiones
497 812 673 844 constiterit
690 817 758 844 aeta
774 811 923 854 denegari
941 810 1048 855 appel-

309 864 394 906 lanti,
420 870 494 898 tunc
519 866 665 899 mandato
690 865 830 899 tradendi
855 870 924 898 acta
949 864 1050 908 possit

310 917 402 950 iudex
415 918 632 962 appellationis
645 918 779 951 adiicere
792 928 832 951 ne
845 918 980 951 interim
990 917 1050 950 ali-

309 969 390 1013 quid
406 971 480 1003 novi
492 975 603 1004 contra
615 971 836 1014 appellantem
852 975 1046 1004 attentetur:

354 1024 400 1057 Ab
425 1025 633 1068 exequutione
653 1024 852 1057 decretorum
874 1025 955 1057 sacri
975 1024 1051 1058 Con-

310 1076 373 1109 cilii
396 1077 568 1110 Tridentini
589 1082 642 1110 aut
658 1077 843 1111 visitationis
859 1078 1051 1122 apostolicae

310 1130 537 1174 appellationes
561 1141 578 1163 a
604 1131 855 1174 metropolitanis
875 1141 939 1164 non
963 1132 1046 1165 reci-

310 1184 446 1227 piantur,
471 1194 529 1216 nec
553 1184 578 1217 si
602 1183 743 1228 episcopi
772 1184 885 1217 virtute
910 1185 1049 1218 eiusdem

310 1237 390 1270 sacri
406 1237 534 1270 Concilii
550 1237 726 1281 procedunt
749 1237 793 1270 uti
815 1237 902 1270 Sedis
918 1239 1051 1282 Aposto-

310 1289 387 1323 licae
401 1290 535 1334 delegati
553 1291 584 1323 in
599 1290 701 1324 causis
715 1301 795 1334 quae
815 1291 872 1324 sub
885 1301 995 1324 eorum
1010 1292 1052 1324 iu-

310 1343 492 1377 risdictione
513 1344 674 1377 ordinaria
692 1355 755 1378 non
775 1345 1051 1389 comprehendun-

312 1400 372 1438 tur,
397 1397 480 1430 salva
505 1402 609 1430 tamen
634 1398 665 1430 in
689 1398 749 1430 hoc
775 1408 848 1431 casu
874 1399 1051 1441 legatorum

312 1455 341 1481 et
365 1450 555 1483 nunciorum
580 1451 826 1495 apostolicorum
845 1452 1030 1485 auctoritate
1044 1463 1051 1492 ;

357 1504 390 1537 In
404 1504 506 1537 causis
519 1515 595 1538 vero
609 1505 794 1538 visitationis
811 1505 1052 1539 OrdInariorum

312 1563 365 1590 aut
389 1557 594 1591 correctionis
618 1568 755 1598 morum,
776 1558 879 1601 quoad
904 1558 1052 1592 effectum

312 1611 523 1645 devolutivum
541 1615 672 1652 tantum,
693 1610 909 1654 admittantur,
934 1612 994 1645 nisi
1015 1612 1053 1645 de

312 1664 493 1707 gravamine
528 1674 584 1708 per
618 1664 811 1697 definitivam
847 1664 1054 1708 irreparabile

313 1723 435 1762 agatur,
455 1719 503 1752 vel
521 1729 592 1752 cum
618 1719 770 1763 visitator,
795 1719 890 1752 citata
913 1723 1000 1764 parte
1025 1723 1055 1755 et

313 1773 453 1807 adhibita
467 1783 579 1807 causae
589 1773 778 1817 cognitione,
789 1773 977 1807 iudicialiter
985 1785 1056 1819 pro-

315 1825 414 1867 cedit,
439 1831 513 1859 tunc
537 1826 620 1859 enim
644 1826 848 1870 appellationi
872 1827 961 1861 locus
985 1827 1054 1869 erit,

315 1879 407 1912 etiam
433 1879 537 1924 quoad
561 1879 708 1913 effectum
734 1880 976 1924 suspensivum:

359 1933 435 1967 Cum
459 1944 476 1966 a
500 1933 701 1977 gravamine,
727 1934 810 1977 quod
835 1945 893 1978 per
917 1934 1056 1968 definiti-

316 1997 384 2020 vam
409 1987 551 2031 reparari
574 1987 693 2031 nequit,
719 1991 752 2019 ut
772 1987 929 2020 indebitae
949 1998 1056 2021 carce-

316 2041 446 2074 rationis
470 2041 519 2074 vel
542 2045 699 2083 torturae,
725 2044 779 2075 aut
802 2041 1057 2075 excommunica-

317 2095 409 2129 tionis
434 2095 527 2128 etiam
552 2095 762 2129 comminatae
781 2095 966 2139 appellatur,
983 2105 1059 2128 non-

317 2149 376 2182 nisi
401 2148 474 2182 visis
498 2148 584 2189 actis,
607 2159 644 2182 ex
662 2147 777 2192 quibus
794 2148 954 2181 evidenter
967 2159 1059 2192 appa-

317 2206 384 2237 reat
408 2202 446 2235 de
470 2203 661 2246 gravamine,
679 2202 848 2246 appellatio
863 2202 1058 2244 admittatur,

318 2261 371 2289 aut
394 2256 540 2290 inhibitio
564 2256 612 2289 vel
637 2255 778 2300 provisio
810 2256 915 2301 aliqua
944 2266 1058 2290 conce-

319 2310 428 2345 datur:

363 2364 462 2397 Causa
486 2363 704 2408 appellationis
717 2363 883 2408 pendente,
897 2363 1059 2408 appellans

320 2419 352 2451 in
373 2417 494 2459 eodem,
520 2427 582 2461 quo
606 2417 774 2461 reperitur,
799 2427 926 2451 carcere
940 2427 1060 2461 perma-

320 2471 414 2513 nebit,
439 2470 543 2515 quoad
565 2470 669 2511 iudex,
687 2470 725 2503 ad
748 2481 842 2514 quem
868 2470 1059 2514 appellatum

321 2530 384 2567 est,
409 2525 483 2558 visis
506 2524 584 2558 actis
612 2529 641 2557 et
665 2524 760 2557 causa
792 2524 938 2567 cognita,
971 2524 1061 2558 aliter

321 2577 512 2619 decreverit;
532 2583 563 2611 et
583 2582 666 2619 tunc,
688 2577 713 2610 si
738 2587 755 2610 a
780 2577 891 2611 iudicis
908 2577 946 2611 ad
966 2588 1060 2622 quem

358 2644 370 2669 1
388 2641 457 2669 Edit.
474 2640 552 2670 Mein.
570 2640 633 2677 legit
647 2643 726 2672 accus
739 2640 778 2676 (a.
795 2641 845 2677 T.)-

1081 276 1207 309 decreto
1228 276 1290 308 vim
1315 275 1486 309 diffinitivae
1506 274 1641 308 habente
1661 275 1753 307 fuerit
1773 285 1823 318 ap-

1081 330 1244 373 pellatum,
1268 329 1346 363 nihil
1372 329 1532 371 mandare,
1557 334 1610 362 aut
1629 339 1687 373 pro
1705 329 1752 361 sui
1770 329 1823 361 de—

1081 384 1158 416 creti
1183 384 1392 428 exequutione
1408 387 1561 418 attentare
1579 382 1705 427 poterit,
1723 382 1821 415 donec

1081 446 1137 480 per
1162 437 1296 470 iudicem
1322 437 1518 481 superiorem
1544 436 1627 470 aliud
1653 436 1743 469 suerit
1771 445 1823 468 or-

1081 491 1221 524 dinatum
1234 502 1239 523 :

1126 545 1200 577 Acta
1226 544 1392 587 originalia
1416 553 1622 588 processuum
1641 544 1763 588 primae
1781 544 1823 575 in-

1082 597 1212 631 stantiae
1237 597 1274 630 ad
1297 597 1431 630 iudicem
1449 598 1668 641 appellationis
1683 596 1824 630 notarius

1083 651 1207 683 mittere
1224 661 1287 684 non
1301 656 1443 694 cogatur,
1461 651 1519 683 nisi
1535 651 1707 694 probabilis
1720 651 1823 693 aliqua

1083 703 1224 736 salsitatis
1250 714 1342 736 causa
1367 710 1397 737 ct
1422 704 1560 748 suspicio
1586 703 1718 741 incidat,
1743 713 1823 746 quae

1083 756 1272 789 iudicialiter
1289 757 1468 797 obiiciatur,
1493 761 1522 791 ct
1547 763 1630 798 tiinc,
1657 756 1823 789 terminata

1083 812 1186 850 eausa,
1204 810 1391 844 remittenda
1411 816 1483 843 sunt
1502 811 1540 843 ad
1561 810 1773 849 Ordinarium,
1791 814 1820 840 ut

1083 873 1140 896 suo
1157 864 1299 897 archivio
1317 869 1558 897 conserventur:

1127 916 1264 950 Censura
1298 918 1508 950 ecclesiastica
1545 918 1575 949 in
1611 917 1823 960 appellantem

1083 971 1205 1014 prolata
1229 971 1364 1004 relaxari
1388 976 1442 1003 aut
1474 971 1559 1003 nulla
1591 970 1744 1003 declarari
1769 980 1825 1013 per

1084 1024 1219 1057 iudicem
1243 1024 1462 1068 appellationis
1486 1034 1550 1057 non
1571 1023 1678 1067 possit,
1696 1023 1756 1055 nisi
1773 1033 1825 1055 au-

1083 1077 1155 1110 ditis
1179 1076 1322 1121 partibus
1348 1083 1377 1111 et
1402 1079 1497 1111 eausa
1520 1077 1657 1121 cognita,
1678 1081 1826 1119 tuncque,

1085 1131 1109 1164 si
1123 1131 1298 1165 constiterit
1318 1142 1386 1164 eam
1402 1131 1514 1164 iustam
1534 1141 1612 1171 esse,
1627 1130 1665 1163 ad
1680 1130 1826 1166 iudicem,

1085 1185 1137 1227 qui
1162 1185 1455 1225 excommunicavit,
1479 1185 1640 1228 appellans
1662 1183 1825 1216 remitten-

1085 1238 1142 1270 dus
1167 1243 1223 1279 est,
1247 1243 1281 1271 ut
1305 1238 1343 1271 ab
1368 1238 1436 1282 ipso
1460 1238 1545 1272 iuxta
1561 1247 1667 1271 sacros
1692 1245 1827 1269 canones

1085 1291 1274 1325 beneficium
1299 1291 1516 1333 absolutionis,
1541 1291 1565 1324 si
1591 1290 1752 1323 humiliter
1773 1300 1828 1333 pe—

1087 1345 1170 1379 tierit
1193 1344 1395 1389 debitamque
1419 1344 1670 1377 emendationem
1696 1343 1827 1387 praesti-

1086 1398 1186 1438 terit¹,
1200 1398 1354 1438 obtineat;
1369 1399 1394 1432 si
1409 1408 1484 1431 vero
1502 1398 1646 1430 iniustam
1662 1407 1729 1430 csse
1744 1397 1827 1429 clare

1086 1456 1245 1495 appareat,
1257 1451 1402 1495 superior
1412 1451 1642 1484 absolutionem
1658 1451 1827 1494 impendat,

1087 1504 1111 1537 si
1136 1504 1311 1548 dubitetur,
1336 1505 1499 1539 honestius
1524 1510 1571 1538 est
1594 1510 1628 1537 ut
1648 1504 1686 1537 ad
1707 1515 1828 1537 excom-

1087 1558 1315 1592 municatorem
1341 1558 1422 1591 intra
1446 1558 1574 1591 brevem
1592 1558 1728 1601 aliquem
1747 1567 1829 1590 com-

1086 1616 1243 1655 petentem
1269 1612 1439 1645 terminum
1464 1612 1565 1645 eidem
1590 1611 1828 1655 praefigendum

1087 1665 1297 1698 absolvendus
1330 1665 1527 1707 remittatur,
1557 1665 1630 1697 licet
1661 1665 1753 1697 etiam
1777 1675 1828 1697 su-

1087 1718 1194 1762 perior
1221 1718 1282 1752 hoc
1314 1717 1409 1751 casu2
1433 1713 1569 1761 idipsi'tm
1600 1728 1658 1762 per
1682 1728 1714 1751 se
1738 1728 1829 1762 prae-
1879 1759 1882 1763 Ι

1088 1776 1170 1805 stare
1195 1772 1264 1805 iure
1286 1772 1402 1816 possit;
1421 1771 1576 1805 absolutio
1601 1771 1639 1804 ad
1664 1772 1829 1810 cautelam,

1088 1826 1214 1859 nonnisi
1238 1830 1327 1869 parte
1351 1825 1445 1858 citata
1469 1830 1500 1858 et
1524 1825 1598 1858 visis
1627 1825 1703 1858 actis
1718 1852 1725 1866 ,
1758 1836 1829 1858 cum

1089 1879 1251 1913 dubitatur
1274 1879 1313 1912 de
1337 1879 1478 1912 nullitate
1496 1878 1831 1912 excommunicationis

1089 1932 1128 1967 ab
1152 1933 1281 1966 homine
1294 1933 1435 1977 prolatae
1455 1932 1503 1965 vel
1520 1943 1537 1964 a
1553 1932 1630 1973 iure,
1645 1932 1669 1965 si
1685 1937 1829 1965 occurrat

1090 1986 1219 2020 dubium
1245 1986 1317 2019 facti
1335 1986 1381 2019 vel
1402 1985 1566 2030 probabile
1586 1985 1718 2018 dubium
1743 1986 1830 2024 iuris,

1091 2040 1291 2074 concedenda
1304 2040 1373 2083 erit,
1394 2045 1529 2084 tuncque
1545 2040 1583 2072 ad
1602 2045 1724 2083 tempus
1737 2040 1831 2072 breve

1092 2104 1163 2127 cum
1187 2093 1392 2128 reincidentia
1416 2099 1446 2126 et
1469 2094 1618 2137 praestita
1638 2104 1694 2137 per
1710 2103 1832 2126 excom-

1092 2148 1285 2181 municatum
1306 2148 1450 2181 cautione
1474 2147 1512 2180 de
1530 2147 1640 2180 stando
1658 2147 1717 2179 iuri
1735 2151 1764 2179 et
1782 2157 1832 2190 pa<

1092 2202 1190 2235 rendo
1215 2201 1370 2234 mandatis
1394 2201 1551 2235 Ecclesiae
1577 2205 1716 2241 tanturm
1747 2205 1786 2240 et,
1808 2201 1831 2232 si

1092 2256 1176 2288 iuxta
1199 2255 1334 2288 formam
1359 2265 1376 2288 a
1400 2255 1467 2288 iure
1491 2254 1720 2298 praescriptam
1739 2264 1833 2297 appa-

1092 2308 1190 2348 rebit,
1215 2307 1372 2352 aliquem3
1395 2308 1436 2341 ob
1461 2308 1655 2341 manifestam
1680 2307 1831 2340 offensam

1092 2362 1399 2396 excommunicatum
1431 2362 1543 2403 fuisse,
1576 2361 1713 2394 debitam
1739 2361 1831 2393 etiam

1093 2415 1334 2449 satisfactionem
1348 2419 1517 2459 praestare,
1529 2419 1569 2455 et,
1583 2415 1607 2447 si
1621 2415 1660 2448 ob
1674 2419 1833 2448 contuma-

1094 2469 1172 2503 ciam
1190 2469 1395 2512 manifestam,
1413 2478 1565 2512 expensas
1582 2468 1700 2511 pariter
1717 2467 1834 2502 salissa«

1132 2552 1141 2577 1
1164 2549 1234 2577 Edit.
1255 2549 1333 2577 Main.
1356 2550 1421 2585 legit
1436 2550 1599 2585 prostiterit
1618 2550 1658 2584 (n.
1676 2551 1724 2583 T.).

1128 2595 1144 2622 2
1160 2595 1255 2630 Praep.
1270 2595 1303 2622 in
1319 2594 1441 2622 delemus
1456 2598 1494 2628 (n.
1510 2593 1560 2629 T.).

1128 2640 1145 2669 3
1159 2639 1228 2669 Edit.
1245 2639 1324 2669 Main.
1340 2639 1405 2675 legit
1420 2647 1505 2675 quem
1519 2640 1559 2674 (n.
1577 2640 1626 2674 r).

1723 217 1787 250 929
1835 226 1886 254 An.
1901 227 1929 254 c,
1951 228 2016 255 1631
