2248 3229
224 252 274 281 An.
291 252 321 281 c.
343 251 410 282 1635
455 243 520 281 4722

255 1169 393 1189 Prooemium.

278 1435 360 1455 Causae
376 1434 413 1454 hu-

230 1468 262 1482 ius
284 1462 413 1481 constitutio-

229 1489 261 1509 nis
283 1488 414 1508 reseruntur.

229 1520 255 1535 ac
264 1515 371 1535 decretum
380 1514 414 1534 de-

230 1547 293 1567 super
331 1546 414 1562 emanav

232 1571 281 1589 tum.

424 301 592 344 originales
609 300 757 339 facerent,
778 298 803 331 si
823 302 925 331 essent
943 297 1100 332 exhibitae
1117 297 1183 330 vel'

425 359 576 386 ostensae.

468 407 578 439 Datum
592 405 721 445 Romae,
735 403 818 448 apud
831 403 859 437 S.
878 403 1016 445 Petrum,
1041 402 1098 435 sub
1115 412 1166 435 an-

420 460 497 492 nulo
514 458 691 498 Piscatoris‚
707 458 757 491 die
777 468 850 492 xxiv
874 457 977 492 martii
1001 466 1164 497 mcxxxv,

423 512 622 556 pontificatus
646 512 745 545 nostri
770 521 852 545 anno
877 522 930 546 xn.

459 575 517 602 Dat.
534 574 576 602 die
592 575 627 602 24
641 574 731 602 martii
748 574 826 609 1635,
843 574 936 609 pontif.
955 582 1024 603 anno
1040 581 1084 602 xu.

757 717 832 750 DIX.

426 798 637 839 Confirmatio
652 797 894 840 praefinitionis
915 796 1044 830 hab-itus
1062 797 1166 840 sactae

468 851 555 883 inter
572 851 690 892 fratres
703 849 919 882 Dz'scalceatos
935 853 1066 882 sanctae
1086 850 1166 882 The-

468 903 580 943 resz'ae,
598 906 626 935 et
639 903 756 945 fratres
769 901 881 935 Prima·
894 901 1057 942 Instanti,
1070 902 1165 945 vulqo

469 955 507 988 de
530 956 638 991 Monte
661 955 778 988 Sancto
801 959 1007 998 mtncttpatos
1020 954 1040 988 ¹.

633 1035 769 1062 urbanus
786 1035 864 1069 Papa
884 1035 961 1066 vm,

568 1083 604 1108 ad
624 1081 757 1107 futuram
775 1080 820 1108 rei
841 1080 1021 1108 memoriam.

472 1153 554 1186 Inter
584 1157 687 1184 cetera
722 1151 914 1195 apostolicae
949 1150 1167 1184 sollicitudinis

428 1216 529 1247 curas,
554 1205 667 1249 quibus
692 1205 807 1247 iugiter
832 1204 1023 1248 premimur,
1051 1214 1086 1237 ea
1110 1214 1167 1237 nos

428 1259 626 1303 potissimum
652 1263 753 1301 urget,
771 1261 805 1291 ut
828 1268 981 1302 personae
1006 1258 1168 1300 regulares

395 1334 398 1336 v
428 1314 459 1346 in
483 1312 569 1357 pacis
593 1313 781 1346 amoenitate
806 1311 937 1345 feliciter
964 1316 1115 1354 regantur
1138 1316 1169 1344 et

429 1373 458 1399 et
482 1367 707 1410 gubernentur.

473 1422 488 1465 g
513 1421 537 1454 l.
555 1421 662 1465 Nuper
686 1420 841 1464 siquidem
864 1430 923 1464 pro
948 1424 1037 1463 parte
1063 1419 1169 1453 dilecti

429 1475 486 1508 filii
499 1475 616 1520 prioris
636 1474 792 1518 generalis
810 1474 943 1507 fratrum
957 1473 1081 1507 Ordinis
1098 1474 1170 1507 Bea-

431 1533 479 1563 tae
493 1528 607 1562 Mariae
624 1528 662 1561 de
678 1528 781 1561 Monte
804 1527 946 1561 Carmelo
970 1527 1061 1560 nobis
1078 1537 1171 1571 expo-

430 1583 524 1615 situm
550 1582 616 1623 suit,
636 1582 721 1626 quod
745 1582 830 1623 alias,
856 1592 926 1614 cum
952 1581 1034 1613 inter
1056 1580 1170 1614 fratres

429 1635 637 1669 Discalceatos
662 1636 691 1669 S.
713 1635 877 1668 Tlieresiae
895 1639 924 1668 et
940 1635 1053 1667 fratres
1073 1634 1169 1667 Primi

430 1689 565 1723 Instituti
579 1700 633 1723 seu
647 1689 806 1723 seminarii
824 1689 861 1722 de
878 1688 1084 1733 propaganda
1096 1688 1169 1729 fide,

430 1744 524 1786 vulgo
541 1743 580 1776 de
596 1744 698 1776 Monte
715 1744 827 1777 Sancto
844 1747 1051 1786 nuncupatos,
1066 1742 1170 1785 aliqua

430 1796 523 1830 dubia
549 1797 632 1829 circa
655 1796 796 1829 habitum
831 1795 959 1828 suborta
983 1800 1103 1836 essent,
1132 1795 1170 1827 ad

431 1849 653 1883 removendam
679 1849 781 1882 omnis
806 1848 1038 1882 controversiae
1055 1853 1084 1881 et
1109 1847 1171 1881 litis

432 1903 606 1943 materiam,
624 1902 730 1936 habita
750 1901 870 1935 ratione
895 1911 1016 1943 eorum,
1037 1911 1116 1945 quae
1133 1900 1171 1933 ab

431 1957 566 1999 utraque
590 1960 678 1999 parte
702 1965 808 1988 coram
834 1955 947 1988 dilecto
974 1955 1039 1987 filio
1063 1960 1171 1987 nostro

432 2010 543 2042 Martio
564 2009 592 2041 S.
609 2009 722 2042 Mariae
740 2009 843 2042 Novae
867 2008 998 2041 diacono
1016 2007 1173 2041 cardinale

433 2064 556 2096 Ginetto
576 2067 767 2106 nuncupato,
785 2062 860 2095 dicti
876 2062 1001 2095 Ordinis
1018 2062 1099 2105 apud
1116 2072 1173 2095 nos

433 2122 463 2149 ct
479 2116 689 2160 Apostolicam
706 2115 816 2148 Sedent
832 2121 1022 2159 protectore,
1041 2115 1173 2158 allegata.

433 2169 575 2209 fuerunt,
606 2169 644 2201 de
669 2179 778 2201 eorum
804 2178 979 2209 consensu,
1008 2178 1024 2201 a
1049 2178 1081 2201 se
1113 2179 1173 2212 pro

432 2222 581 2255 fratribus
610 2221 707 2255 Primi
739 2221 873 2254 Instituti
903 2222 1065 2255 decretum
1094 2221 1173 2262 suit,

433 2275 502 2310 uti*z
525 2275 585 2320 ipsi
612 2275 738 2308 calceati
763 2285 889 2319 semper
914 2275 1067 2316 incedant,
1092 2274 1174 2307 tuni-

469 2393 482 2419 1
500 2392 536 2419 De
550 2391 679 2419 fratribus
689 2391 842 2419 carmelitis
854 2391 913 2419 ride
929 2391 957 2419 in
968 2391 1059 2419 Const.
1072 2398 1176 2424 Lxxvn,

437 2438 471 2464 Ut
487 2438 612 2472 vivendi,
630 2438 735 2464 Honor.
751 2437 797 2470 111,
814 2441 880 2464 tom.
897 2444 936 2471 111,
948 2445 1008 2473 pag.
1023 2438 1084 2463 415.
1096 2437 1129 2464 Et
1143 2437 1176 2463 de

435 2483 585 2509 {tm-metitis
600 2482 775 2510 Discalceatis
789 2482 850 2510 vide
864 2482 890 2509 in
905 2483 1020 2510 Costitit.
1035 2489 1107 2516 exn,
1122 2482 1177 2509 Pia

435 2528 675 2561 consideratione,
692 2527 773 2563 Greg.
794 2527 863 2557 xm,
879 2530 946 2555 tom.
963 2534 1019 2561 vm,
1037 2535 1098 2563 pag.
1115 2526 1175 2553 350.

436 2571 468 2598 Et
483 2572 510 2598 in
529 2572 610 2599 huius
630 2572 769 2599 Pontificis
787 2573 821 2599 ad
841 2572 952 2600 Constit.
972 2578 1101 2606 cnvaiu,
1121 2571 1178 2598 Ro-

438 2625 551 2647 manus,
567 2624 627 2651 sup.
644 2625 705 2651 pag.
722 2617 784 2644 304.

472 2659 487 2685 Ξ
504 2661 596 2695 Aptius
611 2660 669 2695 lege
686 2664 715 2688 ut
730 2667 768 2695 (ss.
783 2662 832 2695 Τ.).

1011 248 1191 274 BULLARIUM
1215 248 1370 274 Romnum

1198 305 1330 340 eamque
1353 295 1495 329 deferant
1517 305 1553 328 ex
1578 296 1666 337 lana,
1694 307 1772 341 quae
1798 296 1830 330 in
1861 306 1933 341 pro-

1198 349 1308 383 vinciis
1334 348 1450 382 minori
1474 354 1505 382 ct
1528 348 1631 381 viliori
1654 349 1757 393 pretio
1772 350 1834 383 emi
1852 354 1935 394 pote-

1198 404 1248 444 rit,
1266 403 1382 437 coloris
1395 402 1605 446 grisii,.nigri,
1619 402 1666 435 vel
1683 402 1721 434 ad
1739 403 1935 446 nigredinem

1198 457 1364 498 tendentis,
1381 466 1453 490 cum
1471 455 1602 489 manicis
1626 455 1757 497 strictis,
1782 457 1935 500 scapulari

1199 509 1428 553 aliquantulum
1452 509 1607 550 breviori,
1637 508 1742 542 tunica
1766 508 1936 543 latitudinis

1198 562 1357 596 sexdecim
1371 562 1544 605 digitorum
1560 572 1617 606 per
1630 567 1853 604 transversum,
1868 571 1937 595 nec-

1197 626 1260 650 non
1274 620 1354 650 ·cum
1375 616 1515 660 capucio,
1535 616 1624 649 cuius
1641 615 1780 649 anterior
1795 614 1939 649 extremi-

1198 673 1244 704 tas
1274 668 1442 703 descendat
1463 669 1502 702 ad
1526 674 1597 703 octo
1621 668 1736 711 digitos
1766 678 1860 713 super
1883 678 1937 712 pe-

1198 729 1276 763 ctus,
1295 727 1325 755 et
1344 722 1502 766 posterior
1526 732 1626 766 usque
1649 722 1688 755 ad
1711 722 1883 765 cingulum,
1909 726 1937 754 et

1198 776 1347 809 decenter
1371 781 1541 820 utrumque
1565 776 1735 809 humerum
1759 775 1938 819 cooperiat;

1199 830 1303 874 ipsum
1328 839 1403 862 vero
1428 829 1548 873 capucii
1574 834 1666 872 caput
1683 828 1722 860 ad
1740 828 1874 861 sormam
1892 838 1939 861 ca-

1199 884 1272 927 pitis
1297 883 1468 916 rotundum
1492 882 1553 916 erit
1580 887 1611 916 et
1634 882 1776 915 strictum
1791 909 1799 923 ,
1823 887 1854 915 et
1878 882 1939 915 illis

1200 937 1310 970 iisdem
1334 936 1491 970 mensuris
1515 935 1766 980 correspondere
1781 935 1872 970 debet
1892 946 1941 969 ca-

1199 990 1331 1034 pucium
1356 989 1483 1030 album3
1508 989 1668 1022 habebunt
1698 989 1828 1033 insuper
1859 999 1939 1033 cap—

1199 1054 1273 1088 pam
1297 1043 1399 1076 albam
1420 1043 1543 1076 laneam
1568 1043 1606 1076 ad
1631 1043 1746 1076 collum
1772 1042 1938 1086 crispatam

1200 1108 1272 1130 cum
1290 1097 1381 1140 plicis
1404 1101 1475 1130 octo
1500 1096 1606 1139 digitis
1630 1096 1735 1129 tunica
1751 1095 1939 1139 breviorem,

1201 1154 1230 1184 et
1261 1150 1390 1194 pallium
1419 1149 1481 1193 (de
1513 1160 1575 1193 quo
1606 1149 1642 1182 sit
1670 1149 1787 1183 mentio
1809 1149 1840 1182 in
1865 1159 1939 1183 con-

1201 1203 1416 1237 stitutionibus
1433 1203 1557 1237 Ordinis
1573 1208 1652 1247 part.
1670 1213 1690 1245 1,
1708 1213 1774 1247 cap.
1793 1213 1854 1245 xvi,
1869 1203 1883 1247 g
1896 1203 1940 1247 ⁶2),

1202 1257 1265 1290 sive
1284 1257 1316 1290 in
1334 1263 1500 1300 conventu,
1521 1257 1585 1290 sive
1610 1263 1706 1298 extra,
1723 1257 1792 1290 talis
1807 1257 1868 1290 erit
1882 1258 1942 1290 sor—

1203 1321 1294 1352 mae,
1314 1316 1348 1343 ut
1372 1310 1439 1344 eius
1467 1310 1625 1344 distinctio
1649 1321 1667 1342 a
1691 1311 1790 1354 cappa
1817 1310 1940 1343 Discal-

1203 1369 1365 1399 ceatorum
1384 1365 1424 1398 sit
1439 1369 1514 1398 nota
1537 1370 1567 1397 et
1590 1364 1734 1397 evidens:
1751 1368 1942 1408 utenturque

1203 1418 1310 1461 galero
1323 1417 1426 1461 nigro,
1437 1417 1462 1451 si
1479 1417 1604 1461 quando
1617 1417 1684 1450 eius
1696 1417 1866 1450 necessitas
1882 1417 1942 1450 illis

1203 1472 1387 1506 occurrerit.
1407 1472 1446 1506 Ut
1465 1475 1570 1505 autem
1594 1471 1762 1515 praedictis
1786 1470 1943 1514 religiosis

1204 1526 1413 1570 imposterum
1437 1536 1474 1559 ea
1497 1525 1688 1559 retractandi
1710 1526 1756 1558 vel
1773 1524 1947 1563 dissidendi,

1204 1579 1302 1612 libera
1319 1580 1448 1613 tollatur
1464 1580 1611 1619 facultas,
1629 1578 1704 1622 quin
1728 1578 1843 1622 potius,
1860 1584 1893 1611 ut
1912 1578 1943 1611 in

1204 1632 1329 1666 vinculo
1353 1633 1440 1677 pacis
1464 1630 1598 1666 Demino
1622 1632 1829 1672 famulentur,
1853 1631 1943 1664 nohis

1204 1691 1371 1730 propterea
1388 1686 1488 1719 dictus
1507 1686 1596 1729 prior
1611 1685 1766 1728 generalis
1782 1685 1944 1718 humiliter

1205 1740 1373 1784 supplicari
1398 1739 1480 1779 sccii,
1505 1744 1537 1771 ut
1566 1739 1597 1771 in
1621 1739 1803 1782 praemissis
1827 1749 1944 1782 oppor-

1203 1799 1296 1833 tune,
1323 1798 1355 1825 ut
1380 1792 1470 1833 infra,
1499 1792 1666 1836 providere
1691 1792 1729 1825 de
1752 1792 1946 1836 benignitate

1204 1845 1377 1890 apostolica
1401 1846 1616 1888 dignaremur.

1250 1901 1264 1944 ξ
1282 1900 1310 1933 ’2.
1331 1900 1393 1933 Nos
1414 1899 1522 1942 igitur,
1547 1899 1666 1932 dictum
1691 1898 1830 1943 priorem
1855 1909 1946 1942 gene-

1206 1954 1303 1986 ralem
1322 1952 1509 1997 specialibus
1529 1952 1688 1990 favoribus
1704 1957 1733 1984 et
1751 1952 1859 1995 gratiis
1875 1963 1947 1996 pro-

1207 2006 1294 2050 sequi
1309 2006 1458 2046 volentes,
1475 2009 1505 2040 et
1521 2016 1537 2038 a
1553 2004 1717 2048 quibusvis
1733 2005 1946 2038 excommuni-

1208 2060 1349 2101 cationis,
1360 2052 1574 2104 suspensionis
1591 2063 1621 2092 et
1634 2058 1800 2099 interdicti,
1814 2058 1947 2102 aliisque

1208 2113 1428 2147 ecclesiasticis
1441 2113 1612 2153 sententiis,
1626 2112 1767 2145 censuris
1783 2117 1812 2145 et
1828 2112 1947 2156 poenis,

1209 2178 1225 2200 a
1250 2168 1318 2200 iure
1344 2168 1390 2200 vel
1418 2167 1456 2199 ab
1482 2167 1628 2208 homine,
1650 2166 1759 2210 quavis
1783 2166 1948 2199 occasione

1209 2222 1257 2254 vel
1282 2222 1375 2254 causa
1400 2221 1486 2261 latis,
1512 2220 1536 2253 si
1562 2220 1677 2264 quibus
1711 2219 1949 2264 quomodolibet

1210 2274 1375 2307 innodatus
1393 2274 1506 2314 existit,
1524 2273 1562 2306 ad
1576 2274 1722 2307 effectum
1735 2274 1948 2317 praesentium

1210 2328 1368 2362 dumtaxat
1383 2327 1649 2372 consequendum,
1663 2327 1777 2360 harum
1797 2327 1877 2360 serie
1894 2326 1947 2359 ab·

1211 2382 1365 2415 solventes
1398 2388 1427 2414 et
1458 2382 1637 2415 absolutum
1666 2382 1732 2414 fore
1757 2382 1946 2422 censentes,

1211 2435 1391 2469 huiusmodi
1421 2434 1701 2480 supplicationibus
1725 2434 1885 2478 inclinati,
1910 2435 1948 2467 de

1213 2490 1437 2523 venerabilium
1461 2490 1593 2522 fratrum
1618 2494 1801 2522 nostrorum
1825 2493 1948 2521 sanctae

1212 2544 1369 2577 Romanae
1393 2543 1551 2576 Ecclesiae
1580 2542 1785 2575 cardinalium
1814 2541 1949 2584 negotiis

1210 2596 1405 2638 regularium
1418 2596 1670 2640 praepositorum
1684 2594 1824 2637 consilio,
1843 2594 1950 2627 decre-

1210 2654 1276 2682 tum
1293 2649 1498 2693 praedictum,
1511 2648 1681 2693 apostolica
1695 2648 1891 2690 auctoritate,
1904 2653 1968 2695 teg

1949 248 1997 275 An.
2013 247 2043 276 C.
2065 223 2132 276 1635

2006 1908 2066 1932 Quod
2082 1909 2144 1930 modo

1960 1936 2075 1972 cpntirmat.
