2248 3229
93 241 146 268 An.
162 239 190 268 C.
212 238 282 268 ¹634

907 237 1049 262 URBANUS
1073 236 1130 261 VIII
1153 236 1202 260 1³1³.

293 292 336 328 ut,
355 285 468 331 quam¹
485 286 625 331 primum
647 285 706 331 ipsi
728 285 844 319 infirmi
869 285 907 318 ad
931 286 1035 330 hospi-

295 341 367 374 talia
389 345 497 375 nostra
515 341 711 381 advenerint,
729 345 839 374 curent
856 339 1035 384 superiores

294 395 359 429 sive
386 395 536 440 praefecti
560 395 742 439 hospitalis,
771 398 804 428 ut
828 400 899 427 ante
931 394 1035 427 onmia

293 458 349 492 per
365 448 518 482 humilem
537 454 738 493 peecatorum
757 447 983 481 confessionem
997 446 1035 479 ad

293 503 458 537 sanitatem
483 503 680 547 corporalem
706 508 944 546 praeparentur.

339 557 522 598 Praeterea,
547 556 682 600 antiquis
706 556 830 589 Ordinis
849 554 949 589 nostri
967 563 1036 587 con-

294 610 507 645 stitutionibus
521 609 724 651 inhaerendo,
745 609 910 643 statuimus
927 614 960 642 ut
973 617 1036 641 om·

295 674 350 698 nes
374 669 404 699 et
429 664 570 708 singulae
591 674 744 708 personae
761 664 925 707 utriusque
945 672 1037 695 sexus

294 718 436 763 praefato
461 718 574 752 morbo
599 718 671 761 igne
699 717 796 751 sancti
821 715 946 750 Antonii
972 714 1037 748 vul-

294 771 413 815 gariter
437 770 522 804 dicto
547 776 707 804 contactae
732 776 763 804 et
783 769 937 809 infirmae,
958 777 1038 812 quae

295 835 406 859 eorum
432 825 564 859 durante
589 825 772 858 infirmitate
793 824 831 857 ad
850 824 910 857 hoc
931 831 1039 855 mona·

295 879 426 913 sterium
443 879 492 913 vel
515 879 628 913 domus
645 879 721 912 alias
738 878 836 922 ipsius
853 875 978 911 Ordinis
994 885 1039 908 re-

295 943 423 967 cursum
448 933 617 967 habuerint
632 943 691 977 pro
716 932 799 965 beati
824 931 922 976 patris
939 929 1038 964 nostri

295 987 421 1022 Antonii
451 986 608 1031 suffragiis
633 986 854 1030 implorandis,
880 996 936 1019 seu
964 986 1039 1018 alias

295 1041 401 1086 ipsum
424 1041 551 1075 beatum
575 1041 746 1075 Antonium
772 1041 803 1073 in
824 1051 934 1074 eorum
952 1039 1039 1073 intir-

296 1096 403 1129 mitate
426 1095 588 1129 humiliter
612 1100 642 1128 et
672 1095 783 1128 devote
804 1094 1038 1136 invocaverint,

296 1150 321 1184 si
347 1151 424 1184 tales
448 1159 601 1194 personae
626 1159 685 1193 pro
718 1149 850 1182 sanitate
875 1147 1039 1192 captanda,

297 1202 495 1248 imploranda
520 1208 549 1236 et
583 1202 778 1247 assequenda
803 1202 841 1235 ad
873 1202 1040 1246 hospitalia

296 1261 403 1291 nostra
427 1256 652 1290 declinaverint
677 1262 706 1289 et
732 1266 764 1289 se
788 1256 981 1296 reduxerint,
1008 1255 1041 1288 il-

297 1311 356 1346 lico
371 1316 401 1345 et
417 1311 537 1355 absque
551 1311 732 1344 difficultate
745 1316 775 1344 et
792 1310 1040 1344 contradictione

297 1376 495 1411 quacumque
521 1366 552 1398 in
576 1365 740 1409 hospitali,
766 1365 804 1397 ad
827 1364 912 1408 quod
937 1375 1038 1408 appu-

299 1420 402 1463 lerint,
428 1425 567 1453 cessante
587 1419 786 1452 excusatione
811 1418 958 1462 qualibet,
986 1429 1037 1451 re-

299 1473 454 1519 cipiantur
479 1478 508 1508 et
531 1474 628 1517 recipi
653 1473 786 1506 debeant
810 1473 842 1505 in
866 1474 1017 1506 futurum.

342 1527 431 1567 Quod
463 1528 488 1560 si
523 1528 597 1560 tales
628 1527 746 1560 infirmi
772 1527 803 1560 in
834 1526 1041 1570 hospitalibus

298 1582 469 1615 nostris“ex
483 1582 646 1626 praedicto
666 1582 738 1625 igne
757 1581 924 1624 gehennali
943 1580 1040 1613 sancti

299 1636 425 1669 Antonii
436 1635 582 1679 aliquod²
595 1646 726 1669 suorum
744 1636 960 1668 membrorum
974 1645 1043 1678 per-

299 1689 445 1731 diderint,
466 1700 502 1723 ex
521 1690 609 1723 cuius
628 1690 763 1722 membri
788 1688 965 1733 perditione
988 1698 1042 1720 seu

300 1744 491 1778 abscissione
505 1744 659 1777 inhabiles
684 1748 714 1778 et
738 1743 855 1776 infirmi
874 1743 904 1775 in
923 1747 1041 1776 tantum

301 1797 371 1831 facti
388 1797 514 1838 fuerint,
535 1797 620 1841 quod
639 1808 731 1830 suum
755 1807 869 1841 panem
888 1797 918 1829 in
936 1796 1042 1829 seculo

302 1851 418 1885 lucrari
438 1861 502 1885 non
518 1851 648 1895 possint,
672 1851 750 1895 ipsi,
771 1850 816 1883 si⁸
840 1851 871 1883 in
895 1850 1042 1883 domibus

302 1915 357 1939 seu
366 1904 573 1948 hospitalibus
585 1904 700 1936 nostris
711 1909 864 1948 perpetuo
878 1913 1043 1936 remanere

302 1958 437 1992 caelibes
461 1959 566 1999 velint,
584 1959 644 1991 hoc
668 1957 771 2001 ipsum
790 1958 919 1990 omnino
940 1957 1043 1990 facere

302 2013 409 2054 liceat;
434 2018 464 2046 et
488 2012 527 2045 ad
551 2013 637 2056 ipsos
662 2012 804 2045 infirmos
830 2010 1043 2055 recipiendos,

303 2066 491 2107 educandos,
516 2065 727 2106 instruendos,
744 2064 982 2107 alimentandos,
998 2074 1045 2097 ve-

303 2120 441 2154 stiendos
465 2120 532 2154 sine
556 2120 621 2153 ulla
646 2120 827 2153 difficultate
845 2129 900 2152 seu
925 2123 1045 2152 contra·

303 2173 440 2207 dictione
467 2183 577 2207 omnes
604 2173 704 2207 nostri
733 2173 858 2207 Ordinis
884 2178 913 2205 et
937 2181 1045 2205 sacrae

304 2227 536 2261 reformationis
557 2228 736 2271 superiores
754 2232 908 2270 perpetuo
923 2231 1046 2259 tenean-

305 2287 355 2314 tur
381 2285 410 2315 et
435 2281 563 2324 obligati
588 2282 657 2314 sint.

349 2334 381 2368 Si
397 2339 503 2368 autem
523 2340 610 2367 extra
633 2335 702 2368 loca
725 2335 825 2379 ipsius
850 2334 975 2368 Ordinis
995 2333 1048 2366 ali-

307 2386 391 2432 quod
411 2387 630 2420 membrorum
643 2397 773 2420 suorum
791 2386 996 2430 perdiderint,
1018 2389 1048 2417 et

307 2442 352 2476 sic
374 2441 530 2475 mutilati⁴
554 2441 592 2474 ad
625 2440 791 2484 hospitalia
819 2444 926 2474 nosti-a
955 2438 1047 2472 adve-

343 2527 354 2552 1
373 2525 466 2561 Aptius
481 2524 616 2559 legeretur
632 2530 719 2556 quum
735 2523 771 2558 (n.
790 2524 837 2557 r.).

341 2569 358 2596 2
372 2569 444 2597 Edit.
461 2569 541 2596 Main.
558 2567 622 2603 legit
637 2568 802 2602 atiquorm.
820 2568 869 2600 Τ.).

342 2615 359 2643 3
373 2615 443 2643 Edit.
460 2614 538 2642 Main.
555 2613 621 2649 legit
634 2614 691 2648 ipsi
706 2620 754 2648 pro
766 2612 839 2647 ipsis
854 2614 892 2647 (a.
909 2616 956 2646 T.).

341 2660 360 2688 4
373 2659 443 2689 Edit.
459 2659 538 2688 Main.
555 2659 638 2688 habet
652 2658 808 2688 mutilitati
822 2658 860 2693 (n.
877 2658 925 2692 τ,).

1069 285 1194 327 nei-int,
1220 283 1414 327 recipiantur
1438 281 1601 324 similiter,
1634 279 1806 313 dummodo

1069 348 1179 371 eorum
1214 337 1344 370 durante
1377 335 1558 369 infirmitate
1593 334 1631 367 ad
1660 333 1806 367 ecclesias

1069 392 1165 435 ipsius
1191 391 1314 425 Ordinis
1340 391 1387 424 vel
1413 390 1451 423 ad
1476 390 1587 423 merita
1607 388 1704 433 ipsius
1721 398 1808 432 prac-

1069 445 1156 478 libati
1181 445 1278 477 sancti
1304 444 1400 488 patris
1426 443 1549 476 Antonii
1575 452 1739 475 recursum
1756 441 1808 474 ha-

1069 497 1195 530 buerint
1219 503 1249 530 ct
1272 497 1382 530 devote
1407 496 1615 539 confugerint,
1641 500 1725 528 etex
1743 494 1808 527 chi-

1069 562 1239 594 rurgorum
1277 551 1456 584 testimonio
1493 550 1631 592 legitime
1667 553 1808 588 constet,

1069 604 1154 648 quod
1178 615 1214 638 ex
1239 604 1420 637 infirmitate
1445 603 1615 648 praedicta,
1636 608 1666 635 et
1685 612 1747 636 non
1772 612 1808 634 ex

1070 658 1140 698 alia,
1165 658 1269 702 ipsum
1294 657 1473 690 membrum
1498 656 1701 701 perdiderint.

1114 711 1250 751 Quilibet
1270 711 1416 755 superior
1444 710 1611 744 domorum
1629 712 1809 742 nostrarum

1072 775 1181 799 omnes
1206 771 1236 799 et
1261 774 1477 809 quoscumque
1504 763 1648 797 infirmos
1672 762 1810 805 origina-

1072 818 1136 852 rios
1161 819 1227 852 eius
1251 817 1414 857 dioecesis,
1428 818 1460 850 in
1477 827 1538 861 qua
1556 816 1613 849 sita
1629 820 1676 849 est
1699 815 1811 849 domus

1073 872 1122 905 cui
1147 877 1292 916 praeest,
1323 876 1466 904 teneatur
1490 870 1655 914 recipere,
1680 873 1710 902 et
1734 868 1811 902 alios

1073 925 1165 959 etiam
1191 935 1409 970 quoscumque
1423 925 1555 958 aliarum
1570 923 1749 957 dioecesum
1767 932 1813 955 re-

1074 979 1177 1023 cipiat,
1201 984 1290 1012 curet
1314 983 1344 1012 et
1368 978 1536 1011 alimentet.
1562 977 1621 1011 Sed
1646 977 1671 1009 si
1696 975 1811 1009 ibidem

1074 1032 1251 1066 membrum
1276 1031 1488 1076 perdiderint,
1514 1035 1679 1075 postquam
1706 1039 1813 1063 conva-

1073 1086 1253 1120 lescentiam
1273 1085 1364 1118 talem
1390 1084 1569 1128 receperint
1589 1083 1673 1127 quod
1698 1082 1814 1116 remitti

1074 1140 1205 1185 possint,
1230 1139 1431 1173 remittantur
1455 1138 1493 1171 ad
1518 1137 1717 1182 superiorem
1742 1146 1815 1169 suae

1074 1194 1206 1237 originis
1231 1199 1281 1227 aut
1305 1192 1472 1232 domicilii,
1498 1192 1546 1225 vel
1571 1191 1609 1224 ad
1635 1191 1735 1224 maius
1759 1190 1816 1224 ho-

1075 1248 1184 1292 spitale
1208 1247 1302 1280 huius
1327 1246 1520 1285 monasterii,
1538 1246 1622 1278 iuxta
1640 1244 1815 1288 dispositio-

1075 1312 1146 1334 nem
1173 1300 1427 1333 reverendissimi
1448 1298 1576 1332 abbatis.

1121 1356 1154 1388 In
1179 1353 1387 1398 hospitalibus
1410 1353 1534 1393 nostris,
1559 1358 1622 1384 tam
1643 1351 1737 1384 huius
1754 1361 1817 1385 mo-

1076 1409 1203 1442 nasterii
1228 1419 1322 1452 quam
1345 1407 1478 1440 aliarum
1495 1406 1619 1440 Ordinis
1637 1405 1815 1445 domorum,

1076 1469 1181 1496 certus
1206 1467 1236 1496 et
1265 1462 1490 1495 determinatus
1523 1461 1722 1494 infirmorum
1752 1470 1812 1493 nu-

1077 1527 1183 1550 merus
1207 1526 1270 1550 non
1287 1515 1462 1555 ordinetur,
1481 1525 1535 1547 seu
1553 1514 1742 1554 instituatur,
1763 1512 1817 1545 sed

1076 1574 1231 1614 quotquot
1247 1569 1430 1602 advenerint
1446 1567 1648 1611 recipiantur.
1666 1566 1696 1600 Si
1714 1571 1815 1599 tamen

1076 1624 1108 1656 in
1128 1629 1213 1656 tanto
1239 1629 1268 1656 et
1292 1628 1355 1655 tam
1382 1632 1497 1665 magno
1522 1631 1655 1654 numero
1681 1619 1738 1652 sub
1755 1629 1817 1652 uno

1077 1677 1240 1721 superiore
1266 1681 1369 1710 essent
1394 1675 1532 1714 infirmi,
1563 1673 1647 1719 quod
1677 1673 1794 1706 ibidem
1810 1700 1817 1713 ,

1076 1731 1195 1775 absque
1220 1731 1356 1763 maximo
1388 1728 1590 1762 incommodo
1623 1727 1697 1760 dicti
1726 1736 1816 1771 supe-

1077 1785 1170 1818 rioris
1194 1788 1224 1818 et
1248 1784 1381 1817 fratrum
1406 1781 1675 1825 Congregationis,
1701 1785 1819 1813 susten-

1077 1838 1136 1871 tari
1156 1847 1219 1871 non
1244 1841 1389 1881 possent,
1415 1835 1610 1878 significetur
1635 1833 1712 1867 illud
1734 1843 1817 1867 reve-

1077 1891 1265 1926 rendissimo
1291 1890 1396 1924 abbati
1414 1889 1564 1933 generali,
1579 1894 1609 1921 et
1623 1888 1707 1922 iuxta
1722 1887 1819 1930 ipsius

1077 1945 1308 1980 ordinationem
1345 1949 1375 1976 et
1409 1943 1633 1976 discretionem
1667 1941 1706 1973 ad
1743 1939 1819 1973 alias

1078 1999 1312 2043 praeceptorias
1337 1997 1547 2037 remittantur,
1573 2001 1602 2028 et
1627 1994 1744 2027 ibidem
1771 2003 1818 2026 re-

1079 2053 1235 2097 cipiantur
1259 2057 1290 2085 et
1314 2051 1546 2084 alimententur.

1123 2106 1211 2145 Quod
1236 2105 1261 2138 si
1285 2105 1352 2149 pari
1378 2104 1500 2137 ratione
1525 2104 1555 2135 in
1576 2101 1723 2146 hospitali
1748 2112 1821 2134 ma—

1080 2160 1139 2194 iori
1154 2159 1248 2192 huius
1265 2158 1447 2192 monasterii
1464 2157 1495 2190 in
1512 2156 1670 2190 excessivo
1687 2165 1821 2199 numero

1080 2213 1222 2247 adessent
1248 2212 1376 2252 infirmi,
1398 2217 1471 2245 tunc
1488 2211 1573 2244 iuxta
1591 2209 1820 2243 ordinationem

1080 2267 1212 2312 praefati
1242 2265 1496 2299 reverendissimi
1522 2264 1642 2297 abbatis
1666 2261 1821 2306 generalis

1081 2322 1113 2354 in
1126 2322 1201 2354 alias
1211 2321 1324 2354 domus
1335 2319 1536 2353 remittantur
1544 2322 1573 2351 et
1581 2317 1819 2351 distribuantur.

1126 2375 1240 2409 Omnes
1266 2379 1295 2408 et
1320 2373 1436 2416 singuli
1461 2372 1577 2405 infirmi
1594 2371 1757 2414 utriusque
1776 2379 1821 2402 se-

1082 2440 1158 2471 xus,
1194 2428 1265 2461 tacti
1299 2427 1410 2460 morbo
1440 2437 1494 2459 seu
1519 2425 1700 2457 infirmitate
1725 2422 1822 2455 sancti

1082 2483 1208 2516 Antonii
1233 2483 1431 2525 nuncupata7
1465 2480 1517 2523 qui
1549 2478 1763 2522 receptionem
1793 2477 1822 2509 in

1083 2537 1198 2571 nostris
1224 2535 1430 2579 hospitalibus
1456 2544 1510 2566 seu
1535 2532 1714 2565 mansiones
1744 2535 1822 2563 tam—

1083 2601 1176 2635 quam
1201 2589 1336 2622 infirmis
1360 2592 1389 2622 et
1414 2586 1563 2620 mutilatis
1592 2585 1651 2618 sibi
1676 2585 1744 2617 dari
1769 2594 1823 2617 seu

1083 2645 1236 2689 assignari
1256 2643 1493 2689 postulaverint,
1519 2647 1685 2685 antequam
1701 2640 1732 2673 in
1750 2639 1824 2682 ipsis

1833 1389 1858 1409 bii

1710 222 1774 257 419
1820 231 1870 258 An.
1886 230 1914 257 C.
1937 230 2005 258 1534

1860 1361 1889 1381 De
1907 1359 2016 1386 hospitali-
