2248 3229
189 219 238 245 An.
256 219 283 247 c,
307 220 372 248 1637
420 205 483 246 626

388 269 497 304 dentes
533 280 598 304 esse
630 270 789 314 principes
818 271 946 303 maioris
969 273 1125 315 potentiae

386 328 518 366 propter
542 323 679 364 insignes
715 323 946 356 iurisdictiones
970 334 1046 367 quas
1071 324 1125 357 ha-

386 374 522 408 buerunt
546 380 575 406 et
600 375 714 407 habent
739 375 786 407 vel
811 375 1017 419 imposterum
1035 377 1125 410 habe-

385 426 464 459 bunt
490 427 520 459 in
538 427 602 459 suis
631 427 801 460 ditionibus
819 433 905 462 extra
930 430 1122 472 praedictum

385 479 503 512 Statum
523 479 774 513 Ecclesiastieum
795 482 1046 523 consistentibus,
1061 493 1123 516 non

384 537 489 564 tamen
502 532 601 565 eidem
614 533 710 566 Statui
727 534 944 568 Ecclesiastico
957 537 1121 578 contiguis,

384 594 438 617 seu
466 586 686 626 conterminis,
714 587 913 621 residentiam
942 590 1120 622 continuam

383 637 440 669 sibi
465 639 703 679 constituerunt,
722 640 769 672 vel
795 640 824 672 in
847 641 986 674 futurum
1011 643 1123 676 consti-

381 696 483 732 luent⁷
509 702 545 724 ac
576 692 669 725 etiam
702 694 839 737 exceptis
872 694 955 736 illis⁷
980 696 1034 738 qui
1067 707 1121 728 seu

381 754 515 787 quorum
541 746 676 779 maiores
694 747 781 790 prius
806 748 837 779 in
862 749 975 781 exteris
996 749 1118 782 ditioni-

380 797 438 830 bus
462 809 555 842 quam
581 800 612 832 in
642 800 727 833 Statu
753 801 971 835 Ecclesiastico
1001 804 1119 837 habue-

379 856 454 886 runt
478 856 507 886 et
531 853 665 895 habent,
691 855 737 886 vel
763 855 921 889 habebunt
945 858 1119 900 possessio-

379 914 449 938 nem
465 907 619 939 actualem
638 907 942 942 iurisdictionalium.

422 958 438 1002 ἓ
462 957 491 991 8.
518 959 654 993 Ulterius
679 961 832 1002 volumus,
858 963 955 1006 quod,
981 965 1119 1008 exceptis

378 1011 556 1055 praedictis,
574 1013 688 1058 reliqui
714 1025 823 1048 omnes
840 1021 869 1048 et
884 1017 1007 1059 singuli,
1026 1018 1118 1050 etiam

378 1063 497 1097 indulta
514 1071 544 1098 et
564 1066 704 1099 licentias
723 1067 903 1101 huiusmodi
922 1069 1071 1102 habentes
1089 1076 1119 1103 et

378 1117 804 1163 iurisdictionaliapraedicta
814 1121 1116 1165 SedisApostolicae⁷

378 1180 432 1203 seu
443 1171 646 1205 ecclesiarum
659 1172 853 1216 inferiorum,
865 1174 895 1206 in
906 1175 1015 1207 eodem
1030 1176 1116 1209 Statu

377 1222 594 1258 Ecclesiastico
604 1225 670 1267 sita,
685 1235 767 1258 nunc
781 1232 809 1259 et
819 1237 877 1270 pro
896 1233 1037 1271 tempore
1050 1240 1117 1273 pos-

377 1275 522 1316 sidentes,
549 1278 596 1310 vel
620 1278 679 1310 alia
696 1279 829 1312 ubilibet
846 1279 876 1312 in
898 1281 1008 1314 eodem
1029 1282 1116 1315 Statu

375 1328 594 1363 Ecclesiastico
619 1331 828 1374 consistentia,
849 1334 1055 1377 praecedente
1076 1341 1116 1368 ta-

376 1391 447 1414 men
471 1382 596 1417 lieentia
621 1385 812 1427 apostolica,
845 1392 996 1428 ementes,
1021 1388 1114 1421 etiam

375 1435 432 1467 sub
460 1435 571 1477 hasta,
596 1442 648 1472 aut
672 1439 748 1471 alias
772 1440 882 1483 quovis
907 1441 996 1474 titulo
1021 1443 1112 1476 etiam

375 1488 455 1522 dotis
479 1491 686 1534 acquirentes,
711 1503 885 1537 eorumque
909 1495 1060 1528 haeredes
1085 1502 1114 1528 et

374 1551 582 1584 successores,
607 1550 772 1578 teneantur
792 1547 898 1579 venire
915 1548 953 1579 ad
974 1548 1114 1580 habitan-

374 1594 447 1628 dum
468 1607 541 1630 vere
566 1603 594 1630 et
620 1599 828 1641 personaliter
849 1611 919 1633 cum
946 1611 1055 1634 eorum
1074 1602 1113 1634 sa—

374 1649 469 1682 miliis
494 1654 522 1683 et
543 1650 660 1684 laribus
679 1652 708 1684 in
726 1652 836 1685 eodem
862 1653 948 1687 Statu
962 1655 1112 1687 Ecclesia-

374 1701 450 1734 stico
474 1702 555 1735 infra
579 1714 693 1737 annum
713 1706 892 1748 proximum
912 1717 928 1738 a
955 1707 1003 1739 die
1022 1707 1112 1739 datae

372 1756 582 1796 praesentium
605 1763 633 1790 et
654 1759 827 1801 respective
856 1769 873 1791 a
900 1759 949 1791 die
971 1761 1108 1802 acquisi-

371 1806 465 1839 tionis
497 1818 551 1841 seu
575 1809 704 1852 adeptae
729 1811 935 1853 possessionis
970 1812 1110 1855 ipsorum

372 1859 665 1894 iurisdictionaliurn
689 1862 930 1905 decurrendum,
954 1864 1024 1897 inde
1049 1875 1111 1898 non

370 1915 536 1955 recessuri,
551 1915 596 1947 rel
616 1915 695 1947 infra
709 1917 853 1949 eumdem
869 1927 983 1949 annum
1002 1918 1110 1951 eadem

370 1966 637 2009 iurisdictionalia,
653 1969 859 2012 praecedente
870 1971 1008 2013 praefata
1020 1967 1127 2004 licen-³

1125 2024 1256 2065 motari,
1282 2024 1475 2067 impugnari,
1502 2025 1684 2066 invahdari,
1709 2026 1884 2066 retractari,

370 2018 413 2050 tia
433 2021 613 2063 apostolica,
633 2022 663 2053 in
687 2022 782 2054 alium
801 2023 847 2055 vel
872 2023 950 2055 alios
969 2024 1109 2057 subditos

370 2077 400 2104 et
416 2072 605 2107 habitatores
625 2075 804 2117 transferre,
823 2076 896 2108 alias
916 2077 947 2108 in
964 2083 1107 2109 eventum

370 2128 643 2168 contraventionis,
661 2139 715 2161 seu
741 2129 980 2170 inobedientiae,
1000 2131 1030 2163 in
1047 2142 1109 2164 eas-

369 2178 439 2212 dem
464 2190 591 2223 poenas,
617 2181 708 2214 etiam
733 2182 916 2225 privationis
941 2189 970 2216 et
995 2184 1108 2217 confis-

369 2232 499 2266 cationis
523 2235 705 2267 eorumdem
731 2235 1045 2277 iurisdictionalium,
1071 2248 1107 2271 eo

367 2284 435 2327 ipso
459 2286 577 2329 pariter
601 2287 638 2319 ad
663 2288 801 2320 favorem
824 2299 965 2322 camerae
983 2295 1108 2333 aposto-

367 2337 443 2371 licae
462 2344 492 2371 et
510 2340 682 2383 respective
699 2341 902 2374 ecclesiarum
921 2342 1105 2376 inferiorum

367 2392 579 2432 praefatarum
598 2393 744 2427 incidant.
764 2394 915 2427 Fon-enses
934 2406 1018 2435 vero,
1043 2397 1106 2429 sive

367 2448 497 2485 exteros,
509 2446 546 2478 ad
557 2446 701 2480 effectum
716 2448 898 2491 praesentis,
910 2449 1105 2492 aliarumque

367 2499 623 2532 constitutionum
648 2501 891 2543 praedictarum,
914 2502 983 2534 illos
1004 2502 1105 2546 impo-

365 2556 483 2584 sterum
501 2563 563 2586 non
585 2563 651 2586 esse
668 2564 725 2587 nec
743 2556 808 2587 sore
826 2555 1032 2596 declaramus,
1051 2557 1104 2599 qui

366 2604 456 2637 nobis
484 2616 519 2637 ac
544 2606 643 2639 dictae
669 2607 738 2641 Sodi
768 2608 888 2641 ratione
921 2610 1104 2652 temporalis

971 225 1150 249 BULLARTUM
1174 218 1328 250 Romnum

1160 272 1386 306 iurisdictionis
1421 273 1525 307 Status
1559 275 1658 308 nostri
1688 275 1896 309 Ecclesiastici

1159 325 1273 359 subditi
1298 331 1328 358 et
1352 326 1503 369 suppositi
1528 327 1599 367 sint,
1620 327 1667 359 vel
1691 329 1745 371 qui
1769 329 1897 361 domici-

1159 378 1233 410 lium
1264 379 1295 411 in
1324 390 1360 413 eo
1392 380 1530 422 legitime
1555 381 1788 422 contraxerint,
1812 382 1896 425 quod

1158 431 1352 464 domicilium
1378 433 1560 476 requiratur
1584 433 1678 465 etiam
1703 433 1806 477 quoad
1830 445 1896 477 pos-

1158 484 1292 517 sidentes
1318 485 1348 517 in
1373 486 1483 518 eodem
1509 486 1594 519 Statu
1612 486 1829 519 Ecclesiastico
1845 487 1896 519 ali-

1157 547 1250 580 quam
1277 538 1536 579 iurisdictionem,
1554 539 1602 572 vel
1619 539 1672 582 qui
1690 539 1720 571 in
1736 539 1895 582 praedicto

1157 589 1241 622 Statu
1267 590 1484 624 Ecclesiastico
1502 618 1510 632 ‚
1541 591 1635 624 etiam
1666 592 1894 632 Avenionensi‚

1157 643 1344 676 Bononiensi
1365 650 1394 676 et
1420 644 1645 685 Beneventano,
1670 650 1700 678 et
1724 645 1804 678 intra
1829 645 1896 678 eius

1157 695 1279 738 limites,
1311 707 1373 730 non
1402 703 1506 730 tamen
1539 698 1571 730 in
1602 698 1679 731 locis
1710 698 1894 731 eorumdem

1156 749 1332 793 principum
1358 750 1486 783 maioris
1510 751 1678 794 potentiae,
1695 752 1743 784 vel
1764 761 1893 785 suorum

1155 803 1398 846 praedictorum,
1418 804 1482 836 nati
1507 804 1577 836 sint.
1602 805 1659 843 Qui
1683 810 1787 838 autem
1811 815 1894 838 nunc

1155 862 1184 888 et
1208 867 1266 899 pro
1291 861 1432 900 tempore
1449 857 1510 890 sint
1527 858 1574 890 vel
1594 858 1711 890 suerint
1735 858 1894 901 principes

1155 910 1282 942 maioris
1308 910 1482 953 potentiae,
1507 910 1629 943 etiamsi
1653 911 1711 954 ipsi
1737 921 1753 943 a
1778 911 1895 943 rituali-

1155 962 1211 995 bus
1226 968 1255 995 et
1269 963 1376 995 diariis
1390 963 1477 996 Sedis
1489 964 1685 1007 Apostolicae
1705 963 1891 1005 indicentur,

1153 1015 1397 1049 declarationem
1415 1022 1520 1049 tamen
1540 1016 1667 1049 illorum
1688 1016 1727 1049 ad
1748 1017 1893 1050 effectum

1154 1069 1338 1111 praesentis,
1354 1069 1550 1113 aliarumque
1574 1070 1807 1113 praedictarum
1821 1080 1893 1103 con-

1153 1122 1348 1155 stitutionum
1372 1122 1463 1156 nobis
1480 1129 1510 1156 et
1525 1123 1673 1156 Romanis
1690 1124 1892 1157 Pontificibus

1152 1175 1386 1208 successoribus
1417 1176 1532 1210 nostris
1557 1187 1773 1218 reservamus,
1797 1183 1892 1221 prout

1152 1228 1242 1260 etiam
1267 1238 1465 1261 reservamus
1496 1229 1740 1263 declarationem
1765 1230 1891 1263 iurisdi-

1151 1280 1289 1313 ctionum
1304 1281 1483 1324 insignium,
1498 1282 1612 1325 quibus
1629 1283 1724 1316 suerit
1740 1283 1890 1316 hactenus

1151 1334 1328 1374 constituta,
1337 1335 1384 1366 vel
1395 1335 1601 1378 imposterum
1612 1335 1820 1368 constituetur
1833 1346 1890 1379 per

1149 1387 1307 1431 principes
1322 1388 1472 1421 habitatio
1493 1389 1662 1432 praedicta.

1194 1440 1208 1483 ξ
1233 1439 1262 1473 9.
1289 1441 1470 1474 Praesentes
1502 1452 1627 1486 quoque
1658 1442 1795 1484 litteras,
1820 1453 1889 1477 om-

1148 1494 1261 1537 niaque
1287 1499 1316 1526 et
1339 1494 1463 1537 singula
1487 1495 1519 1527 in
1543 1495 1588 1528 eis
1612 1500 1769 1537 contenta,
1794 1498 1886 1529 etiam

1148 1557 1183 1579 ex
1205 1558 1242 1580 eo
1262 1547 1345 1590 quod
1366 1548 1557 1591 quicumque
1576 1548 1608 1580 in
1632 1549 1813 1592 praemissis
1833 1560 1888 1582 seu

1148 1610 1258 1633 eorum
1283 1601 1388 1644 aliquo
1414 1601 1565 1634 interesse
1582 1601 1742 1642 habentes,
1760 1613 1814 1635 seu
1835 1603 1888 1635 ha-

1148 1654 1222 1685 bere
1248 1654 1486 1696 quomodolibet
1509 1655 1764 1697 praetendentes,
1788 1655 1826 1688 ad
1851 1666 1886 1687 ea

1147 1706 1276 1738 minime
1302 1707 1400 1739 vocati
1427 1712 1456 1739 et
1480 1707 1595 1747 auditi,
1621 1708 1789 1751 minusque
1814 1719 1886 1741 cau-

1147 1770 1208 1797 sae,
1226 1765 1357 1802 propter
1373 1770 1449 1803 quas
1464 1760 1589 1792 eaedem
1608 1766 1789 1804 praesentes
1807 1772 1887 1794 ema-

1127 1837 1128 1840 ,
1146 1811 1259 1851 narint,
1280 1812 1464 1844 iustificatae
1484 1812 1609 1852 fuerint,
1629 1813 1716 1846 nullo
1736 1823 1884 1856 umquam

1146 1870 1287 1908 tempore
1312 1865 1350 1897 de
1374 1865 1587 1908 subreptionis
1610 1866 1655 1898 vel
1681 1866 1885 1910 obreptionis,

1146 1928 1199 1949 seu
1228 1918 1378 1950 nullitatis
1406 1923 1459 1950 aut
1485 1918 1685 1952 invaliditatis
1710 1919 1802 1960 vitio,
1831 1930 1885 1952 seu

1146 1971 1325 2004 intentionis
1338 1977 1474 2012 nostrae,
1492 1977 1545 2004 aut
1559 1972 1619 2005 alio
1636 1973 1746 2015 quovis
1763 1972 1884 2006 defectu

1145 2077 1173 2108 in
1200 2077 1246 2109 ius
1278 2078 1325 2110 vel
1351 2078 1599 2110 controversiam
1617 2079 1758 2112 revocari
1779 2089 1882 2122 posse,

1144 2140 1178 2162 ac
1197 2140 1254 2173 per
1278 2140 1387 2163 omnes
1405 2136 1434 2163 et
1447 2130 1596 2173 singulos,
1614 2131 1652 2164 ad
1670 2142 1748 2175 quos
1765 2138 1884 2175 spectat

1143 2188 1172 2216 et
1197 2183 1434 2227 quomodolibet
1451 2184 1611 2228 spectabit,
1633 2184 1663 2217 in
1678 2185 1819 2218 futurum
1839 2185 1883 2218 in-

1142 2236 1331 2269 violabiliter
1347 2237 1507 2270 observari
1521 2248 1529 2277 3

1186 2290 1200 2333 g
1225 2290 1276 2323 tt).
1302 2291 1413 2334 Sicque
1428 2296 1457 2323 et
1474 2301 1536 2324 non
1562 2292 1651 2324 aliter
1676 2291 1707 2325 in
1732 2292 1882 2336 praemis-

1141 2340 1182 2372 sis
1202 2340 1348 2374 omnibus
1375 2347 1404 2374 et
1429 2342 1559 2384 singulis
1583 2353 1640 2386 per
1663 2353 1880 2386 quoscumque

1141 2394 1259 2426 iudices
1298 2394 1475 2427 ordinarios
1509 2401 1539 2428 et
1573 2395 1754 2438 delegatos,
1787 2397 1878 2429 etiam

1141 2457 1306 2479 causarum
1332 2448 1439 2491 palatii
1464 2449 1626 2491 apostolici
1651 2449 1821 2490 auditores,
1850 2455 1877 2482 et

1140 2500 1272 2533 clericos
1286 2511 1429 2533 camerae
1449 2501 1638 2544 apostolicae
1654 2502 1876 2545 praesidentes,

1140 2553 1329 2586 cardinalem
1361 2554 1580 2595 camerarium,
1605 2560 1635 2587 et
1662 2565 1877 2598 quoscumque

1138 2607 1226 2648 alios,
1252 2607 1344 2640 etiam
1370 2607 1397 2639 S.
1418 2608 1451 2640 P..
1470 2607 1502 2639 E.
1521 2607 1704 2648 cardinales,
1722 2607 1813 2639 etiam
1839 2607 1876 2640 de

1911 220 1959 255 lin.
1977 227 2004 254 c.
2027 224 2093 256 1637

1914 1451 2020 1472 cinximus
2029 1458 2089 1478 prae·

1904 1483 2019 1525 {etrum-as
2051 1480 2089 1499 ad·

1904 1515 1907 1523 ι
1920 1512 1923 1524 Ι
1937 1521 1941 1526 .

1923 2298 2020 2319 Clausala
2035 2298 2080 2319 sub-

1897 2325 1942 2345 (αια,
