<?xml version="1.0" encoding="UTF-8"?>
<!DOCTYPE html PUBLIC "-//W3C//DTD XHTML 1.0 Transitional//EN"
    "http://www.w3.org/TR/xhtml1/DTD/xhtml1-transitional.dtd">
<html xmlns="http://www.w3.org/1999/xhtml" xml:lang="en" lang="en">
 <head>
  <title>
</title>
<meta http-equiv="Content-Type" content="text/html;charset=utf-8" />
  <meta name='ocr-system' content='tesseract 3.04.00' />
  <meta name='ocr-capabilities' content='ocr_page ocr_carea ocr_par ocr_line ocrx_word'/>
</head>
<body>
  <div class='ocr_page' id='page_1' title='image "./bullarumdiplomat14cath_0860.png"; bbox 0 0 2248 3229; ppageno 0'>
   <div class='ocr_carea' id='block_1_1' title="bbox 224 242 401 269">
    <p class='ocr_par' dir='ltr' id='par_1_1' title="bbox 224 242 401 269">
     <span class='ocr_line' id='line_1_1' title="bbox 224 242 401 269; baseline 0 -2"><span class='ocrx_word' id='word_1_1' title='bbox 224 243 270 268; x_wconf 61' lang='grc'><strong>«111.</strong></span> <span class='ocrx_word' id='word_1_2' title='bbox 283 243 310 269; x_wconf 65' lang='lat' dir='ltr'>(j.</span> <span class='ocrx_word' id='word_1_3' title='bbox 337 242 401 269; x_wconf 75' lang='lat'>1639</span> 
     </span>
    </p>
   </div>
   <div class='ocr_carea' id='block_1_2' title="bbox 223 519 405 566">
    <p class='ocr_par' dir='ltr' id='par_1_2' title="bbox 223 519 405 566">
     <span class='ocr_line' id='line_1_2' title="bbox 262 519 405 544; baseline 0.007 -6"><span class='ocrx_word' id='word_1_4' title='bbox 262 519 405 544; x_wconf 65' lang='lat' dir='ltr'>Transiuuptis</span> 
     </span>
     <span class='ocr_line' id='line_1_3' title="bbox 223 546 385 566; baseline -0.006 0"><span class='ocrx_word' id='word_1_5' title='bbox 223 546 279 566; x_wconf 71' lang='lat' dir='ltr'>rredi</span> <span class='ocrx_word' id='word_1_6' title='bbox 295 547 385 566; x_wconf 69' lang='lat' dir='ltr'>mandat.</span> 
     </span>
    </p>
   </div>
   <div class='ocr_carea' id='block_1_3' title="bbox 250 1634 390 1656">
    <p class='ocr_par' dir='ltr' id='par_1_3' title="bbox 250 1634 390 1656">
     <span class='ocr_line' id='line_1_4' title="bbox 250 1634 390 1656; baseline 0.007 -1"><span class='ocrx_word' id='word_1_7' title='bbox 250 1634 390 1656; x_wconf 77' lang='lat' dir='ltr'><strong>Prooemium.</strong></span> 
     </span>
    </p>
   </div>
   <div class='ocr_carea' id='block_1_4' title="bbox 228 2221 409 2271">
    <p class='ocr_par' dir='ltr' id='par_1_4' title="bbox 228 2221 409 2271">
     <span class='ocr_line' id='line_1_5' title="bbox 253 2221 409 2243; baseline 0.026 -4"><span class='ocrx_word' id='word_1_8' title='bbox 253 2221 334 2242; x_wconf 64' lang='lat' dir='ltr'>Causae</span> <span class='ocrx_word' id='word_1_9' title='bbox 348 2222 409 2243; x_wconf 78' lang='lat' dir='ltr'>buius</span> 
     </span>
     <span class='ocr_line' id='line_1_6' title="bbox 228 2247 392 2271; baseline 0.03 -5"><span class='ocrx_word' id='word_1_10' title='bbox 228 2247 392 2271; x_wconf 58' lang='lat' dir='ltr'>‘teir-titutionis.</span> 
     </span>
    </p>
   </div>
   <div class='ocr_carea' id='block_1_5' title="bbox 450 234 511 266">
    <p class='ocr_par' dir='ltr' id='par_1_5' title="bbox 450 234 511 266">
     <span class='ocr_line' id='line_1_7' title="bbox 450 234 511 266; baseline -0.049 0"><span class='ocrx_word' id='word_1_11' title='bbox 450 234 511 266; x_wconf 65' lang='lat'>746</span> 
     </span>
    </p>
   </div>
   <div class='ocr_carea' id='block_1_6' title="bbox 419 289 1161 1081">
    <p class='ocr_par' dir='ltr' id='par_1_6' title="bbox 421 289 1161 492">
     <span class='ocr_line' id='line_1_8' title="bbox 421 289 1160 333; baseline -0.003 -9"><span class='ocrx_word' id='word_1_12' title='bbox 421 297 476 332; x_wconf 77' lang='lat' dir='ltr'>tes,</span> <span class='ocrx_word' id='word_1_13' title='bbox 494 291 552 323; x_wconf 90' lang='lat' dir='ltr'>illis</span> <span class='ocrx_word' id='word_1_14' title='bbox 572 291 646 323; x_wconf 81' lang='lat' dir='ltr'>alias</span> <span class='ocrx_word' id='word_1_15' title='bbox 664 291 694 322; x_wconf 88' lang='lat' dir='ltr'>in</span> <span class='ocrx_word' id='word_1_16' title='bbox 712 300 768 322; x_wconf 87' lang='lat' dir='ltr'>suo</span> <span class='ocrx_word' id='word_1_17' title='bbox 793 289 908 322; x_wconf 86' lang='lat' dir='ltr'>robore</span> <span class='ocrx_word' id='word_1_18' title='bbox 930 289 1160 333; x_wconf 80' lang='lat' dir='ltr'>permansuris,</span> 
     </span>
     <span class='ocr_line' id='line_1_9' title="bbox 421 342 1161 387; baseline 0 -11"><span class='ocrx_word' id='word_1_19' title='bbox 421 343 459 376; x_wconf 89' lang='lat' dir='ltr'>ad</span> <span class='ocrx_word' id='word_1_20' title='bbox 483 343 729 387; x_wconf 85' lang='lat' dir='ltr'>praemissorum</span> <span class='ocrx_word' id='word_1_21' title='bbox 751 342 906 384; x_wconf 77' lang='lat' dir='ltr'>effectum,</span> <span class='ocrx_word' id='word_1_22' title='bbox 928 342 1106 386; x_wconf 73' lang='lat' dir='ltr'>specialiter</span> <span class='ocrx_word' id='word_1_23' title='bbox 1131 348 1161 376; x_wconf 88' lang='lat' dir='ltr'>et</span> 
     </span>
     <span class='ocr_line' id='line_1_10' title="bbox 422 395 1160 441; baseline 0.003 -14"><span class='ocrx_word' id='word_1_24' title='bbox 422 407 567 441; x_wconf 78' lang='lat' dir='ltr'>expresse</span> <span class='ocrx_word' id='word_1_25' title='bbox 596 396 806 438; x_wconf 74' lang='lat' dir='ltr'>derogamus3</span> <span class='ocrx_word' id='word_1_26' title='bbox 833 395 1009 439; x_wconf 83' lang='lat' dir='ltr'>ceterisque</span> <span class='ocrx_word' id='word_1_27' title='bbox 1037 400 1160 429; x_wconf 90' lang='lat' dir='ltr'>contra-</span> 
     </span>
     <span class='ocr_line' id='line_1_11' title="bbox 421 449 755 492; baseline -0.006 -10"><span class='ocrx_word' id='word_1_28' title='bbox 421 450 475 482; x_wconf 86' lang='lat' dir='ltr'>riis</span> <span class='ocrx_word' id='word_1_29' title='bbox 495 449 755 492; x_wconf 86' lang='lat' dir='ltr'>quibuscumque.</span> 
     </span>
    </p>

    <p class='ocr_par' dir='ltr' id='par_1_7' title="bbox 419 502 1160 855">
     <span class='ocr_line' id='line_1_12' title="bbox 464 502 1159 546; baseline 0.003 -12"><span class='ocrx_word' id='word_1_30' title='bbox 464 503 479 546; x_wconf 64' lang='lat' dir='ltr'>g</span> <span class='ocrx_word' id='word_1_31' title='bbox 503 502 532 534; x_wconf 73' lang='lat' dir='ltr'>c.</span> <span class='ocrx_word' id='word_1_32' title='bbox 558 502 707 534; x_wconf 76' lang='lat' dir='ltr'>Volumus</span> <span class='ocrx_word' id='word_1_33' title='bbox 732 507 853 543; x_wconf 72' lang='lat' dir='ltr'>autem,</span> <span class='ocrx_word' id='word_1_34' title='bbox 881 508 911 535; x_wconf 92' lang='lat' dir='ltr'>ut</span> <span class='ocrx_word' id='word_1_35' title='bbox 944 503 1159 546; x_wconf 87' lang='lat' dir='ltr'>praesentium</span> 
     </span>
     <span class='ocr_line' id='line_1_13' title="bbox 421 555 1160 599; baseline 0.003 -12"><span class='ocrx_word' id='word_1_36' title='bbox 421 555 639 599; x_wconf 77' lang='lat' dir='ltr'>transumptis,</span> <span class='ocrx_word' id='word_1_37' title='bbox 666 555 758 587; x_wconf 87' lang='lat' dir='ltr'>etiam</span> <span class='ocrx_word' id='word_1_38' title='bbox 784 555 960 599; x_wconf 71' lang='lat' dir='ltr'>impressis,</span> <span class='ocrx_word' id='word_1_39' title='bbox 985 566 1080 588; x_wconf 90' lang='lat' dir='ltr'>manu</span> <span class='ocrx_word' id='word_1_40' title='bbox 1105 557 1160 589; x_wconf 87' lang='lat' dir='ltr'>ali-</span> 
     </span>
     <span class='ocr_line' id='line_1_14' title="bbox 420 608 1160 652; baseline 0.003 -12"><span class='ocrx_word' id='word_1_41' title='bbox 420 608 508 641; x_wconf 82' lang='lat' dir='ltr'>euius</span> <span class='ocrx_word' id='word_1_42' title='bbox 520 608 633 641; x_wconf 85' lang='lat' dir='ltr'>notarii</span> <span class='ocrx_word' id='word_1_43' title='bbox 644 608 840 652; x_wconf 72' lang='lat' dir='ltr'>subscriptis,</span> <span class='ocrx_word' id='word_1_44' title='bbox 849 613 879 641; x_wconf 87' lang='lat' dir='ltr'>et</span> <span class='ocrx_word' id='word_1_45' title='bbox 896 608 998 651; x_wconf 77' lang='lat' dir='ltr'>sigillo</span> <span class='ocrx_word' id='word_1_46' title='bbox 1008 619 1160 652; x_wconf 88' lang='lat' dir='ltr'>personae</span> 
     </span>
     <span class='ocr_line' id='line_1_15' title="bbox 420 660 1160 704; baseline 0.003 -11"><span class='ocrx_word' id='word_1_47' title='bbox 420 661 551 694; x_wconf 86' lang='lat' dir='ltr'>alicuius</span> <span class='ocrx_word' id='word_1_48' title='bbox 577 660 608 693; x_wconf 92' lang='lat' dir='ltr'>in</span> <span class='ocrx_word' id='word_1_49' title='bbox 632 660 783 704; x_wconf 75' lang='lat' dir='ltr'>dignitate</span> <span class='ocrx_word' id='word_1_50' title='bbox 808 661 1019 694; x_wconf 77' lang='lat' dir='ltr'>ecclesiastica</span> <span class='ocrx_word' id='word_1_51' title='bbox 1045 663 1160 695; x_wconf 87' lang='lat' dir='ltr'>consti-</span> 
     </span>
     <span class='ocr_line' id='line_1_16' title="bbox 421 713 1160 758; baseline 0.003 -11"><span class='ocrx_word' id='word_1_52' title='bbox 421 719 503 748; x_wconf 89' lang='lat' dir='ltr'>tutae</span> <span class='ocrx_word' id='word_1_53' title='bbox 527 713 666 756; x_wconf 84' lang='lat' dir='ltr'>munitis,</span> <span class='ocrx_word' id='word_1_54' title='bbox 682 714 790 747; x_wconf 88' lang='lat' dir='ltr'>eadem</span> <span class='ocrx_word' id='word_1_55' title='bbox 820 725 951 758; x_wconf 86' lang='lat' dir='ltr'>prorsus</span> <span class='ocrx_word' id='word_1_56' title='bbox 975 715 1160 749; x_wconf 86' lang='lat' dir='ltr'>adhibeatur</span> 
     </span>
     <span class='ocr_line' id='line_1_17' title="bbox 420 768 1160 812; baseline 0.005 -12"><span class='ocrx_word' id='word_1_57' title='bbox 420 768 514 809; x_wconf 84' lang='lat' dir='ltr'>fides,</span> <span class='ocrx_word' id='word_1_58' title='bbox 539 778 618 812; x_wconf 86' lang='lat' dir='ltr'>quae</span> <span class='ocrx_word' id='word_1_59' title='bbox 642 769 861 812; x_wconf 85' lang='lat' dir='ltr'>praesentibus</span> <span class='ocrx_word' id='word_1_60' title='bbox 887 769 1110 812; x_wconf 77' lang='lat' dir='ltr'>adhiberetur,</span> <span class='ocrx_word' id='word_1_61' title='bbox 1136 771 1160 803; x_wconf 83' lang='lat' dir='ltr'>si</span> 
     </span>
     <span class='ocr_line' id='line_1_18' title="bbox 419 821 932 855; baseline 0 -1"><span class='ocrx_word' id='word_1_62' title='bbox 419 822 521 854; x_wconf 83' lang='lat' dir='ltr'>forent</span> <span class='ocrx_word' id='word_1_63' title='bbox 540 821 696 854; x_wconf 73' lang='lat' dir='ltr'>exhibitae</span> <span class='ocrx_word' id='word_1_64' title='bbox 714 822 761 854; x_wconf 88' lang='lat' dir='ltr'>vel</span> <span class='ocrx_word' id='word_1_65' title='bbox 779 827 932 855; x_wconf 84' lang='lat' dir='ltr'>ostensae.</span> 
     </span>
    </p>

    <p class='ocr_par' dir='ltr' id='par_1_8' title="bbox 419 874 1160 1025">
     <span class='ocr_line' id='line_1_19' title="bbox 462 874 1160 918; baseline 0.007 -12"><span class='ocrx_word' id='word_1_66' title='bbox 462 874 573 907; x_wconf 89' lang='lat' dir='ltr'>Datum</span> <span class='ocrx_word' id='word_1_67' title='bbox 599 875 727 917; x_wconf 83' lang='lat' dir='ltr'>Romae,</span> <span class='ocrx_word' id='word_1_68' title='bbox 752 875 834 918; x_wconf 90' lang='lat' dir='ltr'>apud</span> <span class='ocrx_word' id='word_1_69' title='bbox 859 875 888 908; x_wconf 82' lang='lat' dir='ltr'>S.</span> <span class='ocrx_word' id='word_1_70' title='bbox 914 875 1041 908; x_wconf 86' lang='lat' dir='ltr'>Mariam</span> <span class='ocrx_word' id='word_1_71' title='bbox 1067 877 1160 911; x_wconf 82' lang='lat' dir='ltr'>Maio-</span> 
     </span>
     <span class='ocr_line' id='line_1_20' title="bbox 419 927 1159 969; baseline 0.004 -9"><span class='ocrx_word' id='word_1_72' title='bbox 419 938 496 968; x_wconf 84' lang='lat' dir='ltr'>rem,</span> <span class='ocrx_word' id='word_1_73' title='bbox 511 927 570 960; x_wconf 87' lang='lat' dir='ltr'>sub</span> <span class='ocrx_word' id='word_1_74' title='bbox 588 928 703 961; x_wconf 85' lang='lat' dir='ltr'>annulo</span> <span class='ocrx_word' id='word_1_75' title='bbox 722 928 899 969; x_wconf 74' lang='lat' dir='ltr'>piscatoris,</span> <span class='ocrx_word' id='word_1_76' title='bbox 914 929 963 962; x_wconf 89' lang='lat' dir='ltr'>die</span> <span class='ocrx_word' id='word_1_77' title='bbox 984 930 1075 963; x_wconf 74' lang='lat' dir='ltr'><strong>xx111¹</strong></span> <span class='ocrx_word' id='word_1_78' title='bbox 1093 931 1159 964; x_wconf 91' lang='lat' dir='ltr'>iulii</span> 
     </span>
     <span class='ocr_line' id='line_1_21' title="bbox 419 982 1114 1025; baseline 0.003 -11"><span class='ocrx_word' id='word_1_79' title='bbox 419 990 588 1022; x_wconf 73' lang='lat' dir='ltr'>iiocxxxix,</span> <span class='ocrx_word' id='word_1_80' title='bbox 606 982 807 1025; x_wconf 82' lang='lat' dir='ltr'>pontificatus</span> <span class='ocrx_word' id='word_1_81' title='bbox 831 983 931 1015; x_wconf 81' lang='lat' dir='ltr'>nostri</span> <span class='ocrx_word' id='word_1_82' title='bbox 956 993 1037 1017; x_wconf 89' lang='lat' dir='ltr'>anno</span> <span class='ocrx_word' id='word_1_83' title='bbox 1051 993 1114 1016; x_wconf 72' lang='lat' dir='ltr'>xvi.</span> 
     </span>
    </p>

    <p class='ocr_par' dir='ltr' id='par_1_9' title="bbox 456 1043 1128 1081">
     <span class='ocr_line' id='line_1_22' title="bbox 456 1043 1128 1081; baseline 0.006 -11"><span class='ocrx_word' id='word_1_84' title='bbox 456 1043 513 1071; x_wconf 87' lang='lat' dir='ltr'>Dat.</span> <span class='ocrx_word' id='word_1_85' title='bbox 530 1043 573 1071; x_wconf 87' lang='lat' dir='ltr'>die</span> <span class='ocrx_word' id='word_1_86' title='bbox 589 1044 622 1072; x_wconf 67' lang='lat'>23</span> <span class='ocrx_word' id='word_1_87' title='bbox 636 1045 693 1080; x_wconf 85' lang='grc'><strong>(16)</strong></span> <span class='ocrx_word' id='word_1_88' title='bbox 712 1044 769 1072; x_wconf 87' lang='grc'><strong>111111</strong></span> <span class='ocrx_word' id='word_1_89' title='bbox 785 1044 862 1081; x_wconf 73' lang='grc'><strong>1639,</strong></span> <span class='ocrx_word' id='word_1_90' title='bbox 880 1045 973 1081; x_wconf 83' lang='lat' dir='ltr'>pontis.</span> <span class='ocrx_word' id='word_1_91' title='bbox 992 1054 1060 1074; x_wconf 82' lang='lat' dir='ltr'>anno</span> <span class='ocrx_word' id='word_1_92' title='bbox 1077 1053 1128 1074; x_wconf 64' lang='lat' dir='ltr'>xri.</span> 
     </span>
    </p>
   </div>
   <div class='ocr_carea' id='block_1_7' title="bbox 419 1162 1163 1479">
    <p class='ocr_par' dir='ltr' id='par_1_10' title="bbox 725 1162 845 1195">
     <span class='ocr_line' id='line_1_23' title="bbox 725 1162 845 1195; baseline 0 -1"><span class='ocrx_word' id='word_1_93' title='bbox 725 1162 845 1195; x_wconf 75' lang='lat' dir='ltr'>DCLIV.</span> 
     </span>
    </p>

    <p class='ocr_par' dir='ltr' id='par_1_11' title="bbox 419 1232 1163 1479">
     <span class='ocr_line' id='line_1_24' title="bbox 419 1232 1162 1276; baseline 0.005 -13"><span class='ocrx_word' id='word_1_94' title='bbox 419 1232 591 1264; x_wconf 76' lang='lat' dir='ltr'>Restitutio</span> <span class='ocrx_word' id='word_1_95' title='bbox 612 1237 749 1275; x_wconf 76' lang='lat' dir='ltr'>patrum</span> <span class='ocrx_word' id='word_1_96' title='bbox 771 1233 969 1276; x_wconf 67' lang='lat' dir='ltr'>provinciae,</span> <span class='ocrx_word' id='word_1_97' title='bbox 988 1238 1015 1266; x_wconf 83' lang='lat' dir='ltr'>et</span> <span class='ocrx_word' id='word_1_98' title='bbox 1040 1244 1162 1267; x_wconf 70' lang='lat' dir='ltr'>revoca-</span> 
     </span>
     <span class='ocr_line' id='line_1_25' title="bbox 465 1285 1160 1330; baseline 0.006 -13"><span class='ocrx_word' id='word_1_99' title='bbox 465 1285 508 1317; x_wconf 83' lang='lat' dir='ltr'>tio</span> <span class='ocrx_word' id='word_1_100' title='bbox 535 1296 590 1318; x_wconf 80' lang='lat' dir='ltr'>seu</span> <span class='ocrx_word' id='word_1_101' title='bbox 614 1286 792 1318; x_wconf 67' lang='lat' dir='ltr'>‘&#39;nesterotio</span> <span class='ocrx_word' id='word_1_102' title='bbox 819 1286 1055 1330; x_wconf 56' lang='lat' dir='ltr'>illotttsproprit&#39;</span> <span class='ocrx_word' id='word_1_103' title='bbox 1083 1288 1160 1321; x_wconf 78' lang='lat' dir='ltr'>Gre-</span> 
     </span>
     <span class='ocr_line' id='line_1_26' title="bbox 462 1339 1162 1383; baseline 0.004 -12"><span class='ocrx_word' id='word_1_104' title='bbox 462 1339 550 1382; x_wconf 70' lang='lat' dir='ltr'>yort&#39;i</span> <span class='ocrx_word' id='word_1_105' title='bbox 573 1340 637 1372; x_wconf 81' lang='lat' dir='ltr'>XV</span> <span class='ocrx_word' id='word_1_106' title='bbox 655 1350 714 1383; x_wconf 79' lang='lat' dir='ltr'>pro</span> <span class='ocrx_word' id='word_1_107' title='bbox 741 1341 803 1373; x_wconf 70' lang='lat' dir='ltr'>cotti</span> <span class='ocrx_word' id='word_1_108' title='bbox 827 1340 961 1383; x_wconf 61' lang='lat' dir='ltr'>familis?</span> <span class='ocrx_word' id='word_1_109' title='bbox 980 1341 1162 1374; x_wconf 74' lang='lat' dir='ltr'>ultramon-</span> 
     </span>
     <span class='ocr_line' id='line_1_27' title="bbox 465 1391 1163 1428; baseline 0.006 -4"><span class='ocrx_word' id='word_1_110' title='bbox 465 1393 542 1424; x_wconf 75' lang='grc' dir='ltr'>ἱαηᾶ</span> <span class='ocrx_word' id='word_1_111' title='bbox 568 1391 704 1426; x_wconf 69' lang='lat' dir='ltr'>Ordinis</span> <span class='ocrx_word' id='word_1_112' title='bbox 736 1393 905 1425; x_wconf 75' lang='lat' dir='ltr'>Minorum</span> <span class='ocrx_word' id='word_1_113' title='bbox 930 1394 1034 1426; x_wconf 77' lang='lat' dir='ltr'>sancti</span> <span class='ocrx_word' id='word_1_114' title='bbox 1059 1395 1163 1428; x_wconf 70' lang='lat' dir='ltr'>Frau-</span> 
     </span>
     <span class='ocr_line' id='line_1_28' title="bbox 465 1444 849 1479; baseline 0.003 -2"><span class='ocrx_word' id='word_1_115' title='bbox 465 1445 541 1477; x_wconf 80' lang='lat' dir='ltr'>eisci</span> <span class='ocrx_word' id='word_1_116' title='bbox 564 1444 602 1478; x_wconf 81' lang='lat' dir='ltr'>de</span> <span class='ocrx_word' id='word_1_117' title='bbox 628 1445 849 1479; x_wconf 67' lang='lat' dir='ltr'>observantia.</span> 
     </span>
    </p>
   </div>
   <div class='ocr_carea' id='block_1_8' title="bbox 570 1516 1012 1589">
    <p class='ocr_par' dir='ltr' id='par_1_12' title="bbox 570 1516 1012 1589">
     <span class='ocr_line' id='line_1_29' title="bbox 630 1516 968 1551; baseline 0.003 -8"><span class='ocrx_word' id='word_1_118' title='bbox 630 1516 766 1544; x_wconf 78' lang='lat' dir='ltr'>Urbanus</span> <span class='ocrx_word' id='word_1_119' title='bbox 787 1516 864 1550; x_wconf 81' lang='lat' dir='ltr'>Papa</span> <span class='ocrx_word' id='word_1_120' title='bbox 884 1518 968 1551; x_wconf 71' lang='lat' dir='ltr'>VIII,</span> 
     </span>
     <span class='ocr_line' id='line_1_30' title="bbox 570 1561 1012 1589; baseline 0.002 -1"><span class='ocrx_word' id='word_1_121' title='bbox 570 1561 606 1588; x_wconf 86' lang='lat' dir='ltr'>ad</span> <span class='ocrx_word' id='word_1_122' title='bbox 626 1561 760 1589; x_wconf 77' lang='lat' dir='ltr'>futuram</span> <span class='ocrx_word' id='word_1_123' title='bbox 775 1561 819 1589; x_wconf 82' lang='lat' dir='ltr'>rei</span> <span class='ocrx_word' id='word_1_124' title='bbox 834 1563 1012 1589; x_wconf 80' lang='lat' dir='ltr'>memoriam.</span> 
     </span>
    </p>
   </div>
   <div class='ocr_carea' id='block_1_9' title="bbox 422 1624 1164 1882">
    <p class='ocr_par' dir='ltr' id='par_1_13' title="bbox 422 1624 1164 1882">
     <span class='ocr_line' id='line_1_31' title="bbox 467 1624 1161 1668; baseline 0.001 -11"><span class='ocrx_word' id='word_1_125' title='bbox 467 1625 604 1658; x_wconf 86' lang='lat' dir='ltr'>Onerosa</span> <span class='ocrx_word' id='word_1_126' title='bbox 621 1624 788 1668; x_wconf 87' lang='lat' dir='ltr'>pastoralis</span> <span class='ocrx_word' id='word_1_127' title='bbox 806 1624 901 1658; x_wconf 78' lang='lat' dir='ltr'>officii</span> <span class='ocrx_word' id='word_1_128' title='bbox 919 1635 1004 1666; x_wconf 89' lang='lat' dir='ltr'>eura,</span> <span class='ocrx_word' id='word_1_129' title='bbox 1018 1625 1108 1658; x_wconf 82' lang='lat' dir='ltr'>nobis</span> <span class='ocrx_word' id='word_1_130' title='bbox 1126 1638 1161 1659; x_wconf 80' lang='lat' dir='ltr'>ex</span> 
     </span>
     <span class='ocr_line' id='line_1_32' title="bbox 422 1678 1161 1722; baseline 0.003 -12"><span class='ocrx_word' id='word_1_131' title='bbox 422 1678 494 1719; x_wconf 88' lang='lat' dir='ltr'>alto,</span> <span class='ocrx_word' id='word_1_132' title='bbox 520 1678 640 1711; x_wconf 86' lang='lat' dir='ltr'>meritis</span> <span class='ocrx_word' id='word_1_133' title='bbox 665 1678 737 1712; x_wconf 85' lang='lat' dir='ltr'>licet</span> <span class='ocrx_word' id='word_1_134' title='bbox 762 1678 957 1722; x_wconf 84' lang='lat' dir='ltr'>imparibus,</span> <span class='ocrx_word' id='word_1_135' title='bbox 983 1679 1161 1721; x_wconf 83' lang='lat' dir='ltr'>commissa,</span> 
     </span>
     <span class='ocr_line' id='line_1_33' title="bbox 422 1731 1163 1774; baseline 0.001 -10"><span class='ocrx_word' id='word_1_136' title='bbox 422 1732 535 1765; x_wconf 86' lang='lat' dir='ltr'>crebro</span> <span class='ocrx_word' id='word_1_137' title='bbox 551 1742 608 1765; x_wconf 86' lang='lat' dir='ltr'>nos</span> <span class='ocrx_word' id='word_1_138' title='bbox 624 1732 771 1765; x_wconf 79' lang='lat' dir='ltr'>admonet</span> <span class='ocrx_word' id='word_1_139' title='bbox 787 1742 822 1764; x_wconf 90' lang='lat' dir='ltr'>ac</span> <span class='ocrx_word' id='word_1_140' title='bbox 843 1731 971 1774; x_wconf 83' lang='lat' dir='ltr'>inducit,</span> <span class='ocrx_word' id='word_1_141' title='bbox 986 1738 1028 1774; x_wconf 90' lang='lat' dir='ltr'>ut,</span> <span class='ocrx_word' id='word_1_142' title='bbox 1047 1733 1085 1765; x_wconf 88' lang='lat' dir='ltr'>ad</span> <span class='ocrx_word' id='word_1_143' title='bbox 1105 1738 1163 1766; x_wconf 88' lang='lat' dir='ltr'>sta-</span> 
     </span>
     <span class='ocr_line' id='line_1_34' title="bbox 423 1785 1164 1830; baseline 0.003 -12"><span class='ocrx_word' id='word_1_144' title='bbox 423 1791 488 1818; x_wconf 89' lang='lat' dir='ltr'>tum</span> <span class='ocrx_word' id='word_1_145' title='bbox 509 1786 761 1819; x_wconf 82' lang='lat' dir='ltr'>christifidelium</span> <span class='ocrx_word' id='word_1_146' title='bbox 780 1785 1004 1829; x_wconf 84' lang='lat' dir='ltr'>quorumlihet,</span> <span class='ocrx_word' id='word_1_147' title='bbox 1022 1797 1164 1830; x_wconf 84' lang='lat' dir='ltr'>praeser-</span> 
     </span>
     <span class='ocr_line' id='line_1_35' title="bbox 424 1839 1163 1882; baseline 0 -10"><span class='ocrx_word' id='word_1_148' title='bbox 424 1839 477 1873; x_wconf 87' lang='lat' dir='ltr'>tim</span> <span class='ocrx_word' id='word_1_149' title='bbox 493 1839 672 1882; x_wconf 79' lang='lat' dir='ltr'>regularem</span> <span class='ocrx_word' id='word_1_150' title='bbox 685 1839 779 1871; x_wconf 75' lang='lat' dir='ltr'>vitam</span> <span class='ocrx_word' id='word_1_151' title='bbox 794 1839 1022 1882; x_wconf 86' lang='lat' dir='ltr'>profitentium,</span> <span class='ocrx_word' id='word_1_152' title='bbox 1033 1840 1163 1873; x_wconf 87' lang='lat' dir='ltr'>salubri-</span> 
     </span>
    </p>
   </div>
   <div class='ocr_carea' id='block_1_10' title="bbox 424 1892 1182 1936">
    <p class='ocr_par' dir='ltr' id='par_1_14' title="bbox 424 1892 1182 1936">
     <span class='ocr_line' id='line_1_36' title="bbox 424 1892 1182 1936; baseline 0.001 -11"><span class='ocrx_word' id='word_1_153' title='bbox 424 1899 470 1925; x_wconf 82' lang='lat' dir='ltr'>ter</span> <span class='ocrx_word' id='word_1_154' title='bbox 483 1892 683 1935; x_wconf 78' lang='lat' dir='ltr'>dirigendum</span> <span class='ocrx_word' id='word_1_155' title='bbox 709 1893 851 1936; x_wconf 74' lang='lat' dir='ltr'>operosis</span> <span class='ocrx_word' id='word_1_156' title='bbox 877 1893 987 1926; x_wconf 85' lang='lat' dir='ltr'>studiis</span> <span class='ocrx_word' id='word_1_157' title='bbox 1005 1893 1182 1927; x_wconf 84' lang='lat' dir='ltr'>intenden-¹</span> 
     </span>
    </p>
   </div>
   <div class='ocr_carea' id='block_1_11' title="bbox 423 1946 1166 2634">
    <p class='ocr_par' dir='ltr' id='par_1_15' title="bbox 423 1946 1165 2204">
     <span class='ocr_line' id='line_1_37' title="bbox 424 1946 1164 1990; baseline 0.003 -12"><span class='ocrx_word' id='word_1_158' title='bbox 424 1951 479 1987; x_wconf 82' lang='lat' dir='ltr'>tes,</span> <span class='ocrx_word' id='word_1_159' title='bbox 500 1956 557 1987; x_wconf 84' lang='lat' dir='ltr'>ea,</span> <span class='ocrx_word' id='word_1_160' title='bbox 582 1956 662 1989; x_wconf 86' lang='lat' dir='ltr'>quae</span> <span class='ocrx_word' id='word_1_161' title='bbox 686 1957 744 1990; x_wconf 90' lang='lat' dir='ltr'>pro</span> <span class='ocrx_word' id='word_1_162' title='bbox 769 1946 849 1978; x_wconf 77' lang='lat' dir='ltr'>felici</span> <span class='ocrx_word' id='word_1_163' title='bbox 876 1957 984 1978; x_wconf 87' lang='lat' dir='ltr'>eorum</span> <span class='ocrx_word' id='word_1_164' title='bbox 1010 1947 1164 1990; x_wconf 74' lang='lat' dir='ltr'>gubernio</span> 
     </span>
     <span class='ocr_line' id='line_1_38' title="bbox 424 1999 1165 2043; baseline 0.003 -12"><span class='ocrx_word' id='word_1_165' title='bbox 424 2001 641 2043; x_wconf 71' lang='lat' dir='ltr'>prosperaque</span> <span class='ocrx_word' id='word_1_166' title='bbox 665 1999 837 2032; x_wconf 75' lang='lat' dir='ltr'>directione</span> <span class='ocrx_word' id='word_1_167' title='bbox 855 2000 983 2043; x_wconf 75' lang='lat' dir='ltr'>provide</span> <span class='ocrx_word' id='word_1_168' title='bbox 1004 2005 1117 2032; x_wconf 83' lang='lat' dir='ltr'>statuta</span> <span class='ocrx_word' id='word_1_169' title='bbox 1136 2005 1165 2033; x_wconf 89' lang='lat' dir='ltr'>et</span> 
     </span>
     <span class='ocr_line' id='line_1_39' title="bbox 423 2052 1165 2096; baseline 0.003 -12"><span class='ocrx_word' id='word_1_170' title='bbox 423 2052 565 2085; x_wconf 87' lang='lat' dir='ltr'>ordinata</span> <span class='ocrx_word' id='word_1_171' title='bbox 580 2063 646 2085; x_wconf 87' lang='lat' dir='ltr'>esse</span> <span class='ocrx_word' id='word_1_172' title='bbox 659 2053 882 2096; x_wconf 80' lang='lat' dir='ltr'>comperimus,</span> <span class='ocrx_word' id='word_1_173' title='bbox 892 2053 1082 2096; x_wconf 80' lang='lat' dir='ltr'>apostolicae</span> <span class='ocrx_word' id='word_1_174' title='bbox 1096 2064 1165 2087; x_wconf 85' lang='lat' dir='ltr'>con-</span> 
     </span>
     <span class='ocr_line' id='line_1_40' title="bbox 423 2097 1165 2150; baseline 0.003 -12"><span class='ocrx_word' id='word_1_175' title='bbox 423 2097 610 2139; x_wconf 83' lang='lat' dir='ltr'>firmationis</span> <span class='ocrx_word' id='word_1_176' title='bbox 634 2106 751 2139; x_wconf 79' lang='lat' dir='ltr'>robore</span> <span class='ocrx_word' id='word_1_177' title='bbox 780 2106 1042 2147; x_wconf 85' lang='lat' dir='ltr'>communiamus,</span> <span class='ocrx_word' id='word_1_178' title='bbox 1070 2112 1165 2150; x_wconf 87' lang='lat' dir='ltr'>prout</span> 
     </span>
     <span class='ocr_line' id='line_1_41' title="bbox 425 2160 1164 2204; baseline 0.001 -11"><span class='ocrx_word' id='word_1_179' title='bbox 425 2160 636 2204; x_wconf 76' lang='lat' dir='ltr'>conspicimus</span> <span class='ocrx_word' id='word_1_180' title='bbox 647 2160 676 2192; x_wconf 94' lang='lat' dir='ltr'>in</span> <span class='ocrx_word' id='word_1_181' title='bbox 685 2160 818 2193; x_wconf 89' lang='lat' dir='ltr'>Domino</span> <span class='ocrx_word' id='word_1_182' title='bbox 828 2160 995 2193; x_wconf 82' lang='lat' dir='ltr'>salubriter</span> <span class='ocrx_word' id='word_1_183' title='bbox 1006 2161 1164 2204; x_wconf 82' lang='lat' dir='ltr'>expedire.</span> 
     </span>
    </p>

    <p class='ocr_par' dir='ltr' id='par_1_16' title="bbox 423 2214 1166 2634">
     <span class='ocr_line' id='line_1_42' title="bbox 468 2214 1166 2258; baseline 0.001 -12"><span class='ocrx_word' id='word_1_184' title='bbox 468 2214 484 2257; x_wconf 65' lang='lat' dir='ltr'>g</span> <span class='ocrx_word' id='word_1_185' title='bbox 508 2214 537 2246; x_wconf 75' lang='lat' dir='ltr'>t.</span> <span class='ocrx_word' id='word_1_186' title='bbox 564 2214 670 2258; x_wconf 86' lang='lat' dir='ltr'>Nuper</span> <span class='ocrx_word' id='word_1_187' title='bbox 694 2214 848 2257; x_wconf 86' lang='lat' dir='ltr'>siquidem</span> <span class='ocrx_word' id='word_1_188' title='bbox 874 2214 912 2246; x_wconf 90' lang='lat' dir='ltr'>ad</span> <span class='ocrx_word' id='word_1_189' title='bbox 933 2224 1025 2247; x_wconf 86' lang='lat' dir='ltr'>aures</span> <span class='ocrx_word' id='word_1_190' title='bbox 1041 2219 1166 2247; x_wconf 85' lang='lat' dir='ltr'>nostras</span> 
     </span>
     <span class='ocr_line' id='line_1_43' title="bbox 423 2267 1165 2312; baseline 0.003 -12"><span class='ocrx_word' id='word_1_191' title='bbox 423 2267 576 2312; x_wconf 86' lang='lat' dir='ltr'>pervenit,</span> <span class='ocrx_word' id='word_1_192' title='bbox 595 2267 689 2311; x_wconf 83' lang='lat' dir='ltr'>quod,</span> <span class='ocrx_word' id='word_1_193' title='bbox 701 2268 920 2301; x_wconf 84' lang='lat' dir='ltr'>deficientibus</span> <span class='ocrx_word' id='word_1_194' title='bbox 935 2268 967 2300; x_wconf 91' lang='lat' dir='ltr'>in</span> <span class='ocrx_word' id='word_1_195' title='bbox 981 2267 1165 2302; x_wconf 77' lang='lat' dir='ltr'>delinitoriis</span> 
     </span>
     <span class='ocr_line' id='line_1_44' title="bbox 426 2321 1165 2364; baseline 0.003 -11"><span class='ocrx_word' id='word_1_196' title='bbox 426 2321 568 2354; x_wconf 88' lang='lat' dir='ltr'>omnium</span> <span class='ocrx_word' id='word_1_197' title='bbox 592 2321 827 2364; x_wconf 69' lang='lat' dir='ltr'>provinciarum</span> <span class='ocrx_word' id='word_1_198' title='bbox 852 2321 1103 2355; x_wconf 76' lang='lat' dir='ltr'>ultramontanae</span> <span class='ocrx_word' id='word_1_199' title='bbox 1125 2323 1165 2355; x_wconf 86' lang='lat' dir='ltr'>sa-</span> 
     </span>
     <span class='ocr_line' id='line_1_45' title="bbox 426 2373 1165 2408; baseline 0.003 -2"><span class='ocrx_word' id='word_1_200' title='bbox 426 2373 531 2407; x_wconf 89' lang='lat' dir='ltr'>miliae</span> <span class='ocrx_word' id='word_1_201' title='bbox 563 2373 686 2406; x_wconf 83' lang='lat' dir='ltr'>Ordinis</span> <span class='ocrx_word' id='word_1_202' title='bbox 714 2374 846 2406; x_wconf 84' lang='lat' dir='ltr'>fratrum</span> <span class='ocrx_word' id='word_1_203' title='bbox 879 2374 1034 2408; x_wconf 81' lang='lat' dir='ltr'>Minorum</span> <span class='ocrx_word' id='word_1_204' title='bbox 1067 2375 1165 2408; x_wconf 86' lang='lat' dir='ltr'>saneti</span> 
     </span>
     <span class='ocr_line' id='line_1_46' title="bbox 426 2427 1164 2471; baseline 0.003 -11"><span class='ocrx_word' id='word_1_205' title='bbox 426 2427 594 2469; x_wconf 80' lang='lat' dir='ltr'>Francisci,</span> <span class='ocrx_word' id='word_1_206' title='bbox 617 2427 670 2471; x_wconf 84' lang='lat' dir='ltr'>qui</span> <span class='ocrx_word' id='word_1_207' title='bbox 692 2428 835 2462; x_wconf 90' lang='lat' dir='ltr'>ministro</span> <span class='ocrx_word' id='word_1_208' title='bbox 860 2428 999 2471; x_wconf 76' lang='lat' dir='ltr'>generali</span> <span class='ocrx_word' id='word_1_209' title='bbox 1025 2429 1164 2462; x_wconf 85' lang='lat' dir='ltr'>eiusdem</span> 
     </span>
     <span class='ocr_line' id='line_1_47' title="bbox 427 2480 1165 2526; baseline 0.003 -13"><span class='ocrx_word' id='word_1_210' title='bbox 427 2480 550 2514; x_wconf 88' lang='lat' dir='ltr'>Ordinis</span> <span class='ocrx_word' id='word_1_211' title='bbox 579 2481 807 2522; x_wconf 84' lang='lat' dir='ltr'>subiiciuntur‚</span> <span class='ocrx_word' id='word_1_212' title='bbox 836 2481 873 2514; x_wconf 85' lang='lat' dir='ltr'>iis</span> <span class='ocrx_word' id='word_1_213' title='bbox 904 2482 956 2525; x_wconf 88' lang='lat' dir='ltr'>qui</span> <span class='ocrx_word' id='word_1_214' title='bbox 985 2482 1165 2526; x_wconf 76' lang='lat' dir='ltr'>provinciae</span> 
     </span>
     <span class='ocr_line' id='line_1_48' title="bbox 428 2534 1166 2578; baseline 0.003 -12"><span class='ocrx_word' id='word_1_215' title='bbox 428 2538 530 2576; x_wconf 85' lang='lat' dir='ltr'>patres</span> <span class='ocrx_word' id='word_1_216' title='bbox 561 2540 783 2577; x_wconf 88' lang='lat' dir='ltr'>nuncupantur</span> <span class='ocrx_word' id='word_1_217' title='bbox 807 2539 837 2566; x_wconf 87' lang='lat' dir='ltr'>et</span> <span class='ocrx_word' id='word_1_218' title='bbox 861 2534 936 2567; x_wconf 87' lang='lat' dir='ltr'>inibi</span> <span class='ocrx_word' id='word_1_219' title='bbox 962 2535 1166 2578; x_wconf 74' lang='lat' dir='ltr'>praestantio-</span> 
     </span>
     <span class='ocr_line' id='line_1_49' title="bbox 429 2587 1165 2634; baseline 0.004 -15"><span class='ocrx_word' id='word_1_220' title='bbox 429 2597 479 2620; x_wconf 86' lang='lat' dir='ltr'>res</span> <span class='ocrx_word' id='word_1_221' title='bbox 495 2587 613 2621; x_wconf 84' lang='lat' dir='ltr'>iudices</span> <span class='ocrx_word' id='word_1_222' title='bbox 639 2588 854 2631; x_wconf 84' lang='lat' dir='ltr'>electoresque</span> <span class='ocrx_word' id='word_1_223' title='bbox 868 2588 1032 2630; x_wconf 82' lang='lat' dir='ltr'>habentur,</span> <span class='ocrx_word' id='word_1_224' title='bbox 1051 2599 1165 2634; x_wconf 77' lang='lat' dir='ltr'>magna</span> 
     </span>
    </p>
   </div>
   <div class='ocr_carea' id='block_1_12' title="bbox 467 2648 1104 2687">
    <p class='ocr_par' dir='ltr' id='par_1_17' title="bbox 467 2648 1104 2687">
     <span class='ocr_line' id='line_1_50' title="bbox 467 2648 1104 2687; baseline 0.006 -11"><span class='ocrx_word' id='word_1_225' title='bbox 467 2651 476 2677; x_wconf 85' lang='grc'>1</span> <span class='ocrx_word' id='word_1_226' title='bbox 493 2648 562 2677; x_wconf 86' lang='lat' dir='ltr'>Edit.</span> <span class='ocrx_word' id='word_1_227' title='bbox 579 2649 694 2678; x_wconf 80' lang='lat' dir='ltr'>Cherub.</span> <span class='ocrx_word' id='word_1_228' title='bbox 712 2651 787 2687; x_wconf 82' lang='lat' dir='ltr'>ponit</span> <span class='ocrx_word' id='word_1_229' title='bbox 802 2651 856 2679; x_wconf 86' lang='lat' dir='ltr'>dat.</span> <span class='ocrx_word' id='word_1_230' title='bbox 876 2652 908 2680; x_wconf 82' lang='lat'>16</span> <span class='ocrx_word' id='word_1_231' title='bbox 924 2652 992 2680; x_wconf 72' lang='lat' dir='ltr'>tutti</span> <span class='ocrx_word' id='word_1_232' title='bbox 1007 2652 1104 2687; x_wconf 52' lang='lat' dir='ltr'>(nvn).</span> 
     </span>
    </p>
   </div>
   <div class='ocr_carea' id='block_1_13' title="bbox 1177 298 1188 2647">
    <p class='ocr_par' dir='ltr' id='par_1_18' title="bbox 1177 298 1188 2647">
     <span class='ocr_line' id='line_1_51' title="bbox 1177 298 1188 2647; baseline 0 0"><span class='ocrx_word' id='word_1_233' title='bbox 1177 298 1188 2647; x_wconf 95' lang='lat' dir='ltr'> </span> 
     </span>
    </p>
   </div>
   <div class='ocr_carea' id='block_1_14' title="bbox 1002 241 1359 267">
    <p class='ocr_par' dir='ltr' id='par_1_19' title="bbox 1002 241 1359 267">
     <span class='ocr_line' id='line_1_52' title="bbox 1002 241 1359 267; baseline 0.003 -2"><span class='ocrx_word' id='word_1_234' title='bbox 1002 241 1180 266; x_wconf 70' lang='lat' dir='ltr'>BULLARIUM</span> <span class='ocrx_word' id='word_1_235' title='bbox 1205 241 1359 267; x_wconf 66' lang='lat' dir='ltr'>ROMANUM</span> 
     </span>
    </p>
   </div>
   <div class='ocr_carea' id='block_1_15' title="bbox 1194 290 1939 2473">
    <p class='ocr_par' dir='ltr' id='par_1_20' title="bbox 1194 290 1939 2473">
     <span class='ocr_line' id='line_1_53' title="bbox 1195 290 1932 334; baseline 0.007 -12"><span class='ocrx_word' id='word_1_236' title='bbox 1195 295 1276 323; x_wconf 87' lang='lat' dir='ltr'>totus</span> <span class='ocrx_word' id='word_1_237' title='bbox 1300 290 1383 323; x_wconf 85' lang='lat' dir='ltr'>Ordo</span> <span class='ocrx_word' id='word_1_238' title='bbox 1403 291 1582 334; x_wconf 86' lang='lat' dir='ltr'>praedictus</span> <span class='ocrx_word' id='word_1_239' title='bbox 1607 292 1737 326; x_wconf 84' lang='lat' dir='ltr'>sustinet</span> <span class='ocrx_word' id='word_1_240' title='bbox 1761 294 1932 327; x_wconf 81' lang='lat' dir='ltr'>incommo-</span> 
     </span>
     <span class='ocr_line' id='line_1_54' title="bbox 1194 343 1930 388; baseline 0.005 -12"><span class='ocrx_word' id='word_1_241' title='bbox 1194 343 1242 385; x_wconf 86' lang='lat' dir='ltr'>da,</span> <span class='ocrx_word' id='word_1_242' title='bbox 1257 349 1286 376; x_wconf 88' lang='lat' dir='ltr'>et</span> <span class='ocrx_word' id='word_1_243' title='bbox 1310 343 1509 378; x_wconf 87' lang='lat' dir='ltr'>subditorum</span> <span class='ocrx_word' id='word_1_244' title='bbox 1534 345 1676 388; x_wconf 80' lang='lat' dir='ltr'>regimen</span> <span class='ocrx_word' id='word_1_245' title='bbox 1700 347 1930 380; x_wconf 83' lang='lat' dir='ltr'>et&#39;officiorum</span> 
     </span>
     <span class='ocr_line' id='line_1_55' title="bbox 1194 397 1930 440; baseline 0.005 -11"><span class='ocrx_word' id='word_1_246' title='bbox 1194 397 1333 440; x_wconf 83' lang='lat' dir='ltr'>provisio</span> <span class='ocrx_word' id='word_1_247' title='bbox 1367 397 1544 431; x_wconf 86' lang='lat' dir='ltr'>difficiliora</span> <span class='ocrx_word' id='word_1_248' title='bbox 1577 398 1607 430; x_wconf 90' lang='lat' dir='ltr'>in</span> <span class='ocrx_word' id='word_1_249' title='bbox 1639 398 1705 432; x_wconf 86' lang='lat' dir='ltr'>dies</span> <span class='ocrx_word' id='word_1_250' title='bbox 1737 400 1930 434; x_wconf 84' lang='lat' dir='ltr'>efficiuntur:</span> 
     </span>
     <span class='ocr_line' id='line_1_56' title="bbox 1194 450 1932 496; baseline 0.004 -13"><span class='ocrx_word' id='word_1_251' title='bbox 1194 450 1326 494; x_wconf 85' lang='lat' dir='ltr'>ideoque</span> <span class='ocrx_word' id='word_1_252' title='bbox 1360 451 1520 484; x_wconf 86' lang='lat' dir='ltr'>communi</span> <span class='ocrx_word' id='word_1_253' title='bbox 1549 452 1703 485; x_wconf 71' lang='lat' dir='ltr'>vocalium</span> <span class='ocrx_word' id='word_1_254' title='bbox 1734 452 1765 484; x_wconf 94' lang='lat' dir='ltr'>in</span> <span class='ocrx_word' id='word_1_255' title='bbox 1793 454 1932 496; x_wconf 82' lang='lat' dir='ltr'>generali</span> 
     </span>
     <span class='ocr_line' id='line_1_57' title="bbox 1194 503 1932 549; baseline 0.005 -13"><span class='ocrx_word' id='word_1_256' title='bbox 1194 503 1268 537; x_wconf 87' lang='lat' dir='ltr'>dicti</span> <span class='ocrx_word' id='word_1_257' title='bbox 1287 503 1412 537; x_wconf 77' lang='lat' dir='ltr'>Ordinis</span> <span class='ocrx_word' id='word_1_258' title='bbox 1425 505 1562 548; x_wconf 87' lang='lat' dir='ltr'>capitulo</span> <span class='ocrx_word' id='word_1_259' title='bbox 1577 506 1758 549; x_wconf 89' lang='lat' dir='ltr'>nuperrime</span> <span class='ocrx_word' id='word_1_260' title='bbox 1776 507 1932 540; x_wconf 86' lang='lat' dir='ltr'>celebrato</span> 
     </span>
     <span class='ocr_line' id='line_1_58' title="bbox 1195 559 1933 601; baseline 0.004 -11"><span class='ocrx_word' id='word_1_261' title='bbox 1195 563 1461 601; x_wconf 78' lang='lat' dir='ltr'>congregatorum</span> <span class='ocrx_word' id='word_1_262' title='bbox 1480 569 1607 592; x_wconf 87' lang='lat' dir='ltr'>assensu</span> <span class='ocrx_word' id='word_1_263' title='bbox 1631 559 1791 592; x_wconf 83' lang='lat' dir='ltr'>decretum</span> <span class='ocrx_word' id='word_1_264' title='bbox 1810 560 1866 593; x_wconf 87' lang='lat' dir='ltr'>suit</span> <span class='ocrx_word' id='word_1_265' title='bbox 1881 571 1933 594; x_wconf 89' lang='lat' dir='ltr'>no-</span> 
     </span>
     <span class='ocr_line' id='line_1_59' title="bbox 1194 610 1933 656; baseline 0.005 -14"><span class='ocrx_word' id='word_1_266' title='bbox 1194 610 1242 643; x_wconf 90' lang='lat' dir='ltr'>bis</span> <span class='ocrx_word' id='word_1_267' title='bbox 1268 611 1511 654; x_wconf 87' lang='lat' dir='ltr'>supplicandum</span> <span class='ocrx_word' id='word_1_268' title='bbox 1537 622 1614 653; x_wconf 85' lang='lat' dir='ltr'>esse,</span> <span class='ocrx_word' id='word_1_269' title='bbox 1639 617 1671 644; x_wconf 89' lang='lat' dir='ltr'>ut</span> <span class='ocrx_word' id='word_1_270' title='bbox 1697 623 1805 645; x_wconf 87' lang='lat' dir='ltr'>omnes</span> <span class='ocrx_word' id='word_1_271' title='bbox 1828 618 1933 656; x_wconf 87' lang='lat' dir='ltr'>patres</span> 
     </span>
     <span class='ocr_line' id='line_1_60' title="bbox 1194 663 1933 708; baseline 0.007 -14"><span class='ocrx_word' id='word_1_272' title='bbox 1194 663 1446 706; x_wconf 71' lang='lat' dir='ltr'>provinciarum,</span> <span class='ocrx_word' id='word_1_273' title='bbox 1472 675 1551 708; x_wconf 81' lang='lat' dir='ltr'>quos</span> <span class='ocrx_word' id='word_1_274' title='bbox 1582 664 1679 698; x_wconf 81' lang='lat' dir='ltr'>felicis</span> <span class='ocrx_word' id='word_1_275' title='bbox 1707 665 1933 699; x_wconf 85' lang='lat' dir='ltr'>recordationis</span> 
     </span>
     <span class='ocr_line' id='line_1_61' title="bbox 1195 716 1934 762; baseline 0.001 -12"><span class='ocrx_word' id='word_1_276' title='bbox 1195 716 1366 759; x_wconf 74' lang='lat' dir='ltr'>Gregorius</span> <span class='ocrx_word' id='word_1_277' title='bbox 1400 717 1449 750; x_wconf 76' lang='lat' dir='ltr'>XV</span> <span class='ocrx_word' id='word_1_278' title='bbox 1478 717 1704 761; x_wconf 84' lang='lat' dir='ltr'>praedecessor</span> <span class='ocrx_word' id='word_1_279' title='bbox 1740 723 1844 751; x_wconf 87' lang='lat' dir='ltr'>noster</span> <span class='ocrx_word' id='word_1_280' title='bbox 1877 729 1934 762; x_wconf 88' lang='lat' dir='ltr'>per</span> 
     </span>
     <span class='ocr_line' id='line_1_62' title="bbox 1194 770 1932 805; baseline 0.004 -3"><span class='ocrx_word' id='word_1_281' title='bbox 1194 780 1266 802; x_wconf 85' lang='lat' dir='ltr'>suas</span> <span class='ocrx_word' id='word_1_282' title='bbox 1291 770 1322 802; x_wconf 90' lang='lat' dir='ltr'>in</span> <span class='ocrx_word' id='word_1_283' title='bbox 1349 770 1443 803; x_wconf 84' lang='lat' dir='ltr'>simili</span> <span class='ocrx_word' id='word_1_284' title='bbox 1469 772 1568 803; x_wconf 76' lang='lat' dir='ltr'>forma</span> <span class='ocrx_word' id='word_1_285' title='bbox 1595 772 1700 804; x_wconf 81' lang='lat' dir='ltr'>Brevis</span> <span class='ocrx_word' id='word_1_286' title='bbox 1725 772 1843 804; x_wconf 83' lang='lat' dir='ltr'>litteras</span> <span class='ocrx_word' id='word_1_287' title='bbox 1861 772 1932 805; x_wconf 87' lang='lat' dir='ltr'>abs-</span> 
     </span>
     <span class='ocr_line' id='line_1_63' title="bbox 1195 823 1934 870; baseline 0.004 -15"><span class='ocrx_word' id='word_1_288' title='bbox 1195 823 1260 855; x_wconf 87' lang='lat' dir='ltr'>tulit</span> <span class='ocrx_word' id='word_1_289' title='bbox 1288 830 1316 856; x_wconf 76' lang='grc'>01</span> <span class='ocrx_word' id='word_1_290' title='bbox 1338 825 1482 866; x_wconf 71' lang='lat' dir='ltr'>abolevit,</span> <span class='ocrx_word' id='word_1_291' title='bbox 1507 835 1564 858; x_wconf 85' lang='lat' dir='ltr'>nos</span> <span class='ocrx_word' id='word_1_292' title='bbox 1584 825 1622 858; x_wconf 82' lang='lat' dir='ltr'>de</span> <span class='ocrx_word' id='word_1_293' title='bbox 1646 825 1837 868; x_wconf 75' lang='lat' dir='ltr'>benignitate</span> <span class='ocrx_word' id='word_1_294' title='bbox 1861 836 1934 870; x_wconf 88' lang='lat' dir='ltr'>apo-</span> 
     </span>
     <span class='ocr_line' id='line_1_64' title="bbox 1194 877 1933 922; baseline 0.003 -12"><span class='ocrx_word' id='word_1_295' title='bbox 1194 877 1303 911; x_wconf 69' lang='lat' dir='ltr'>stoliea</span> <span class='ocrx_word' id='word_1_296' title='bbox 1336 879 1499 911; x_wconf 82' lang='lat' dir='ltr'>restituere</span> <span class='ocrx_word' id='word_1_297' title='bbox 1530 879 1743 922; x_wconf 69' lang='lat' dir='ltr'>dignaremur.</span> <span class='ocrx_word' id='word_1_298' title='bbox 1770 880 1933 912; x_wconf 70' lang='lat' dir='ltr'>Verumta-</span> 
     </span>
     <span class='ocr_line' id='line_1_65' title="bbox 1194 931 1935 975; baseline 0.003 -12"><span class='ocrx_word' id='word_1_299' title='bbox 1194 941 1275 972; x_wconf 87' lang='lat' dir='ltr'>men,</span> <span class='ocrx_word' id='word_1_300' title='bbox 1287 942 1320 964; x_wconf 82' lang='lat' dir='ltr'>re</span> <span class='ocrx_word' id='word_1_301' title='bbox 1335 932 1364 963; x_wconf 92' lang='lat' dir='ltr'>in</span> <span class='ocrx_word' id='word_1_302' title='bbox 1376 931 1554 965; x_wconf 85' lang='lat' dir='ltr'>definitorio</span> <span class='ocrx_word' id='word_1_303' title='bbox 1571 932 1710 975; x_wconf 74' lang='lat' dir='ltr'>generali</span> <span class='ocrx_word' id='word_1_304' title='bbox 1723 932 1862 965; x_wconf 81' lang='lat' dir='ltr'>eiusdem</span> <span class='ocrx_word' id='word_1_305' title='bbox 1883 932 1935 966; x_wconf 89' lang='lat' dir='ltr'>Or-</span> 
     </span>
     <span class='ocr_line' id='line_1_66' title="bbox 1194 984 1935 1027; baseline 0.004 -11"><span class='ocrx_word' id='word_1_306' title='bbox 1194 984 1273 1017; x_wconf 84' lang='lat' dir='ltr'>dinis</span> <span class='ocrx_word' id='word_1_307' title='bbox 1307 986 1459 1018; x_wconf 84' lang='lat' dir='ltr'>maturius</span> <span class='ocrx_word' id='word_1_308' title='bbox 1494 985 1686 1027; x_wconf 75' lang='lat' dir='ltr'>deliberata,</span> <span class='ocrx_word' id='word_1_309' title='bbox 1712 986 1749 1019; x_wconf 87' lang='lat' dir='ltr'>de.</span> <span class='ocrx_word' id='word_1_310' title='bbox 1781 996 1935 1019; x_wconf 84' lang='lat' dir='ltr'>consensu</span> 
     </span>
     <span class='ocr_line' id='line_1_67' title="bbox 1194 1038 1934 1072; baseline 0.001 -2"><span class='ocrx_word' id='word_1_311' title='bbox 1194 1038 1297 1071; x_wconf 83' lang='lat' dir='ltr'>dilecti</span> <span class='ocrx_word' id='word_1_312' title='bbox 1324 1039 1379 1070; x_wconf 82' lang='lat' dir='ltr'>filii</span> <span class='ocrx_word' id='word_1_313' title='bbox 1410 1039 1507 1072; x_wconf 84' lang='lat' dir='ltr'>nostri</span> <span class='ocrx_word' id='word_1_314' title='bbox 1538 1039 1696 1072; x_wconf 59' lang='lat' dir='ltr'>l&#39;raneisci</span> <span class='ocrx_word' id='word_1_315' title='bbox 1721 1039 1750 1072; x_wconf 81' lang='lat' dir='ltr'>S.</span> <span class='ocrx_word' id='word_1_316' title='bbox 1776 1039 1934 1072; x_wconf 89' lang='lat' dir='ltr'>Laurentii</span> 
     </span>
     <span class='ocr_line' id='line_1_68' title="bbox 1195 1091 1934 1126; baseline 0.003 -3"><span class='ocrx_word' id='word_1_317' title='bbox 1195 1091 1225 1123; x_wconf 92' lang='lat' dir='ltr'>in</span> <span class='ocrx_word' id='word_1_318' title='bbox 1253 1091 1385 1125; x_wconf 82' lang='lat' dir='ltr'>Damaso</span> <span class='ocrx_word' id='word_1_319' title='bbox 1418 1092 1540 1125; x_wconf 86' lang='lat' dir='ltr'>diaconi</span> <span class='ocrx_word' id='word_1_320' title='bbox 1572 1093 1739 1126; x_wconf 88' lang='lat' dir='ltr'>cardinalis</span> <span class='ocrx_word' id='word_1_321' title='bbox 1771 1092 1934 1125; x_wconf 83' lang='lat' dir='ltr'>Barberini</span> 
     </span>
     <span class='ocr_line' id='line_1_69' title="bbox 1194 1145 1935 1188; baseline 0.004 -12"><span class='ocrx_word' id='word_1_322' title='bbox 1194 1145 1374 1188; x_wconf 87' lang='lat' dir='ltr'>nuncupati,</span> <span class='ocrx_word' id='word_1_323' title='bbox 1384 1151 1508 1178; x_wconf 86' lang='lat' dir='ltr'>sanctae</span> <span class='ocrx_word' id='word_1_324' title='bbox 1522 1146 1681 1179; x_wconf 85' lang='lat' dir='ltr'>Romanae</span> <span class='ocrx_word' id='word_1_325' title='bbox 1696 1146 1853 1179; x_wconf 82' lang='lat' dir='ltr'>Ecclesiae</span> <span class='ocrx_word' id='word_1_326' title='bbox 1869 1146 1935 1179; x_wconf 78' lang='lat' dir='ltr'>vice</span> 
     </span>
     <span class='ocr_line' id='line_1_70' title="bbox 1195 1199 1934 1239; baseline 0.003 -9"><span class='ocrx_word' id='word_1_327' title='bbox 1195 1199 1393 1239; x_wconf 84' lang='lat' dir='ltr'>cancellarii,</span> <span class='ocrx_word' id='word_1_328' title='bbox 1418 1200 1517 1233; x_wconf 81' lang='lat' dir='ltr'>nostri</span> <span class='ocrx_word' id='word_1_329' title='bbox 1549 1200 1721 1233; x_wconf 86' lang='lat' dir='ltr'>secundum</span> <span class='ocrx_word' id='word_1_330' title='bbox 1746 1210 1873 1232; x_wconf 84' lang='lat' dir='ltr'>carnem</span> <span class='ocrx_word' id='word_1_331' title='bbox 1898 1210 1934 1233; x_wconf 82' lang='lat' dir='ltr'>ex</span> 
     </span>
     <span class='ocr_line' id='line_1_71' title="bbox 1195 1252 1934 1297; baseline 0.003 -13"><span class='ocrx_word' id='word_1_332' title='bbox 1195 1252 1289 1284; x_wconf 78' lang='lat' dir='ltr'>fratre</span> <span class='ocrx_word' id='word_1_333' title='bbox 1315 1263 1467 1295; x_wconf 71' lang='lat' dir='ltr'>germano</span> <span class='ocrx_word' id='word_1_334' title='bbox 1485 1253 1618 1297; x_wconf 81' lang='lat' dir='ltr'>nepotis,</span> <span class='ocrx_word' id='word_1_335' title='bbox 1636 1264 1670 1286; x_wconf 88' lang='lat' dir='ltr'>ac</span> <span class='ocrx_word' id='word_1_336' title='bbox 1696 1253 1820 1286; x_wconf 83' lang='lat' dir='ltr'>Ordinis</span> <span class='ocrx_word' id='word_1_337' title='bbox 1844 1263 1934 1297; x_wconf 86' lang='lat' dir='ltr'>prae-</span> 
     </span>
     <span class='ocr_line' id='line_1_72' title="bbox 1195 1304 1934 1350; baseline 0.004 -14"><span class='ocrx_word' id='word_1_338' title='bbox 1195 1304 1266 1337; x_wconf 81' lang='lat' dir='ltr'>dicti</span> <span class='ocrx_word' id='word_1_339' title='bbox 1299 1305 1383 1349; x_wconf 89' lang='lat' dir='ltr'>apud</span> <span class='ocrx_word' id='word_1_340' title='bbox 1415 1317 1472 1339; x_wconf 79' lang='lat' dir='ltr'>nos</span> <span class='ocrx_word' id='word_1_341' title='bbox 1509 1311 1539 1339; x_wconf 87' lang='lat' dir='ltr'>et</span> <span class='ocrx_word' id='word_1_342' title='bbox 1578 1306 1689 1339; x_wconf 77' lang='lat' dir='ltr'>Sedeni</span> <span class='ocrx_word' id='word_1_343' title='bbox 1722 1307 1934 1350; x_wconf 85' lang='lat' dir='ltr'>Apostolicam</span> 
     </span>
     <span class='ocr_line' id='line_1_73' title="bbox 1195 1352 1935 1402; baseline 0.004 -13"><span class='ocrx_word' id='word_1_344' title='bbox 1195 1359 1391 1402; x_wconf 84' lang='lat' dir='ltr'>protectoris,</span> <span class='ocrx_word' id='word_1_345' title='bbox 1418 1365 1566 1392; x_wconf 80' lang='lat' dir='ltr'>statutum</span> <span class='ocrx_word' id='word_1_346' title='bbox 1591 1359 1657 1401; x_wconf 84' lang='lat' dir='ltr'>fuit,</span> <span class='ocrx_word' id='word_1_347' title='bbox 1675 1352 1791 1392; x_wconf 28' lang='lat' dir='ltr'>ut&#39;duo</span> <span class='ocrx_word' id='word_1_348' title='bbox 1815 1365 1935 1392; x_wconf 88' lang='lat' dir='ltr'>tantum</span> 
     </span>
     <span class='ocr_line' id='line_1_74' title="bbox 1195 1412 1935 1456; baseline 0.003 -13"><span class='ocrx_word' id='word_1_349' title='bbox 1195 1417 1300 1455; x_wconf 85' lang='lat' dir='ltr'>patres</span> <span class='ocrx_word' id='word_1_350' title='bbox 1312 1412 1493 1455; x_wconf 65' lang='lat' dir='ltr'>provinciae</span> <span class='ocrx_word' id='word_1_351' title='bbox 1510 1413 1540 1445; x_wconf 91' lang='lat' dir='ltr'>iu</span> <span class='ocrx_word' id='word_1_352' title='bbox 1554 1412 1715 1456; x_wconf 85' lang='lat' dir='ltr'>praedicto</span> <span class='ocrx_word' id='word_1_353' title='bbox 1740 1413 1935 1455; x_wconf 78' lang='lat' dir='ltr'>singularum</span> 
     </span>
     <span class='ocr_line' id='line_1_75' title="bbox 1197 1465 1937 1508; baseline 0.001 -11"><span class='ocrx_word' id='word_1_354' title='bbox 1197 1465 1429 1508; x_wconf 64' lang='lat' dir='ltr'>provinciarum</span> <span class='ocrx_word' id='word_1_355' title='bbox 1455 1467 1703 1500; x_wconf 85' lang='lat' dir='ltr'>ultramontanae</span> <span class='ocrx_word' id='word_1_356' title='bbox 1723 1466 1858 1500; x_wconf 80' lang='lat' dir='ltr'>familiae</span> <span class='ocrx_word' id='word_1_357' title='bbox 1882 1466 1937 1499; x_wconf 83' lang='lat' dir='ltr'>liu-</span> 
     </span>
     <span class='ocr_line' id='line_1_76' title="bbox 1198 1519 1936 1562; baseline 0.003 -11"><span class='ocrx_word' id='word_1_358' title='bbox 1198 1519 1331 1552; x_wconf 87' lang='lat' dir='ltr'>iusmodi</span> <span class='ocrx_word' id='word_1_359' title='bbox 1363 1519 1542 1553; x_wconf 87' lang='lat' dir='ltr'>definitorio</span> <span class='ocrx_word' id='word_1_360' title='bbox 1575 1519 1830 1562; x_wconf 87' lang='lat' dir='ltr'>introducantur,</span> <span class='ocrx_word' id='word_1_361' title='bbox 1855 1530 1936 1553; x_wconf 90' lang='lat' dir='ltr'>unus</span> 
     </span>
     <span class='ocr_line' id='line_1_77' title="bbox 1197 1573 1934 1617; baseline 0.001 -12"><span class='ocrx_word' id='word_1_362' title='bbox 1197 1573 1324 1613; x_wconf 83' lang='lat' dir='ltr'>scilicet,</span> <span class='ocrx_word' id='word_1_363' title='bbox 1334 1573 1386 1616; x_wconf 79' lang='lat' dir='ltr'>qui</span> <span class='ocrx_word' id='word_1_364' title='bbox 1397 1573 1428 1605; x_wconf 88' lang='lat' dir='ltr'>in</span> <span class='ocrx_word' id='word_1_365' title='bbox 1439 1573 1601 1617; x_wconf 67' lang='lat' dir='ltr'>provincia</span> <span class='ocrx_word' id='word_1_366' title='bbox 1613 1573 1742 1616; x_wconf 88' lang='lat' dir='ltr'>reliquis</span> <span class='ocrx_word' id='word_1_367' title='bbox 1753 1573 1878 1616; x_wconf 76' lang='lat' dir='ltr'>dignior</span> <span class='ocrx_word' id='word_1_368' title='bbox 1887 1573 1934 1615; x_wconf 87' lang='lat' dir='ltr'>sit,</span> 
     </span>
     <span class='ocr_line' id='line_1_78' title="bbox 1197 1626 1936 1670; baseline 0 -12"><span class='ocrx_word' id='word_1_369' title='bbox 1197 1626 1247 1658; x_wconf 90' lang='lat' dir='ltr'>ille</span> <span class='ocrx_word' id='word_1_370' title='bbox 1258 1626 1406 1658; x_wconf 86' lang='lat' dir='ltr'>nimirum</span> <span class='ocrx_word' id='word_1_371' title='bbox 1418 1626 1471 1669; x_wconf 84' lang='lat' dir='ltr'>qui</span> <span class='ocrx_word' id='word_1_372' title='bbox 1482 1626 1563 1659; x_wconf 85' lang='lat' dir='ltr'>inter</span> <span class='ocrx_word' id='word_1_373' title='bbox 1572 1631 1677 1669; x_wconf 85' lang='lat' dir='ltr'>patres</span> <span class='ocrx_word' id='word_1_374' title='bbox 1688 1626 1868 1670; x_wconf 72' lang='lat' dir='ltr'>provinciae</span> <span class='ocrx_word' id='word_1_375' title='bbox 1876 1626 1936 1669; x_wconf 90' lang='lat' dir='ltr'>pri-</span> 
     </span>
     <span class='ocr_line' id='line_1_79' title="bbox 1197 1679 1936 1722; baseline 0.001 -11"><span class='ocrx_word' id='word_1_376' title='bbox 1197 1690 1282 1711; x_wconf 87' lang='lat' dir='ltr'>mum</span> <span class='ocrx_word' id='word_1_377' title='bbox 1296 1679 1398 1712; x_wconf 88' lang='lat' dir='ltr'>locum</span> <span class='ocrx_word' id='word_1_378' title='bbox 1411 1679 1469 1711; x_wconf 81' lang='lat' dir='ltr'>sibi</span> <span class='ocrx_word' id='word_1_379' title='bbox 1480 1679 1632 1719; x_wconf 69' lang='lat' dir='ltr'>vendicat,</span> <span class='ocrx_word' id='word_1_380' title='bbox 1645 1679 1698 1722; x_wconf 87' lang='lat' dir='ltr'>qui</span> <span class='ocrx_word' id='word_1_381' title='bbox 1715 1679 1841 1722; x_wconf 84' lang='lat' dir='ltr'>quidem</span> <span class='ocrx_word' id='word_1_382' title='bbox 1858 1689 1936 1712; x_wconf 89' lang='lat' dir='ltr'>sein-</span> 
     </span>
     <span class='ocr_line' id='line_1_80' title="bbox 1198 1731 1935 1775; baseline 0 -11"><span class='ocrx_word' id='word_1_383' title='bbox 1198 1743 1254 1775; x_wconf 84' lang='lat' dir='ltr'>per</span> <span class='ocrx_word' id='word_1_384' title='bbox 1267 1732 1298 1764; x_wconf 88' lang='grc'>111</span> <span class='ocrx_word' id='word_1_385' title='bbox 1313 1731 1491 1765; x_wconf 84' lang='lat' dir='ltr'>definitorio</span> <span class='ocrx_word' id='word_1_386' title='bbox 1514 1731 1653 1773; x_wconf 83' lang='lat' dir='ltr'>assistat,</span> <span class='ocrx_word' id='word_1_387' title='bbox 1674 1732 1751 1765; x_wconf 87' lang='lat' dir='ltr'>alter</span> <span class='ocrx_word' id='word_1_388' title='bbox 1772 1742 1862 1772; x_wconf 81' lang='lat' dir='ltr'>vero,</span> <span class='ocrx_word' id='word_1_389' title='bbox 1883 1733 1935 1775; x_wconf 85' lang='lat' dir='ltr'>qui</span> 
     </span>
     <span class='ocr_line' id='line_1_81' title="bbox 1197 1785 1936 1829; baseline 0 -12"><span class='ocrx_word' id='word_1_390' title='bbox 1197 1785 1374 1817; x_wconf 87' lang='lat' dir='ltr'>immediate</span> <span class='ocrx_word' id='word_1_391' title='bbox 1411 1785 1544 1817; x_wconf 84' lang='lat' dir='ltr'>ministri</span> <span class='ocrx_word' id='word_1_392' title='bbox 1573 1785 1774 1829; x_wconf 67' lang='lat' dir='ltr'>provincialis</span> <span class='ocrx_word' id='word_1_393' title='bbox 1798 1785 1936 1818; x_wconf 75' lang='lat' dir='ltr'>officium</span> 
     </span>
     <span class='ocr_line' id='line_1_82' title="bbox 1196 1837 1937 1881; baseline 0 -11"><span class='ocrx_word' id='word_1_394' title='bbox 1196 1838 1375 1877; x_wconf 70' lang='lat' dir='ltr'>absolverit,</span> <span class='ocrx_word' id='word_1_395' title='bbox 1394 1843 1426 1869; x_wconf 93' lang='lat' dir='ltr'>ut</span> <span class='ocrx_word' id='word_1_396' title='bbox 1451 1838 1593 1881; x_wconf 81' lang='lat' dir='ltr'>sequenti</span> <span class='ocrx_word' id='word_1_397' title='bbox 1619 1837 1732 1875; x_wconf 88' lang='lat' dir='ltr'>etiam¹</span> <span class='ocrx_word' id='word_1_398' title='bbox 1758 1838 1937 1871; x_wconf 85' lang='lat' dir='ltr'>immediate</span> 
     </span>
     <span class='ocr_line' id='line_1_83' title="bbox 1198 1891 1936 1934; baseline 0.001 -11"><span class='ocrx_word' id='word_1_399' title='bbox 1198 1891 1332 1923; x_wconf 82' lang='lat' dir='ltr'>triennio</span> <span class='ocrx_word' id='word_1_400' title='bbox 1348 1891 1507 1923; x_wconf 81' lang='lat' dir='ltr'>dumtaxat</span> <span class='ocrx_word' id='word_1_401' title='bbox 1522 1901 1590 1923; x_wconf 88' lang='lat' dir='ltr'>eam</span> <span class='ocrx_word' id='word_1_402' title='bbox 1604 1891 1741 1925; x_wconf 88' lang='lat' dir='ltr'>obtineat</span> <span class='ocrx_word' id='word_1_403' title='bbox 1754 1891 1936 1934; x_wconf 81' lang='lat' dir='ltr'>dignitatem</span> 
     </span>
     <span class='ocr_line' id='line_1_84' title="bbox 1197 1944 1937 1987; baseline 0.001 -10"><span class='ocrx_word' id='word_1_404' title='bbox 1197 1948 1227 1977; x_wconf 86' lang='lat' dir='ltr'>ct</span> <span class='ocrx_word' id='word_1_405' title='bbox 1240 1944 1270 1976; x_wconf 88' lang='lat' dir='ltr'>in</span> <span class='ocrx_word' id='word_1_406' title='bbox 1284 1944 1463 1977; x_wconf 83' lang='lat' dir='ltr'>definitorio</span> <span class='ocrx_word' id='word_1_407' title='bbox 1478 1944 1616 1984; x_wconf 72' lang='lat' dir='ltr'>assistat3</span> <span class='ocrx_word' id='word_1_408' title='bbox 1631 1946 1665 1977; x_wconf 75' lang='lat' dir='ltr'>ea</span> <span class='ocrx_word' id='word_1_409' title='bbox 1687 1945 1754 1987; x_wconf 78' lang='lat' dir='ltr'>lege</span> <span class='ocrx_word' id='word_1_410' title='bbox 1769 1950 1881 1986; x_wconf 87' lang='lat' dir='ltr'>tamen,</span> <span class='ocrx_word' id='word_1_411' title='bbox 1894 1950 1937 1985; x_wconf 89' lang='lat' dir='ltr'>ut,</span> 
     </span>
     <span class='ocr_line' id='line_1_85' title="bbox 1198 1997 1937 2041; baseline 0.001 -12"><span class='ocrx_word' id='word_1_412' title='bbox 1198 1997 1223 2030; x_wconf 86' lang='lat' dir='ltr'>si</span> <span class='ocrx_word' id='word_1_413' title='bbox 1249 1997 1305 2030; x_wconf 79' lang='lat' dir='ltr'>iste</span> <span class='ocrx_word' id='word_1_414' title='bbox 1331 2008 1367 2030; x_wconf 82' lang='lat' dir='ltr'>ex</span> <span class='ocrx_word' id='word_1_415' title='bbox 1393 1998 1531 2041; x_wconf 84' lang='lat' dir='ltr'>qualibet</span> <span class='ocrx_word' id='word_1_416' title='bbox 1556 1999 1649 2030; x_wconf 77' lang='lat' dir='ltr'>causa</span> <span class='ocrx_word' id='word_1_417' title='bbox 1670 1998 1801 2040; x_wconf 82' lang='lat' dir='ltr'>deficiat,</span> <span class='ocrx_word' id='word_1_418' title='bbox 1820 1998 1852 2030; x_wconf 90' lang='lat' dir='ltr'>in</span> <span class='ocrx_word' id='word_1_419' title='bbox 1872 1998 1937 2031; x_wconf 88' lang='lat' dir='ltr'>eius</span> 
     </span>
     <span class='ocr_line' id='line_1_86' title="bbox 1199 2050 1937 2095; baseline 0.003 -12"><span class='ocrx_word' id='word_1_420' title='bbox 1199 2051 1303 2084; x_wconf 83' lang='lat' dir='ltr'>locum</span> <span class='ocrx_word' id='word_1_421' title='bbox 1336 2050 1525 2094; x_wconf 78' lang='lat' dir='ltr'>subrogatus</span> <span class='ocrx_word' id='word_1_422' title='bbox 1560 2061 1596 2084; x_wconf 90' lang='lat' dir='ltr'>eo</span> <span class='ocrx_word' id='word_1_423' title='bbox 1627 2051 1695 2095; x_wconf 86' lang='lat' dir='ltr'>ipso</span> <span class='ocrx_word' id='word_1_424' title='bbox 1720 2051 1756 2083; x_wconf 88' lang='lat' dir='ltr'>sit</span> <span class='ocrx_word' id='word_1_425' title='bbox 1790 2051 1843 2094; x_wconf 85' lang='lat' dir='ltr'>qui</span> <span class='ocrx_word' id='word_1_426' title='bbox 1867 2054 1937 2085; x_wconf 81' lang='lat' dir='ltr'>ante</span> 
     </span>
     <span class='ocr_line' id='line_1_87' title="bbox 1200 2104 1937 2148; baseline 0.001 -11"><span class='ocrx_word' id='word_1_427' title='bbox 1200 2105 1302 2148; x_wconf 89' lang='lat' dir='ltr'>ipsum</span> <span class='ocrx_word' id='word_1_428' title='bbox 1340 2105 1481 2137; x_wconf 82' lang='lat' dir='ltr'>minister</span> <span class='ocrx_word' id='word_1_429' title='bbox 1522 2104 1723 2148; x_wconf 82' lang='lat' dir='ltr'>provincialis</span> <span class='ocrx_word' id='word_1_430' title='bbox 1758 2104 1937 2140; x_wconf 83' lang='lat' dir='ltr'>immediate</span> 
     </span>
     <span class='ocr_line' id='line_1_88' title="bbox 1199 2158 1938 2200; baseline 0.001 -9"><span class='ocrx_word' id='word_1_431' title='bbox 1199 2158 1353 2200; x_wconf 78' lang='lat' dir='ltr'>extiterit,</span> <span class='ocrx_word' id='word_1_432' title='bbox 1373 2158 1508 2191; x_wconf 88' lang='lat' dir='ltr'>triennio</span> <span class='ocrx_word' id='word_1_433' title='bbox 1534 2163 1638 2191; x_wconf 85' lang='lat' dir='ltr'>autem</span> <span class='ocrx_word' id='word_1_434' title='bbox 1659 2158 1840 2192; x_wconf 87' lang='lat' dir='ltr'>huiusmodi</span> <span class='ocrx_word' id='word_1_435' title='bbox 1858 2163 1938 2193; x_wconf 87' lang='lat' dir='ltr'>tran-</span> 
     </span>
     <span class='ocr_line' id='line_1_89' title="bbox 1199 2211 1939 2255; baseline 0.001 -11"><span class='ocrx_word' id='word_1_436' title='bbox 1199 2217 1294 2252; x_wconf 81' lang='lat' dir='ltr'>sacto,</span> <span class='ocrx_word' id='word_1_437' title='bbox 1310 2212 1399 2253; x_wconf 82' lang='lat' dir='ltr'>alius,</span> <span class='ocrx_word' id='word_1_438' title='bbox 1417 2212 1468 2255; x_wconf 82' lang='lat' dir='ltr'>qui</span> <span class='ocrx_word' id='word_1_439' title='bbox 1494 2211 1629 2244; x_wconf 86' lang='lat' dir='ltr'>ministri</span> <span class='ocrx_word' id='word_1_440' title='bbox 1653 2211 1853 2255; x_wconf 76' lang='lat' dir='ltr'>provincialis</span> <span class='ocrx_word' id='word_1_441' title='bbox 1874 2212 1939 2245; x_wconf 83' lang='lat' dir='ltr'>offi-</span> 
     </span>
     <span class='ocr_line' id='line_1_90' title="bbox 1200 2265 1934 2306; baseline 0 -8"><span class='ocrx_word' id='word_1_442' title='bbox 1200 2265 1248 2299; x_wconf 85' lang='lat' dir='ltr'>cio</span> <span class='ocrx_word' id='word_1_443' title='bbox 1266 2266 1358 2298; x_wconf 88' lang='lat' dir='ltr'>etiam</span> <span class='ocrx_word' id='word_1_444' title='bbox 1388 2265 1568 2299; x_wconf 88' lang='lat' dir='ltr'>immediate</span> <span class='ocrx_word' id='word_1_445' title='bbox 1593 2266 1716 2298; x_wconf 88' lang='lat' dir='ltr'>functus</span> <span class='ocrx_word' id='word_1_446' title='bbox 1740 2265 1844 2306; x_wconf 87' lang='lat' dir='ltr'>fuerit,</span> <span class='ocrx_word' id='word_1_447' title='bbox 1865 2265 1934 2298; x_wconf 88' lang='lat' dir='ltr'>sub-</span> 
     </span>
     <span class='ocr_line' id='line_1_91' title="bbox 1200 2318 1935 2363; baseline 0.001 -12"><span class='ocrx_word' id='word_1_448' title='bbox 1200 2324 1372 2363; x_wconf 84' lang='lat' dir='ltr'>sequatur,</span> <span class='ocrx_word' id='word_1_449' title='bbox 1404 2325 1433 2352; x_wconf 87' lang='lat' dir='ltr'>et</span> <span class='ocrx_word' id='word_1_450' title='bbox 1467 2319 1511 2352; x_wconf 87' lang='lat' dir='ltr'>sic</span> <span class='ocrx_word' id='word_1_451' title='bbox 1547 2319 1695 2362; x_wconf 87' lang='lat' dir='ltr'>deinceps</span> <span class='ocrx_word' id='word_1_452' title='bbox 1731 2319 1769 2352; x_wconf 88' lang='lat' dir='ltr'>de</span> <span class='ocrx_word' id='word_1_453' title='bbox 1800 2318 1935 2353; x_wconf 87' lang='lat' dir='ltr'>triennio</span> 
     </span>
     <span class='ocr_line' id='line_1_92' title="bbox 1199 2373 1936 2417; baseline 0 -11"><span class='ocrx_word' id='word_1_454' title='bbox 1199 2373 1229 2406; x_wconf 93' lang='lat' dir='ltr'>in</span> <span class='ocrx_word' id='word_1_455' title='bbox 1248 2373 1416 2406; x_wconf 88' lang='lat' dir='ltr'>triennium</span> <span class='ocrx_word' id='word_1_456' title='bbox 1442 2373 1598 2406; x_wconf 73' lang='lat' dir='ltr'>dumtaxat</span> <span class='ocrx_word' id='word_1_457' title='bbox 1626 2376 1777 2414; x_wconf 70' lang='lat' dir='ltr'>servetur,</span> <span class='ocrx_word' id='word_1_458' title='bbox 1795 2373 1836 2406; x_wconf 90' lang='lat' dir='ltr'>ita</span> <span class='ocrx_word' id='word_1_459' title='bbox 1853 2373 1936 2417; x_wconf 91' lang='lat' dir='ltr'>quod</span> 
     </span>
     <span class='ocr_line' id='line_1_93' title="bbox 1198 2427 1937 2473; baseline 0.003 -13"><span class='ocrx_word' id='word_1_460' title='bbox 1198 2438 1370 2471; x_wconf 86' lang='lat' dir='ltr'>numquam</span> <span class='ocrx_word' id='word_1_461' title='bbox 1388 2427 1419 2460; x_wconf 90' lang='grc'>111</span> <span class='ocrx_word' id='word_1_462' title='bbox 1437 2427 1498 2461; x_wconf 90' lang='lat' dir='ltr'>duo</span> <span class='ocrx_word' id='word_1_463' title='bbox 1518 2433 1623 2471; x_wconf 87' lang='lat' dir='ltr'>patres</span> <span class='ocrx_word' id='word_1_464' title='bbox 1644 2428 1675 2460; x_wconf 90' lang='lat' dir='ltr'>in</span> <span class='ocrx_word' id='word_1_465' title='bbox 1691 2428 1845 2462; x_wconf 86' lang='lat' dir='ltr'>dictarum</span> <span class='ocrx_word' id='word_1_466' title='bbox 1866 2439 1937 2473; x_wconf 88' lang='lat' dir='ltr'>pro-</span> 
     </span>
    </p>
   </div>
   <div class='ocr_carea' id='block_1_16' title="bbox 1198 2517 1935 2686">
    <p class='ocr_par' dir='ltr' id='par_1_21' title="bbox 1198 2517 1935 2686">
     <span class='ocr_line' id='line_1_94' title="bbox 1234 2517 1935 2552; baseline 0.003 -8"><span class='ocrx_word' id='word_1_467' title='bbox 1234 2518 1245 2544; x_wconf 81' lang='lat'>1</span> <span class='ocrx_word' id='word_1_468' title='bbox 1260 2517 1334 2544; x_wconf 86' lang='lat' dir='ltr'>Haec</span> <span class='ocrx_word' id='word_1_469' title='bbox 1344 2517 1428 2544; x_wconf 82' lang='lat' dir='ltr'>verba</span> <span class='ocrx_word' id='word_1_470' title='bbox 1442 2517 1610 2544; x_wconf 81' lang='lat' dir='ltr'>immediate</span> <span class='ocrx_word' id='word_1_471' title='bbox 1626 2517 1757 2546; x_wconf 71' lang='lat' dir='ltr'>ministri</span> <span class='ocrx_word' id='word_1_472' title='bbox 1766 2517 1935 2552; x_wconf 75' lang='lat' dir='ltr'>provincia—</span> 
     </span>
     <span class='ocr_line' id='line_1_95' title="bbox 1198 2561 1935 2596; baseline 0 -8"><span class='ocrx_word' id='word_1_473' title='bbox 1198 2561 1234 2589; x_wconf 84' lang='lat' dir='ltr'>lis</span> <span class='ocrx_word' id='word_1_474' title='bbox 1245 2562 1373 2596; x_wconf 75' lang='lat' dir='ltr'>officium</span> <span class='ocrx_word' id='word_1_475' title='bbox 1389 2562 1552 2596; x_wconf 76' lang='lat' dir='ltr'>absolverit,</span> <span class='ocrx_word' id='word_1_476' title='bbox 1567 2564 1599 2588; x_wconf 82' lang='lat' dir='ltr'>ut</span> <span class='ocrx_word' id='word_1_477' title='bbox 1612 2562 1742 2596; x_wconf 76' lang='lat' dir='ltr'>sequenti</span> <span class='ocrx_word' id='word_1_478' title='bbox 1753 2562 1852 2596; x_wconf 75' lang='lat' dir='ltr'>ettam,</span> <span class='ocrx_word' id='word_1_479' title='bbox 1863 2561 1935 2589; x_wconf 83' lang='lat' dir='ltr'>osci·</span> 
     </span>
     <span class='ocr_line' id='line_1_96' title="bbox 1199 2605 1934 2642; baseline 0.001 -9"><span class='ocrx_word' id='word_1_480' title='bbox 1199 2610 1287 2634; x_wconf 82' lang='lat' dir='ltr'>tanter</span> <span class='ocrx_word' id='word_1_481' title='bbox 1300 2606 1398 2634; x_wconf 83' lang='lat' dir='ltr'>omissa</span> <span class='ocrx_word' id='word_1_482' title='bbox 1416 2605 1445 2633; x_wconf 86' lang='lat' dir='ltr'>in</span> <span class='ocrx_word' id='word_1_483' title='bbox 1461 2606 1525 2633; x_wconf 86' lang='lat' dir='ltr'>edit.</span> <span class='ocrx_word' id='word_1_484' title='bbox 1542 2605 1732 2642; x_wconf 82' lang='lat' dir='ltr'>Mainardiana‚</span> <span class='ocrx_word' id='word_1_485' title='bbox 1749 2613 1797 2634; x_wconf 84' lang='lat' dir='ltr'>nos</span> <span class='ocrx_word' id='word_1_486' title='bbox 1813 2605 1934 2634; x_wconf 82' lang='lat' dir='ltr'>addimus</span> 
     </span>
     <span class='ocr_line' id='line_1_97' title="bbox 1198 2651 1561 2686; baseline -0.006 -6"><span class='ocrx_word' id='word_1_487' title='bbox 1198 2660 1229 2680; x_wconf 84' lang='lat' dir='ltr'>ex</span> <span class='ocrx_word' id='word_1_488' title='bbox 1244 2651 1308 2680; x_wconf 89' lang='lat' dir='ltr'>edit.</span> <span class='ocrx_word' id='word_1_489' title='bbox 1326 2651 1441 2680; x_wconf 82' lang='lat' dir='ltr'>Cherub.</span> <span class='ocrx_word' id='word_1_490' title='bbox 1462 2651 1500 2686; x_wconf 79' lang='grc'><strong>(11.</strong></span> <span class='ocrx_word' id='word_1_491' title='bbox 1514 2651 1561 2686; x_wconf 84' lang='lat' dir='ltr'><strong>T.).</strong></span> 
     </span>
    </p>
   </div>
   <div class='ocr_carea' id='block_1_17' title="bbox 1949 246 2130 275">
    <p class='ocr_par' dir='ltr' id='par_1_22' title="bbox 1949 246 2130 275">
     <span class='ocr_line' id='line_1_98' title="bbox 1949 246 2130 275; baseline 0.011 -2"><span class='ocrx_word' id='word_1_492' title='bbox 1949 246 2000 274; x_wconf 74' lang='lat' dir='ltr'>An.</span> <span class='ocrx_word' id='word_1_493' title='bbox 2012 246 2039 274; x_wconf 84' lang='lat' dir='ltr'>C.</span> <span class='ocrx_word' id='word_1_494' title='bbox 2063 247 2130 275; x_wconf 79' lang='lat'>1639</span> 
     </span>
    </p>
   </div>
   <div class='ocr_carea' id='block_1_18' title="bbox 2217 0 2248 2844">
    <p class='ocr_par' dir='ltr' id='par_1_23' title="bbox 2217 0 2248 2844">
     <span class='ocr_line' id='line_1_99' title="bbox 2217 0 2248 2844; baseline 0 0"><span class='ocrx_word' id='word_1_495' title='bbox 2217 0 2248 2844; x_wconf 95' lang='lat' dir='ltr'> </span> 
     </span>
    </p>
   </div>
  </div>
 </body>
</html>
