2226 3235
159 259 208 287 An.
229 259 257 287 C.
275 259 343 288 1629

185 454 188 457 Ι
226 427 267 448 Pro
281 427 345 448 unitis

161 456 232 483 etiam,
246 459 345 480 suppres-

160 486 200 504 SIS,
222 486 345 506 incorpora·

973 263 1115 287 URBANUS
1140 263 1195 287 VIII
1220 264 1268 287 PP.

360 308 469 352 quavis
505 308 689 342 auctoritate
721 314 749 342 et
781 309 930 352 dignitate
963 310 1100 354 praesul<

361 366 485 404 gentes;

405 415 420 458 ξ
445 415 473 448 7.
498 415 627 448 Necnon
651 416 854 449 ecclesiarum
870 444 878 457 ,
903 427 958 450 seu
984 426 1102 449 mensa-

360 478 432 500 rum
463 468 695 512 capitularium,
719 475 771 502 aut
799 470 931 503 aliorum
960 471 1101 503 locorum

160 507 199 530 us.
209 510 249 528 etc.
265 508 346 528 solveu-
387 521 392 526 .

161 533 218 554 dum⁴

188 1859 308 1881 Facultates
315 1860 344 1880 vi·

159 1888 213 1908 carii
226 1888 285 1907 cii-ca
297 1892 345 1907 exa-

160 1914 251 1934 ctionem
259 1914 344 1935 solutio-

160 1946 215 1961 num.

189 2339 288 2360 Clausula
300 2339 347 2360 sub-

160 2366 211 2387 tatii.

360 532 487 565 piorum
513 521 628 565 quibus
658 522 764 557 forsan
794 524 897 567 aliqua
922 533 956 556 ex
983 533 1103 556 monas-

360 575 473 617 steriis‚
496 575 647 618 ecclesiis,
665 577 880 620 cappellaniis,
898 587 951 610 seu
969 576 1037 609 aliis
1053 575 1103 608 be-

361 628 481 662 neficiis
504 629 671 673 praefatis,
697 630 788 664 etiam
820 630 946 674 praevia
975 630 1102 662 illorum

361 685 515 726 perpetua
531 684 754 727 suppressione
771 689 801 717 et
817 683 1016 723 extinctione,
1034 693 1104 716 con-

361 746 457 778 cessa,
476 742 529 769 aut
545 737 637 769 etiam
658 738 755 780 unita,
776 748 895 770 annexa
912 740 942 770 et
962 737 1104 780 incorpo—

360 795 436 830 rata,
451 791 502 823 *vel
519 791 612 824 etiam
633 791 819 825 eorumdem
836 790 1102 824 monasteriorum

361 848 390 874 et
407 853 584 877 mensarum
604 844 824 888 capitularium
842 844 972 884 fruetus,
990 843 1022 876 in
1039 848 1103 876 toto

360 897 406 929 vel
428 896 458 929 in
482 903 580 941 parte,
599 898 691 931 etiam
713 909 770 942 per
793 898 874 930 viam
899 897 1104 931 dismembra-

361 949 468 993 tionis,
495 961 549 983 seu
581 952 671 992 alias,
696 951 869 995 apostolica
896 951 942 984 vel
967 951 1027 983 alia
1052 961 1102 983 ca-

359 1003 471 1036 nonica
491 1004 676 1037 auctoritate
693 1004 838 1048 applicati
859 1009 888 1037 et
909 1003 1103 1047 appropi-iuti

359 1055 499 1098 suerunt,
526 1057 680 1100 capitula,
706 1061 861 1097 rectores,
886 1067 940 1089 seu
965 1055 1100 1088 admini-

359 1115 509 1143 stratores
526 1121 608 1143 nunc
634 1116 661 1143 et
683 1121 741 1154 pro
767 1116 908 1154 tempore
925 1110 1103 1150 existentes,

359 1162 396 1195 ad
423 1163 576 1206 integram
602 1164 790 1197 solutionem
821 1169 908 1197 laxae
929 1174 984 1196 seu
1009 1164 1103 1196 colle-

359 1222 426 1249 ctae
449 1217 642 1258 huiusmodi,
658 1229 716 1262 pro
742 1220 810 1250 rata
832 1217 1017 1251 eorumdem
1042 1218 1104 1250 sru-

359 1275 466 1303 ctuum
492 1271 569 1312 illis,
595 1276 629 1304 ut
659 1272 856 1315 praefertur,
886 1272 1048 1304 unitorum
1074 1278 1100 1304 et

359 1322 636 1366 incorporatorum
654 1335 707 1357 seu
725 1324 800 1357 alias
817 1325 1047 1368 applicatorum
1074 1329 1103 1356 ct

359 1377 647 1420 appropriatorum,
668 1388 685 1410 a
705 1377 754 1410 die
772 1388 833 1421 qua
858 1378 999 1420 singulae
1017 1377 1103 1410 unio-

358 1439 423 1471 nes,
449 1430 640 1463 annexiones
664 1436 694 1463 et
718 1431 996 1474 incorporationes,
1014 1431 1104 1463 aliae-

360 1492 420 1524 que
445 1483 670 1526 applicationes
702 1495 793 1516 suum
823 1484 951 1517 sortitae
976 1484 1103 1517 suerunt

359 1534 516 1578 effectum,
534 1542 563 1569 et
580 1537 656 1570 alias
672 1537 757 1570 iuxta
783 1537 916 1570 sormam
939 1542 1031 1570 notae
1048 1537 1103 1569 im-

358 1589 524 1631 positionis
549 1593 637 1623 taxae
661 1600 717 1623 seu
736 1591 885 1623 collectae
910 1590 1101 1631 huiusmodi,

359 1641 499 1675 eiusdem
516 1643 676 1676 seminarii
695 1643 820 1686 rectori,
839 1654 894 1676 seu
912 1643 995 1676 illius
1012 1654 1103 1686 agen—

359 1695 452 1737 tibus,
481 1697 529 1730 vel
554 1697 720 1738 ministris,
747 1697 862 1730 debitis
887 1701 916 1731 et
944 1697 1102 1731 consuetis

358 1749 436 1782 locis
457 1756 487 1783 et
510 1751 710 1794 temporibus
735 1751 909 1784 faciendam
935 1751 1103 1784 efficaciter

359 1802 469 1844 teneri,
483 1813 519 1836 ac
535 1804 665 1837 omnino
679 1804 833 1846 obligatos
851 1815 919 1836 esse
935 1810 963 1836 et
981 1805 1065 1844 f0re;

404 1853 461 1898 §8
479 1856 522 1888 Ac
539 1866 602 1895 eos,
620 1866 794 1900 eorumque
811 1856 961 1899 singulos,
979 1867 995 1889 a
1011 1867 1101 1900 prae-

359 1907 440 1940 fatae
458 1909 549 1941 Urbis
567 1909 694 1949 vicario,
713 1920 766 1942 seu
792 1910 950 1942 seminarii
968 1916 1101 1950 rectore,

359 1961 407 1994 vel
431 1962 500 1994 aliis
524 1962 676 1995 ministris
700 1963 849 2006 praefatis
876 1973 893 1995 a
915 1963 1032 1996 vicario
1049 1964 1103 1996 liu-

359 2015 495 2048 iusmodi
531 2015 710 2059 deputatis,
735 2015 881 2049 omnibus
913 2021 942 2048 et
972 2016 1102 2058 singulis

359 2068 437 2101 iuris
451 2073 479 2102 et
492 2069 563 2101 sacti
582 2069 930 2102 remediis'necessariis
944 2074 973 2102 et
991 2080 1104 2112 oppor-

360 2121 452 2162 tunis,
470 2132 564 2154 manu
589 2122 687 2172 regia,
705 2132 740 2154 ac
764 2122 831 2154 sine
847 2122 950 2164 figura
975 2127 1003 2154 et
1028 2127 1103 2154 stre-

359 2174 428 2218 pitu
441 2175 558 2215 iudicii,
572 2175 662 2209 etiam
678 2185 736 2218 per
748 2175 907 2208 fructuum
923 2175 1102 2208 huiusmodi

360 2228 654 2270 sequestrationem,
684 2228 893 2272 appellatione
917 2228 1102 2272 postposita,

361 2280 431 2323 cogi
450 2285 479 2314 et
497 2281 643 2325 compelli
660 2292 763 2325 posse,
784 2281 839 2322 sic,
853 2285 909 2315 etc.

406 2334 421 2377 g
438 2333 467 2366 9.
483 2333 623 2377 Sicque¹,
638 2340 667 2367 et
683 2344 747 2368 non
764 2335 849 2375 alias,
863 2345 920 2378 per
938 2346 1103 2378 quoscum-

361 2398 421 2431 que
446 2387 574 2430 iudices,
597 2393 665 2429 ete,
687 2389 780 2422 etiam
806 2399 971 2422 causarum
996 2389 1101 2433 palatii

361 2440 525 2485 apostolici
550 2441 718 2483 auditores,
736 2453 771 2475 ac
796 2447 919 2476 sanctae
943 2443 1101 2476 Romanae

398 2532 409 2558 1
427 2530 533 2558 Habeas
548 2531 698 2566 specimen,
715 2531 832 2567 benigue
852 2533 948 2565 lector,
964 2533 1101 2568 negligen-

361 2575 414 2602 tiae
429 2575 598 2603 incredibilis
614 2583 667 2611 qua
681 2575 828 2611 aliquando
849 2580 958 2612 peracta
971 2577 1022 2603 fuit
1036 2577 1100 2604 edit.

360 2619 442 2647 Main.
459 2619 524 2647 Heic
534 2619 635 2647 ibidem
650 2620 749 2655 legitur
759 2621 810 2654 sic,
823 2624 873 2648 etc.
889 2621 918 2648 in
931 2621 984 2650 fine
998 2621 1012 2657 ἓ
1027 2630 1102 2657 prae-

361 2664 432 2698 ced„
449 2669 475 2693 et
488 2664 585 2694 deinde
598 2664 612 2701 g
626 2665 642 2693 9
658 2665 735 2699 Quae
751 2667 790 2701 (n.
803 2666 851 2700 τ.).

1804 255 1845 288 83

1134 311 1290 344 Ecclesiae
1317 311 1509 351 cardinales,
1534 311 1626 343 etiam
1653 311 1691 344 dc
1715 312 1811 346 latere
1836 313 1875 345 le-

1135 368 1223 405 gatos
1249 369 1277 396 et
1302 363 1390 396 Sedis
1414 363 1613 407 Apostolicae
1638 365 1780 403 nuncios,
1806 365 1875 396 sub-

1136 416 1206 457 lata,
1225 422 1294 456 etc.,
1312 416 1442 449 iudicari
1465 422 1494 449 et
1518 416 1641 449 deliniri
1667 417 1792 459 debere⁷
1810 418 1877 449 irri-

1137 474 1276 512 tumque,
1294 476 1362 510 ete,
1380 470 1534 510 attentari,
1553 475 1610 503 etc.

1180 523 1195 566 ξ
1225 522 1271 555 10.
1289 523 1440 562 Quocirca
1457 523 1570 556 dilecto
1596 524 1660 557 filio
1679 524 1830 557 moderno
1848 530 1878 557 et

1137 585 1193 618 pro
1220 580 1360 619 tempore
1387 576 1529 609 existenti
1551 582 1659 610 nostro
1690 583 1717 610 ct
1746 579 1877 610 Romam

1138 628 1296 661 Pontificis
1313 630 1405 662 etiam
1423 641 1480 673 pro
1505 635 1646 674 tempore
1671 631 1829 665 existentis
1847 632 1878 664 in

1138 681 1219 714 L'rbe
1248 681 1376 726 eiusque
1407 683 1551 716 districtu
1580 684 1696 717 vicario
1724 685 1754 717 in
1787 685 1878 728 spiri-

1126 734 1274 774 ‚tualibus
1307 736 1446 778 generali
1474 747 1531 779 per
1561 737 1732 780 apostolica
1764 738 1879 781 scripta

1138 789 1334 829 mandamus,
1353 793 1506 833 quatenus
1531 790 1607 833 ipsc,
1622 791 1645 822 si
1664 796 1693 823 ct
1713 797 1878 835 postquam

1139 848 1319 886 praesentes
1344 843 1403 875 sibi
1428 849 1645 887 praesentatae
1667 845 1799 885 suerint,
1824 856 1880 889 per

1138 907 1180 937 se,
1198 897 1245 929 vel
1266 908 1322 940 per
1343 897 1450 937 alium,
1469 907 1522 929 seu
1543 897 1630 938 alios,
1649 898 1772 931 casdem
1794 910 1881 942 prae-

1137 954 1248 990 sentes,
1263 954 1291 984 et
1310 950 1341 982 in
1358 951 1474 984 eisdem
1493 955 1637 984 contenta
1654 963 1880 996 quauwmrupw,

1138 1003 1410 1047 quandocumque,
1436 1004 1490 1037 ubi
1514 1009 1543 1036 et
1569 1005 1694 1048 quando
1719 1016 1797 1048 opus
1815 1006 1880 1038 suc-

1139 1056 1187 1096 rit,
1210 1066 1244 1089 ac
1262 1057 1385 1100 quoties
1405 1068 1463 1101 pro
1481 1063 1570 1101 parte
1591 1059 1723 1091 rectoris
1741 1058 1879 1090 eiusdem

1138 1110 1297 1142 seminarii
1328 1121 1386 1154 pro
1425 1116 1582 1160 tempore·
1599 1111 1758 1144 existentis
1788 1112 1881 1144 suerit

1138 1164 1329 1207 requisitus,
1355 1164 1538 1196 solemniter
1563 1165 1748 1207 publicans,
1775 1165 1881 1208 cisque

1137 1227 1171 1249 ac
1197 1228 1307 1250 eorum
1333 1217 1465 1260 singulis
1490 1217 1519 1249 in
1544 1218 1725 1261 praemissis
1746 1218 1881 1251 efficacis

1137 1270 1325 1304 defensionis
1350 1271 1506 1315 praesidio
1531 1272 1690 1310 assistens,
1715 1272 1804 1305 saciat
1830 1284 1882 1305 au-

1137 1324 1279 1358 ctoritate
1303 1327 1412 1358 nostra
1436 1330 1615 1368 praesentes
1641 1329 1669 1358 et
1692 1326 1722 1357 in
1747 1326 1791 1358 eis
1811 1337 1881 1358 eou-

1137 1382 1220 1410 tenta
1235 1388 1453 1421 quaecumque
1473 1389 1529 1421 per
1543 1388 1596 1411 eos
1610 1378 1647 1410 ad
1663 1389 1741 1422 quos
1761 1383 1880 1422 spectat

1137 1436 1166 1463 et
1190 1442 1247 1474 pro
1273 1436 1414 1474 tempore
1439 1431 1589 1474 spectabit
1617 1432 1751 1464 firmiter
1773 1432 1880 1464 obser-

1138 1483 1221 1524 vari,
1247 1489 1275 1516 et
1304 1494 1360 1527 per
1386 1484 1582 1527 singulormn
1614 1485 1877 1518 monasteriorum

1136 1537 1348 1580 praefatorum
1374 1537 1512 1577 abbates,
1531 1548 1586 1569 seu
1610 1543 1781 1581 perpetuos
1799 1550 1880 1570 com-

1137 1589 1359 1630 mendatarios,
1381 1595 1433 1622 aut
1457 1590 1534 1623 alios
1559 1591 1748 1634 superiores,
1774 1601 1808 1623 ac
1835 1602 1880 1624 ec-

1137 1644 1301 1676 clesiarum
1313 1644 1457 1687 capitula,
1469 1649 1618 1685 rectores,
1630 1650 1658 1677 et
1672 1645 1880 1688 eaqu‘iellanias

1137 1698 1291 1741 praefatas
1309 1708 1368 1741 pro
1390 1703 1531 1741 tempore
1551 1698 1787 1741 quomodolibet
1805 1698 1881 1732 obti-

1137 1757 1266 1791 mutes,
1296 1751 1404 1793 quavis
1435 1751 1619 1784 auctoritate
1654 1752 1701 1783 vel
1730 1751 1879 1793 dignitate

1892 266 1943 291 An.
1964 265 1992 292 C.
2011 265 2077 292 1629

1920 538 2030 558 Decretum
2052 538 2080 558 ii·-

1871 578 1875 582 -
1894 565 1965 585 rixans.

1137 1804 1231 1836 etiam
1249 1803 1444 1836 cardinalitia
1461 1804 1625 1846 fulgentes,
1646 1815 1755 1837 onmes
1773 1810 1799 1836 et
1823 1805 1881 1836 sin·
1915 1819 1919 1822 ·

1137 1857 1225 1899 gulas
1235 1856 1440 1900 pecuniarum
1454 1854 1681 1900 praestationes
1692 1857 1879 1901 praedictas,

1137 1916 1187 1942 aut
1214 1910 1338 1942 illarum
1365 1916 1447 1942 ratas
1479 1921 1537 1954 pro
1569 1916 1711 1954 tempore
1741 1911 1878 1951 debitas,

1137 1973 1232 1995 manu
1250 1963 1348 2006 regia,
1364 1968 1394 1995 et
1408 1963 1464 1995 sub
1483 1964 1624 1996 censuris
1643 1969 1671 1996 et
1689 1964 1799 2007 poenis
1820 1964 1879 1996 sibi

1137 2015 1301 2057 lwnevisis,
1312 2016 1434 2059 integre
1448 2017 1725 2059 persolvimecnon
1739 2017 1878 2050 eiusdem

1137 2069 1297 2102 seminarii
1322 2075 1477 2103 rectorem
1502 2081 1562 2114 pro
1587 2076 1729 2114 tempore
1750 2071 1880 2103 exisan-

1138 2128 1210 2163 tem,
1228 2123 1368 2156 eiusdem
1385 2125 1544 2157 seminarii
1570 2125 1723 2165 alumnos,
1749 2130 1880 2157 ceteras-

1137 2187 1196 2219 que
1222 2177 1304 2210 illius
1328 2188 1479 2221 personas
1504 2179 1724 2222 praesentibus
1749 2179 1878 2222 pmsitiee

1137 2231 1197 2262 srui
1224 2236 1253 2263 et
1277 2231 1433 2274 gaudere,

1181 2284 1195 2327 ἓ
1212 2284 1263 2317 11.
1285 2285 1353 2318 Non
1375 2284 1574 2328 permittens¹
1598 2285 1691 2329 ipsos,
1708 2285 1752 2318 γυ]
1768 2296 1876 2318 eorum

1136 2338 1327 2381 quempiam,
1342 2338 1477 2382 desuper
1493 2349 1551 2382 per
1568 2350 1792 2382 quoscumque,
1809 2350 1879 2372 con-

1136 2395 1182 2422 tra
1194 2391 1374 2423 earumdem
1386 2392 1598 2435 praesentium
1611 2392 1743 2425 sormam
1756 2398 1781 2424 et
1796 2398 1878 2426 teno-

1136 2454 1196 2484 res,
1214 2444 1350 2477 indebite
1375 2445 1546 2485 molestari,
1563 2445 1744 2488 perturbari
1764 2447 1811 2478 vel
1837 2447 1879 2478 iu-

1135 2497 1283 2541 quietari;
1302 2494 1550 2531 contradictores
1570 2499 1779 2542 appellatione
1796 2505 1879 2543 post-

1136 2550 1239 2595 posita
1257 2551 1497 2595 compescendo,
1512 2562 1547 2585 ac
1564 2552 1595 2584 in
1612 2552 1761 2595 legitimis
1783 2563 1878 2597 super

1173 2622 1182 2647 l
1197 2620 1264 2648 Male
1275 2621 1339 2648 edit.
1351 2621 1430 2648 Main.
1442 2621 1506 2657 legit
1516 2622 1580 2649 Non
1592 2623 1802 2657 permittenteS,
1815 2631 1877 2650 nam

1116 2679 1120 2702 i
1135 2666 1169 2693 de
1186 2666 1284 2696 vicario
1299 2666 1418 2701 generali
1432 2674 1522 2694 serino
1538 2670 1576 2694 est
1595 2668 1633 2702 (n.
1650 2669 1697 2702 τ.).

1919 2293 1963 2313 Sul»
1983 2298 2078 2314 censuris

1892 2321 1913 2340 et
1928 2320 2008 2346 poeni&
