2248 3229
102 237 153 264 An.
175 235 203 264 C.
222 235 287 265 1631

131 1150 271 1172 Prooemium.

135 1523 203 1543 Causa
229 1523 293 1543 huius

109 1549 276 1572 Constitutionis-

138 2052 238 2073 Concedit
249 2057 295 2078 pro-

111 2081 134 2100 ut
148 2080 169 2100 iu
185 2080 276 2100 rubrica.

345 283 457 316 Datum
470 283 597 323 Romae,
607 282 690 327 apud
701 282 730 316 S.
740 282 869 315 Mariam
884 282 1042 323 Maiorem,

301 337 359 371 sub
383 337 499 371 annulo
524 337 707 379 Piscatoris,
725 337 774 370 die
789 347 844 370 vni
860 336 1043 370 novembris

300 400 452 434 iincxxxl,
469 391 670 435 pontificatus
687 391 785 424 nostri
806 401 887 424 anno
905 400 945 423 ix.

336 452 394 481 Dat.
411 453 456 481 die
472 454 487 481 8
505 453 658 482 novembris
678 453 753 485 1631,
771 453 864 489 pontis.
883 460 952 480 anno
970 459 1004 479 ix.

615 596 725 630 CDXX.

304 676 396 716 Quod
410 677 445 710 in
459 676 589 709 ecclesia
603 676 634 710 S.
647 676 758 709 Iacobz?
772 675 914 715 nationis
927 673 1044 717 Hispa-

346 740 464 762 norum
481 729 519 762 dc
539 729 620 762 Urbe
637 729 794 762 celebrari
807 730 907 772 possit
927 729 1044 770 sestam

348 783 572 826 Concepliom's
603 782 710 816 beatae
738 782 866 815 Mariae
899 780 1045 823 Viryinis

347 835 597 876 Inmzaculatae,
619 835 748 869 etiamsi
765 835 801 868 in
818 833 983 867 dominica
1003 843 1046 865 se-

348 889 453 922 cande
475 889 644 923 Adventus
666 888 800 929 venerit,
820 887 879 920 sub
902 887 970 920 ritu
992 885 1046 919 clu-

343 942 427 986 plz'ci
449 942 578 987 primae
602 942 717 976 clas'sz's
734 940 753 974 ¹.

416 1056 420 1060 ⁵
516 1023 652 1051 Urbanus
668 1022 747 1056 Papa
760 1021 837 1055 VIII,

422 1067 458 1096 ad
478 1070 655 1102 perpetuam
673 1066 718 1094 rei
738 1065 920 1094 memoriam.

348 1137 479 1171 Sanctae
504 1141 534 1171 et
558 1137 777 1170 immaculatae
802 1136 940 1179 Virginis
964 1135 1048 1178 geni-

304 1191 391 1224 tricis
415 1191 470 1224 Dei
493 1190 607 1224 Mariae
632 1190 718 1224 omni
736 1190 828 1223 laude
845 1189 1048 1232 dignissimae

304 1245 424 1277 cultum
459 1249 489 1277 et
521 1244 755 1278 venerationem
779 1253 897 1286 augere
920 1242 1044 1275 deside-

304 1303 420 1338 rantes,
445 1297 498 1341 pia
522 1296 776 1330 christifidelium
795 1297 826 1328 in
844 1296 875 1328 id
888 1295 1048 1328 tendentia

304 1356 376 1384 rota
401 1350 439 1383 ad
464 1349 673 1383 exauditionis
690 1349 824 1392 gratiam
842 1349 975 1381 libenter
993 1348 1047 1380 ad-

305 1404 477 1446 mittimus,
502 1403 725 1446 favoribusque
750 1408 779 1435 et
804 1402 914 1446 gratiis
943 1412 1050 1446 prose-

306 1457 435 1501 quimur
459 1457 658 1501 opportunis.

351 1511 366 1554 ἓ
398 1511 429 1544 ¹1.
464 1511 587 1554 Exponi
622 1510 778 1554 siquidem
816 1510 908 1543 nobis
947 1519 1049 1553 nuper

306 1563 449 1596 fecerunt
475 1564 581 1596 dilecti
613 1563 670 1595 iiiii
696 1563 967 1596 administratores
1000 1572 1049 1594 ecn

308 1616 421 1649 <zlesiae
456 1621 486 1649 et
517 1616 682 1660 hospitalis
715 1616 743 1649 S.
779 1616 883 1649 iacobi
914 1614 1049 1648 nationis

307 1669 519 1713 Hispanorum
545 1669 582 1702 de
607 1670 700 1711 Urbe,
727 1669 812 1713 quod
837 1669 909 1713 ipsi,
929 1680 987 1712 pro
1012 1679 1049 1701 eo

305 1723 499 1767 praecipuo,
532 1734 626 1766 quem
651 1723 798 1755 universa
823 1722 908 1755 natio
941 1722 1049 1755 liuius-

306 1776 393 1809 modi
425 1787 502 1819 erga
536 1777 650 1809 festum
685 1776 906 1819 Conceptionis
938 1776 1049 1808 beatae

306 1829 421 1862 Mariae
446 1829 582 1872 Virginis
607 1829 698 1872 gerit,
723 1829 899 1862 devotionis
925 1829 1049 1869 affeetu,

306 1883 420 1916 festum
444 1883 626 1916 huiusmodi
650 1883 817 1926 quotannis
838 1883 869 1915 in
889 1882 1050 1926 praedicta

308 1937 440 1970 ecclesia
475 1936 658 1970 solemniter
690 1936 851 1970 celebrare
878 1947 1048 1970 consueve-

308 1995 391 2025 runt.

356 2045 370 2088 ξ,
386 2045 415 2077 02.
441 2044 518 2078 Cum
543 2049 658 2086 autem,
677 2044 757 2078 sient
773 2044 881 2077 eadem
896 2043 1051 2087 expositio

310 2098 530 2141 subiungebat,
542 2098 814 2131 administratores
832 2097 983 2141 praedicti
1002 2108 1053 2130 cu-

310 2151 397 2195 piant
416 2152 529 2185 festum
546 2151 739 2191 huiusmodi,
757 2151 842 2194 qnod
863 2151 1052 2194 quandoque

311 2205 343 2237 in
363 2205 531 2238 secundam
551 2204 741 2238 dominicam
758 2204 917 2237 Adventus
934 2203 1053 2243 incidit,

312 2258 369 2290 sub
393 2258 457 2291 ritu
480 2258 598 2302 duplici
621 2258 742 2302 primae
759 2258 868 2291 elassis
893 2258 1053 2290 celebrare

312 2321 415 2355 posse,
435 2311 633 2356 proindeque
650 2312 709 2345 sibi
729 2322 785 2356 per
806 2321 864 2345 nos
884 2311 922 2344 de
942 2321 1055 2355 oppor-

348 2420 362 2447 1
381 2419 570 2455 Conceptionis
583 2418 679 2446 Beatae
694 2418 792 2446 Mariae
807 2418 922 2454 Virginis
937 2418 1054 2453 disputa-

258 2497 264 2502 ·
314 2464 413 2492 tionem
425 2464 588 2500 prohibuere
598 2464 663 2491 Pius
673 2464 693 2489 V
703 2463 792 2491 Const.
805 2469 909 2490 crxxvu
922 2463 972 2498 (al,
985 2463 1054 2497 158),

314 2511 408 2545 Super
421 2510 578 2544 speculam,
596 2512 659 2536 tom.
675 2515 720 2543 vti,
741 2516 803 2544 pag.
819 2509 880 2541 872,
902 2508 1001 2534 Paulus
1024 2507 1054 2542 V,

315 2555 405 2582 Const.
418 2560 533 2581 chxxx1
546 2554 594 2589 (al.
606 2553 679 2587 262),
691 2554 776 2588 Reqis
788 2553 911 2588 pacifici,
928 2556 993 2580 tom.
1006 2558 1054 2586 xix,

316 2607 378 2635 pag.
395 2599 456 2633 356,
473 2603 500 2626 et
519 2598 662 2633 Gregorius
681 2597 733 2629 XV,
753 2597 843 2625 Consi.
866 2604 909 2624 th
933 2598 982 2632 (al.
999 2597 1053 2630 68),

317 2644 531 2679 Sanctissimns,
549 2643 613 2671 ibid.
631 2650 693 2678 pag.
710 2642 771 2670 (588.

912 234 1054 258 t'nniiNt‘s
1079 233 1125 258 Pr.
1152 233 1208 257 VII!

1079 284 1151 316 tuna
1176 282 1215 314 ad
1239 281 1298 314 lioc
1323 280 1449 314 licentia
1473 279 1648 324 provideri:
1672 289 1739 323 nos,
1756 281 1816 324 piiS

1077 336 1234 369 dictorum
1259 334 1552 368 administratorum
1572 333 1651 367 votis
1676 333 1707 366 in
1727 344 1816 378 prae-

1078 388 1190 430 missis,
1216 392 1367 432 quantum
1392 399 1464 422 cum
1488 388 1620 422 Domino
1638 398 1815 432 possumus,

1078 452 1227 482 annuere,
1253 441 1383 485 illosque
1401 441 1588 486 specialibus
1609 441 1767 474 favoribus
1786 446 1817 474 et

1078 495 1187 537 gratiis
1211 495 1359 538 prosequi
1385 496 1542 536 volentes,
1563 500 1593 528 et
1618 505 1729 528 eorum
1753 495 1816 527 sin-

1078 549 1203 590 gulares
1227 558 1378 592 personas
1403 560 1421 580 a
1451 548 1612 592 quibusvis
1637 558 1819 581 exeommu‘

1079 601 1253 641 nicationis,
1278 601 1493 645 suspensionis
1506 605 1535 635 et
1548 601 1715 642 interdicti,
1734 601 1818 634 aliis-

1079 665 1138 698 que
1163 655 1383 688 eeelesiastieis
1410 655 1591 695 sententiis,
1623 655 1764 688 censuris
1789 659 1819 687 et

1080 709 1199 752 poenis,
1217 719 1234 741 a
1255 709 1322 742 iure
1348 709 1395 741 vel
1421 708 1459 741 ab
1485 708 1622 750 homine,
1641 708 1750 751 quavis
1770 718 1819 741 oc-

1079 762 1204 796 casione
1230 763 1276 795 vel
1302 763 1396 796 eausa
1421 762 1501 804 latis,
1519 761 1543 794 si
1560 761 1674 806 quibus
1692 771 1820 805 quomo-

1079 815 1197 848 dolibet
1221 815 1388 848 innodatae
1412 815 1569 856 existunt,
1602 815 1640 847 ad
1675 815 1822 848 effectum

1079 868 1292 912 praesentium
1310 868 1471 901 dumtaxat
1488 868 1756 913 consequendum,
1770 868 1822 900 lia—

1080 932 1152 955 rum
1177 922 1259 955 serie
1283 922 1480 969 absolventes
1512 927 1542 955 et
1572 922 1732 955 absolutas
1756 922 1822 954 sore

1080 980 1253 1017 censentes,
1263 975 1542 1020 supplicationibus
1560 975 1685 1009 illorum
1696 975 1823 1008 nomine

1080 1029 1173 1063 nobis
1197 1039 1293 1074 super
1317 1029 1377 1063 lioc
1402 1028 1565 1062 humiliter
1596 1029 1751 1073 porrectis
1776 1028 1822 1061 in-

1082 1083 1198 1126 clinati,
1223 1083 1341 1116 eisdem
1367 1083 1676 1116 administratoribus
1693 1092 1776 1115 nune
1794 1087 1825 1115 et

1081 1147 1139 1180 pro
1165 1142 1308 1181 tempore
1332 1136 1546 1176 existentibus,
1567 1135 1651 1179 quod
1666 1135 1704 1168 de
1718 1140 1824 1168 cetero

1083 1190 1113 1222 in
1123 1190 1205 1223 dieta
1214 1190 1347 1223 ecclesia
1358 1190 1469 1223 festum
1480 1188 1701 1232 Conceptionis
1714 1188 1824 1222 beatae

1082 1244 1196 1276 Mariae
1213 1243 1350 1286 Virginis
1367 1243 1558 1284 huiusmodi,
1576 1242 1669 1275 etiam
1689 1242 1755 1285 ipsa
1780 1251 1824 1273 se-

1083 1296 1186 1329 cunda
1211 1296 1370 1329 dominica
1387 1295 1560 1337 Adventus,
1585 1306 1656 1328 cum
1683 1294 1714 1326 in
1739 1294 1822 1326 illam

1083 1350 1238 1390 inciderit,
1255 1350 1312 1382 sub
1327 1350 1389 1382 ritu
1405 1348 1555 1392 duplicis¹
1572 1349 1692 1392 primae
1706 1348 1823 1390 elassis⁷

1084 1404 1167 1437 iuxta
1191 1403 1336 1436 rubricas
1368 1402 1502 1435 missalis
1530 1407 1560 1435 et
1590 1401 1739 1434 breviarii
1773 1412 1823 1434 ro-

1084 1457 1184 1499 mani,
1212 1457 1373 1490 celebrare
1398 1456 1496 1488 libere
1528 1461 1558 1488 et
1589 1454 1674 1487 licite
1704 1455 1826 1487 valeant

1083 1510 1168 1554 (cum
1186 1510 1246 1544 hoe
1263 1514 1378 1551 tamen,
1397 1509 1481 1553 quod
1503 1509 1533 1541 in
1556 1508 1660 1541 missis
1681 1513 1743 1541 tam
1763 1508 1826 1551 pri-

1083 1565 1161 1597 vatis
1193 1575 1287 1607 quam
1320 1563 1514 1596 solemnibus
1542 1567 1572 1595 et
1603 1562 1633 1594 in
1658 1561 1825 1605 utriusque

1084 1618 1224 1661 vesperis
1248 1618 1302 1650 siat
1328 1616 1589 1651 commemoratio
1604 1615 1642 1648 dc
1658 1615 1736 1647 seria
1758 1626 1827 1647 eur-

1084 1672 1175 1712 renti,
1193 1678 1231 1713 et,
1253 1683 1326 1705 euni
1352 1671 1382 1704 in
1404 1670 1595 1704 dominicam
1613 1669 1769 1710 inciderit,
1787 1669 1825 1701 de

1084 1725 1151 1769 ipsa
1177 1725 1356 1766 dominica,
1389 1724 1478 1757 cuius
1510 1723 1603 1756 etiam
1629 1722 1825 1765 evangelium

1084 1780 1207 1822 legatur
1238 1778 1270 1811 in
1302 1778 1387 1821 sine),
1413 1777 1586 1821 apostolica
1618 1776 1824 1817 auctoritate,

1083 1837 1193 1864 tenore
1207 1831 1432 1875 praesentium,
1447 1830 1604 1863 licentiam
1625 1829 1826 1863 eoncediinus

1085 1889 1114 1919 et
1138 1885 1348 1928 impertin‘un:

1130 1939 1144 1982 ξ
1160 1938 1189 1971 3.
1216 1939 1284 1971 Non
1301 1937 1496 1971 obstantibus
1511 1936 1785 1971 constitutionibus
1799 1940 1828 1971 et

1085 1991 1336 2026 ordinationibus
1367 1991 1568 2035 apostolicis,
1593 1981 1647 2030 ac,
1673 1995 1827 2034 quatenus

1085 2056 1164 2089 opus
1178 2045 1226 2085 sit,
1240 2045 1340 2078 dictae
1355 2045 1515 2085 ecelesiae,
1529 2045 1622 2077 etiam
1638 2044 1826 2084 iuramento,

1087 2099 1327 2133 confirmatione
1344 2099 1529 2142 apostolica,
1545 2099 1591 2130 vel
1605 2098 1715 2141 quavis
1732 2097 1829 2130 sirmi-

1088 2155 1148 2183 tate
1173 2150 1233 2182 alia
1259 2149 1430 2191 roboratis,
1457 2149 1580 2181 statutis
1605 2154 1635 2181 et
1659 2154 1828 2182 consuetu⁸

1087 2203 1212 2236 dinibus
1229 2229 1236 2243 ,
1277 2202 1454 2247 ceterisque
1493 2201 1659 2236 contrariis
1697 2201 1827 2246 quibus-

1088 2267 1232 2300 eumque.

1132 2311 1243 2344 Datum
1269 2311 1403 2351 Romae,
1428 2310 1513 2354 apud
1534 2310 1562 2343 S.
1586 2309 1715 2342 Mariam
1733 2308 1827 2342 Maio-2

1090 2375 1167 2405 rem,
1185 2364 1242 2397 sub
1260 2365 1376 2397 annulo
1400 2363 1576 2404 Piscatoris,
1599 2362 1649 2395 dic
1674 2372 1749 2394 xxV1
1772 2371 1828 2394 no-

1090 2418 1226 2451 vembris
1251 2427 1407 2458 itnexxxi,
1427 2416 1628 2461 pontificatus
1651 2414 1751 2448 nostri
1774 2424 1827 2447 an-

1089 2481 1130 2504 no
1150 2481 1192 2504 ix.

1125 2534 1182 2561 Dat.
1199 2533 1243 2560 die
1258 2534 1292 2561 26
1308 2533 1465 2562 novembris
1483 2533 1560 2568 1631,
1577 2532 1672 2569 pontif.
1690 2541 1759 2560 anno
1777 2539 1814 2560 tx.

1121 2599 1136 2626 :l
1157 2596 1225 2623 Edit.
1243 2596 1320 2625 Mam.
1338 2600 1414 2626 antea
1430 2597 1493 2631 legit
1508 2596 1627 2631 duplici,
1644 2603 1715 2623 nunc
1732 2595 1829 2630 caeptis

1089 2641 1129 2669 cis
1149 2642 1188 2676 (n.
1205 2641 1253 2676 τ.).

1717 221 1781 257 253
1827 232 1879 260 An.
1900 232 1929 260 c.
1947 232 2011 261 icat

1911 1940 2026 1962 Contrariis

1842 1968 1938 1994 «tt-rogat.
