2248 3229
113 214 163 242 An.
178 214 208 242 C.
230 213 298 242 ¹635

314 260 391 295 tIam
415 261 602 296 venerabilis
626 261 732 296 fratris
753 261 984 306 archiepiscopi
1000 261 1053 296 Co·

313 313 457 356 locensis,
475 314 605 358 eiusque
626 315 744 359 pariter
768 314 1051 358 suffraganeorum,
1083 315 1236 356 biensem,
1250 320 1283 348 ut
1296 315 1482 360 praefertur,
1499 314 1698 354 celebratam,
1718 318 1824 347 aucto-

917 212 1020 238 URBAN
1025 212 1060 238 US
1085 213 1141 239 vul
1164 213 1211 239 PP.

1724 201 1789 237 497
1836 211 1884 240 Aa.
1903 211 1931 239 e.
1953 212 2021 240 1635

1129 262 1144 306 ἓ
1167 261 1196 296 3.
1223 261 1447 306 Synodumque
1471 261 1688 296 dioecesanam
1713 259 1822 303 Zagra-
1837 271 2022 327 §5533333333315

313 367 345 401 in
371 367 518 401 omnibus
550 369 689 402 ecelesiis
720 368 757 402 ad
788 378 938 403 coronam
962 368 1051 411 regni
1084 368 1176 402 ritate
1200 373 1230 402 et
1255 373 1363 402 tenore
1383 368 1552 413 praedictis
1577 378 1755 408 cassamuS‚
1780 367 1822 400 ir-

313 420 490 464 Hungariae
524 422 737 465 spectantibus
767 421 863 454 ritum
895 421 1216 465 Ecclesiae4ritamus
1239 427 1269 454 et
1293 422 1514 460 annullamus,
1539 432 1574 454 ac
1599 431 1657 465 pro
1683 421 1823 459 cassata,

313 474 470 509 Romanae
495 475 713 515 introduxerit,
738 475 943 508 nihilominus
968 468 1069 518 capi-³

1085 473 1174 507 irrita
1187 479 1215 507 et
1231 474 1391 508 annullata
1407 473 1517 508 haberi
1536 474 1681 507 volumus
1695 477 1725 507 et
1741 481 1824 506 man-

314 528 412 562 tulum
439 528 587 561 ecclesiae
619 527 835 570 Zagrabiensis
870 501 1203 572 dumtaxat,ldamus.

311 586 382 626 post
393 579 517 625 lapsum
531 580 768 624 quatuordecim
785 581 940 614 mensium
955 580 993 613 ab
1009 581 1052 614 ul·
1066 575 1069 622 1

312 634 388 667 tima
421 633 540 678 synodo
566 634 764 677 [iungat-ica,
790 635 821 667 in
847 636 908 667 una
933 625 1069 678 synodo*

312 696 394 720 anno
418 686 560 730 proxime
585 687 756 731 praeterito
787 688 978 730 congregata
1004 674 1069 721 tis-f

312 739 415 773 sensui
433 739 602 772 universali
619 750 651 773 se
669 740 825 784 opposuit,
839 739 1051 784 oppugnando
1066 727 1069 743 ¹

312 795 341 825 et
364 792 525 826 renuendo
554 793 650 825 ritum
676 793 893 837 praedictum,
918 802 953 825 ac
977 784 1069 836 pro-}

311 845 452 880 testando
485 845 522 879 de
555 846 699 880 habendo
728 846 766 879 ad
798 847 877 879 hanc
905 845 1113 879 Sanctainet
1137 842 1387 877 ordinationibus
1411 845 1603 888 apostolicis,
1617 855 1652 878 ac
1669 844 1824 878 dictarum

1129 579 1189 622 gli.
1206 579 1415 613 Decernentes
1431 580 1556 613 irritum
1577 585 1605 612 et
1628 580 1718 613 inane
1739 579 1824 623 quid·
1867 590 1986 612 eiausuias.

1085 631 1159 676 quid
1183 642 1273 666 secus
1293 643 1388 676 super
1413 633 1462 666 his
1487 643 1503 666 a
1529 642 1698 677 quoquam,
1716 633 1825 677 quavis

1085 684 1278 725 auctoritate,
1298 685 1432 718 scienter
1451 686 1497 718 vel
1519 685 1711 728 ignoranter,
1730 685 1824 719 conti-

1085 737 1166 780 gerit
1182 738 1335 771 attentari.

1129 790 1196 832 ἐξ).
1222 791 1290 824 Non
1322 792 1517 824 obstantibus
1550 791 1824 826 constitutionibus
1889 803 2021 824 obstantium

1840 829 1957 856 derogatio.

311 897 424 932 Sedem
449 909 590 932 recursu.
609 900 815 943 Quapropter,
833 909 904 931 cum
925 898 1050 930 missale
1084 896 1301 938 ecclesiarum,
1326 897 1418 930 etiam
1444 897 1631 939 iuramento,
1656 897 1824 932 confirma-

311 955 340 984 et
352 950 543 985 breviarium
559 952 707 985 ecclesiae
724 951 939 994 Zagrabicnsis
952 953 1049 1000 opera
1066 955 1068 987 k
1084 949 1167 982 tione
1193 949 1376 993 apostolica,
1395 951 1441 984 rel
1467 951 1576 995 quavis
1596 951 1745 986 firmitate
1764 951 1824 984 alia

311 1004 414 1039 dilecti
440 1005 495 1038 siin
519 1006 619 1038 nosti-i
644 1004 801 1038 nancisci
836 1004 863 1037 s.
890 990 1068 1037 Lau1›enui⁵

1085 1003 1252 1044 roboratis,
1270 1003 1393 1036 statutis
1418 1008 1447 1038 et
1471 1004 1761 1045 consuetudinibus,
1780 1015 1826 1037 ce-

309 1059 341 1091 in
373 1058 506 1093 Damaso
538 1059 660 1093 diaconi
690 1058 856 1092 cardinalis
887 1057 1222 1109 Bai-be1*ini‚terisque
1242 1057 1409 1090 contrariis
1430 1057 1691 1101 quibuscumque.

309 1113 481 1156 nuncupati
506 1112 534 1146 S.
556 1113 589 1146 R.
610 1112 640 1144 E.
668 1112 924 1153 vicecancellarii,
950 1112 1067 1145 nostri]

1128 1111 1238 1145 Datum
1251 1112 1378 1153 Romae,
1390 1112 1473 1156 apud
1485 1112 1513 1145 S.
1524 1112 1654 1145 Mariam
1665 1111 1824 1153 Maiorem,

310 1165 482 1200 secundum
508 1176 635 1199 carnem
661 1176 697 1199 ex
722 1166 817 1200 fratre
834 1176 985 1209 germano
1001 1176 1050 1199 ne·
1066 1162 1068 1180 ³
1084 1165 1140 1199 suh
1166 1166 1282 1199 annulo
1307 1165 1485 1206 Piscatoris,
1499 1165 1549 1199 die
1573 1169 1821 1209 xxvntseptem-

309 1220 401 1264 potis,
427 1219 465 1252 ad
489 1220 660 1253 Romanam
682 1220 802 1253 curiam
828 1224 1049 1264 transportata,
1066 1215 1150 1253 ‘bris
1168 1229 1332 1260 tuncxxxv,
1345 1219 1546 1263 pontificatus
1556 1218 1656 1253 nostri
1667 1227 1749 1252 anno
1759 1227 1823 1253 xttt.

309 1278 340 1307 et
367 1283 385 1306 a
411 1273 642 1307 venerabilibus
668 1274 816 1306 fratribus
840 1274 957 1307 nostris
986 1275 1069 1321 sans

310 1331 378 1361 ctae
401 1327 560 1361 Romanae
577 1327 734 1360 Ecclesiae
751 1327 962 1360 cardinalibus
980 1337 1050 1360 eon-

309 1385 358 1413 tra
380 1380 573 1414 haereticam
598 1380 782 1424 pravitatem
811 1380 1051 1425 inquisitoribus

310 1433 510 1477 generalibus
533 1434 704 1477 recognita,
730 1443 828 1477 eaque
853 1434 946 1467 variis
971 1428 1069 1468 deses

311 1487 413 1521 ctibus
439 1486 572 1520 obnoxia
597 1492 722 1530 reperta
746 1487 879 1528 suerint,
905 1492 935 1520 et
960 1497 1069 1520 rene-·

310 1539 418 1575 rabilis
441 1539 538 1573 frater
563 1540 729 1584 episcopus
754 1540 970 1583 Zagrahiensis
1001 1535 1069 1573 lit-¹

310 1594 386 1628 teris
418 1594 484 1627 eius
516 1593 553 1626 ad
586 1593 780 1627 venerabiles
805 1594 898 1627 etiam
922 1594 1050 1627 fratrem

310 1648 494 1692 episcopum
525 1646 715 1680 Bosnensem
745 1646 812 1680 eius
837 1647 1049 1680 coadiutorem

310 1699 390 1734 datis
413 1709 473 1744 pro
497 1699 730 1733 introductione
749 1699 823 1733 dicti
849 1700 927 1734 ritus
944 1700 1050 1734 Eccle-

311 1754 375 1787 siae
399 1754 557 1788 Romanae
575 1753 688 1793 instet3
713 1753 805 1786 nobis
822 1758 992 1798 propterea
1008 1753 1052 1787 di-

313 1812 380 1841 ctus
405 1807 515 1841 Petrus
546 1806 713 1840 cardinalis
743 1806 905 1840 humiliter
933 1807 1051 1851 suppli—

313 1860 377 1894 cari
394 1860 476 1900 fecit,
494 1865 527 1893 ut
543 1859 575 1892 in
589 1859 771 1904 praemissis
785 1866 964 1904 opportune
983 1871 1053 1904 pro-

314 1914 420 1948 videre
443 1913 482 1947 de
505 1913 698 1956 benignitate
718 1914 890 1957 apostolica
911 1914 1070 1957 dignare-=

312 1977 392 2001 mur.

135 2031 297 2062 roniirumn-
358 2021 374 2066 ᾗ
397 2020 426 2055 2.
452 2021 513 2055 Nos
539 2021 656 2064 igitur,
681 2020 754 2054 dicti
779 2020 862 2053 Petri
887 2021 1053 2055 cardinalis

112 2057 298 2115 sstktiifflissss}
314 2075 415 2116 votis,
440 2077 591 2119 quantum
617 2084 687 2107 cum
710 2074 843 2108 Domino
868 2083 1071 2118 possumus,

113 2111 300 2168 ῗῗὲῗῗῖὴεαῗωῠξῗζ
314 2137 462 2168 annuere,
476 2127 628 2171 illumque
645 2127 833 2171 specialibus
848 2127 1007 2161 sax-oribus
1024 2134 1054 2162 et
1070 2156 1071 2171 ,

113 2163 299 2213 iffiassffmffi
314 2181 423 2225 gratiis
447 2181 596 2225 prosequi
618 2181 765 2222 volentes,
783 2181 964 2215 huiusmodi
984 2192 1054 2226 sup-

115 2217 213 2239 d'bmn'
313 2235 533 2280 plicationibus
547 2235 695 2278 inclinati,
707 2235 790 2279 quod
804 2236 954 2269 eeclesiae
964 2236 1053 2279 regni

314 2288 492 2332 Hungariae
510 2288 698 2331 praedictae,
714 2288 903 2332 illarumque
927 2299 1054 2333 praesu-

313 2342 374 2384 les,
400 2341 541 2375 canonici
571 2346 600 2374 et
632 2341 709 2374 aliae
742 2341 869 2385 quaevis
900 2352 1054 2386 personae

314 2394 542 2429 ecclesiasticae
559 2394 685 2427 illarum
706 2395 842 2428 servitiis
866 2394 1053 2439 adscriptae,

312 2447 432 2482 missali
458 2452 487 2480 et
507 2446 664 2480 breviario
683 2447 767 2480 iuxta
784 2447 880 2480 ritum
898 2448 1054 2482 Ecclesiae

312 2500 472 2537 Romanae
485 2500 530 2533 uti
544 2500 673 2535 omnino
690 2500 826 2534 debeant
839 2506 869 2534 et
880 2506 1053 2544 teneantur,

313 2554 484 2600 apostolica
498 2554 691 2595 auctoritate,
706 2560 815 2588 tenore
828 2556 1052 2598 praesentium,

313 2608 479 2643 statuimus
503 2613 533 2641 et
559 2607 750 2641 ordinamus.

414 2669 491 2702 Buu.
507 2669 590 2700 Rom.
607 2685 638 2690 --
659 2670 717 2700 Vol.
737 2669 812 2700 XIV.
957 2671 992 2699 63

1120 1282 1176 1309 Dat.
1194 1281 1237 1309 die
1252 1281 1285 1309 27
1302 1281 1465 1317 septembris
1483 1281 1559 1316 1635,
1577 1281 1673 1317 pontif.
1685 1289 1755 1309 anno
1768 1287 1823 1309 xm.

1386 1423 1526 1458 DXXVII.

1087 1505 1179 1544 Quod
1202 1509 1394 1549 procurator
1418 1504 1580 1548 generalis
1607 1502 1742 1538 Ordinis
1762 1504 1827 1547 fra-

1131 1562 1217 1590 trum
1241 1557 1411 1591 Minorum
1437 1557 1467 1592 S.
1494 1557 1665 1591 Francz'scz·
1685 1557 1825 1592 Conven-

1131 1611 1273 1644 tualimn
1283 1612 1385 1654 possit
1405 1610 1606 1654 supprimere
1624 1620 1741 1654 parvos
1757 1619 1826 1643 con-

1129 1667 1250 1703 ventus,
1275 1664 1312 1696 in
1336 1663 1455 1708 quibus
1479 1673 1545 1696 non
1567 1666 1670 1707 potest
1682 1661 1826 1697 substen-

1132 1717 1195 1750 tari
1229 1727 1386 1750 numerus
1416 1716 1577 1759 sufficiens
1601 1716 1744 1758 fratrum
1767 1725 1826 1759 pro

1130 1770 1277 1814 '’cotilari
1301 1769 1512 1803 observantia.

1193 1850 1309 1878 Dilecto
1329 1850 1404 1883 filio,
1426 1849 1564 1878 ministro
1586 1849 1719 1885 generali

1086 1894 1202 1924 Ordinis
1213 1895 1360 1923 Minorum
1370 1894 1616 1923 conventualium
1625 1893 1826 1928 &Francia-11,

1295 1949 1430 1977 Urbanus
1451 1948 1529 1983 Papa
1543 1948 1621 1977 vm.

1357 2011 1474 2040 Dilecto
1494 2011 1555 2044 fili,

1129 2058 1258 2084 salntem
1275 2059 1306 2083 et
1321 2056 1518 2090 apostolicam
1537 2055 1783 2084 benedictionem.

1131 2129 1146 2172 ᾖ
1169 2128 1199 2161 1.
1225 2128 1323 2168 Cum,
1352 2127 1432 2161 sicut
1462 2127 1593 2160 dilectus
1621 2126 1704 2160 filius
1731 2127 1827 2161 frater
1843 2136 1952 2185 ceaqsaq
1962 2137 2026 2167 ham,

1087 2181 1206 2214 Blasius
1223 2180 1378 2222 aCherso‚
1395 2185 1583 2224 procurator
1603 2179 1758 2224 generalis
1768 2179 1828 2214 ⁴Or·
1860 2165 2010 2185 ⁰⁰⁵²¹²¹²‘¹⁰¹¹¹⁵‘

1087 2235 1168 2268 dinis
1191 2235 1324 2268 fratrum
1348 2234 1505 2268 Minorum
1521 2234 1550 2269 S.
1569 2233 1728 2268 Francisci
1752 2233 1829 2268 Con-

1088 2288 1280 2322 ventualium
1316 2293 1573 2332 nuncupatorum
1606 2287 1696 2321 nobis
1726 2297 1828 2331 nuper

1088 2341 1201 2385 exponi
1226 2341 1307 2382 fecit,
1328 2341 1427 2385 quod¹
1447 2341 1478 2374 in
1494 2341 1604 2375 eodem
1622 2340 1737 2374 Ordine
1754 2350 1828 2374 non-

1087 2395 1165 2428 nulli
1189 2394 1278 2439 parvi
1303 2399 1473 2428 conventus
1498 2394 1712 2439 reperiantur,
1737 2404 1773 2427 ac
1796 2393 1828 2428 in

1089 2449 1133 2483 eis
1157 2449 1290 2483 fratrum
1315 2458 1466 2482 numerus
1489 2447 1707 2481 observantiae
1731 2457 1826 2491 regu-

1088 2501 1146 2536 lari
1163 2501 1319 2535 sufficiens
1337 2511 1536 2546 nequaquam
1549 2500 1746 2544 manuteneri
1759 2510 1827 2545 pos-

1125 2620 1134 2646 t
1152 2616 1252 2646 Vocula
1267 2617 1342 2653 quod
1356 2615 1509 2646 redundare
1524 2615 1632 2646 videtur
1645 2616 1683 2652 (a.
1700 2617 1748 2651 τ.).
