2248 3229
128 218 178 247 An.
197 218 226 247 C.
244 218 309 247 ¹631

528 263 662 292 Urbanus
684 263 762 299 Papa
781 261 859 296 vui,

467 309 504 337 ad
521 309 655 338 tutin-am
673 308 717 337 rei
737 307 918 338 memoriam.

155 387 296 409 Prooemium,
371 373 522 406 Paternae
545 382 581 405 ac
604 372 793 416 praecipuae
818 368 978 403 charitatis
997 367 1067 401 affe-

327 431 405 467 ctus,
433 436 495 470 quo
519 435 652 468 gregem
676 423 869 458 dominicum
895 431 988 456 curae
1009 431 1066 455 no-

326 484 408 512 strae
445 478 593 511 divinitus
629 477 784 510 creditum
820 476 1044 520 prosequimur
1059 501 1067 515 ,

327 532 442 575 iugiter
465 542 522 565 nos
550 531 702 575 impellit,
726 536 768 569 ¹ut
800 530 959 563 communi
984 528 1067 562 illius

327 585 430 626 saluti,
446 589 597 629 quantum
623 583 714 617 nobis
738 594 775 616 cx
796 584 857 616 alto
875 581 1067 623 conceditur,

328 638 477 682 pastorali
503 637 711 670 sollicitudine
737 636 945 679 invigilemus.
968 649 971 651 ·

373 692 388 735 ἓ
413 691 442 724 ’1.
467 691 543 724 Cum
568 690 672 735 itaque
699 690 793 733 (sicut
811 700 874 723 non
891 689 957 722 sine
981 686 1069 731 gravi

328 744 424 778 animi
458 743 558 778 nostri
583 754 730 777 moerore
765 743 968 787 accepimus)
993 750 1068 774 con-

328 798 448 841 tagium
465 797 496 830 in
512 797 671 833 nonnullis
685 796 861 830 civitatibus
878 800 909 828 et
924 795 1002 829 locis
1016 794 1071 827 Ita-

328 852 388 886 liae
405 851 542 895 grassari
563 856 735 884 asseratur:
760 860 826 891 nos,
849 860 909 893 pro
930 848 1071 882 iniuncto

329 905 419 939 nobis
433 904 569 949 desuper
582 904 771 948 apostolicae
785 902 944 936 servitutis
957 902 1071 943 officio,

330 969 388 1003 pro
412 958 592 999 avertendo,
609 963 760 1002 quantum
792 957 915 990 divinae
948 956 1072 1000 placue-

332 1011 373 1045 rit
397 1011 642 1057 misericordiae,
669 1009 865 1053 contagionis
890 1009 1072 1043 huiusmodi

332 1065 485 1111 periculo,
505 1065 593 1107 nihil,
619 1064 704 1108 quod
735 1063 774 1096 ad
806 1063 947 1096 muneris
974 1062 1073 1096 nostri

332 1123 438 1163 partes
455 1122 584 1162 spectat,
602 1116 864 1161 praetermittere,
879 1126 915 1149 ac
932 1115 1073 1149 eiusdem

298 1187 301 1189 ·
334 1171 440 1215 gregis
462 1170 617 1215 spirituali
642 1170 850 1204 consolationi
874 1169 1072 1203 animarum-

335 1234 397 1268 que
419 1224 511 1258 saluti
528 1225 659 1269 paterna
675 1223 827 1257 charitate
844 1222 1009 1256 consulere
1025 1232 1078 1255 vo-

336 1278 453 1318 lentes,

383 1330 398 1375 §
416 1330 502 1365 2130
512 1330 736 1375 omnipotentis
747 1330 801 1364 Dei
814 1328 1031 1363 misericordia
1044 1338 1080 1362 ac

341 1383 507 1418 beatorum
523 1385 607 1418 Petri
627 1389 657 1418 et
673 1384 759 1417 Pauli
781 1383 995 1428 apostolorum
1014 1382 1081 1416 eius

344 1438 529 1473 auctoritate
552 1437 672 1480 confisi,
696 1437 924 1480 indulgentiam
940 1436 1083 1470 Portiun-

344 1491 432 1525 culae
455 1497 677 1536 nuncupatam,
701 1489 958 1524 christifidelibus
982 1489 1082 1522 eccle-

342 1545 420 1579 siam
444 1544 476 1578 B.
501 1545 617 1578 Mariae
640 1544 833 1588 Angelorum
856 1541 1081 1577 Assisiensem¹

341 1598 479 1633 secunda
507 1597 557 1632 die
585 1598 703 1631 mensis
733 1596 857 1640 augusti
885 1596 1082 1630 visitantibus

340 1661 531 1692 concessam,
549 1651 696 1684 omnibus
714 1655 744 1683 et
761 1650 892 1693 singulis
912 1649 1081 1683 domorum

339 1706 473 1739 fratrum
487 1703 612 1739 Ordinis
628 1704 785 1737 Minorum
800 1703 898 1736 sancti
912 1703 1080 1745 Francisci,

340 1765 403 1792 tam
419 1757 678 1793 Conventualium
704 1767 798 1800 quam
822 1756 861 1789 de
878 1756 1082 1790 Observantia

340 1817 370 1845 et
382 1812 656 1856 Cappuccinorum
674 1814 926 1854 nuncupatorum
941 1820 977 1843 ac
989 1810 1081 1843 etiam

340 1865 425 1899 tertii
435 1865 559 1900 Ordinis
573 1864 713 1897 eiusdem
726 1864 825 1897 sancti
837 1863 1005 1906 Francisci,
1017 1863 1084 1897 ubi-

342 1918 417 1952 libet
439 1919 472 1951 in
496 1917 583 1951 ltalia
608 1917 824 1958 existentibus,
842 1922 881 1959 et,
899 1917 953 1950 ubi
971 1917 1083 1950 domus

342 1971 526 2007 eorumdem
551 1971 685 2004 fratrum
709 1980 773 2004 non
797 1976 878 2012 sunt,
899 1970 1083 2004 matricibus

343 2037 397 2060 seu
413 2025 642 2070 principalibus
659 2024 799 2058 ecclesiis
816 2024 959 2058 locorum
975 2023 1008 2060 in
1028 2024 1085 2058 Ita-

343 2079 385 2113 lia
398 2079 544 2113 similiter
559 2078 770 2118 existentium,
787 2078 959 2122 apostolica
981 2083 1085 2111 aucto—

343 2134 444 2175 ritate,
462 2138 572 2167 tenore
596 2132 820 2177 praesentium,
837 2132 896 2165 hac
914 2132 981 2165 vice
999 2131 1085 2165 dum-

345 2191 429 2220 taxat
452 2186 737 2227 communicamus,
762 2190 792 2219 et
815 2185 853 2219 ad
878 2185 1004 2219 easdem
1033 2196 1085 2219 ex-

345 2240 521 2275 tendimus:
545 2240 588 2273 ita
611 2243 646 2274 ut
674 2239 911 2280 christifideles,
937 2239 1085 2273 ecclesias

346 2295 503 2329 dictorum
525 2295 670 2335 fratrum,
687 2299 726 2335 et,
743 2294 798 2327 ubi
821 2294 893 2327 illae
916 2303 980 2327 non
1004 2298 1085 2334 sunt,

346 2349 493 2383 matrices
524 2358 579 2382 seu
609 2348 798 2393 principales
827 2347 1003 2392 praedictas
1028 2349 1085 2381 ea-

348 2402 418 2436 dem
436 2402 486 2436 die
502 2401 613 2435 devote
630 2406 660 2435 et
675 2411 749 2436 vere
765 2401 961 2446 poenitentes
974 2406 1005 2435 et
1017 2411 1088 2435 con-

347 2455 421 2491 sessi
445 2465 482 2490 ac
504 2456 595 2489 sacra
624 2455 846 2489 communione
879 2455 986 2489 refecti
1017 2455 1089 2489 visi-

348 2514 466 2550 tantes,
490 2508 699 2543 eamdemmet
730 2508 958 2552 indulgentiam
983 2518 1089 2543 conse-

349 2568 495 2608 quantur,
512 2562 592 2596 sicut
610 2566 888 2606 consequerentur,
901 2562 928 2596 si
944 2561 1026 2596 dicta
1039 2562 1089 2596 die

387 2627 399 2652 1
416 2624 487 2653 Edit.
503 2623 583 2652 Main.
597 2624 665 2659 legit
679 2624 849 2651 Assisiensz's
861 2625 897 2659 (R.
910 2624 958 2659 τ.).

416 2678 495 2706 Eun.
517 2677 600 2706 Rom.
622 2692 655 2697 —
678 2677 736 2706 Vol.
758 2676 834 2704 XIV.

155 705 237 727 Causae
250 705 313 725 huius

127 732 292 753 constitutionis.

173 1343 275 1366 Extensio
290 1344 320 1364 in-

135 1371 258 1397 dulgentiae
267 1386 283 1399 ,Ι
296 1370 325 1399 (1Θ

136 1403 178 1424 qna
191 1397 213 1419 in
227 1397 313 1418 rubrica

980 2676 1015 2704 30

937 211 1080 239 URBANUS
1103 210 1162 236 vm
1184 210 1233 236 ΡΡ.

1743 193 1808 230 ⁶233
1853 204 2031 234 An.o.1631

1100 259 1265 294 ecclesiam
1281 256 1456 303 praefatam
1472 254 1501 290 S.
1515 253 1631 289 Mariae
1648 254 1840 297 Angelorum

1100 313 1272 353 visitarent,
1298 311 1420 356 aliaque
1445 313 1616 355 propterea
1639 306 1841 351 adimplenda

1101 367 1320 410 adimplerent.
1775 361 1812 384 0

1146 419 1161 462 g
1177 418 1206 451 3.
1225 419 1294 452 Non
1311 416 1453 450 obstante
1473 416 1582 458 regula
1599 414 1708 448 nostra
1725 413 1763 446 de
1779 423 1842 446 non
1874 427 2044 452 Dorogatiocou-

1102 471 1310 506 concedendis
1335 469 1537 512 indulgentiis
1562 469 1600 500 ad
1625 469 1739 509 instar,
1768 456 1979 501 cete-“³¹⁴⁰“”u'

1101 525 1208 568 risque
1233 523 1400 557 contrariis
1426 523 1688 567 quilniscumque.

1147 578 1162 621 ξ
1185 578 1215 610 4.
1234 578 1382 610 Volumus
1400 581 1513 617 autem,
1531 576 1616 619 quod
1632 575 1845 620 praesentium
1899 586 2045 618 'stan-sumptis

1103 631 1318 674 transumptis,
1336 630 1430 663 etiam
1450 629 1623 673 impressis,
1642 639 1736 662 manu
1753 629 1848 662 alicu-
1862 614 1932 635 ‘hm
1949 613 2007 634 ⁸⁴¹⁹*

1103 686 1151 718 ius
1175 684 1287 718 notarii
1314 683 1434 727 publici
1459 682 1664 726 subscriptis,
1689 687 1718 715 et
1742 682 1847 724 sigillo

1085 749 1257 784 ipersonae
1280 738 1313 770 in
1333 737 1484 780 dignitate
1508 735 1719 769 ecclesiastica
1737 735 1848 768 consti-

1105 796 1189 826 tutae
1212 791 1359 832 munitis,
1387 789 1494 823 eadem
1520 799 1653 833 prorsus
1678 788 1795 832 ubique
1814 787 1849 821 fi-

1105 846 1160 879 des
1183 845 1391 886 adhibeatur,
1422 853 1501 887 quae
1532 842 1650 876 eisdem
1670 842 1845 887 praesenti-

1105 899 1164 932 bus
1189 898 1412 938 adhiberetur,
1442 896 1466 929 si
1490 897 1591 930 forent
1617 895 1774 930 exhibitae
1801 895 1850 928 vel

1106 958 1259 986 ostensae.

1152 1006 1264 1039 Datum
1293 1004 1422 1044 Romae,
1449 1001 1532 1047 apud
1557 1002 1586 1035 S.
1606 1001 1735 1035 Mariam
1760 1001 1851 1036 Maio-

1108 1070 1187 1101 rem,
1212 1059 1271 1092 suh
1303 1057 1419 1091 annulo
1447 1056 1626 1097 piscatoris,
1644 1056 1693 1089 die
1720 1065 1759 1089 xv
1783 1055 1852 1090 iulii

1109 1122 1264 1154 iincxxm,
1286 1111 1487 1157 pontificatus
1507 1110 1607 1144 nostri
1632 1119 1713 1143 anno
1741 1119 1806 1143 viii.

1144 1176 1207 1204 Dat.
1223 1175 1267 1203 die
1283 1174 1315 1203 15
1329 1174 1386 1202 iulii
1401 1174 1482 1208 2631,
1498 1173 1595 1209 pontif.
1613 1180 1682 1201 anno
1696 1179 1754 1200 vni.

1094 1295 1099 1353 l
1421 1307 1544 1342 corin,

1096 1375 1303 1426 'seomnn‘ssio
1335 1387 1479 1432 episcopo
1514 1385 1786 1429 Portuqallensi,
1820 1390 1856 1419 ut

1159 1444 1308 1478 inhibeat
1321 1442 1483 1475 iudicibus
1499 1440 1711 1479 secularibus,
1728 1450 1767 1473 ne
1780 1450 1856 1473 θαα-

1159 1508 1211 1531 sas
1235 1496 1346 1530 civiles
1371 1493 1570 1528 monialium
1583 1495 1856 1526 monasteriorum

1162 1550 1298 1586 Ordinis
1323 1549 1353 1583 S.
1379 1547 1548 1582 Benedicti
1572 1547 1609 1579 in
1633 1548 1693 1579 suti
1723 1546 1858 1579 dioecesi

1160 1604 1370 1638 existentium
1395 1602 1462 1635 ullo
1486 1600 1580 1636 modo
1597 1610 1780 1644 coqnescere
1797 1609 1857 1634 αῑιἒ

1160 1657 1291 1691 deant¹.

1133 1735 1303 1766 Venerabili
1327 1734 1415 1764 fratri
1436 1734 1576 1770 episcopo
1601 1732 1840 1770 portugallensi,

1312 1790 1448 1818 Urbanus
1479 1790 1557 1823 Papa
1576 1789 1654 1817 v111.

1333 1851 1520 1880 Venerabilis
1532 1851 1638 1885 frater,

1152 1898 1281 1926 salutem
1307 1899 1338 1925 et
1357 1897 1554 1931 apostoticam
1573 1894 1822 1924 benedictionem.

1162 1969 1177 2013 ἓ
1200 1968 1229 2002 l.
1255 1968 1342 2009 Cum,
1369 1967 1448 2001 sicut
1461 1967 1553 2001 nobis
1570 1977 1673 2011 nuper
1691 1966 1804 2011 exponi
1820 1966 1860 2000 se<
1875 1975 2059 2023 <eofiia¹³32<i⁰dc¹33⁵

1118 2023 1196 2064 cisti,
1217 2022 1387 2056 nonnullae
1410 2031 1566 2065 personae
1590 2021 1747 2054 seculares
1767 2021 1859 2054 unius
1876 2036 1909 2050 sas
1937 2030 2060 2063 monianum

1118 2075 1243 2111 Ordinis
1267 2075 1296 2109 S.
1322 2075 1480 2108 Benedicti
1498 2075 1529 2107 in
1551 2074 1674 2107 civitate
1699 2074 1860 2117 Portugal-
1876 2059 2060 2111 Jgff‘gjgfflss'ffl',

1100 2129 1211 2171 ;lensi‚
1236 2133 1266 2162 ct
1291 2128 1376 2168 alias,
1402 2128 1440 2161 de
1466 2128 1589 2160 l'airam
1612 2130 1802 2171 nuncupata,
1828 2129 1860 2161 in
1876 2110 1962 2165 {323¹
1984 2108 2061 2161 ἔέἒέἶῖ

1101 2176 1103 2215 Ξ
1119 2182 1255 2216 dioecesi
1272 2181 1503 2224 Portugallensi
1523 2181 1722 2215 existentium
1745 2181 1862 2214 monia·
1878 2164 1957 2187 vfflm'

1103 2238 1196 2270 ¹lium
1221 2236 1488 2270 monasteriorum
1512 2235 1721 2269 iurisdictioni
1742 2241 1813 2268 tuae
1830 2235 1862 2269 in

1120 2291 1337 2336 spiritualibus
1354 2294 1384 2324 et
1401 2289 1630 2334 temporalibus
1645 2290 1860 2322 subiectorum

1120 2345 1272 2379 moniales
1296 2345 1328 2378 in
1347 2344 1460 2385 causis,
1486 2344 1517 2377 in
1541 2344 1656 2388 quibus
1681 2344 1766 2387 ipsae
1790 2353 1863 2376 reae

1121 2399 1266 2439 existunt,
1291 2408 1398 2432 coram
1411 2397 1566 2431 iudicibus
1580 2397 1773 2431 secularibus
1791 2396 1862 2440 (sub

1121 2453 1197 2487 falso
1221 2457 1387 2497 praetextu
1414 2451 1499 2496 quod
1530 2451 1561 2484 in
1591 2451 1657 2483 istis
1681 2450 1807 2483 casibus
1831 2450 1863 2483 in

1122 2508 1181 2541 isto
1197 2516 1296 2551 regno
1310 2505 1522 2549 Portugalliae
1539 2505 1719 2549 superiores
1736 2515 1798 2537 non
1811 2505 1862 2538 ha-

1121 2561 1228 2604 beant)
1249 2559 1435 2594 conveniant
1455 2569 1510 2592 seu
1529 2558 1697 2592 convenire
1719 2563 1864 2603 praeten-

1159 2624 1169 2651 1
1189 2622 1226 2651 Ex
1243 2622 1351 2658 Regest.
1366 2621 1394 2649 in
1410 2621 1511 2650 Secret.
1526 2620 1603 2649 Brev.
