2248 3229
241 201 295 232 An.
310 203 339 231 C.
361 202 426 232 1631

254 1592 362 1621 Clausulas
370 1597 429 1619 prae-

245 1621 361 1649 servativas
392 1625 428 1645 ap-

245 1648 309 1671 ponit.

267 2287 329 2307 Aliter
340 2285 431 2308 iudicari

247 2313 351 2339 prohihet.

473 193 538 228 ⁶216

441 251 565 285 stitutos
590 261 626 285 eo
651 251 720 295 ipso
744 259 810 283 esse
827 254 857 282 et
874 250 994 283 censeri
1011 249 1179 289 declarent,

440 305 482 338 ita
502 310 536 337 ut
552 305 688 337 habeant
708 303 852 335 eumdem
871 303 986 343 locum,
1007 303 1178 335 sessionem

440 363 470 391 et
495 364 611 397 votum,
626 361 721 400 prout
745 356 908 396 haberent,
926 356 951 388 si
971 356 1093 399 priores
1109 367 1180 400 pro-

440 412 589 444 fessiones
621 410 739 442 validae
772 410 923 450 fuissent,
957 414 1006 450 ct,
1038 410 1178 443 nondum

439 464 587 508 promoti,
614 473 722 496 onmes
747 464 839 495 etiam
866 473 972 496 sacros
997 468 1026 496 et
1048 464 1179 508 presby-

440 522 559 551 teratus
584 516 720 557 ordines,
748 516 877 549 servatis
903 516 977 548 alias
1001 517 1178 558 servandis,

440 570 637 614 promoveri,
655 574 685 602 et
706 574 766 602 tam
786 569 845 612 ipsi
863 580 958 612 quam
975 569 1027 602 alii
1054 570 1093 602 ad
1110 581 1178 603 eos-

440 623 511 657 dem
536 623 661 656 ordines
690 622 751 655 iam
775 622 834 655 rite
858 623 995 665 promoti
1019 623 1051 655 in
1075 633 1179 656 susce-

440 677 502 721 ptis
527 676 689 710 ordinibus
713 675 895 709 huiusmodi
913 676 1005 709 etiam
1025 676 1057 709 in
1074 677 1180 710 altaris

440 730 616 763 ministerio
642 730 821 763 ministrare
845 730 945 763 libere
970 736 1000 763 et
1022 730 1107 763 licite
1130 741 1181 763 va-

441 785 539 824 leant;
557 794 679 817 necnon
696 794 805 816 omnes
817 788 903 816 actus
916 784 979 816 sive
993 788 1179 825 contractus,

441 848 520 881 quos
545 843 768 870 contraxerunt
792 843 821 870 et
849 838 987 880 legitime
1012 838 1182 871 contraxis-

441 896 510 924 sent
538 891 586 924 vel
610 902 681 924 cum
706 891 792 924 laicis
817 892 863 924 vel
889 902 961 924 cum
981 891 1049 925 aliis
1078 902 1182 925 mona-

441 944 544 977 steriis
568 954 623 977 seu
639 944 768 977 alterius
786 944 947 987 religionis
964 944 1039 978 viris
1061 945 1099 988 (si
1116 945 1181 977 nul-

442 998 505 1030 lum
524 997 609 1030 aliud
634 1002 816 1041 paterentur
834 998 941 1030 vitium
960 999 1007 1031 vel
1025 998 1179 1031 desectum

440 1050 501 1083 nisi
527 1061 562 1083 ex
589 1061 625 1083 eo
651 1051 763 1091 solum,
784 1050 857 1094 quia
874 1051 941 1083 initi
958 1056 1010 1083 aut
1030 1051 1181 1084 contracti

442 1109 515 1137 sunt
539 1104 672 1137 invalide
696 1104 734 1136 ab
759 1104 815 1145 iis,
841 1105 894 1147 qui
928 1110 1037 1137 contra
1067 1104 1180 1137 dictam

442 1157 696 1191 constitutionem
713 1157 743 1189 in
761 1157 907 1191 domibus
923 1168 985 1190 non
1001 1158 1181 1201 designatis,

442 1211 506 1244 sive
531 1210 569 1243 ab
595 1210 705 1243 eadem
726 1210 804 1243 Sede
820 1221 882 1243 non
899 1210 1089 1254 approbatis,
1112 1222 1182 1255 pro-

443 1263 514 1298 sessi
528 1265 611 1308 sunt)
622 1264 806 1297 auctoritate
819 1267 926 1297 nostra
938 1264 1099 1308 praedicta
1113 1275 1183 1298 con-

442 1317 567 1350 firment
592 1323 622 1350 et
645 1317 830 1361 approbent,
853 1327 888 1350 ac
912 1317 1030 1350 validos
1055 1318 1183 1350 omnino

442 1370 615 1409 declarent,
642 1381 736 1414 super
760 1370 874 1413 quibus
899 1370 1048 1403 omnibus
1073 1375 1103 1403 et
1123 1371 1180 1403 sin—

443 1424 525 1467 gulis
543 1424 667 1467 plenam
684 1429 714 1456 et
734 1424 870 1467 amplam
894 1424 1084 1464 facultatem,
1101 1424 1183 1457 dicta

443 1476 637 1517 auctoritate,
652 1481 762 1509 tenore
774 1476 996 1520 praesentium,
1014 1477 1184 1510 tribuimus

443 1534 473 1563 ct
497 1530 708 1573 impartimur.

488 1583 503 1626 g
526 1583 556 1615 4,
581 1583 789 1617 Decernentes
813 1589 994 1627 praesentes
1018 1583 1138 1617 litteras
1155 1589 1184 1617 et

442 1636 475 1669 in
499 1637 543 1669 eis
568 1642 721 1679 contenta,
751 1642 844 1681 atque
868 1637 993 1670 illarum
1018 1638 1127 1680 vigore
1152 1637 1183 1670 in

442 1690 626 1734 praemissis
649 1690 790 1723 facienda
814 1695 844 1723 et
874 1690 1056 1734 exequenda
1081 1701 1180 1734 quae-

443 1755 588 1788 cumque,
606 1744 716 1785 valida,
734 1744 826 1776 firma
843 1748 873 1776 et
893 1744 1030 1777 efficacia
1050 1744 1182 1777 existere

443 1801 473 1831 et
497 1797 574 1837 sore,
592 1807 727 1840 suosque
752 1796 910 1840 plenarios
930 1802 961 1830 et
978 1796 1117 1840 integros
1137 1797 1181 1830 ef-

444 1852 542 1885 fectus
566 1851 672 1884 sortiri
697 1856 726 1884 et
751 1851 902 1892 obtinere,
928 1861 963 1884 ac
983 1851 1130 1884 omnibus
1154 1855 1184 1885 et

445 1905 587 1948 singulis,
605 1915 684 1948 quos
709 1905 760 1938 illa
785 1910 979 1938 concernunt
1003 1911 1033 1938 et
1057 1915 1183 1939 concer-

443 1964 515 1991 nent
542 1959 777 2004 quomodolibet
802 1959 833 1991 in
857 1959 1008 1999 futurum,
1029 1959 1061 1991 in
1086 1959 1183 2004 omni-

444 2013 502 2046 bus
528 2018 557 2046 et
580 2023 637 2056 per
662 2012 766 2045 onmia
790 2012 970 2056 plenissime
994 2012 1179 2055 suffraga1·i;

444 2076 560 2110 eosque
577 2066 823 2110 praemissorum
843 2066 1007 2099 occasione
1027 2067 1075 2099 vel
1096 2077 1183 2110 prae-

445 2125 529 2153 textu
550 2119 783 2162 quomodolibet
806 2118 975 2160 molestari,
992 2119 1182 2163 perturbari,

445 2179 498 2206 aut
522 2173 688 2217 inquietari
712 2173 889 2206 nullatcnus
913 2183 1021 2216 posse,
1047 2182 1106 2205 nee
1133 2173 1184 2206 de-

445 2227 530 2261 bere.

489 2282 504 2324 ἓ
528 2280 558 2322 5,
576 2281 698 2324 Sicque,
719 2285 749 2313 et
772 2289 835 2313 non
859 2280 958 2321 aliter,
976 2280 1014 2312 ab
1038 2279 1182 2313 omnibus

445 2334 587 2375 censeri,
612 2339 642 2366 et
665 2334 707 2367 ita
730 2343 787 2377 per
817 2343 1034 2378 quoscumque
1066 2332 1183 2365 iudices

444 2387 622 2420 ordinarios
646 2392 676 2420 ct
700 2387 877 2429 delegatos,
895 2387 987 2419 ctiam
1017 2396 1183 2419 causarum

444 2441 549 2485 palatii
566 2441 728 2484 apostolici
749 2440 916 2481 auditores,
935 2445 964 2473 et
984 2445 1107 2473 sanctae
1125 2440 1183 2472 Ro-

1013 201 1191 226 BULLARIUM
1216 201 1371 226 ROMANUM

1213 259 1322 282 eorum
1348 249 1475 283 cuilibet
1502 251 1610 294 quavis
1632 251 1722 284 aliter
1745 250 1902 284 iudicandi
1920 254 1951 284 et

1213 303 1439 346 interpretandi
1463 304 1607 336 facultate
1636 309 1665 336 et
1689 304 1882 346 auctoritate,
1907 304 1951 337 iu-

1213 355 1309 389 dicari
1328 361 1357 388 et
1377 356 1500 389 definiri
1520 356 1652 396 debere3
1676 356 1799 390 irritum
1824 367 1950 400 quoque

1213 413 1243 441 et
1267 409 1356 441 inane
1381 409 1530 453 quicquid
1554 419 1644 442 secus
1669 419 1763 453 super
1778 410 1827 442 his
1843 420 1860 442 a
1877 420 1950 454 quo-

1213 472 1328 505 quam,
1352 462 1459 505 quavis
1496 462 1702 502 auctoritate,
1733 462 1867 495 scienter
1902 463 1950 495 vel

1214 515 1398 558 ignoranter
1421 516 1588 558 contigerit
1611 515 1765 548 attentari.

1258 569 1272 611 ἓ
1286 568 1314 600 o.
1329 569 1397 601 Non
1411 568 1604 602 obstantibus
1616 567 1807 612 praemissis,
1820 578 1856 601 ac
1866 578 1951 612 prae-

1213 622 1274 654 sata
1287 621 1453 655 Clementis
1465 621 1726 665 praedecessoris,
1736 621 1867 666 aliisque
1881 632 1952 655 con-

1214 675 1427 708 stitutionibus
1444 680 1474 707 et
1490 675 1739 709 ordinationibus
1761 676 1951 719 apostolicis,

1214 739 1346 769 necnon,
1363 733 1516 772 quatenus
1534 739 1611 772 opus
1633 729 1681 770 sit,
1698 729 1860 770 Ordinum,
1882 739 1953 762 con-

1215 782 1434 825 gregationum
1459 787 1490 814 et
1513 781 1728 814 institutorum
1752 781 1951 822 huiusmodi,

1215 841 1244 869 ct
1261 835 1423 879 quibusvis
1436 835 1514 876 aliis,
1529 835 1621 868 etiam
1638 835 1825 876 iuramento,
1842 835 1953 868 confir-

1215 889 1350 923 matione
1381 889 1564 933 apostolica,
1589 889 1637 922 vel
1667 889 1776 932 quavis
1806 889 1953 922 firmitate

1215 942 1274 975 alia
1290 942 1458 983 roboratis⁷
1480 941 1602 976 statutis
1621 946 1651 974 et
1664 940 1953 982 consuetudinibus,

1215 994 1387 1038 privilegiis
1401 1004 1536 1038 quoque,
1557 994 1685 1027 indultis
1702 999 1732 1027 et
1755 994 1866 1027 litteris
1882 1005 1954 1039 apo-

1216 1048 1341 1088 stolicis,
1359 1048 1430 1088 illis,
1451 1058 1626 1091 eorumque
1646 1047 1874 1092 superioribus,
1895 1048 1953 1081 sub

1216 1101 1465 1144 quibusmunque
1478 1101 1640 1134 tenoribus
1652 1106 1683 1134 et
1699 1101 1818 1141 formis,
1832 1112 1868 1134 ac
1881 1111 1953 1134 cum

1215 1155 1378 1197 quibusvis
1402 1155 1496 1188 etiam
1520 1154 1793 1198 derogatoriarum
1821 1154 1954 1197 deroga—

1217 1208 1315 1247 toriis,
1342 1208 1473 1252 aliisque
1504 1208 1732 1241 efficacioribus
1764 1212 1794 1240 et
1821 1208 1954 1241 insolitis

1216 1261 1374 1302 clausulis,
1403 1272 1438 1294 ac
1463 1261 1668 1302 irritantibus,
1688 1261 1820 1305 aliisque
1843 1261 1953 1295 decre-

1217 1314 1265 1354 tis,
1286 1314 1316 1346 in
1341 1324 1457 1357 genere
1481 1315 1529 1347 vel
1546 1314 1578 1347 in
1605 1315 1720 1358 specie,
1745 1325 1781 1347 ae
1809 1315 1894 1355 alias,
1923 1315 1955 1347 in

1217 1367 1421 1407 contrarium,
1438 1367 1532 1400 etiam
1557 1372 1655 1407 motu,
1673 1367 1803 1400 scientia
1823 1372 1853 1400 et
1872 1371 1956 1412 pote-

1217 1425 1295 1453 state
1318 1421 1513 1464 plenitudine
1537 1420 1704 1461 similibus,
1729 1425 1759 1454 et
1783 1421 1857 1454 alias
1882 1431 1956 1465 quo-

1218 1474 1389 1507 modolibet
1413 1474 1532 1507 iteratis
1556 1474 1676 1507 vicibus
1700 1474 1877 1517 concessis,
1901 1485 1955 1519 ap-

1218 1528 1358 1571 probatis
1383 1533 1413 1560 et
1447 1527 1626 1568 innovatis;
1658 1528 1772 1572 quihus
1800 1528 1954 1571 omnibus,

1219 1581 1339 1614 etiamsi
1364 1581 1402 1614 de
1423 1581 1482 1614 illis
1511 1581 1665 1625 specialis,
1685 1581 1831 1625 specifica
1851 1585 1880 1616 et
1906 1592 1957 1615 ex-

1218 1645 1335 1678 pressa,
1353 1645 1388 1667 ac
1414 1635 1583 1676 individua,
1601 1634 1685 1668 etde
1705 1635 1801 1668 verbo
1826 1635 1864 1668 ad
1889 1645 1956 1669 ver-

1218 1689 1303 1729 bum,
1320 1698 1383 1721 non
1407 1693 1510 1721 autem
1535 1699 1592 1732 per
1616 1688 1774 1722 clausulas
1794 1689 1957 1731 generales

1218 1741 1302 1774 idem
1335 1740 1562 1785 importantes,
1597 1741 1799 1776 mommsen
1829 1742 1957 1785 quaevis

1217 1795 1276 1827 alia
1308 1794 1468 1838 expressio
1500 1794 1644 1827 habenda
1672 1799 1725 1827 aut
1757 1794 1863 1838 aliqua
1897 1794 1957 1828 alia

1218 1847 1371 1891 exquisita
1401 1848 1502 1880 forma
1526 1847 1564 1880 ad
1589 1847 1649 1880 hoc
1681 1847 1833 1880 servanda
1855 1847 1956 1888 soret,

1218 1901 1345 1934 illorum
1370 1906 1496 1934 tenores
1523 1901 1741 1945 praesentibus
1769 1911 1827 1944 pro
1865 1902 1957 1945 plene

1218 1961 1247 1988 et
1281 1955 1472 1989 sufficienter
1505 1955 1662 1999 expressis
1697 1954 1865 1996 habentes,
1896 1954 1957 1988 illis

1218 2008 1292 2041 alias
1310 2008 1341 2040 in
1360 2019 1417 2041 suo
1435 2008 1550 2041 robore
1567 2007 1792 2051 permansuris,
1813 2007 1871 2040 hac
1891 2007 1959 2040 vice

1218 2062 1379 2095 dumtaxat
1401 2061 1580 2105 specialiter
1605 2066 1634 2093 et
1658 2070 1805 2104 expresse
1829 2060 1958 2104 deroga-

1219 2127 1306 2156 mus,
1324 2115 1499 2158 ceterisque
1513 2114 1679 2148 contrariis
1696 2114 1956 2159 quibuscumque.

1263 2170 1330 2213 §T
1365 2169 1530 2209 Ceterum,
1564 2168 1718 2201 similibus
1750 2169 1957 2212 imposterum

1218 2223 1396 2256 consultum
1421 2232 1489 2254 csse
1513 2222 1662 2262 volenteS,
1679 2221 1800 2254 dilectis
1816 2221 1889 2255 siliis
1906 2221 1958 2255 Or-

1218 2275 1347 2317 dinum,
1372 2275 1654 2318 congregationum
1679 2280 1709 2307 et
1741 2275 1956 2308 institutorum

1218 2328 1397 2361 huiusmodi
1422 2327 1637 2371 superioribus
1654 2328 1864 2370 generalibus,
1884 2338 1958 2371 quo-

1219 2392 1353 2425 cumque
1377 2382 1503 2415 nomine
1527 2387 1723 2424 censeantur,
1748 2391 1785 2414 ae
1808 2391 1958 2424 procura-

1219 2435 1340 2468 toribus
1361 2435 1454 2468 etiam
1474 2435 1672 2477 generalibus
1695 2444 1752 2477 per
1776 2438 1958 2477 praesentes

445 2504 554 2526 manac
579 2494 735 2527 Ecclesiae
759 2493 941 2533 cardinales,
959 2493 1052 2525 etiam
1076 2493 1114 2525 de
1144 2492 1183 2524 la·
1218 2489 1357 2522 districtc
1382 2488 1593 2532 praecipimus
1618 2493 1649 2520 et
1672 2487 1865 2528 mandamus,
1885 2497 1960 2530 qua-

447 2552 511 2579 tere
530 2547 659 2590 legatos,
686 2547 850 2590 dictaeque
874 2547 962 2580 Sedis
986 2546 1121 2586 nuntios,
1150 2545 1182 2577 in
1219 2548 1308 2576 tenus
1329 2543 1442 2583 statim,
1460 2543 1533 2575 visis
1550 2541 1778 2586 praesentibus,
1796 2540 1874 2580 loca,
1894 2550 1959 2573 mo-

446 2599 554 2643 quavis
578 2601 672 2634 causa
696 2604 726 2633 et
749 2599 904 2642 instantia,
931 2599 1053 2633 sublata
1081 2598 1125 2632 eis
1154 2601 1183 2632 et
1218 2597 1363 2641 nasleria,
1381 2597 1430 2631 vcl
1455 2600 1636 2638 conventus,
1655 2596 1687 2629 in
1711 2594 1824 2639 quibus
1845 2593 1956 2628 novitii

2031 163 2042 177 Ι

1959 200 2010 234 An.
2030 201 2061 231 c,
2079 202 2143 231 1631

2034 582 2150 604 Contrariis

1966 611 2062 635 derogat.

2005 2174 2157 2201 Superioribus

1972 2201 2041 2226 iubet,
2057 2203 2080 2222 ut
2093 2207 2156 2227 super

1971 2227 2012 2248 hoc
2027 2233 2111 2249 servare
2127 2228 2156 2248 sa-

1973 2254 2030 2275 ciant
2052 2254 2157 2275 Constitu-

1973 2280 2049 2301 tionem
2063 2280 2156 2302 Clemen-

1973 2307 1999 2328 tis
2014 2307 2068 2328 vm.
