2248 3229
251 220 303 249 An,
320 222 348 249 c,
370 219 438 249 1632
484 210 547 244 ,⁶280
1023 215 1201 239 Burmanni
1226 213 1381 238 normann

449 272 624 312 opportuna
659 265 724 298 fare
748 262 970 307 cognoverint„
994 262 1116 304 faciant,
1142 262 1186 294 di-
1266 263 1375 295 Datum
1402 262 1519 295 Romae
1542 261 1624 304 apud
1643 261 1671 295 S.
1688 260 1814 294 Petrum
1832 259 1889 293 sub
1909 268 1959 293 an-

450 326 530 361 cant,
555 323 664 363 gerant
689 322 718 349 et
742 320 946 360 exequantur,
963 326 1057 359 super
1073 315 1187 359 quibus
1222 316 1296 348 nulo
1322 314 1508 354 Piscator-is,
1533 314 1582 346 die
1614 324 1632 347 v
1661 314 1764 347 martii
1789 323 1958 354 iuncxxxn,

451 373 595 407 omnibus
620 376 649 404 et
673 370 805 413 singulis
828 370 953 413 plenam
977 369 1039 402 illis
1064 369 1187 402 faculta-
1222 368 1421 413 pontificatus
1444 366 1543 400 nostri
1567 376 1648 400 anno
1672 377 1710 400 ix.

1968 209 2019 239 An.
2039 211 2069 239 C.
2087 211 2154 239 1632

300 550 436 570 visitationes

252 577 321 597 sactae
332 576 369 596 sub
381 576 436 600 sig-l<

253 604 272 623 lo
295 604 379 623 clausae
395 602 436 622 no>

252 635 306 650 mam
333 630 435 650 transmit.-

252 656 334 676 tendac.

314 921 436 942 Mandatum

253 949 351 974 capitulis
367 950 387 968 et
402 953 438 967 ca-

253 976 348 997 nonicis,
364 976 384 994 ut
400 974 437 994 liu-

254 1001 343 1021 iusmodi
365 1001 437 1021 visita-

254 1028 437 1054 toribusprompte

253 1056 349 1080 pareant.

324 1559 439 1585 [terwana

254 1587 414 1607 contrariorum

452 433 512 460 tem
535 424 744 469 impartimur,
769 422 953 456 auctoritate
977 423 1085 456 nostra
1101 432 1188 466 apos-

451 478 544 512 tolica
561 476 757 511 constituatis
775 481 805 509 et
821 475 988 520 deputetis.

495 533 510 575 ξ
533 531 563 564 02.
580 531 735 572 Volentes,
752 534 788 562 ut
804 529 978 563 visitatores
997 528 1189 568 huiusmodi,

451 584 475 617 si
499 582 580 628 qua¹
601 582 746 627 graviora
763 582 795 615 in
811 581 991 615 huiusmodi
1016 581 1189 615 visitatione

450 637 637 681 repererint,
654 636 716 678 illa,
734 645 856 669 necnon
873 635 1109 669 informationes
1126 644 1191 668 om-

450 701 506 724 nes
523 691 658 734 desuper
674 689 731 723 sub
749 689 851 732 sigillo
868 698 979 721 eorum
997 687 1136 721 clausas²
1153 688 1190 721 ad

451 755 508 777 nos
532 743 767 788 quamprimum
784 742 950 785 diligenter
970 741 1190 784 transmittant,

452 803 486 831 ut
509 797 584 842 quid
608 797 640 830 in
664 796 724 829 illis
760 795 961 829 statuendum
986 794 1043 837 sit,
1068 796 1190 829 matura

453 850 679 884 consultatione
704 849 854 890 adhibita,
879 849 1094 882 decernamus.

496 902 511 945 g
534 901 563 934 3.
589 900 769 934 Mandantes
785 904 953 944 propterea
977 899 1098 932 dilectis
1120 898 1191 932 filiis

453 955 658 989 ecclesiarum
682 954 915 999 praedictarum
936 953 1088 998 capitulis,
1103 962 1192 986 cano-

452 1009 530 1042 nicis
562 1013 591 1041 et
623 1008 788 1053 personis,
815 1007 1010 1050 ceterisque,
1040 1007 1078 1040 ad
1113 1017 1192 1050 quos

453 1067 594 1106 spectat,
618 1067 652 1095 ut
676 1061 778 1094 eidem
803 1060 1016 1094 visitatoribus
1049 1060 1081 1093 in
1104 1070 1194 1104 prae-

452 1115 557 1148 missis
580 1119 727 1159 prompte
753 1118 883 1158 pareant
907 1118 937 1146 et
961 1113 1118 1155 obediant,
1140 1123 1192 1146 eo-

452 1179 587 1213 rumque
612 1168 751 1201 salubria
774 1167 893 1200 monita
918 1172 948 1199 et
971 1166 1117 1199 mandata
1145 1177 1194 1199 su-

452 1223 585 1266 scipiant
601 1221 774 1261 humiliter,
791 1225 821 1253 ct
837 1219 1005 1253 efficaciter
1021 1219 1193 1263 adimplere

452 1281 640 1321 procurent,
665 1275 805 1319 alioquin
829 1273 1023 1316 sententiam,
1042 1273 1105 1306 sive
1123 1283 1194 1316 poe-

452 1341 534 1371 nam,
553 1340 646 1374 quam
670 1329 728 1363 rite
754 1329 891 1369 tulerint,
909 1338 964 1361 scu
981 1327 1146 1361 statuerint
1163 1327 1194 1359 in

454 1383 604 1425 rebelles,
631 1388 730 1415 ratam
755 1382 958 1422 babebimus,
983 1385 1013 1414 et
1032 1380 1193 1421 faciemus,

454 1442 582 1470 auctore
606 1436 750 1478 Domino,
768 1445 867 1479 usque
889 1435 927 1467 ad
952 1434 1193 1468 satisfactionem

454 1491 642 1534 condignam
662 1489 883 1523 inviolabiliter
899 1487 1070 1522 observari.

498 1545 512 1589 g
536 1545 566 1577 4,
592 1545 660 1577 Non
693 1542 886 1577 obstantibus
920 1540 1194 1575 constitutionibus

454 1604 484 1632 et
508 1597 757 1631 ordinationibus
782 1595 982 1640 apostolicis,
1009 1605 1130 1628 necnon
1151 1594 1195 1627 di-

455 1655 576 1686 ctarum
590 1650 806 1692 ecclesiarum,
817 1649 910 1683 etlam
924 1649 1110 1692 iuramento,
1126 1659 1196 1682 con-

454 1705 632 1738 firmatione
656 1703 840 1748 apostolica,
858 1703 905 1736 vel
922 1702 1030 1746 quavis
1047 1702 1195 1736 firmitate

455 1759 514 1792 alia
538 1758 703 1800 roboratis,
721 1757 844 1790 statutis
860 1762 890 1790 et
906 1755 1194 1798 consuetudinibus,

455 1811 627 1856 privilegiis
652 1821 788 1854 quoque,
807 1810 935 1843 indultis
949 1814 979 1842 et
995 1809 1107 1842 litteris
1123 1819 1195 1853 apo-

455 1865 583 1908 stolicis,
609 1865 725 1898 eisdem
751 1864 901 1906 ccelesiis,
926 1863 1080 1908 capitulis,
1105 1873 1196 1896 cano-

456 1919 534 1953 nicis
559 1924 588 1951 et
611 1918 765 1962 personis,
791 1921 821 1951 ct
845 1916 1008 1961 quibusvis
1033 1916 1111 1958 aliis,
1137 1915 1194 1948 sub

456 1973 708 2017 quibuscumque
722 1971 883 2004 tenoribus
899 1975 928 2003 et
943 1970 1060 2011 formis,
1075 1980 1110 2003 ac
1124 1980 1195 2002 cum

455 2026 618 2070 quibusvis
643 2025 789 2059 clausulis
814 2029 843 2058 et
860 2023 1002 2065 decretis,
1021 2023 1052 2055 in
1069 2028 1194 2057 contra-

457 2080 538 2113 rium
556 2079 803 2124 praemissorum
818 2077 1054 2123 quomodolibet
1073 2086 1197 2110 conces-

457 2134 509 2175 sis,
530 2132 723 2167 confirmatis
748 2136 778 2166 et
798 2131 971 2171 innovatis,
997 2129 1110 2174 quibus
1132 2140 1197 2163 om-

456 2188 548 2220 nibus
572 2192 602 2219 et
626 2185 777 2229 singulis,
802 2185 928 2218 illorum
956 2189 1078 2217 tenores
1105 2193 1196 2227 prae-

457 2241 597 2274 sentibus
610 2250 668 2284 pro
682 2240 772 2283 plene
791 2243 820 2272 et
837 2238 1028 2271 sufficienter
1042 2236 1196 2280 expressis

456 2307 492 2328 ac
512 2295 549 2327 de
565 2294 661 2327 verbo
685 2293 722 2326 ad
744 2293 874 2325 verbum
895 2291 1018 2325 insertis
1035 2291 1196 2331 habentes,

457 2349 518 2381 illis
543 2348 617 2381 alias
643 2347 673 2380 in
699 2357 755 2380 suo
780 2347 896 2380 robore
914 2344 1139 2389 permansuris,
1160 2343 1197 2376 ad

459 2401 706 2446 praemissorum
731 2399 963 2441 elfectum‚l1ac
989 2397 1055 2430 vice
1080 2397 1198 2430 dumta-

458 2460 509 2488 xat
539 2453 715 2498 specialiter
752 2457 781 2487 ct
813 2462 958 2496 expresse
990 2451 1197 2493 derogamus3

459 2508 633 2551 ceterisque
658 2506 823 2541 contrariis
849 2505 1109 2550 quibuscumque.

498 2581 506 2605 l
526 2580 596 2606 Edit.
614 2578 692 2606 Main.
710 2578 775 2613 legit
789 2586 859 2612 quae
874 2578 913 2612 (R.
930 2578 978 2611 T.).

494 2624 510 2650 2
525 2623 595 2652 Edit.
611 2623 694 2651 Main.
711 2622 775 2657 legit
790 2624 903 2650 clausae
920 2622 957 2656 (a.
975 2621 1022 2654 T.).

1259 431 1316 459 Dat.
1334 431 1377 458 die
1391 431 1408 458 5
1423 430 1512 458 martii
1533 429 1609 464 1632,
1626 429 1720 464 pontif.
1736 437 1806 457 anno
1822 436 1857 457 tx.

1501 545 1679 580 CDXXXIII.

1224 618 1420 652 Protestatio
1444 627 1481 650 ac
1501 616 1671 661 pontificia
1690 615 1866 649 declaratio
1891 625 1961 648 con-

1271 676 1321 704 tra
1345 674 1505 704 attentata
1525 680 1583 714 per
1609 671 1786 714 Gasparem
1810 669 1961 702 cardina-

1270 725 1332 757 lem
1356 724 1514 766 Borqz'am
1544 727 1573 755 ct
1597 722 1764 766 coiitpliccs
1798 723 1835 756 in
1864 722 1962 755 const-

1269 777 1366 811 storz'o
1390 777 1457 810 sive
1476 780 1568 809 extra
1587 775 1674 808 illuct
1686 775 1705 808 ¹.

1419 847 1556 874 Urbanus
1584 846 1664 881 Papa
1683 845 1768 877 vlu,

1368 892 1404 919 ad
1425 892 1557 919 futuram
1576 891 1621 918 rei
1640 890 1821 918 memoriam.

1270 954 1384 988 Omnes
1416 958 1446 987 et
1470 952 1586 996 singuli
1610 952 1768 986 Ecclesiae
1791 951 1982 994 catholicae⁴
2004 963 2116 994 exordium
2135 963 2161 994 ai,

1226 1007 1378 1052 praelati,
1407 1006 1657 1051 praesertimque
1683 1005 1891 1039 cardinalatus
1915 1005 1961 1038 di·
1977 991 2162 1044 ffiffmfflamm

1226 1061 1343 1104 gnitate
1363 1061 1529 1103 fulgentes,
1546 1070 1613 1093 sese
1633 1059 1752 1101 fideles,
1772 1058 1963 1100 obedientes,

1227 1114 1431 1157 obsequiosos
1456 1118 1486 1146 et
1510 1109 1688 1146 reverentes
1713 1112 1843 1146 Summo
1863 1111 1966 1146 Ponti-

1227 1167 1276 1200 fici
1302 1167 1450 1200 exhibere
1467 1170 1496 1200 et
1513 1176 1581 1199 esse
1605 1166 1689 1199 iuxta
1713 1165 1878 1198 canonicas
1895 1175 1965 1198 san-

1228 1221 1363 1260 ctiones,
1386 1220 1512 1254 decreta
1534 1219 1693 1263 pontificia
1718 1224 1747 1251 et
1771 1218 1967 1252 consuetudi-

1227 1284 1301 1307 nem
1326 1278 1486 1314 tenentur‚
1515 1273 1636 1316 ipsique
1661 1277 1785 1306 sanctae
1808 1273 1967 1306 Romanae

1228 1327 1385 1360 Ecclesiae
1405 1326 1578 1360 cardinales
1599 1326 1630 1358 in
1647 1325 1823 1359 iuramento
1840 1325 1967 1358 fidelita-

1228 1380 1278 1421 tis,
1296 1379 1380 1424 quod
1396 1384 1555 1423 praestare
1577 1383 1818 1419 consueverunt,
1836 1389 1868 1412 se
1885 1378 1967 1412 idem

1229 1432 1464 1477 adimpleturos,
1484 1442 1520 1465 ac
1543 1431 1698 1465 honorem
1722 1436 1752 1464 et
1775 1436 1890 1465 statum
1910 1432 1969 1465 Ro-

1230 1497 1395 1520 manorum
1421 1485 1606 1520 Pontificum
1631 1485 1717 1519 omni
1735 1484 1837 1519 studio
1851 1490 1881 1518 et
1897 1485 1969 1519 totis

1230 1541 1348 1574 viribus
1372 1544 1646 1584 propugnaturos,
1670 1549 1843 1583 eorumque
1867 1543 1970 1574 aucto-

1230 1595 1354 1628 ritatem
1379 1604 1578 1633 conservare,
1595 1603 1711 1636 augere
1728 1596 1758 1627 ct
1780 1602 1969 1636 promovere

1230 1648 1377 1681 omnibus
1401 1647 1544 1680 sensibus
1570 1650 1757 1687 conaturos,
1784 1645 1970 1689 nullumque

1230 1701 1417 1741 consilium,
1443 1710 1631 1733 eonsensum
1655 1704 1709 1732 aut
1732 1699 1884 1732 auxilium
1909 1699 1967 1732 ad-

1230 1765 1339 1788 versus
1368 1753 1561 1797 pontificiam
1596 1753 1789 1785 maiestatem
1822 1752 1969 1793 daturos3

1230 1808 1284 1840 ubi
1310 1818 1384 1841 vero
1410 1810 1518 1840 contra
1543 1806 1595 1839 illa
1619 1805 1736 1850 aliquid
1765 1804 1969 1849 praeiudicii,

1230 1861 1313 1904 quod
1339 1860 1491 1904 impedire
1514 1864 1680 1903 nequeant,
1700 1858 1908 1892 machinando
1928 1858 1971 1891 in-

1230 1919 1375 1954 tentetur,
1390 1914 1493 1947 statim
1509 1918 1601 1956 atquc
1615 1912 1741 1945 tractari
1757 1911 1911 1952 noverint,
1925 1911 1969 1944 eis

1230 1968 1477 2011 significaturos,
1501 1966 1690 2010 promittunt
1714 1970 1743 1998 et
1766 1965 1880 1997 iurant.

1274 2022 1289 2065 g
1313 2021 1342 2053 ’1.
1368 2020 1422 2053 llis
1448 2025 1551 2052 tamen
1575 2019 1697 2062 spretis,
1714 2018 1832 2061 Gaspar
1852 2018 1969 2061 episco-
2000 2052 2003 2055 ,
2024 2025 2104 2051 Gasoar
2122 2029 2168 2054 ear-

1230 2084 1288 2118 pus
1312 2072 1497 2105 Albanensis
1532 2071 1700 2104 cardinalis
1734 2070 1849 2113 Bor-gia
1883 2051 2169 2102 nun-ffi'lliassffiglss

1231 2130 1380 2170 cupatus,
1409 2124 1640 2157 communicato
1665 2123 1758 2156 etiam
1782 2123 1849 2156 eius
1872 2132 1969 2166 pravo
1983 2105 2169 2153 Zss'ffiffg'gssss‘ssssj

1231 2178 1362 2212 consilio
1386 2177 1546 2211 nonnullis
1571 2177 1639 2210 aliis
1664 2177 1730 2210 eius
1748 2176 1778 2210 S.
1794 2177 1829 2209 R.
1854 2175 1887 2208 Ε.
1906 2186 1970 2209 ear·
1984 2160 2024 2179 ‘m‘

1231 2232 1396 2272 dinalibus,
1411 2241 1505 2264 ausus
1521 2231 1587 2272 fuit,
1602 2230 1659 2263 sub
1677 2230 1786 2274 clypeo
1803 2229 1887 2273 quod
1903 2239 1971 2262 ora-

1233 2285 1309 2319 toris
1323 2285 1407 2329 apud
1424 2295 1480 2317 nos
1497 2289 1526 2316 et.
1543 2283 1756 2327 Apostolicam
1774 2282 1886 2316 Sedem
1903 2281 1971 2315 cha-

1232 2338 1347 2372 rissimi
1374 2338 1405 2370 in
1429 2337 1552 2371 Christo
1577 2337 1633 2369 filii
1650 2336 1749 2369 nostri
1768 2335 1902 2379 Philippi
1923 2335 1972 2367 lli-

1233 2393 1414 2437 spaniarum
1426 2391 1510 2434 regis
1524 2390 1679 2431 catholici,
1692 2389 1818 2432 negotia
1832 2387 1973 2421 eiusdem

1234 2446 1368 2490 Philippi
1385 2445 1468 2489 regis
1485 2444 1567 2488 apud
1585 2454 1640 2477 nos
1656 2448 1686 2477 et
1700 2443 1812 2476 Sedem
1829 2441 1971 2475 eamdem

1234 2502 1332 2544 gerit,
1362 2501 1393 2533 in
1417 2499 1603 2533 consistorio
1627 2503 1736 2531 nostro
1761 2501 1900 2536 secreto,
1920 2495 1971 2529 die

1234 2556 1387 2588 hodierna
1411 2558 1556 2598 peracto,
1581 2552 1666 2585 nulla
1691 2561 1708 2584 a
1730 2550 1822 2584 nobis
1846 2549 1972 2583 obtenta

1272 2620 1281 2644 1
1301 2617 1337 2644 Ex
1352 2617 1459 2653 Regest.
1476 2616 1502 2643 in
1518 2615 1617 2643 Seeret.
1635 2613 1711 2641 Brev.
