2194 3219
357 301 421 325 Edit.
442 302 502 323 Tarni
906 295 971 318 mit
992 296 1062 317 Rom.

372 342 442 366 Tom.
456 349 497 366 mv
880 337 949 359 Toni.
964 343 995 358 vi.
1011 336 1074 365 part.
1089 341 1095 356 1

358 400 418 424 1630
483 399 643 422 CCCLXXIX
660 398 745 428 Nuper
763 403 776 418 a
794 394 865 418 nobis
884 395 1035 417 emanarunt
1051 392 1096 415 349

496 438 641 461 CCCLXXX
660 434 790 459 Commissi
808 434 880 457 nobis
897 440 943 464 per
965 452 968 455 .
996 451 1000 456 .
1026 451 1030 455 .
1051 432 1096 454 350

482 477 643 501 CCCLXXXI
660 474 751 505 Gregis
769 472 894 497 Dominiei
912 480 971 495 cura
995 491 1000 495 .
1026 490 1030 495 .
1050 472 1093 494 351

470 517 642 541 CCCLXXXII
660 514 758 546 Exponi
777 513 849 536 nobis
866 520 948 543 nuper
966 512 1026 535 fecit
1052 511 1095 533 3:39

458 557 643 581 CCCLXXXIII
660 557 745 586 Nuper
763 562 776 577 a
794 553 866 576 nobis
883 554 1033 576 emanarunt
1051 551 1095 574 349
1120 545 1122 580 j

358 599 413 622 163]
458 597 642 622 CCCLXXXIV
660 594 854 619 Considerantes
872 593 1005 616 ducatum.
1027 609 1031 614 .
1051 591 1095 613 353
1120 584 1122 624 Ξ

471 636 642 660 CCCLxxxv
659 635 781 666 Suprema
790 632 956 664 dispositione
966 631 1033 654 illius
1051 631 1095 653 354
1121 626 1122 635 ’

457 676 642 700 CCCLXXXYI
660 676 728 701 Cum,
749 673 814 697 sicut
830 672 902 695 nobis
916 678 998 702 nuper
1026 688 1031 692 .
1051 670 1095 692 355
1120 681 1122 707 ἰ

396 730 400 739 ι
447 715 643 739 CCCLXXXVII
659 713 750 740 Hodie,
770 720 816 744 per
832 712 894 735 alias
911 713 1009 734 nostras
1027 728 1031 732 .
1051 710 1095 732 350

390 769 401 779 n
435 755 643 780 CCCLXXXVIII
660 753 729 776 Alias
748 760 761 775 a
778 751 853 775 nobis
865 752 1030 774 emanarunt.
1051 749 1095 771 357

457 794 643 819 CCCLXXXIX
660 793 729 816 Alias
747 800 760 815 a
778 791 850 814 nobis
863 791 1030 813 emanarunt.
1051 788 1095 811 358
1120 797 1122 807 ι

544 834 643 857 CCCXC
659 834 687 856 In
700 832 765 856 Sede
783 830 907 861 Principis
926 828 1029 861 apostol.
1050 828 1094 851 359
1120 853 1122 865 1

533 874 643 898 CCCXCI
660 873 729 896 Alias
747 880 761 895 a
778 870 850 895 nobis
862 871 1029 894 emanarunt.
1050 868 1095 891 300

521 914 643 937 CCCXCII
660 913 721 936 Cum
734 913 756 934 S.
772 912 800 934 R.
814 911 841 933 E.
854 908 1004 935 cardinales,
1025 927 1029 931 .
1050 908 1093 931 361
1120 922 1121 940 ἶ

510 954 645 978 CCCXCIII
661 950 820 976 Inscrutabili
830 949 979 973 iudiciorum
988 948 1033 972 Dei
1051 949 1095 971 362

511 995 643 1018 CCCXCIV
660 989 1033 1024 Religfflsosviros,quispretis
1050 989 1095 1012 363
1120 994 1121 997 ¹

520 1034 642 1057 CCCXCV
658 1031 821 1064 Apostolatus
833 1030 943 1053 officium
960 1029 1032 1052 nobis
1050 1029 1094 1051 364

509 1075 643 1098 CCCXCVI
660 1074 721 1096 Cum
739 1071 876 1103 capitulum
894 1069 1012 1101 generale
1025 1088 1030 1092 .
1050 1069 1095 1092 365

498 1115 643 1138 CCCXCVII
660 1111 790 1136 Militantis
802 1110 898 1134 Eccles.
915 1109 1033 1140 regimini
1050 1108 1095 1132 366

485 1155 642 1178 CCCXCVIII
659 1154 752 1184 Nuper,
773 1159 818 1183 pro
836 1152 906 1182 parte
934 1168 938 1173 ,
964 1168 969 1173 .
995 1168 1000 1172 .
1027 1167 1030 1171 .
1050 1149 1095 1172 367

509 1195 643 1218 CCCXCIX
660 1195 688 1216 In
701 1190 901 1224 supereminenti
919 1189 1005 1213 Sedis.
1026 1208 1030 1212 .
1050 1189 1096 1212 368

603 1235 642 1256 CD
660 1232 728 1256 Alias
746 1240 760 1254 a
777 1231 850 1254 nobis
863 1231 1029 1253 emanarunt.
1051 1229 1096 1252 300
1120 1227 1121 1262 ]

589 1274 641 1297 CDI
659 1274 727 1300 Cum,
748 1271 812 1295 sicut
830 1270 903 1294 nobis
921 1277 1003 1301 nuper
1026 1288 1030 1292 .
1050 1269 1095 1292 309
1120 1266 1122 1302 l

579 1315 643 1337 CDlI
660 1312 757 1344 Exponi
770 1311 842 1335 nobis
855 1318 936 1341 nuper
953 1309 1030 1333 fecit.
1051 1309 1096 1332 370
1120 1307 1121 1323 l

567 1354 643 1377 CDIII
659 1352 781 1380 Quoniam
799 1351 825 1374 in
842 1349 966 1381 regimine
996 1368 1000 1372 .
1025 1367 1029 1372 .
1051 1349 1093 1372 371

568 1394 642 1416 CDIV
659 1393 797 1423 Nuperpro
805 1393 876 1422 parte
885 1388 1038 1413 venerabilis
1051 1389 1096 1412 372
1120 1412 1121 1416 ,

389 1443 401 1456 >›
580 1434 643 1457 CDV
660 1432 757 1464 Exponi
775 1431 847 1454 nobis
864 1438 946 1461 nuper
965 1449 969 1453 .
995 1449 1000 1453 .
1026 1449 1030 1452 .
1051 1430 1095 1452 373
1120 1443 1121 1455 1

569 1474 644 1496 CD-VI
661 1473 729 1499 Cum.
745 1471 810 1494 sicut
822 1470 973 1501 accepimus,
988 1477 1034 1501 pro
1051 1470 1096 1492 374
1120 1474 1121 1480 ’

558 1513 644 1536 chn
661 1514 784 1535 Paternae
801 1518 830 1534 ac
847 1509 999 1542 praecipuae
1026 1528 1030 1532 .
1051 1510 1096 1532 375

545 1553 643 1575 CDVffl
662 1553 729 1579 Cum,
750 1551 814 1574 sicut
831 1550 902 1573 nobis
920 1557 1002 1581 nuper
1026 1568 1030 1571 .
1051 1550 1096 1572 376

568 1594 644 1616 CDIX
661 1594 753 1623 Nuper,
762 1599 806 1622 pro
814 1594 883 1622 parte
891 1590 1039 1613 dilectorum
1051 1590 1096 1612 377

579 1633 644 1655 (DX
662 1632 729 1655 Alias
747 1639 760 1654 a
778 1631 849 1654 nobis
867 1632 1032 1654 emanarunt.
1051 1630 1097 1652 378

570 1673 645 1695 ΕΒΧΙ
661 1671 759 1702 Exponi
776 1670 848 1694 nobis
866 1678 947 1701 nuper
966 1688 971 1693 .
996 1688 1002 1693 .
1026 1688 1031 1692 .
1052 1669 1096 1692 379
1121 1670 1122 1677 ¹

556 1712 643 1735 CDXII
660 1712 697 1734 Ex
714 1709 871 1733 incumbenti
888 1709 975 1733 nobis.
997 1727 1001 1731 .
1027 1727 1032 1731 .
1052 1708 1097 1731 380
1121 1709 1123 1712 ⁴

546 1753 645 1775 CDXIII
662 1753 689 1774 In
702 1750 805 1782 specula
816 1750 948 1773 militantis
965 1749 1031 1773 Eccli
1052 1750 1095 1772 381

545 1793 644 1815 CDXIV
661 1792 802 1815 Romanum
811 1789 1041 1814 dccetPontificem
1052 1790 1097 1812 382

556 1832 643 1855 Cva
662 1832 729 1859 Cum,
750 1831 815 1854 sicut
832 1839 863 1854 cx
881 1830 971 1854 litteris
998 1849 1003 1854 .
1028 1848 1032 1852 .
1052 1830 1097 1853 383
1122 1840 1123 1855 i

545 1873 644 1896 CDXVI
662 1873 730 1899 Cum,
750 1873 815 1896 sicut
832 1880 864 1896 cx
881 1872 972 1896 litteris
997 1891 1001 1895 .
1026 1890 1031 1894 .
1052 1872 1097 1894 384
1122 1885 1123 1905 ἢ

535 1915 645 1937 CDXVII
663 1914 732 1941 Cum,
752 1913 817 1937 sicut
834 1912 978 1944 accepimus
997 1931 1001 1936 .
1027 1931 1031 1935 .
1052 1913 1097 1935 387
1121 1907 1123 1940 l

523 1954 645 1977 CDXVHI
662 1953 800 1976 Maiestatis
812 1955 870 1976 tuae
882 1952 954 1980 votis,
970 1960 1035 1983 quae
1053 1952 1098 1975 385

546 1994 646 2016 CDXIX
663 1992 801 2016 Maiestatis
814 1994 872 2015 tuae
886 1991 988 2015 nomine
1002 2011 1006 2015 .
1028 2010 1032 2015 .
1053 1992 1098 2015 380

557 2032 646 2055 ΟΒΧΧ
663 2033 768 2056 Sanctae
777 2036 802 2055 et
810 2032 988 2055 Immaculatae
998 2031 1052 2054 Vir-

694 2073 759 2103 ginis
763 2088 1034 2099 ..........
1053 2072 1099 2096 388

545 2114 646 2137 (ΪΒΧΧΙ
663 2113 775 2145 Supplici
792 2113 1008 2137 christifidelium.
1029 2132 1034 2136 .
1054 2114 1099 2136 389

533 2154 647 2177 CDXXII
662 2155 732 2178 inter
748 2154 910 2185 gravissimas
937 2172 942 2177 .
969 2173 973 2177 .
1000 2173 1004 2177 .
1030 2173 1034 2176 .
1054 2155 1099 2177 390

525 2195 647 2217 CDXXIII
663 2194 732 2217 Alias
750 2194 831 2218 felicis
848 2193 1030 2218 recordationis
1055 2195 1098 2217 391

523 2233 648 2256 CDXXIV
665 2233 734 2257 Alias
746 2241 760 2257 a
770 2233 843 2257 nobis
855 2236 1006 2257 emanarunt
1030 2253 1035 2257 .
1055 2236 1100 2258 392

535 2274 646 2296 CDXXV
664 2275 691 2297 In
715 2282 832 2305 suprema
848 2275 981 2306 pastoralis
1000 2294 1005 2299 .
1031 2294 1036 2298 .
1055 2276 1099 2299 394

396 2325 406 2334 »ι
525 2314 649 2337 CDXXVI
666 2314 738 2338 Ratio
755 2315 888 2345 pastoralis
907 2315 981 2339 officii
1001 2334 1006 2338 .
1031 2334 1035 2338 .
1055 2317 1100 2339 393

367 2352 423 2375 1632
514 2354 649 2376 CDXKVH
667 2355 737 2379 Vota.
758 2363 822 2386 quae
839 2356 893 2378 Deo
911 2355 974 2378 fiunt
1000 2373 1006 2379 .
1031 2374 1035 2378 i
1055 2356 1100 2380 395

396 2402 405 2406 ”
504 2394 651 2417 CDXXVIII
669 2395 729 2417 Cum
749 2402 793 2418 nos
814 2403 901 2426 nuper,
923 2395 1040 2419 conside·
1126 2414 1127 2428 ¹

697 2437 781 2457 rantes
799 2434 913 2458 funestos
939 2454 943 2458 .
970 2454 974 2457 .
1001 2454 1005 2459 .
1031 2454 1035 2458 .
1056 2436 1101 2459 396

527 2473 650 2495 CDXXIX
668 2474 728 2496 Cum
746 2482 791 2497 nos
809 2482 890 2505 nuper
907 2474 947 2497 in.
970 2494 975 2498 .
1001 2495 1005 2498 .
1031 2495 1034 2498 .
1056 2476 1100 2499 397
1127 2478 1128 2499 1

538 2513 650 2535 CDXXX
668 2514 840 2545 Nupernosin
849 2515 1042 2539 subventionem
1056 2517 1101 2539 398
1126 2502 1128 2532 ,¹

527 2553 650 2575 clixxxx
668 2554 764 2584 Exponi
782 2554 853 2578 nobis
872 2563 952 2586 nuper
971 2575 975 2578 .
1002 2574 1006 2578 .
1031 2574 1035 2578 .
1057 2557 1101 2579 399
1126 2553 1128 2568 ³

514 2591 648 2614 cnxxxn
667 2592 801 2623 Cupientes
814 2597 841 2616 ut
853 2594 877 2617 in
888 2594 975 2618 maiori
1002 2614 1006 2618 .
1032 2614 1036 2618 .
1056 2596 1101 2618 400
1126 2581 1128 2635 ἱ

400 2637 411 2651 >1
505 2630 651 2654 cuxxxm
669 2631 761 2655 Omnes
771 2635 796 2655 et
808 2632 901 2664 singuli
912 2633 1040 2658 Ecclesiae
1056 2634 1100 2658 401
1126 2639 1128 2664 Ι

1148 295 1211 319 Edit.
1234 295 1304 317 raus.
1698 291 1763 314 Edit.
1784 283 1854 315 nimi,

1163 335 1232 358 Tum.
1246 342 1287 357 xiv
1671 332 1740 355 Tom.
1754 339 1787 360 vr,
1801 338 1866 363 part.
1882 339 1890 355 1

1148 395 1207 417 16:32>
1284 391 1432 415 CDXXXIV
1450 390 1548 421 Exponi
1566 389 1639 413 nobis
1656 397 1738 421 nuper
1755 408 1760 414 .
1786 408 1791 413 .
1815 409 1820 413 .
1841 391 1887 414 402

1148 1112 1206 1134 1033

1151 2073 1208 2095 1034

1295 431 1431 454 CDXXXV
1449 430 1511 453 Cum
1528 437 1610 462 nuper
1627 429 1726 461 Gaspar
1744 430 1821 461 episc.
1841 430 1887 454 403

1284 471 1433 494 CDXXXVI
1449 470 1542 494 Sancta
1558 471 1639 494 Mater
1655 469 1770 494 Ecclesia
1780 489 1785 498 ‚
1817 489 1822 494 .
1841 471 1887 494 404

1275 506 1434 534 CDXXXVII
1450 509 1570 533 Unanimi
1587 509 1728 534 catholicae
1738 509 1821 534 Eccl..
1841 510 1888 533 405

1262 551 1433 575 cnxxxvm
1448 549 1547 581 Exponi
1564 549 1638 574 nobis
1655 557 1736 582 nuper
1753 549 1815 574 fecit
1840 551 1887 574 406

1285 591 1434 614 CDXXXIX
1452 590 1523 614 Licet
1531 589 1666 621 episcopus
1676 589 1829 614 Albanensis
1842 591 1887 614 407

1347 630 1434 654 CDXL
1450 629 1534 658 Alias,
1554 637 1612 653 cum
1629 629 1728 661 Gaspar
1743 629 1822 662 episc.
1841 630 1887 654 408

1335 670 1434 693 CDXLI
1450 669 1520 693 Alias
1533 676 1579 693 nos
1590 669 1617 693 in
1630 669 1825 694 subventionem
1841 671 1886 694 409

1324 710 1434 733 CDXLIJ
1451 708 1520 732 Alias
1533 716 1547 732 a
1559 708 1631 732 nobis
1643 711 1793 732 emanarunt
1817 728 1821 732 .
1841 710 1887 733 410

1311 750 1433 773 CDXLIII
1450 750 1530 773 Decet
1545 749 1650 772 Roman.
1670 748 1820 773 Pontificem
1841 750 1885 773 411

1315 790 1434 813 CDXLIV
1451 790 1538 820 Nuper
1554 796 1600 820 pro
1615 791 1688 820 parte
1705 788 1792 812 dilecti
1816 808 1821 813 .
1841 790 1888 813 412

1324 830 1433 853 CDXLV
1451 829 1588 860 Cupientes
1605 828 1704 852 dilectis
1722 828 1781 852 filiis
1817 847 1823 852 .
1841 830 1886 853 413

1312 870 1433 893 CDXLVI
1449 868 1653 900 Exposuitnobis
1661 868 1825 893 charissimus
1841 870 1887 892 414

1300 910 1433 933 CDXLVII
1449 909 1486 932 Ex
1503 908 1631 932 commissi
1649 908 1722 932 nobis
1738 916 1785 940 per
1818 926 1823 931 .
1842 909 1888 932 415

1292 950 1435 973 CDXLVIH
1452 950 1581 972 Romanus
1592 948 1710 972 Pontifex
1722 948 1748 971 in
1760 948 1826 972 Sede
1842 949 1888 972 416

1312 989 1434 1013 CDXLIX
1450 989 1519 1017 Cum,
1540 988 1605 1012 sicut
1621 987 1774 1019 accepimus,
1787 1006 1793 1012 .
1817 1007 1822 1011 .
1842 989 1888 1021 417

1371 1030 1433 1053 CDL
1448 1029 1477 1052 In
1495 1027 1649 1060 apostolieae
1667 1027 1798 1059 dignitatis
1817 1046 1822 1051 .
1841 1028 1888 1051 418

1354 1069 1431 1093 CDL1
1448 1067 1518 1091 Alias
1530 1067 1612 1091 felicis
1623 1066 1806 1090 recordationis
1817 1085 1822 1090 .
1842 1068 1888 1091 419

1348 1109 1434 1133 CDLn
1450 1107 1575 1136 Quoniam
1592 1107 1619 1131 in
1635 1107 1760 1138 regimine
1787 1126 1792 1130 .
1818 1125 1823 1130 .
1842 1107 1888 1131 490

1337 1147 1434 1170 CDLIII
1450 1147 1488 1169 Ex
1500 1145 1584 1177 dignis
1596 1148 1622 1169 et
1633 1144 1800 1168 rationalibus
1817 1163 1822 1168 .
1841 1146 1883 1168 421

1338 1187 1434 1211 CDLIV
1452 1185 1629 1218 Speculatores
1641 1184 1730 1208 domus
1746 1183 1825 1208 Israel
1842 1185 1888 1208 422

1348 1227 1433 1250 CDLV
1449 1224 1548 1257 Exponi
1566 1224 1638 1248 nobis
1650 1231 1733 1256 nuper
1743 1223 1804 1248 fecit
1815 1242 1821 1247 .
1842 1225 1888 1247 423

1336 1266 1434 1290 CDLVI
1450 1266 1512 1289 Cum
1523 1264 1643 1288 maiestas
1654 1266 1698 1287 tua
1709 1271 1756 1295 per
1766 1271 1825 1287 suas
1842 1264 1887 1287 424

1325 1306 1434 1330 CDLVfl
1450 1306 1488 1328 Ex
1500 1304 1586 1328 debito
1598 1303 1733 1335 pastoralis
1750 1303 1825 1327 officii
1842 1303 1887 1327 425

1312 1346 1433 1370 CDLVIII
1448 1345 1489 1369 Ad
1506 1344 1657 1369 universalis
1669 1343 1800 1368 Ecclesiae
1818 1362 1823 1368 .
1843 1344 1888 1367 426

1335 1386 1433 1409 CDLIX
1449 1384 1533 1408 Hodie
1544 1392 1590 1416 pro
1599 1386 1672 1416 parte
1683 1383 1826 1407 charissimi
1842 1384 1888 1406 427

1348 1426 1433 1450 CDLX
1451 1426 1543 1448 Sancta
1558 1427 1639 1448 mater
1655 1423 1781 1451 Ecclesia,
1818 1441 1823 1446 .
1843 1423 1889 1446 4ἓὸ

1335 1466 1433 1490 CDLXI
1449 1465 1598 1497 Expositum
1617 1463 1690 1488 nobis
1707 1471 1790 1495 nuper
1819 1481 1824 1487 .
1843 1464 1888 1487 429
1920 1493 1923 1496 Ι

1323 1507 1433 1530 CDLXII
1450 1505 1594 1538 Cupientes,
1604 1504 1663 1528 utin
1672 1503 1826 1527 monasterio
1843 1503 1889 1527 430

1312 1548 1432 1572 CDLXHI
1449 1545 1582 1570 Militantis
1595 1544 1692 1569 Eccles.
1707 1543 1826 1575 regimini
1842 1544 1886 1566 431

1311 1588 1432 1611 CDLXIV
1449 1587 1511 1610 Cum
1528 1585 1594 1609 sicut
1605 1584 1679 1608 nobis
1695 1591 1792 1615 nuper.
1817 1601 1822 1606 .
1842 1583 1888 1606 434

1324 1628 1432 1651 CDLXV
1449 1628 1536 1658 Nuper
1543 1633 1589 1658 pro
1597 1628 1669 1657 parte
1679 1624 1830 1648 dilectorum
1841 1624 1887 1646 435

1313 1668 1433 1691 CDLXVI
1449 1666 1520 1690 Alias
1532 1674 1547 1689 a
1557 1665 1631 1689 nobis
1643 1665 1793 1689 emanarunt
1817 1681 1823 1686 .
1842 1663 1887 1686 432

1299 1708 1433 1731 CDLXVII
1448 1705 1547 1738 Exponi
1559 1705 1633 1729 nobis
1645 1712 1728 1736 nuper
1739 1703 1800 1727 fecit
1817 1721 1822 1726 .
1842 1703 1888 1726 433

1291 1748 1435 1772 CDLXVHI
1452 1747 1520 1774 Cum,
1537 1746 1602 1769 sicut
1615 1744 1722 1768 dilectus
1739 1743 1806 1767 filius
1818 1761 1823 1766 .
1842 1743 1888 1766 436

1312 1787 1433 1811 CDLXIX
1448 1784 1559 1809 Iniuncti
1580 1783 1653 1808 nobis
1674 1791 1720 1815 per
1745 1783 1826 1806 abun—

1483 1824 1595 1849 dantiam
1613 1823 1731 1847 divinae.
1756 1841 1762 1847 .
1788 1841 1793 1846 .
1819 1841 1824 1846 .
1843 1823 1888 1846 437

1323 1867 1433 1891 CDLXX
1451 1866 1512 1889 Cum
1525 1865 1586 1888 alias
1599 1863 1624 1887 in
1634 1863 1720 1895 regnis
1730 1861 1826 1886 Castel-

1481 1905 1522 1928 lae
1533 1920 1818 1928 ..........
1842 1902 1888 1925 438

1311 1947 1433 1972 CDLXXI
1450 1947 1519 1974 Cum⁷
1529 1945 1594 1969 sieut
1603 1943 1755 1976 accepimus,
1766 1942 1827 1966 licet
1842 1943 1888 1966 439

1299 1988 1435 2012 CDLXXII
1453 1985 1632 2010 Sanctissimus
1649 1983 1770 2008 Dominus
1783 1990 1828 2006 no-

1485 2022 1537 2050 s‘ter
1548 2024 1637 2050 sedulo
1666 2041 1825 2048 ......
1844 2023 1888 2045 441

1289 2069 1435 2093 CDLXXHI
1453 2066 1596 2098 Singularia
1613 2068 1689 2097 atque
1709 2063 1802 2088 eximia
1819 2082 1824 2087 .
1844 2064 1890 2086 440

1290 2110 1435 2134 CDLXXJV
1451 2108 1522 2132 Alias
1534 2115 1549 2130 a
1560 2106 1633 2130 nobis
1651 2106 1802 2130 emanarunt
1819 2122 1825 2128 .
1843 2105 1890 2127 449

1301 2150 1436 2174 CDLXXV
1452 2150 1522 2173 Inter
1533 2150 1638 2175 ceteras,
1653 2145 1745 2178 quibus
1759 2163 1764 2168 .
1790 2163 1795 2168 .
1820 2163 1826 2168 .
1845 2146 1890 2168 443

1292 2191 1436 2215 CDLXXVI
1453 2189 1590 2213 Salvatoris
1599 2191 1624 2212 et
1634 2187 1737 2211 Domini
1749 2186 1828 2210 nostri
1844 2187 1890 2210 444

1278 2232 1436 2255 CDLXXVII
1453 2231 1540 2262 Nuper
1547 2237 1592 2262 pro
1600 2231 1672 2261 parte
1680 2228 1832 2252 dilectorum
1845 2229 1891 2252 445

1265 2272 1435 2296 CDLXXVIII
1453 2272 1528 2299 Cum,
1547 2271 1613 2294 sieut
1633 2269 1741 2293 dilectus
1757 2269 1825 2293 filius
1845 2269 1892 2292 446

1290 2313 1436 2336 CDLXXIX
1452 2311 1617 2344 Apostolatus
1629 2309 1738 2334 officium
1747 2308 1830 2333 humi-

1484 2350 1548 2375 litati
1573 2367 1828 2375 .........
1847 2350 1892 2372 447

1304 2393 1439 2416 CDLxxx
1454 2390 1619 2423 Apostolatus
1628 2390 1738 2414 officium
1747 2389 1830 2413 humi-

1486 2431 1550 2455 litati
1576 2448 1828 2455 .........
1846 2429 1893 2452 448

1294 2473 1438 2496 CDLXXXI
1454 2472 1528 2496 Alma
1536 2474 1561 2496 et
1572 2471 1615 2504 pia
1624 2473 1705 2505 mater
1716 2469 1831 2494 Ecclesia
1846 2470 1892 2493 449

1281 2514 1439 2536 CDLXXXII
1454 2514 1542 2544 Nuper
1558 2520 1612 2540 nos,
1627 2511 1746 2542 ingentes
1761 2529 1766 2534 .
1792 2529 1796 2534 .
1821 2528 1827 2533 .
1846 2510 1892 2533 450

1269 2554 1439 2577 CDLXXXIII
1455 2552 1555 2577 Iteratis
1572 2552 1698 2584 precibus,
1714 2553 1790 2582 atque
1803 2550 1830 2574 in
1846 2550 1889 2574 451

1267 2595 1436 2617 CDLXXXIV
1453 2592 1632 2625 Redemptoris
1650 2591 1730 2615 nostri
1746 2591 1804 2614 Iesu
1822 2608 1828 2614 .
1846 2591 1893 2613 452

1280 2635 1438 2659 CDLXXXV
1454 2633 1577 2658 Pastorali
1590 2632 1720 2661 charitate,
1735 2638 1798 2663 qua.
1823 2648 1828 2655 .
1847 2631 1890 2654 451
