2248 3229
218 233 267 262 An.
285 234 314 262 c.
334 234 401 263 1633
446 225 510 261 348

240 883 319 904 Motiva
335 882 398 904 huius

215 910 382 931 Constitutiouis.

238 1899 339 1921 Concedit
350 1903 396 1925 prc-

211 1930 235 1949 ut
249 1933 270 1948 in
285 1927 376 1948 rubrica.

712 284 858 318 CDLXlV.

418 356 567 391 Concedit
579 355 767 399 facultatem
783 355 930 398 yenerali
939 355 1154 389 Minimorum

458 408 687 453 supprimendi
703 413 875 442 conventus
894 413 1012 449 tenues,
1033 420 1155 442 eorum-

459 472 520 505 que
545 462 628 494 bona
641 462 678 494 in
691 466 862 495 conventus
887 463 1026 495 maiores
1048 467 1171 503 trans-j
1578 500 1583 505 ,
1628 500 1633 505 ,
1857 502 1862 508 ,

1170 523 1171 530 ,
1188 500 1269 532 bona
1285 510 1503 544 quaecumque
1523 500 1697 534 maioribus
1721 502 1926 535 conventibus

457 514 584 557 ferendi
608 525 682 548 cum
706 516 858 548 oneribus
883 516 1052 549 evanescis&

413 593 526 622 Dilecto
545 594 607 622 filio
627 595 789 623 correctori
810 596 944 630 generali
965 596 1082 624 Ordinis
1098 597 1171 624 fra-¹

448 642 528 667 trum
549 639 736 667 Minimorum
757 640 784 667 S.
807 640 960 668 francisci
976 641 1012 668 de
1033 641 1135 676 Paula,

621 693 756 721 Urbanus
773 694 852 728 Papa
866 694 944 722 VIII.

688 755 803 783 Dilecta
823 756 876 788 fili,

448 801 577 829 salutem
601 804 632 828 et
653 802 848 835 apostolicam
867 801 1117 830 benedictionem.

457 872 472 916 ᾗ
496 872 526 905 1.
547 872 634 914 Cum,
652 872 732 906 sicut
755 873 846 907 nobis
865 884 967 918 nuper
984 874 1096 918 exponi
1113 875 1154 908 fe-

413 925 491 968 cisti,
517 927 548 959 in
565 927 740 961 visitatione
755 928 799 962 tui
817 928 941 962 Ordinis
953 929 1152 963 Minimorum
1170 934 1171 954 ἰ

415 981 512 1015 sancti
536 981 694 1015 Francisci
718 982 755 1015 de
781 982 874 1015 Paula
888 988 988 1027 perte
1003 983 1171 1016 hactenus*

413 1035 493 1068 facta
518 1035 729 1079 compereris,
756 1040 785 1068 et
809 1035 841 1068 in
865 1035 931 1069 dies
955 1036 1152 1080 comperias,

411 1087 580 1122 nonnullos
604 1088 701 1132 ipsius
726 1087 851 1122 Ordinis
879 1094 1051 1122 conventus
1076 1089 1153 1123 adeo

413 1151 569 1186 pauperes
594 1145 623 1176 et
647 1145 755 1175 tenues
776 1142 920 1183 existere,
935 1148 1052 1186 utspes
1068 1143 1153 1176 nulla

412 1194 451 1228 sit
475 1194 544 1227 illos
571 1204 710 1238 unquam
732 1194 770 1228 ad
791 1195 925 1228 formam
943 1199 1153 1229 conventuum

411 1247 530 1290 reduci,
552 1248 717 1292 minusque
734 1258 843 1282 eorum
862 1248 1083 1292 religiosorum
1100 1259 1154 1282 nu-

411 1311 546 1342 merum,
566 1301 619 1345 qui
635 1312 692 1346 per
708 1301 946 1336 constitutiones
966 1303 1153 1347 apostolicas

410 1365 469 1399 pro
494 1355 622 1398 regulae
647 1355 789 1389 eiusdem
815 1355 940 1389 Ordinis
954 1356 1152 1389 observantia

411 1408 571 1453 divinique
595 1409 696 1443 cultus
721 1409 848 1443 servitio
864 1409 1080 1454 praescriptus
1091 1410 1153 1443 exi-

411 1462 473 1503 stit,
498 1462 530 1494 in
554 1462 598 1495 eis
624 1463 791 1496 sustentari
815 1473 906 1507 posse
921 1490 928 1503 ‚
957 1463 1033 1507 quin
1058 1464 1151 1497 etiam

410 1521 582 1550 conventus
607 1517 787 1550 huiusmodi
812 1517 843 1550 in
868 1518 1083 1552 observantiae
1103 1529 1152 1551 re-

409 1570 528 1613 gularis
559 1581 595 1604 ac
628 1571 811 1616 disciplinae
842 1573 1066 1606 relaxationem
1097 1577 1148 1606 to-

409 1624 534 1668 tiusque
578 1624 703 1658 Ordinis
737 1625 918 1660 huiusmodi
955 1626 1090 1660 dedecus
1122 1632 1152 1659 et

409 1677 533 1710 ruinam
559 1688 626 1711 esse
651 1679 858 1722 prolapsuros
883 1690 994 1713 noscas
1014 1685 1044 1712 et
1063 1678 1163 1723 expe!

409 1731 518 1772 riaris,
547 1737 577 1765 et
608 1738 778 1777 propterea
805 1734 861 1766 tibi
889 1734 927 1767 de
951 1734 1150 1777 infrascripta

410 1784 554 1818 facultate
585 1796 642 1829 per
673 1796 730 1819 nos
761 1786 920 1830 provideri
951 1796 1169 1831 summopere*

1167 1835 1289 1883 'palatii
1321 1840 1484 1883 apostolici
1516 1840 1695 1883 auditores,
1730 1841 1863 1874 iudicari
1896 1847 1926 1875 et

456 1892 471 1936 ἓ
491 1892 520 1925 2.
546 1893 619 1934 Nos,
640 1893 677 1926 de
702 1893 773 1935 fide,
792 1893 917 1936 virtute,
936 1894 1104 1938 prudentia
1121 1899 1151 1927 et
1167 1904 1168 1907 ¹

411 1837 587 1872 desideres:

412 1945 575 1989 diligentia
589 1942 642 1979 tua
654 1947 827 1990 plurimum
841 1947 873 1980 in
886 1948 1019 1981 Domino
1030 1947 1150 1988 confisi,

412 2010 534 2034 necnon
548 2005 757 2034 conventuum
768 2000 948 2034 huiusmodi
958 2001 1150 2042 situationes,

413 2054 563 2096 confines,
580 2054 755 2099 qualitates,
776 2066 949 2099 eorumque
964 2056 1150 2097 fructuqu,

412 2108 592 2141 reddituum
617 2114 647 2141 et
671 2114 879 2153 proventuum
911 2120 1001 2143 veros
1031 2120 1151 2143 annuos

412 2162 534 2195 valores
552 2162 770 2206 praesentibus
790 2173 848 2207 pro
862 2163 1017 2207 expressis
1038 2163 1152 2196 haben-

412 2220 480 2257 tes,
513 2216 796 2260 supplicationibus
827 2222 879 2250 tuo
910 2217 1037 2251 nomine
1061 2217 1151 2250 nobis

413 2279 507 2313 super
530 2269 590 2302 hoc
615 2269 777 2303 humiliter
801 2270 956 2314 porrectis
989 2270 1150 2310 inclinati,

413 2321 450 2355 de
462 2321 689 2356 venerabilium
700 2323 833 2356 fratrum
844 2329 1025 2357 nostrorum
1036 2323 1064 2357 S.
1072 2324 1105 2357 R.
1117 2323 1148 2356 Ε.

413 2375 620 2409 cardinalium
644 2376 778 2420 negotiis
803 2377 997 2420 regularium
1022 2387 1152 2421 praepo-

413 2429 544 2463 sitorum
569 2430 712 2471 consilio,
729 2430 794 2472 tibi,
809 2436 842 2464 ut
859 2435 1030 2465 conventus
1042 2436 1151 2464 tenues

412 2482 593 2518 huiusmodi
614 2484 706 2527 (facta
730 2495 789 2528 per
806 2484 988 2519 Ordinarios
1007 2484 1150 2519 locorum

449 2565 460 2590 1
478 2563 543 2591 Vide
561 2564 594 2591 de
614 2564 655 2591 his
670 2564 797 2592 fratribus
811 2565 837 2592 in
852 2566 944 2593 Const.
959 2572 1013 2593 Lxu
1028 2566 1078 2601 (al.
1095 2565 1149 2599 54),

417 2607 450 2635 Ut
469 2616 513 2643 ea,
530 2612 595 2635 tom.
612 2614 668 2643 xm,
684 2618 744 2644 pag.
764 2610 822 2637 156.

447 2652 463 2679 ἓ
479 2651 544 2682 Male
559 2653 623 2684 edit,
638 2654 720 2683 Main.
738 2653 801 2691 legit
814 2656 911 2691 fructu
924 2655 962 2691 (a.
978 2656 1026 2690 τ.).

993 236 1172 262 BULLARIUM
1196 237 1350 262 ROMANUM

1188 294 1298 318 eorum
1312 285 1515 319 ecclesiarum
1532 287 1759 332 profanatione,
1776 288 1840 322 sive
1854 298 1926 322 con-

1187 338 1435 372 fraternitatibus
1459 339 1506 371 vel
1531 339 1599 372 aliis
1618 340 1695 374 locis
1712 342 1772 385 piis
1788 341 1924 386 applica-

1188 391 1281 434 tionc,
1296 402 1469 436 eorumque
1486 402 1629 433 onerum,
1646 398 1680 426 ut
1696 394 1785 436 infra,
1799 396 1926 428 transla-

1188 446 1285 489 tione)
1299 446 1497 490 supprimere
1514 451 1544 480 et
1561 447 1752 490 extinguere,
1770 454 1800 481 et
1815 459 1924 482 eorum

1188 558 1341 596 perpetuo
1365 553 1456 586 unire
1469 559 1499 586 et
1511 554 1727 598 incorporare,
1749 559 1779 587 et
1792 554 1830 586 ad
1843 554 1926 598 ipsos

1188 606 1323 639 maiores
1347 612 1539 649 conventus,
1572 607 1686 653 quibus
1710 608 1792 642 bona
1816 608 1926 641 huius-

1189 660 1273 693 modi
1298 661 1384 694 unita
1408 666 1438 694 et
1462 661 1664 706 incorporata
1684 662 1809 703 fuerint,
1830 672 1927 696 onera

1188 714 1281 746 etiam
1291 714 1431 759 ipsorum
1443 715 1601 749 minorum
1612 720 1821 751 conventuum
1832 720 1928 751 trans-

1188 767 1279 809 ferre,
1304 778 1349 810 ac,
1365 768 1389 801 si
1406 769 1506 812 magis
1531 769 1606 802 utile
1629 770 1769 803 ecclesiis
1786 770 1926 803 futurum

1188 820 1386 864 indicaveris,
1411 821 1494 855 bona
1517 822 1716 864 huiusmodi,
1742 823 1791 856 vel
1815 834 1926 857 eorum

1188 881 1308 919 partem
1335 875 1479 917 vendere,
1503 882 1684 920 permutare
1702 881 1754 910 aut
1769 876 1843 910 alias
1856 877 1928 909 alie-

1187 939 1262 961 nare
1287 929 1473 972 (dummodo
1491 929 1521 962 id
1538 930 1570 962 in
1588 935 1797 964 conventuum
1818 930 1927 963 liuius-

1188 982 1271 1016 modi
1305 988 1335 1015 et
1363 983 1490 1016 illorum
1526 984 1730 1017 ecclesiarum
1761 983 1927 1017 utilitatem

1188 1035 1286 1077 cedat,
1300 1047 1336 1069 ac
1350 1037 1487 1080 pretium
1505 1037 1577 1070 inde
1597 1037 1805 1081 redigendum
1819 1037 1850 1070 in
1867 1037 1927 1070 alia

1187 1090 1268 1123 bona
1294 1091 1415 1124 stabilia
1429 1091 1520 1125 dictis
1536 1092 1740 1126 conventibus
1755 1091 1927 1126 maioribus

1187 1144 1373 1187 applicanda
1405 1149 1434 1177 et
1470 1145 1701 1189 incorporanda
1733 1145 1861 1179 omnino
1898 1150 1928 1178 ct

1187 1197 1280 1230 unico
1305 1201 1452 1232 contextu
1480 1199 1728 1242 convertantur),
1754 1198 1927 1243 apostolica

1187 1250 1381 1291 auctoritate,
1402 1256 1510 1284 tenore
1526 1251 1749 1295 praesentium,
1767 1252 1925 1286 licentiam

1188 1308 1217 1337 et
1242 1304 1418 1337 facultatem
1444 1304 1656 1348 impartimur.

1232 1356 1299 1400 §3-
1332 1357 1541 1392 Decernentes
1571 1364 1752 1402 praesentes
1786 1359 1926 1400 litteras,

1187 1416 1217 1443 et
1241 1410 1366 1444 illarum
1390 1411 1502 1455 vigore
1525 1411 1682 1445 faciendas
1707 1412 1854 1455 uniones,
1880 1413 1926 1446 in-

1186 1464 1433 1508 corporationes,
1458 1465 1662 1508 venditiones,
1680 1467 1926 1510 permutationes

1186 1523 1215 1550 et
1233 1518 1437 1552 alienationes
1453 1518 1643 1561 huiusmodi,
1662 1520 1687 1552 si
1709 1524 1738 1553 et
1757 1525 1925 1564 postquam

1186 1572 1283 1605 sactae
1301 1572 1426 1615 fuerint,
1452 1573 1580 1615 validas,
1605 1573 1713 1607 sirmas
1730 1579 1760 1607 et
1783 1574 1925 1607 efficaces

1186 1625 1318 1658 existere
1343 1631 1373 1658 et
1396 1626 1483 1668 fore,
1516 1637 1551 1660 ac
1577 1626 1695 1660 eisdem
1720 1627 1924 1660 conventibus

1185 1679 1216 1711 in
1241 1679 1386 1712 omnibus
1411 1684 1440 1712 et
1463 1690 1520 1723 per
1544 1680 1649 1713 omnia
1668 1680 1849 1724 plenissime
1867 1681 1926 1713 sus-

1185 1732 1319 1774 fragari,
1345 1732 1451 1776 sicque
1475 1743 1532 1776 per
1556 1744 1774 1777 quoscumque
1806 1733 1925 1767 iudices

1185 1786 1361 1819 ordinarios
1386 1792 1415 1819 et
1440 1786 1614 1830 delegatos,
1640 1788 1733 1820 etiam
1758 1798 1926 1821 causarum

1185 1893 1309 1925 definiri
1342 1893 1475 1934 debere,
1500 1903 1535 1926 ac
1560 1893 1684 1927 irritum
1710 1899 1739 1927 et
1763 1894 1875 1935 inane,
1900 1895 1925 1927 si

1186 1958 1274 1981 secus
1300 1958 1394 1992 super
1419 1948 1467 1981 bis
1491 1959 1509 1981 a
1532 1959 1709 1993 quoquam,
1736 1949 1844 1993 quavis
1869 1960 1924 1982 au-

1185 2001 1344 2042 ctoritate,
1370 2002 1504 2035 scienter
1528 2003 1576 2035 vel
1601 2003 1802 2046 ignoranter,
1828 2003 1924 2036 conti-

1185 2055 1266 2097 gerit
1289 2056 1443 2088 attentari.

1230 2109 1244 2152 g
1268 2109 1297 2142 4.
1327 2109 1397 2143 Non
1428 2109 1625 2143 obstantibus
1649 2110 1748 2144 felicis
1774 2110 1923 2144 recorda-

1186 2161 1278 2195 tionis
1314 2162 1398 2195 Pauli
1430 2162 1455 2195 II
1487 2168 1517 2196 et
1544 2163 1679 2196 aliorum
1708 2164 1922 2198 Romanorum

1185 2215 1372 2249 Pontificum
1390 2215 1668 2260 praedecessorum
1686 2222 1868 2251 nostrorum
1885 2218 1922 2250 dc

1185 2269 1280 2302 rebus
1304 2269 1460 2302 Ecclesiae
1485 2279 1548 2303 non
1572 2270 1762 2312 alienandis,
1792 2270 1922 2314 aliisque

1185 2323 1458 2357 constitutionibus
1483 2329 1512 2356 et
1536 2323 1786 2358 ordinationibus
1803 2330 1924 2369 aposto·
1976 2364 1981 2367 .

1185 2377 1263 2417 licis,
1279 2387 1314 2411 ac
1334 2380 1440 2411 nostra
1453 2377 1491 2411 de
1504 2377 1675 2412 unionibus
1691 2378 1923 2412 committendis

1185 2430 1223 2463 ad
1247 2435 1374 2474 parteS,
1406 2432 1522 2465 vocatis
1554 2442 1689 2475 quorum
1720 2432 1868 2472 interest,
1893 2437 1923 2465 et

1185 2485 1401 2518 Lateranensis
1426 2486 1550 2519 concilii
1576 2485 1747 2519 novissime
1774 2485 1923 2519 celebrati

1185 2538 1316 2571 uniones
1340 2544 1507 2583 perpetuas
1531 2539 1591 2572 nisi
1615 2540 1646 2572 in
1666 2538 1789 2573 casibus
1813 2549 1830 2571 a
1855 2539 1923 2572 iure

1185 2592 1348 2635 permissis
1372 2592 1440 2626 fieri
1465 2593 1684 2636 prohibentis,
1707 2603 1829 2626 necnon
1853 2603 1924 2626 con-

1190 2651 1337 2680 ventuum
1363 2649 1391 2682 et
1416 2645 1541 2681 Ordinis
1560 2646 1803 2692 praedictorum,
1829 2646 1924 2683 etiam

1941 239 1990 268 An.
2007 240 2035 268 C.
2058 239 2127 270 1633

1972 1373 2083 1395 Decretum
2098 1374 2125 1396 ir-

1942 1402 2015 1423 ritans.

2008 2119 2123 2141 Contrariis

1939 2146 2035 2173 derogat.
