2248 3229
78 255 131 285 An.
148 255 179 285 C.
197 255 262 285 1631

157 1278 263 1300 Publicari

81 1312 94 1327 a
119 1306 265 1332 superioribus

82 1333 183 1354 Ordinum
200 1333 265 1354 iubet.

89 2613 198 2635 Clausulas
209 2619 273 2641 prae-

87 2641 205 2688 gietrvativas
235 2641 271 2663 acl-

883 252 1027 279 URBANUS

277 302 445 344 societatis,
453 302 517 337 sive
526 302 720 336 secularibus
732 302 796 336 sive
805 303 1017 345 regularibus,

276 356 325 390 vel
349 357 441 391 etiam
467 356 542 400 ipsis
565 355 746 398 Ordinibus,
764 356 1016 399 congregationi-

276 409 345 450 bus,
360 410 509 443 institutis
526 415 557 443 et
573 410 783 449 societatibus,
801 410 894 443 etiam
912 409 1017 442 Socie-

276 464 332 496 tati
348 463 426 505 lesu,
444 469 497 496 aut
514 464 581 497 eius
598 463 720 497 clericis
741 474 796 496 seu
816 463 1016 507 presbyteris,

276 517 418 561 aliisque,
443 518 588 561 personis
611 517 794 563 praedictis,
819 526 1017 561 quacumque

277 570 314 604 de
327 573 432 612 causa,
447 572 539 605 etiam
553 571 591 604 de
605 571 788 604 necessitate
802 569 1017 614 exprimenda,

277 625 462 665 occasione,
488 629 673 668 praetextu,
699 625 746 657 vel
772 625 899 663 colore,
924 623 1016 657 etiam

277 678 401 720 intuitu,
419 678 692 722 contemplatione,
715 688 769 711 seu
783 678 820 710 ad
839 677 1016 710 instantiam

277 731 486 776 imperatoris,
502 742 612 775 regum
631 737 661 765 et
678 732 856 776 principum
871 741 1019 775 quorum-

278 796 424 830 cumque,
443 792 497 819 aut
513 786 588 819 alias
606 785 843 830 quomodolibet
861 795 1018 824 concessa,

277 839 405 873 illorum
420 846 546 874 tenores
560 841 777 884 praesentibus
791 850 849 884 pro
863 839 1019 883 expressis

277 893 427 926 habentes
442 921 449 934 ,
481 894 653 938 apostolica
678 894 862 927 auctoritate
877 920 884 933 ‚
911 898 1019 926 tenore

276 948 501 992 praesentium,
519 958 715 988 revocamus,
740 958 909 987 cassamus,
939 947 1020 981 tolli-

278 1012 358 1044 mus,
373 1002 564 1045 abrogamus
581 1007 611 1035 et
635 1001 843 1041 annullamus,
864 1011 899 1033 ac
916 1000 954 1033 de
971 1010 1020 1033 ce-

278 1060 347 1089 tero
371 1060 525 1097 revocata,
546 1065 644 1095 cassa,
661 1054 792 1092 sublata.
813 1055 966 1097 abrogata
991 1059 1019 1086 et
1036 1079 1038 1097 ,

278 1109 445 1151 annullata,
464 1109 645 1152 viribusque
662 1114 693 1142 et
709 1108 822 1142 effectu
840 1119 935 1141 vacua
953 1119 1021 1141 esse
1036 1102 1038 1138 ³,

279 1168 310 1196 et
326 1163 402 1204 sore,
425 1155 567 1206 nullifie
593 1173 724 1207 prorsus
748 1162 895 1206 deinceps
911 1161 1021 1195 suffra·
1037 1174 1038 1190 i

279 1217 347 1260 gari
371 1227 463 1261 posse
487 1227 545 1250 nec
568 1217 685 1250 debere
709 1216 916 1250 declaramus.

324 1271 339 1314 ἓ
362 1270 392 1304 3.
418 1271 603 1312 Praeterea,
634 1276 669 1304 ut
693 1275 874 1314 praesentes
899 1269 1039 1305 litterae,

279 1324 428 1358 omnibus
453 1329 483 1357 et
506 1324 653 1367 singulis,
682 1324 720 1356 ad
746 1334 825 1367 quos
849 1327 968 1367 spectat
993 1327 1039 1356 et*

280 1387 340 1421 pro
364 1381 507 1421 ternpore
531 1377 700 1421 spectabit,
723 1383 840 1421 quanto
865 1377 956 1409 citius
981 1376 1039 1408 in-=

280 1435 451 1472 notescant,
466 1430 612 1464 omnibus
629 1436 659 1462 et
676 1430 806 1473 singulis
821 1430 1022 1473 generalibus

281 1489 312 1517 et
335 1485 402 1517 aliis
436 1495 637 1528 quocumque
672 1484 800 1516 nomine
834 1483 1022 1526 nuncupatis
1037 1473 1039 1533 ζ

281 1537 499 1581 superioribus
539 1547 812 1580 quorumcumque
847 1536 998 1570 Ordinum
1014 1543 1039 1580 ,ξ

281 1591 573 1633 congregationum,
599 1590 794 1630 societatum,
808 1590 899 1623 etiam
918 1590 1022 1623 Socie-

280 1643 351 1677 tatis
372 1644 451 1683 Iesu,
472 1649 502 1676 et
522 1644 746 1684 institutorum,
766 1642 823 1676 sub
844 1653 1023 1675 excommu-

279 1696 444 1730 nicationis
469 1707 505 1729 ac
529 1697 712 1740 privationis
737 1696 913 1729 officiorum
935 1702 964 1728 et
981 1696 1040 1728 di-¹

281 1750 434 1793 gnitatum
462 1760 585 1783 necnon
609 1750 694 1783 vocis
722 1749 840 1782 activae
867 1755 897 1781 et
924 1750 1023 1793 passi-

281 1813 337 1836 vae
361 1803 471 1847 poenis
495 1804 562 1846 ipso
587 1803 668 1835 facto
692 1802 906 1843 incurrendis,
938 1813 1024 1845 prae-

282 1857 418 1901 cipimus
436 1862 466 1890 et
483 1856 678 1897 mandamus,
694 1860 738 1897 ut,
756 1856 838 1889 infra
857 1862 921 1889 tres
942 1867 1024 1889 men-
1039 1850 1041 1885 l

282 1921 332 1945 ses
362 1911 524 1955 proximos
549 1922 566 1944 a
589 1911 639 1944 die
674 1911 894 1954 publicationis
926 1916 1040 1954 prae-'

282 1965 417 1998 sentium
442 1964 680 2008 computandos,
695 1974 805 1997 omnes
829 1969 859 1996 et
883 1964 1024 2006 singulos

282 2018 490 2062 provinciales
507 2017 690 2051 eorumdem
709 2027 838 2050 suorum
860 2016 1023 2056 Ordinum,

284 2072 566 2115 congregationum
581 2099 588 2112 ‚
620 2071 803 2104 societatum
818 2097 826 2111 ,
847 2070 938 2103 etiam
968 2070 1023 2102 So-

284 2126 405 2160 cietatis
428 2126 512 2167 lesu,
537 2132 567 2160 et
590 2126 818 2165 institutorum,
844 2125 881 2158 de
906 2124 1023 2157 eisdem

283 2180 501 2225 praesentibus
526 2180 637 2213 litteris
661 2181 811 2214 certiores
836 2179 957 2220 saciant,
979 2189 1042 2211 ρει-Ἰ

284 2225 492 2277 rumdernque
517 2233 729 2278 praesentium
747 2232 938 2276 exemplaria
965 2232 1043 2264 iltis

285 2287 506 2328 transmittant,
523 2288 576 2331 qui
598 2287 724 2331 quidem
742 2286 951 2331 provinciales
969 2285 1026 2318 sub

285 2341 402 2374 eisdem
420 2341 530 2385 poenis
550 2345 713 2375 teneantur
733 2340 865 2383 singulis
889 2339 1027 2383 superio-

284 2393 374 2428 ribus
397 2394 674 2435 monasteriorum,
692 2398 913 2434 conventuum,
931 2392 1026 2426 colle-

286 2448 422 2492 giorum,
441 2448 610 2482 domorum
627 2453 657 2480 et
669 2448 813 2481 locorum
831 2446 1026 2489 regularium

285 2501 479 2546 praecipere,
495 2506 530 2536 ut
546 2501 670 2534 easdem
696 2506 876 2544 praesentes
895 2499 1027 2532 subditis

287 2555 361 2596 suis,
377 2560 413 2601 ut
435 2555 533 2589 moris
557 2560 613 2595 est,
636 2554 806 2599 publicent.

331 2609 346 2653 g
370 2609 400 2642 4.
425 2609 634 2643 Decernentes
669 2613 851 2652 praesentes
886 2607 1026 2647 litteras,

288 2662 380 2695 etiam
399 2673 435 2696 ex
461 2672 497 2696 eo
523 2661 604 2705 quod
623 2661 813 2705 quicumque
830 2660 860 2693 in
877 2660 1046 2705 praemis-2

1051 252 1108 278 vm
1127 253 1176 278 PP-

1052 302 1093 335 sis
1108 303 1258 335 interesse
1274 300 1437 341 habentes,
1454 298 1503 333 vel
1515 297 1634 332 habere
1650 303 1794 342 praeten-

1051 356 1168 395 dentes,
1182 355 1220 388 ad
1238 356 1296 389 boc
1310 355 1410 389 vocati
1428 359 1458 387 ct
1474 353 1569 386 auditi
1588 362 1650 386 non
1667 352 1791 393 suerint,

1051 409 1089 442 de
1113 409 1326 453 subreptionis
1352 409 1399 441 vel
1425 407 1621 451 obreptionis
1639 406 1723 447 vitio,
1739 410 1793 439 aut

1052 462 1232 495 intentionis
1257 466 1382 496 nostrae
1406 472 1460 494 seu
1485 461 1545 494 alio
1570 459 1717 504 quopiam
1743 459 1794 492 de-

1052 516 1133 549 fectu
1153 517 1265 555 notari,
1287 516 1476 559 impugnari,
1495 514 1668 553 invalidam,
1689 512 1794 546 redar-

1051 571 1115 613 gui,
1133 571 1163 603 in
1188 571 1236 603 ius
1261 571 1308 603 vel
1334 569 1580 603 controversiam
1605 567 1720 610 vocari,
1741 570 1795 601 aut

1034 623 1088 660 ¹ad
1114 624 1194 656 viam
1221 630 1251 657 et
1274 624 1426 657 terminos
1458 623 1535 655 iuris
1567 622 1697 661 reduci,
1729 621 1794 654 sive

1052 677 1202 710 adversus
1226 678 1294 710 illas
1318 677 1538 720 quodcumque
1563 675 1650 714 iuris,
1675 674 1794 717 gratiae

1052 731 1099 763 vel
1125 732 1195 764 sacti
1222 731 1396 764 remedium
1429 729 1591 774 impetrari
1616 728 1794 761 nullatenus

1052 795 1154 828 posse,
1173 785 1226 818 sed
1252 785 1320 818 illas
1345 795 1471 828 semper
1494 782 1622 823 validas,
1640 782 1747 814 firmas
1764 785 1795 814 et

1053 839 1195 872 efficaces
1220 839 1353 871 existere
1378 843 1407 870 et
1432 838 1506 878 sore,
1528 846 1664 880 suosque
1687 836 1796 879 plena-

1054 893 1117 926 rios
1130 898 1160 926 et
1174 893 1313 935 integros
1331 892 1459 925 effectus
1473 890 1578 924 sortiri
1594 896 1624 923 et
1641 889 1794 929 obtinere;

1097 946 1164 990 §5-
1190 946 1303 990 Sicque
1335 956 1393 990 per
1427 953 1645 988 quoscumque
1676 942 1795 975 iudices

1054 1000 1231 1034 ordinarios
1256 1005 1286 1033 et
1310 999 1485 1042 delegatos,
1510 997 1603 1030 etiam
1628 1005 1794 1029 causarum

1054 1053 1161 1097 palatii
1177 1053 1339 1097 apostolici
1357 1052 1532 1091 auditores,
1556 1050 1679 1083 sublata
1702 1049 1747 1082 eis
1767 1053 1798 1082 et

1054 1117 1164 1140 eorum
1183 1106 1322 1146 cuilibet,
1340 1105 1450 1150 quavis
1470 1104 1561 1138 aliter
1585 1102 1742 1136 iudicandi
1768 1107 1798 1135 et

1056 1161 1281 1205 interpretandi
1307 1160 1452 1193 facultate
1476 1162 1507 1193 et
1530 1157 1725 1197 auctoritate,
1750 1156 1797 1189 iu-

1055 1215 1152 1248 dicari
1183 1220 1213 1248 et
1243 1213 1367 1247 definiri
1396 1213 1530 1253 debere,
1554 1223 1590 1246 ac
1619 1211 1743 1244 irritum
1768 1214 1799 1243 et

1056 1268 1156 1308 inane,
1172 1268 1196 1300 si
1213 1267 1288 1311 quid
1306 1277 1395 1300 secus
1410 1277 1505 1310 super
1522 1266 1571 1298 his
1591 1275 1608 1298 a
1627 1274 1797 1308 quoquam,

1055 1322 1164 1365 quavis
1181 1321 1378 1360 auctoritate,
1392 1320 1525 1353 scienter
1540 1318 1586 1352 vel
1603 1318 1796 1362 ignoranter,

1056 1375 1223 1417 contigerit
1248 1373 1404 1407 attentari.

1100 1430 1115 1472 g
1139 1430 1167 1462 6.
1194 1429 1261 1461 Non
1292 1426 1488 1461 obstantibus
1518 1425 1722 1470 praeinsertis
1745 1425 1796 1457 lit-

1056 1483 1131 1514 teris
1148 1482 1338 1522 buiusmodi,
1355 1492 1391 1513 ac
1407 1479 1681 1513 constitutionibus
1701 1484 1731 1511 et
1748 1489 1796 1512 or-

1055 1536 1267 1569 dinationibus
1284 1534 1475 1579 apostolicis,
1492 1538 1531 1574 et,
1549 1539 1701 1577 quatenus
1717 1543 1795 1576 opus

1038 1589 1105 1641 ,⁵5¹2
1123 1590 1216 1623 etiam
1241 1590 1353 1632 regula
1378 1590 1485 1621 nostra
1510 1588 1548 1620 de
1572 1598 1635 1621 non
1659 1587 1798 1621 tollendo

1057 1643 1125 1676 iure
1145 1643 1298 1687 quaesito,
1316 1642 1490 1686 privilegiis
1515 1652 1652 1686 quoque,
1671 1641 1799 1674 indultis

1057 1702 1086 1729 et
1104 1696 1216 1729 litteris
1237 1696 1427 1740 apostolicis,
1446 1695 1561 1728 eisdem
1577 1694 1799 1734 cardinalibus,

1057 1762 1092 1783 ac
1117 1750 1295 1791 Ordinibus,
1321 1749 1629 1795 congregationibus,
1652 1747 1800 1781 institutis

1039 1806 1041 1848 i
1057 1810 1088 1836 et
1115 1804 1316 1838 societatibus
1330 1832 1337 1845 ,
1358 1813 1531 1846 eorumque.
1565 1802 1800 1845 superioribus,

1057 1867 1257 1900 quocumque
1282 1857 1409 1890 nomine
1433 1855 1630 1898 nuncupatis,
1656 1855 1712 1887 sub
1736 1855 1802 1898 qui-

1058 1911 1253 1954 buscumque
1271 1910 1440 1943 verborum
1457 1909 1566 1942 formis
1583 1914 1613 1941 et
1629 1909 1801 1948 tenoribus,

1040 1963 1093 2007 Jac
1116 1974 1187 1996 cum
1213 1963 1378 2007 quibusvis
1409 1963 1503 1995 etiam
1528 1961 1802 2004 derogatoriarum

1058 2018 1289 2059 derogatoriis,
1314 2017 1447 2060 aliisque
1479 2015 1748 2048 eilicaeacioribus
1772 2019 1803 2047 et

1059 2071 1191 2104 insolitis
1216 2071 1373 2110 clausulis,
1398 2081 1434 2103 ae
1459 2070 1655 2116 irritantibus
1680 2075 1710 2102 et,
1733 2068 1802 2101 aliis

1059 2124 1203 2165 decretis,
1222 2125 1253 2157 in
1273 2134 1389 2167 genere
1414 2124 1461 2156 vel
1487 2124 1518 2156 in
1543 2123 1657 2167 specie,
1675 2133 1711 2155 ac
1726 2122 1802 2155 alias

1060 2179 1090 2210 in
1109 2177 1303 2211 eontrarium
1328 2176 1576 2221 praemissorum
1601 2175 1801 2219 quomodoli-

1059 2232 1109 2264 bet
1143 2230 1322 2271 concessis,
1350 2230 1544 2264 confirmatis
1572 2235 1602 2262 et
1626 2228 1802 2268 innovatis;

1060 2285 1174 2328 quibus
1198 2285 1346 2317 omnibus
1372 2289 1402 2317 et
1425 2284 1565 2326 singulis,
1587 2283 1718 2322 etiamsi,
1743 2292 1802 2325 pro

1061 2339 1186 2371 illorum
1212 2338 1377 2371 sufficienti
1407 2337 1633 2379 derogatione,
1657 2336 1694 2368 de
1719 2335 1801 2375 illis,

1061 2402 1234 2435 eorumque
1259 2391 1332 2424 totis
1357 2390 1530 2431 tenoribus,
1555 2389 1707 2433 specialis,
1737 2398 1803 2432 spe-

1061 2446 1150 2479 cifica
1168 2451 1199 2478 et
1215 2455 1372 2488 expressa,
1390 2455 1425 2477 ac
1443 2444 1480 2476 de
1498 2443 1593 2476 verbo
1607 2442 1645 2475 ad
1659 2442 1802 2482 verbum,

1060 2510 1124 2533 non
1148 2503 1251 2533 autem
1276 2509 1333 2542 per
1358 2498 1513 2531 clausulas
1539 2496 1702 2540 generales
1718 2495 1802 2528 idem

1062 2553 1276 2596 importantes,
1303 2551 1420 2584 mentio
1437 2561 1490 2583 seu
1515 2549 1642 2594 quaevis
1667 2549 1726 2581 alia
1750 2558 1802 2581 ex-

1060 2606 1180 2650 pressio
1200 2605 1343 2639 liabenda
1367 2610 1421 2638 aut
1439 2604 1543 2647 aliqua
1566 2603 1627 2636 alia
1651 2602 1804 2646 exquisita

1061 2661 1160 2694 forma
1193 2660 1231 2693 ad
1263 2660 1323 2694 boc-
1354 2658 1507 2693 servanda
1544 2658 1645 2699 soret,
1675 2657 1804 2690 illorum

1694 238 1758 274 259
1804 247 1985 277 An.c.1631
2025 294 2027 296 Ι

1826 951 1891 973 Alitei-
1901 951 1995 972 {urtican-

1811 979 1831 998 cti
1874 979 1994 1001 laenitatem

1811 1006 1872 1027 tollii.

1839 1434 1951 1457 Contraria
1964 1440 1998 1458 ro*

1813 1465 1890 1484 movet.
