2248 3229
172 206 220 233 An.
239 206 268 235 C.
287 207 351 235 1631

220 427 352 449 (natantium

171 452 280 480 derogatio

200 2078 339 2098 Prooemium.

402 199 466 233 2⁶20

370 262 405 289 ut
427 259 614 301 praefertur,
632 259 668 292 ad
686 260 915 303 praescriptum
933 259 1108 293 litterarum

370 312 612 354 apostolicarum
648 313 731 344 salva
763 317 794 345 et
824 313 942 346 illibata
976 324 1106 358 perma-

369 369 471 397 noant.

414 419 428 461 ,ξ
448 418 476 450 fr.
496 419 561 451 Non
579 418 774 451 obstantibus
788 419 1062 461 constitutionibus
1080 425 1110 453 et

369 471 617 504 ordinationibus
638 472 827 515 apostolicis,
845 474 936 505 ctiam
955 474 985 505 in
1009 474 1110 507 conci-

368 524 417 556 liis
442 524 641 566 generalibus
662 525 762 565 editis,
783 536 819 558 ac
837 537 1108 570 quarumcumque

368 577 581 619 ecclesiarum,
595 578 871 619 monasteriorum,
881 579 1107 613 beneficiorum

368 635 397 662 et
414 630 557 663 locorum
582 631 718 673 piorum,
737 642 772 664 ac
789 632 953 673 Ordinum,
972 644 1108 676 quorum

366 683 542 726 respective
566 684 692 724 fuerint,
713 685 805 718 etiam
831 686 1018 728 iuramento,
1039 698 1109 720 con-

366 736 545 769 firmatione
566 738 748 780 apostoliea,
767 740 814 772 vel
832 740 940 783 quavis
960 740 1108 774 firmitate

367 789 428 822 alia
445 790 611 833 roboratis,
634 792 755 826 statutis
773 797 802 825 et
819 793 1107 834 consuetudinibus,

366 842 540 885 privilegiis
558 855 694 887 quoque,
712 845 841 879 indultis
859 851 888 879 et
905 846 1017 879 litteris
1035 858 1108 891 apo-

366 896 484 930 stolicis
502 898 533 929 in
552 899 746 932 contrarium
764 901 1011 943 praemissorum
1030 912 1108 944 quo-

367 950 540 983 modolibet
564 952 730 994 concessis,
749 954 942 986 confirmatis
962 958 992 986 et
1012 953 1105 986 inno-

367 1002 461 1043 vatis;
483 1004 598 1047 quibus
623 1005 770 1038 omnibus
790 1011 820 1038 et
839 1006 980 1049 singulis,
998 1017 1107 1039 eorum

367 1055 507 1089 omnium
524 1062 648 1090 tenores
665 1058 882 1101 praesentibus
896 1070 954 1102 pro
972 1060 1062 1102 plene
1079 1064 1108 1091 et

367 1109 558 1143 sufficienter
582 1111 739 1154 expressis
763 1123 799 1144 ac
824 1112 879 1144 ad'
904 1112 1035 1144 verbum
1061 1112 1107 1144 in-

367 1162 459 1194 sertis
485 1162 644 1205 habentes,
671 1164 732 1196 illis
756 1164 831 1196 alias
855 1165 887 1196 in
912 1175 968 1197 suo
992 1165 1107 1198 robore

367 1216 594 1257 permansuris,
616 1216 674 1249 hac
694 1216 761 1249 vice
785 1217 947 1249 dumtaxat
967 1218 1108 1261 speciali-

363 1273 413 1317 ter
430 1272 459 1301 et
471 1279 617 1312 expresse
631 1270 819 1313 derogamus
828 1281 836 1311 ;
851 1271 1026 1315 ceterisque
1037 1282 1108 1305 con-

367 1321 471 1354 trariis
490 1323 752 1367 quibusmimque.

410 1375 521 1408 Datum
535 1377 662 1418 Romae,
675 1378 757 1422 apud
774 1378 802 1412 S.
821 1379 959 1419 Petrum,
978 1379 1036 1412 sub
1053 1389 1107 1412 an-

367 1430 442 1462 nulo
460 1430 645 1473 Piscatoris,
663 1432 713 1465 die
737 1442 768 1465 ix
797 1433 907 1476 aprilis
941 1443 1084 1466 iincxxxl
1099 1460 1106 1474 ,

366 1483 567 1526 pontificatus
599 1486 700 1518 nostri
724 1496 806 1519 anno
831 1496 897 1520 vin.

403 1546 462 1574 Dat·
479 1546 521 1574 die
535 1547 551 1574 9
567 1548 658 1583 aprilis
675 1548 752 1583 1631,
773 1549 867 1584 pontif.
884 1557 954 1577 auno
970 1556 1027 1576 vm.

641 1664 834 1698 CCCXCVIII.

371 1735 462 1774 Quod
488 1735 565 1768 [αἰεί
579 1737 715 1779 professi
735 1736 869 1770 Ordinis
889 1736 1107 1779 Cappucciizo-

412 1799 487 1820 rum
502 1789 697 1831 praecedant
721 1790 851 1821 elericos
876 1789 1011 1821 novitios
1029 1799 1108 1821 non-

413 1841 492 1873 dum
516 1843 670 1884 professos
694 1844 730 1874 sn
754 1843 902 1874 omnibus
929 1843 1016 1882 loci&
1042 1847 1109 1875 lunt

411 1894 552 1937 publicis
576 1906 676 1938 quam
698 1896 838 1938 privatis
851 1894 870 1928 ⁹.

573 1967 708 1994 Urbanus
730 1968 806 2000 Papa
826 1967 904 1999 VIII,

515 2013 550 2037 ad
571 2011 704 2038 futuram
726 2014 770 2038 rei
790 2012 970 2038 memoriam.

414 2073 539 2115 Nuper,
564 2083 621 2115 pro
647 2078 736 2116 parte
761 2073 945 2106 dilectorum
972 2073 1127 2105 liliorum*

372 2126 555 2169 Hieronymi
594 2127 773 2158 Narniensis
810 2127 917 2159 vicarii
954 2126 1109 2168 gem-ralis

372 2191 407 2212 ae
432 2180 588 2212 Francisci
615 2180 786 2213 Genueusis
814 2180 1027 2223 procuratoris
1059 2191 1110 2222 ge-

373 2233 486 2265 neralis
519 2233 643 2266 Ordinis
671 2234 802 2265 fratrum
832 2234 986 2265 Minorem
1013 2233 1107 2265 saneti

409 2350 419 2375 'l
439 2348 508 2375 Edit.
527 2348 603 2375 Mnin.
621 2349 684 2384 legit
702 2349 730 2375 in
745 2351 781 2377 (11.
799 2349 845 2381 T.).

408 2393 423 2419 ⁶2
439 2394 478 2419 De
500 2398 553 2420 tota
576 2394 688 2420 istorum
709 2394 821 2420 fratrum
843 2394 984 2428 Religione
1004 2394 1063 2420 vide
1083 2394 1109 2420 in
1126 2409 1128 2417 ι

373 2437 515 2464 Constitut.
537 2445 600 2464 xx1v
620 2438 691 2464 (ilem
725 2438 777 2467 Vll,
796 2438 965 2471 Religyi'oais,
988 2442 1051 2465 tom.
1073 2446 1110 2472 vn,

375 2490 434 2515 pag.
457 2483 511 2508 ¹13.
526 2482 661 2509 innovatio
673 2483 894 2508 tlonstitulionum
911 2482 1110 2517 prohibentium

375 2524 496 2551 habitum
518 2527 747 2562 tappuccinormn
768 2527 866 2553 deferri
888 2528 921 2553 ab
942 2528 1000 2554 aliis
1026 2528 1111 2562 Regu-

956 213 1135 238 nULLARIUM
1161 213 1315 238 ROMANUM

375 2568 479 2595 laribus
500 2570 567 2596 facta
592 2571 642 2597 fuit
667 2580 681 2598 a
705 2572 834 2606 Gregorio
855 2572 897 2598 XV
919 2572 1030 2598 constit.
1052 2579 1112 2598 XLVI

375 2614 426 2648 (cil.
443 2614 497 2649 45),
514 2615 561 2641 Er
577 2616 715 2649 iniuncto,
732 2620 798 2643 tom.
814 2623 861 2650 xn,
878 2624 939 2651 pag.
957 2616 1018 2643 (547.

1897 218 1945 246 lln.
1962 218 1993 246 C.
2014 217 2077 246 1631

1144 262 1301 294 Francisci
1325 262 1594 306 Cappuccinorum
1615 269 1882 310 nuncupatorum,

1144 315 1319 358 expositum
1345 315 1412 357 suit,
1437 316 1520 359 quod
1541 327 1559 349 a
1574 319 1806 353 venerabilibus
1823 320 1883 352 fra-

1145 367 1243 401 tribus
1269 369 1384 402 nostris
1409 374 1532 403 sanctae
1549 370 1706 404 Romanae
1725 372 1882 406 Ecclesiae

1144 422 1365 463 cardinalibus,
1390 423 1524 465 negotiis
1538 424 1731 467 regularium
1751 436 1882 470 praepo-

1144 475 1224 516 sitis,
1251 475 1406 508 emanavit
1438 476 1598 511 decretum
1630 477 1746 511 tenoris
1774 479 1882 512 subse-

1144 528 1277 571 quentis,
1303 529 1460 562 videlicet:

1188 583 1278 616 Pater
1297 583 1394 615 frater
1411 583 1618 629 Hieronymus
1638 584 1819 618 Narniensis
1837 585 1881 618 vi-
1922 598 2007 620 renuo.

1144 635 1246 668 carius
1264 637 1419 678 generalis
1435 636 1559 670 Ordinis
1577 638 1710 670 fratrum
1724 638 1879 671 Minorum

1145 689 1241 721 sancti
1266 689 1423 722 Francisci
1441 689 1724 733 Cappuccinorum,
1741 701 1776 724 ac
1792 696 1881 735 pater

1144 742 1239 773 frater
1263 741 1449 775 Franciscus
1473 742 1647 776 Genuensis
1667 744 1808 776 eiusdem
1828 744 1882 778 Or-

1143 794 1223 826 dinis
1246 800 1435 838 procurator
1460 796 1615 838 generalis
1640 797 1816 840 supplicant
1837 807 1882 830 sa—

1143 858 1214 880 crae
1239 848 1476 891 congregationi
1499 859 1558 892 pro
1581 851 1759 893 opportuna
1783 849 1883 883 decla-

1143 902 1264 933 ratione
1289 901 1482 945 infrascripti
1507 902 1612 943 dubii,
1635 912 1739 946 nuper
1762 902 1801 935 ab
1826 903 1882 936 ali-

1143 953 1258 997 quibus
1283 954 1415 996 excitati,
1441 954 1601 988 videlicet:

1186 1008 1232 1039 An
1269 1007 1339 1040 laici
1374 1008 1507 1051 professi
1544 1008 1684 1042 eiusdem
1720 1010 1882 1054 religionis

1142 1060 1262 1103 possint
1286 1070 1322 1093 ac
1346 1060 1488 1103 debeant,
1507 1061 1588 1094 inter
1608 1063 1790 1104 sedendum,
1812 1075 1883 1097 eun-

1142 1114 1228 1154 dum,
1245 1119 1338 1158 atquc
1356 1114 1386 1146 in
1404 1115 1550 1148 omnibus
1575 1116 1663 1157 locis,
1681 1121 1710 1150 et
1729 1117 1761 1150 in
1784 1117 1883 1161 publi-

1142 1167 1186 1199 cis
1203 1178 1239 1200 ac
1254 1167 1384 1210 privatis
1407 1168 1592 1208 actionibus,
1611 1180 1736 1213 semper
1760 1174 1790 1204 et
1813 1170 1882 1203 ubi-

1141 1230 1202 1263 que
1220 1220 1409 1263 praecedere
1424 1221 1546 1254 clericis
1561 1223 1700 1255 nondum
1718 1224 1881 1266 professis:

1185 1274 1280 1306 Sacra
1312 1274 1515 1316 congregatio
1545 1275 1750 1309 cardinalium
1778 1287 1879 1319 nego-

1142 1326 1192 1359 tiis
1216 1326 1410 1369 regularium
1431 1328 1612 1371 praeposita
1632 1329 1762 1369 censuit,
1786 1330 1883 1363 laicos

1142 1380 1301 1424 professos
1313 1378 1434 1424 ‘utique
1454 1391 1545 1424 posse
1562 1392 1598 1414 ac
1609 1381 1731 1415 debere
1745 1383 1882 1425 novitiis,

1142 1433 1235 1466 etiam
1260 1433 1393 1476 clericis,
1419 1433 1560 1467 nondum
1584 1434 1744 1478 professis,
1766 1435 1799 1468 in
1818 1446 1884 1468 om-

1141 1486 1234 1519 nibus
1257 1486 1335 1519 locis
1361 1491 1390 1519 et
1420 1487 1619 1528 actionibus,
1650 1493 1716 1520 tam
1748 1488 1882 1532 publicis

1142 1551 1234 1583 quam
1259 1540 1398 1584 privatiS,
1413 1546 1447 1573 ut
1464 1551 1567 1584 supra,
1586 1541 1617 1574 in
1634 1541 1716 1575 dicta
1729 1542 1883 1585 religione

1141 1593 1339 1636 praecedere.
1652 1596 1657 1601 '

1186 1648 1201 1689 5
1218 1647 1246 1679 sl.
1270 1647 1346 1680 Cum
1363 1650 1477 1687 autem,
1503 1647 1582 1680 sicut
1602 1647 1710 1681 eadem
1730 1648 1882 1692 expositio

1924 1022 1996 1044 Dubii.

1925 1287 2043 1308 Decretum.

1940 1658 2017 1679 Potitio
2032 1664 2080 1679 con-

1142 1700 1370 1742 subiungebat,
1397 1706 1586 1743 exponentes
1610 1701 1759 1744 praedicti
1784 1702 1882 1745 pluri·
1898 1686 2030 1706 ‘'sm‘umnff'

1143 1764 1229 1786 mum
1247 1754 1372 1797 cupiant
1389 1754 1549 1787 decretum
1566 1756 1806 1798 praeinsertum,
1824 1767 1882 1799 pro

1143 1807 1224 1839 illius
1242 1807 1398 1839 validitate
1414 1813 1444 1840 et
1457 1808 1656 1840 subsistentia
1677 1809 1881 1851 firmioribus,

1143 1861 1332 1902 apostolicae
1345 1866 1482 1893 'nostrae
1499 1862 1747 1895 confirmationis
1767 1863 1882 1896 robore

1143 1914 1331 1945 communiri
1347 1925 1353 1946 t

1187 1968 1202 2009 ᾗ
1224 1967 1252 1999 ι),
1275 1968 1345 2009 Nos,
1365 1967 1433 2000 illos
1456 1969 1643 2012 specialibus
1669 1969 1827 2002 favoribus
1852 1974 1881 2002 et
1897 1976 2080 2024 ἀεῖῚ-ξῆυᾚηυ-Ίῑῑξὲ

1143 2020 1251 2062 gratiis
1276 2021 1424 2063 prosequi
1452 2023 1599 2062 volentes,
1624 2027 1653 2054 et
1677 2033 1694 2054 a
1719 2023 1881 2067 quibusvis
1896 2010 1994 2051 rubrica·¹

1143 2075 1486 2115 excommunicationis,
1507 2076 1722 2118 suspensionis
1740 2082 1769 2109 et
1790 2077 1882 2110 inter-

1144 2127 1227 2169 dirti7
1242 2127 1372 2170 aliisque
1390 2128 1608 2161 ecclesiasticis
1626 2130 1798 2169 sententiis,
1814 2141 1883 2162 cen-

1143 2181 1224 2213 suris
1256 2187 1285 2213 et
1315 2181 1441 2223 poenis,
1467 2192 1483 2213 a
1508 2182 1576 2214 iure
1601 2183 1646 2214 vel
1673 2183 1710 2214 ab
1736 2183 1880 2223 bomine,

1143 2233 1252 2276 quavis
1277 2234 1439 2266 occasione
1458 2235 1504 2266 vel
1524 2237 1614 2267 eausa
1634 2235 1712 2275 latis,
1727 2236 1750 2267 si
1769 2236 1882 2278 quibus

1144 2287 1380 2329 quomodolilwt
1411 2287 1548 2320 innodati
1577 2289 1723 2327 existant,
1749 2289 1786 2321 ad
1811 2289 1883 2322 effe-

1144 2346 1227 2373 ctum
1254 2341 1464 2384 lia‘aestmtimn
1498 2342 1655 2375 dumtaxat
1689 2353 1882 2386 consequen-

1145 2394 1230 2433 dum,
1248 2395 1357 2426 harum
1377 2395 1456 2426 serie
1473 2395 1670 2427 absolventes
1680 2400 1710 2427 et
1723 2395 1882 2428 absolutos

1146 2448 1210 2479 fore
1235 2449 1413 2486 censentes,
1445 2448 1725 2491 supplicationibus
1754 2448 1881 2480 illorum

1146 2500 1270 2532 nomine
1296 2511 1391 2544 super
1411 2501 1470 2534 boc
1488 2502 1649 2534 humiliter
1667 2501 1820 2544 porrectis
1840 2501 1883 2533 in-

1146 2554 1259 2595 clinati,
1277 2554 1437 2587 decretum
1459 2555 1688 2598 praeinsertum
1706 2555 1880 2598 apostolica

1145 2608 1338 2648 auctoritate,
1363 2613 1471 2642 tenore
1491 2609 1712 2652 praesentium⁷
1730 2608 1880 2653 approba-
