2248 3229
208 209 300 239 An.c.
321 209 389 238 1632

241 590 334 620 Derogat
341 594 392 610 con-

207 619 285 638 trariis.

249 906 393 933 Transumptis

209 934 268 956 credi
283 935 348 954 iubet.

406 257 581 292 civitatibus
595 284 603 300 ,
627 257 771 302 oppidis,
796 256 888 290 terris
912 259 942 290 et
965 256 1043 289 locis
1068 266 1141 288 suae

405 311 612 345 iurisdictioni
632 309 813 343 huiusmodi
829 308 976 342 subiectis
994 309 1142 342 solemni-

406 369 453 398 ter
475 363 642 407 publicari,
667 372 703 395 ac
727 362 766 394 ab
791 361 938 395 omnibus
959 366 988 394 et
1012 361 1143 404 singulis

406 417 558 460 personis,
584 415 810 459 cuiuscumque
830 418 936 456 status,
954 413 1080 457 gradus,
1097 423 1145 447 or-

406 469 486 502 dinis
509 474 540 501 et
563 467 753 501 conditionis
784 467 1008 510 existentibus,
1032 467 1145 500 saciant

406 521 627 555 inviolabiliter
651 521 823 554 observari.

450 575 465 617 ξ
488 574 518 606 4.
543 574 612 607 Non
629 574 824 607 obstantibus
844 573 1034 618 apostolicis,
1052 574 1144 606 etiam

406 629 436 660 in
451 627 697 671 provincialibus
711 632 740 660 et
757 626 958 671 synodalibus
972 626 1066 660 etiam
1079 625 1146 659 uni-

406 681 579 715 versalibus
597 680 738 714 conciliis
756 680 845 713 editis
864 685 895 713 et
917 680 1055 720 edendis,
1073 690 1145 724 spe-

407 735 537 768 cialibus
561 734 608 767 vel
634 733 844 778 generalibus,
870 733 1145 768 constitutionibus

407 793 437 820 et
469 787 741 829 ordinationibus,
771 786 946 830 ceterisque
980 786 1146 820 contrariis

407 841 668 885 quibuscumque.
745 875 747 879 ,

452 895 467 938 ἕ
483 894 511 927 5.
530 895 680 928 Volumus
696 899 810 936 autem,
829 894 914 938 quod
933 893 1146 938 praesentium

408 948 622 992 transumptis,
648 958 703 981 seu
727 948 887 992 exemplis,
905 947 998 980 etiam
1016 948 1147 991 impres-

408 1001 460 1042 sis,
485 1011 580 1034 manu
596 1001 729 1035 alicuius
744 1001 858 1035 notarii
875 1000 994 1045 publici
1012 1000 1147 1034 subscri-

408 1055 479 1098 ptis,
496 1060 527 1087 et
543 1054 646 1097 sigillo
662 1064 815 1098 personae
834 1054 865 1086 in
883 1054 1034 1097 dignitate
1052 1054 1147 1087 cecle-

408 1108 533 1140 siastica
549 1108 734 1141 constitutae
756 1107 884 1140 munitis
898 1134 906 1148 ,
930 1107 1039 1140 eadem
1061 1117 1148 1150 pror-

408 1171 460 1193 sus
477 1160 555 1193 sides
571 1161 689 1204 ubique
707 1160 903 1202 adhibeatur,
929 1170 1009 1203 quae
1029 1160 1147 1192 eisdem

407 1213 625 1257 praesentibus
649 1213 864 1256 adhiberetur,
891 1213 915 1246 si
942 1214 1044 1247 t'orent
1060 1213 1148 1245 exbi-

407 1267 489 1300 bitae
514 1267 561 1299 vel
586 1272 738 1300 ostensae.

452 1319 467 1363 g
492 1319 521 1352 6.
542 1320 625 1353 Nulli
641 1330 717 1362 ergo
734 1319 863 1352 omnino
880 1318 1044 1352 hominum
1058 1318 1151 1351 liceat

408 1372 489 1405 lianc
513 1372 661 1416 paginam
685 1378 810 1405 nostrae
828 1371 1044 1412 absolutionis,
1062 1381 1150 1415 prae-

409 1425 500 1469 cepti,
525 1425 663 1458 mandati
677 1430 704 1458 et
719 1425 886 1458 voluntatis
901 1424 1083 1467 infringere,
1101 1424 1149 1457 vel

409 1479 436 1512 ei
462 1489 539 1512 ausu
563 1479 731 1513 temerario
755 1478 921 1512 contraire.
947 1478 978 1511 Si
1003 1478 1072 1522 quis
1096 1488 1150 1511 au-

409 1535 473 1562 tem
486 1530 545 1563 hoc
562 1534 714 1564 attentare
738 1529 993 1573 praesumpserit,
1011 1528 1152 1572 indigna-

410 1583 526 1616 tionem
541 1582 765 1627 omnipotentis
783 1583 837 1615 Dei
854 1593 890 1615 ac
913 1582 1078 1616 beatorum
1100 1582 1152 1614 Pe-

410 1633 450 1665 tri
475 1638 505 1665 et
528 1632 615 1665 Pauli
639 1632 855 1676 apostolorum
882 1631 949 1664 eius
973 1641 1006 1664 se
1029 1631 1152 1664 noverit

411 1685 622 1718 incursurum.

454 1738 568 1770 Datum
593 1738 720 1778 Romae,
745 1737 829 1781 apud
854 1737 882 1769 S.
900 1737 1046 1779 Petrum,
1070 1746 1151 1768 anno

412 1791 636 1825 Incarnationis
652 1791 832 1824 Dominicae
848 1799 1009 1829 nncxxxn,
1027 1799 1071 1822 ΧΠ
1096 1789 1152 1821 ka—

412 1843 520 1876 lendas
537 1843 657 1887 aprilis,
677 1843 877 1887 pontificatus
896 1842 995 1875 nostri
1013 1852 1094 1875 anno
1111 1852 1151 1875 lx.

450 1906 507 1933 Dat.
524 1906 567 1933 die
582 1906 612 1933 21
632 1906 723 1933 martii
740 1906 822 1940 1632,
844 1905 940 1940 pontif.
958 1912 1029 1932 anno
1045 1911 1081 1932 tx.

691 2083 882 2117 CDXXXVII.

417 2175 482 2209 Pia
499 2178 527 2207 et
549 2173 725 2217 pastoralis
751 2172 937 2205 adltorlatio
957 2171 999 2204 ad
1014 2171 1156 2215 patriar-

461 2227 549 2268 chas,
572 2225 829 2270 archiepiscopos
854 2229 881 2257 et
907 2224 1078 2268 episcopos,
1096 2223 1156 2255 cle-

461 2291 554 2321 rum,
581 2279 748 2323 reliqiosos
771 2279 872 2320 viros,
899 2288 936 2310 ac
960 2287 1068 2310 omnes
1093 2277 1154 2309 Ec-

463 2333 577 2366 etesiae
601 2332 778 2365 catholicae
798 2330 1032 2373 christifideles,
1057 2334 1093 2362 ut
1117 2330 1157 2362 ab

463 2385 676 2430 omnipo-tenti
708 2385 772 2418 Deo
801 2385 883 2428 fusis
911 2383 1057 2428 precibus
1086 2393 1159 2416 con-

465 2440 609 2474 cordiam
628 2440 713 2473 inler
735 2438 907 2472 catholicos
925 2438 1089 2481 principes
1114 2437 1160 2469 ob-

466 2495 590 2528 tineant
599 2494 618 2527 ¹.

460 2565 469 2591 1
489 2565 544 2592 Non
560 2565 708 2592 absimilem
723 2573 771 2600 pro
787 2567 850 2592 tune
866 2563 965 2591 exortis
979 2562 1097 2591 motibus
1116 2569 1159 2589 se-

424 2607 528 2642 dandis,
545 2609 635 2645 [edidit
657 2609 701 2636 hic
724 2608 794 2637 idem
817 2608 942 2636 Pontifex
966 2615 1035 2636 anno
1055 2612 1160 2634 nincxxv

980 207 1160 233 BULLARIUM
1183 207 1339 232 ROMANUM

1930 205 2022 233 An.C.
2045 203 2112 234 1632

1390 254 1524 282 Urbanus
1540 253 1618 289 Papa
1628 254 1704 288 vm,

1257 298 1449 326 Venerabiles
1469 299 1581 325 fratres
1602 302 1633 326 et
1652 299 1755 327 dilecti
1775 298 1841 333 filii,

1212 343 1342 370 salutem
1362 346 1394 370 et
1413 342 1610 377 apostolicam
1628 342 1878 371 benedictionem.

1224 414 1238 457 ξ
1262 413 1291 446 l.
1310 413 1455 446 Unanimi
1475 412 1647 446 catholicae
1666 412 1823 446 Ecclesiae
1847 423 1916 446 eon·
1952 424 2117 449 nocetcaiamt-

1931 452 2011 473 tatibus
2036 457 2117 477 impen-

1179 477 1272 500 sensu
1302 466 1369 500 sine
1399 466 1633 500 intermissione
1662 466 1729 499 susa
1757 466 1795 499 ad
1818 466 1915 499 Deum
1932 478 2117 508 deminueecae-

1179 520 1298 562 oratio,
1322 520 1507 564 praesertim
1537 530 1608 553 eum
1633 520 1736 563 ipsum
1761 519 1918 553 Ecclesiae
1932 503 2116 557 L‘Zsizmpw‘ssi'adeusi‘ff

1180 579 1273 617 caput
1304 573 1335 605 in
1370 573 1464 606 terris
1501 583 1519 606 a
1549 573 1682 606 Domino
1714 572 1918 606 constitutum
1933 558 1996 579 ⁰¹⁰¹*

1179 627 1373 671 praesidium
1403 637 1419 660 e
1444 627 1531 660 caelo
1555 627 1737 671 suppliciter
1760 626 1918 670 implorat,

1180 691 1273 725 quam
1301 681 1340 714 sit
1364 680 1472 714 efficax
1492 680 1667 714 remedium
1691 680 1919 714 calamitatibus

1180 734 1445 779 impendentibus,
1466 734 1556 768 docet
1572 744 1660 768 sacra
1678 733 1801 778 pagina.

1225 788 1240 831 ξ
1264 788 1294 820 9..
1320 788 1400 821 Ilinc
1423 797 1491 830 nos,
1516 787 1693 831 praeteritis
1710 787 1809 828 annis,
1826 796 1918 823 vene-

1180 841 1297 873 rabiles
1321 841 1447 883 fratres,
1473 851 1527 874 vos
1552 840 1715 874 universos
1739 840 1919 884 apostolicis

1181 893 1292 928 litteris
1313 894 1520 927 excitavimus
1537 894 1576 926 ad
1601 893 1838 937 congregandos
1854 903 1922 926 coe-

1182 952 1231 980 tus
1255 947 1407 988 fidelium,
1433 952 1463 980 et
1486 947 1670 991 placandam
1696 946 1775 980 iram
1799 946 1921 979 divinae

1182 1000 1327 1043 ultionis,
1354 1000 1428 1033 dum
1459 1000 1669 1043 legationibus
1698 1005 1860 1034 uteremur
1883 999 1921 1031 ad

1182 1054 1336 1087 sedandos
1360 1060 1433 1087 tune
1458 1059 1582 1088 exortos
1607 1059 1727 1094 motus,
1753 1054 1805 1098 qui
1840 1053 1923 1086 cliri-

1183 1108 1317 1141 stianum
1338 1108 1447 1141 orbem
1466 1118 1667 1152 summopere
1685 1108 1814 1140 turbare
1830 1117 1922 1151 posse

1183 1160 1378 1201 videbantur,
1403 1161 1638 1205 catholicosque
1658 1161 1818 1204 principes
1843 1160 1923 1192 inter

1184 1224 1216 1246 se
1241 1214 1448 1247 committere.

1229 1267 1243 1309 g
1260 1267 1289 1299 3.
1306 1267 1396 1300 Nunc
1414 1272 1518 1300 autem
1539 1267 1716 1310 praesentia
1733 1267 1779 1300 rei
1796 1266 1923 1299 catholi-

1184 1330 1237 1353 cae
1254 1319 1394 1363 pericula
1419 1320 1586 1353 hortantur
1601 1330 1662 1353 nosv
1678 1319 1715 1352 ad
1730 1319 1870 1352 eamdem
1889 1330 1922 1351 o-

1183 1383 1255 1416 pem
1279 1373 1346 1416 pari
1371 1372 1491 1406 ratione
1516 1372 1726 1416 quaerendam
1752 1372 1782 1404 in
1807 1371 1925 1404 eisdem

1184 1427 1381 1470 principibus
1406 1427 1585 1460 animorum
1606 1426 1859 1460 coniunctionem
1883 1425 1927 1457 in-

1185 1490 1290 1513 serere
1315 1484 1502 1523 satagentes.
1524 1480 1630 1523 Itaque
1655 1479 1692 1512 ad
1717 1479 1840 1512 Patrem
1866 1478 1926 1511 mi-

1185 1533 1431 1566 sericordiarum
1463 1533 1562 1566 Deum
1597 1542 1669 1566 cum
1700 1532 1816 1565 fiducia
1845 1541 1924 1564 con-

1184 1585 1334 1628 fugimus,
1355 1591 1473 1619 stamus
1497 1586 1535 1618 ad
1561 1585 1676 1618 ostium
1701 1590 1730 1617 et
1754 1584 1926 1627 pulsamus,

1186 1643 1228 1679 ut,
1253 1638 1306 1681 qui
1332 1648 1365 1671 se
1397 1648 1415 1670 a
1446 1638 1572 1670 famulis
1597 1637 1661 1670 suis
1686 1636 1770 1670 orari
1794 1635 1926 1678 gaudet,

1186 1696 1293 1735 optato
1313 1701 1370 1724 nos
1391 1691 1516 1724 tandem
1541 1690 1624 1724 dono
1648 1689 1795 1734 publicae
1813 1688 1927 1733 quietis

1187 1745 1377 1777 consoletur.

1961 796 1990 817 Ad
2006 796 2045 817 hoc
2057 797 2117 817 anuis

1935 824 2010 849 elapsis
2020 824 2119 844 excitavit

1935 856 1973 876 pro
2019 849 2119 870 sedandis

1935 880 1983 897 tunc
1992 876 2068 897 exortis
2077 881 2119 896 mo-

1936 903 1997 924 tibus.

1975 1274 2001 1294 Et
2015 1279 2069 1294 nunc
2084 1279 2121 1299 pro

1939 1302 2039 1327 perieulis
2047 1301 2077 1321 rei
2087 1306 2123 1320 ca-

1940 1327 2030 1347 tholicae
2063 1332 2122 1346 aver-

1940 1353 2008 1374 tendis
2023 1352 2078 1374 idem
2087 1358 2123 1374 sa-

1941 1380 1999 1407 tagit.

1982 1803 2008 1824 Et
2023 1803 2126 1825 solemnes

1231 1798 1245 1840 g
1269 1797 1298 1829 4.
1324 1797 1537 1836 Quamobrem
1562 1795 1713 1839 expedire
1738 1794 1928 1828 existimavi·
1943 1830 2029 1851 iubilant
2049 1831 2128 1856 suppu-

1943 1858 2037 1877 cationes
2073 1857 2126 1877 indi-

1187 1861 1257 1884 mus
1282 1851 1437 1884 solemnes
1462 1849 1588 1883 iubilaei
1613 1849 1858 1893 supplicationes
1881 1847 1928 1880 in-
1944 1883 2101 1904 mmmmm

1188 1904 1302 1944 dicere,
1316 1910 1350 1936 ut
1363 1903 1527 1936 nobiscum
1542 1902 1680 1935 Ecclesia
1697 1901 1842 1934 universa
1858 1910 1930 1934 con—
1961 1924 1964 1927 -
2102 1898 2107 1903 '

1189 1958 1297 2000 iungat
1313 1957 1416 1990 officia
1432 1957 1566 2001 pietatis,
1584 1955 1700 2000 quibus
1716 1965 1810 1999 super
1823 1955 1930 1987 huma-

1189 2020 1260 2043 nam
1286 2010 1439 2043 malitiam
1459 2008 1658 2053 praestabilis
1677 2008 1781 2041 divina
1796 2007 1928 2047 bonitas,

1189 2063 1274 2107 quod
1292 2074 1327 2097 ex
1346 2063 1451 2096 animo
1469 2066 1499 2096 et
1516 2062 1603 2095 omni
1623 2066 1765 2105 tempore
1782 2061 1929 2105 petimus,

1190 2116 1404 2160 multiplicatis
1415 2114 1675 2148 intercessoribus
1688 2114 1850 2157 largiatur.
1867 2113 1931 2146 Pla-

1190 2179 1229 2202 ne
1247 2170 1272 2202 si
1288 2169 1393 2202 audita
1409 2173 1479 2201 vota
1496 2173 1603 2201 nostra
1618 2167 1748 2200 fuissent
1764 2171 1794 2200 et
1808 2177 1928 2211 preces,

1192 2233 1318 2255 sumere
1342 2232 1506 2265 possemus
1531 2222 1643 2255 stolam
1676 2220 1876 2254 iucunditatis
1900 2225 1930 2251 et

1192 2275 1343 2318 gratulari
1377 2285 1486 2319 pacem
1521 2274 1718 2318 principibus
1753 2272 1925 2311 catliolich.

1192 2329 1431 2361 Perseverantes
1456 2332 1579 2367 tamen,
1604 2331 1755 2370 quantum
1780 2325 1811 2358 in
1839 2324 1930 2357 nobis

1193 2386 1248 2423 cst,
1274 2381 1379 2414 omnia
1404 2384 1610 2424 praestamus,
1627 2389 1706 2423 quae
1723 2378 1761 2411 ad
1781 2378 1927 2411 obtinen-

1193 2435 1263 2467 dam
1284 2434 1542 2477 tranquillitatem
1567 2438 1597 2466 et
1621 2431 1868 2465 incolumitatem
1886 2441 1931 2463 re-

1194 2488 1317 2531 ligionis
1335 2488 1507 2522 catholicae
1524 2488 1667 2522 conferre
1684 2495 1856 2520 censemus.

1193 2568 1274 2595 quam
1295 2559 1379 2588 habes
1399 2560 1491 2597 Const.
1508 2565 1608 2586 cxxviii
1624 2558 1676 2594 (al.
1689 2557 1760 2593 116),
1779 2556 1930 2592 Tonilrua,

1195 2608 1260 2633 toni.
1278 2610 1334 2640 xm,
1350 2612 1411 2639 pag.
1428 2603 1489 2631 305.
