<?xml version="1.0" encoding="UTF-8"?>
<!DOCTYPE html PUBLIC "-//W3C//DTD XHTML 1.0 Transitional//EN"
    "http://www.w3.org/TR/xhtml1/DTD/xhtml1-transitional.dtd">
<html xmlns="http://www.w3.org/1999/xhtml" xml:lang="en" lang="en">
 <head>
  <title>
</title>
<meta http-equiv="Content-Type" content="text/html;charset=utf-8" />
  <meta name='ocr-system' content='tesseract 3.04.00' />
  <meta name='ocr-capabilities' content='ocr_page ocr_carea ocr_par ocr_line ocrx_word'/>
</head>
<body>
  <div class='ocr_page' id='page_1' title='image "./bullarumdiplomat14cath_0185.png"; bbox 0 0 2226 3235; ppageno 0'>
   <div class='ocr_carea' id='block_1_1' title="bbox 96 228 281 257">
    <p class='ocr_par' dir='ltr' id='par_1_1' title="bbox 96 228 281 257">
     <span class='ocr_line' id='line_1_1' title="bbox 96 228 281 257; baseline 0.011 -2"><span class='ocrx_word' id='word_1_1' title='bbox 96 229 148 256; x_wconf 75' lang='lat' dir='ltr'>Au.</span> <span class='ocrx_word' id='word_1_2' title='bbox 165 229 195 257; x_wconf 89' lang='lat' dir='ltr'>C.</span> <span class='ocrx_word' id='word_1_3' title='bbox 213 228 281 257; x_wconf 78' lang='lat'><strong>1630</strong></span> 
     </span>
    </p>
   </div>
   <div class='ocr_carea' id='block_1_2' title="bbox 905 233 1200 257">
    <p class='ocr_par' dir='ltr' id='par_1_2' title="bbox 905 233 1200 257">
     <span class='ocr_line' id='line_1_2' title="bbox 905 233 1200 257; baseline 0 0"><span class='ocrx_word' id='word_1_4' title='bbox 905 233 1048 257; x_wconf 74' lang='lat' dir='ltr'><strong>URBANUS</strong></span> <span class='ocrx_word' id='word_1_5' title='bbox 1071 233 1129 257; x_wconf 84' lang='lat' dir='ltr'>vttt</span> <span class='ocrx_word' id='word_1_6' title='bbox 1152 234 1200 257; x_wconf 68' lang='lat'>1³1³.</span> 
     </span>
    </p>
   </div>
   <div class='ocr_carea' id='block_1_3' title="bbox 297 277 1812 324">
    <p class='ocr_par' dir='ltr' id='par_1_3' title="bbox 297 277 1812 324">
     <span class='ocr_line' id='line_1_3' title="bbox 297 277 1812 324; baseline 0.005 -15"><span class='ocrx_word' id='word_1_7' title='bbox 297 277 469 310; x_wconf 87' lang='lat' dir='ltr'>maioribus</span> <span class='ocrx_word' id='word_1_8' title='bbox 504 278 568 310; x_wconf 86' lang='lat' dir='ltr'>suis</span> <span class='ocrx_word' id='word_1_9' title='bbox 605 278 875 313; x_wconf 64' lang='lat' dir='ltr'>christianissimis</span> <span class='ocrx_word' id='word_1_10' title='bbox 911 281 1038 324; x_wconf 74' lang='lat' dir='ltr'>regibus</span> <span class='ocrx_word' id='word_1_11' title='bbox 1073 282 1160 321; x_wconf 64' lang='lat' dir='ltr'>valle,</span> <span class='ocrx_word' id='word_1_12' title='bbox 1187 286 1247 315; x_wconf 86' lang='lat' dir='ltr'>tam</span> <span class='ocrx_word' id='word_1_13' title='bbox 1274 281 1303 314; x_wconf 92' lang='lat' dir='ltr'>in</span> <span class='ocrx_word' id='word_1_14' title='bbox 1328 281 1366 314; x_wconf 88' lang='lat' dir='ltr'>de</span> <span class='ocrx_word' id='word_1_15' title='bbox 1390 281 1580 315; x_wconf 80' lang='lat' dir='ltr'>Fenestrelle</span> <span class='ocrx_word' id='word_1_16' title='bbox 1605 288 1631 315; x_wconf 89' lang='lat' dir='ltr'>et</span> <span class='ocrx_word' id='word_1_17' title='bbox 1660 283 1812 321; x_wconf 64' lang='lat' dir='ltr'>l&#39;sseaux‘,</span> 
     </span>
    </p>
   </div>
   <div class='ocr_carea' id='block_1_4' title="bbox 297 331 1044 2034">
    <p class='ocr_par' dir='ltr' id='par_1_4' title="bbox 297 331 1044 2034">
     <span class='ocr_line' id='line_1_4' title="bbox 298 331 1036 378; baseline 0.005 -15"><span class='ocrx_word' id='word_1_18' title='bbox 298 331 384 374; x_wconf 83' lang='lat' dir='ltr'>quasi</span> <span class='ocrx_word' id='word_1_19' title='bbox 410 331 620 365; x_wconf 86' lang='lat' dir='ltr'>haereditario</span> <span class='ocrx_word' id='word_1_20' title='bbox 646 333 712 366; x_wconf 88' lang='lat' dir='ltr'>iure</span> <span class='ocrx_word' id='word_1_21' title='bbox 738 337 866 378; x_wconf 69' lang='lat' dir='ltr'>accepta</span> <span class='ocrx_word' id='word_1_22' title='bbox 888 335 919 367; x_wconf 91' lang='lat' dir='ltr'>in</span> <span class='ocrx_word' id='word_1_23' title='bbox 940 335 1036 368; x_wconf 86' lang='lat' dir='ltr'>Deum</span> 
     </span>
     <span class='ocr_line' id='line_1_5' title="bbox 297 385 1037 430; baseline 0.007 -13"><span class='ocrx_word' id='word_1_24' title='bbox 297 385 420 429; x_wconf 84' lang='lat' dir='ltr'>pictate,</span> <span class='ocrx_word' id='word_1_25' title='bbox 431 396 552 419; x_wconf 88' lang='lat' dir='ltr'>necnon</span> <span class='ocrx_word' id='word_1_26' title='bbox 568 387 738 420; x_wconf 86' lang='lat' dir='ltr'>catholicae</span> <span class='ocrx_word' id='word_1_27' title='bbox 752 388 914 430; x_wconf 69' lang='lat' dir='ltr'>religionis</span> <span class='ocrx_word' id='word_1_28' title='bbox 925 389 1037 429; x_wconf 72' lang='lat' dir='ltr'>studio,</span> 
     </span>
     <span class='ocr_line' id='line_1_6' title="bbox 298 438 1036 483; baseline 0.005 -13"><span class='ocrx_word' id='word_1_29' title='bbox 298 438 435 471; x_wconf 86' lang='lat' dir='ltr'>ciusdem</span> <span class='ocrx_word' id='word_1_30' title='bbox 470 440 641 473; x_wconf 80' lang='lat' dir='ltr'>catholicae</span> <span class='ocrx_word' id='word_1_31' title='bbox 667 441 828 483; x_wconf 70' lang='lat' dir='ltr'>religionis</span> <span class='ocrx_word' id='word_1_32' title='bbox 853 442 1036 475; x_wconf 75' lang='lat' dir='ltr'>exercitium</span> 
     </span>
     <span class='ocr_line' id='line_1_7' title="bbox 298 492 1038 537; baseline 0.004 -14"><span class='ocrx_word' id='word_1_33' title='bbox 298 492 418 524; x_wconf 88' lang='lat' dir='ltr'>restitui</span> <span class='ocrx_word' id='word_1_34' title='bbox 440 498 566 525; x_wconf 87' lang='lat' dir='ltr'>curaret</span> <span class='ocrx_word' id='word_1_35' title='bbox 590 494 620 525; x_wconf 91' lang='lat' dir='ltr'>in</span> <span class='ocrx_word' id='word_1_36' title='bbox 646 494 723 526; x_wconf 79' lang='lat' dir='ltr'>valle</span> <span class='ocrx_word' id='word_1_37' title='bbox 750 495 909 537; x_wconf 78' lang='lat' dir='ltr'>Pragellae</span> <span class='ocrx_word' id='word_1_38' title='bbox 932 495 1038 528; x_wconf 83' lang='lat' dir='ltr'>Tauri-</span> 
     </span>
     <span class='ocr_line' id='line_1_8' title="bbox 298 545 1036 590; baseline 0.005 -14"><span class='ocrx_word' id='word_1_39' title='bbox 298 545 403 577; x_wconf 88' lang='lat' dir='ltr'>nensis</span> <span class='ocrx_word' id='word_1_40' title='bbox 431 545 603 587; x_wconf 84' lang='lat' dir='ltr'>dioecesis,</span> <span class='ocrx_word' id='word_1_41' title='bbox 629 557 708 590; x_wconf 84' lang='lat' dir='ltr'>quae</span> <span class='ocrx_word' id='word_1_42' title='bbox 735 548 772 579; x_wconf 84' lang='lat' dir='ltr'>ab</span> <span class='ocrx_word' id='word_1_43' title='bbox 801 559 882 581; x_wconf 92' lang='lat' dir='ltr'>anno</span> <span class='ocrx_word' id='word_1_44' title='bbox 910 558 1036 582; x_wconf 61' lang='lat' dir='ltr'>nexuit</span> 
     </span>
     <span class='ocr_line' id='line_1_9' title="bbox 298 598 1037 642; baseline 0.008 -13"><span class='ocrx_word' id='word_1_45' title='bbox 298 598 493 631; x_wconf 72' lang='lat' dir='ltr'>diversarum</span> <span class='ocrx_word' id='word_1_46' title='bbox 518 600 683 632; x_wconf 72' lang='lat' dir='ltr'>haeresum</span> <span class='ocrx_word' id='word_1_47' title='bbox 706 601 774 633; x_wconf 89' lang='lat' dir='ltr'>labe</span> <span class='ocrx_word' id='word_1_48' title='bbox 795 601 907 635; x_wconf 86' lang='lat' dir='ltr'>infecta</span> <span class='ocrx_word' id='word_1_49' title='bbox 927 602 1037 642; x_wconf 82' lang='lat' dir='ltr'>fuerat,</span> 
     </span>
     <span class='ocr_line' id='line_1_10' title="bbox 298 651 1039 695; baseline 0.007 -13"><span class='ocrx_word' id='word_1_50' title='bbox 298 656 327 683; x_wconf 75' lang='lat' dir='ltr'>ct</span> <span class='ocrx_word' id='word_1_51' title='bbox 344 651 449 695; x_wconf 83' lang='lat' dir='ltr'>inqua</span> <span class='ocrx_word' id='word_1_52' title='bbox 469 652 541 684; x_wconf 86' lang='lat' dir='ltr'>lieet</span> <span class='ocrx_word' id='word_1_53' title='bbox 561 653 722 695; x_wconf 69' lang='lat' dir='ltr'>religionis</span> <span class='ocrx_word' id='word_1_54' title='bbox 739 655 910 687; x_wconf 87' lang='lat' dir='ltr'>catholicae</span> <span class='ocrx_word' id='word_1_55' title='bbox 927 665 1002 688; x_wconf 85' lang='lat' dir='ltr'>usus</span> <span class='ocrx_word' id='word_1_56' title='bbox 1022 665 1039 687; x_wconf 88' lang='lat' dir='ltr'>a</span> 
     </span>
     <span class='ocr_line' id='line_1_11' title="bbox 299 705 1038 741; baseline 0.005 -5"><span class='ocrx_word' id='word_1_57' title='bbox 299 705 400 737; x_wconf 79' lang='lat' dir='ltr'>clarae</span> <span class='ocrx_word' id='word_1_58' title='bbox 417 706 589 739; x_wconf 74' lang='lat' dir='ltr'>memoriae</span> <span class='ocrx_word' id='word_1_59' title='bbox 608 707 763 740; x_wconf 70' lang='lat' dir='ltr'>Luam-ico</span> <span class='ocrx_word' id='word_1_60' title='bbox 784 708 836 740; x_wconf 76' lang='lat' dir='ltr'>Xll</span> <span class='ocrx_word' id='word_1_61' title='bbox 855 707 1038 741; x_wconf 89' lang='lat' dir='ltr'>eorumdem</span> 
     </span>
     <span class='ocr_line' id='line_1_12' title="bbox 299 758 1039 801; baseline 0.004 -11"><span class='ocrx_word' id='word_1_62' title='bbox 299 758 494 791; x_wconf 79' lang='lat' dir='ltr'>Francorum</span> <span class='ocrx_word' id='word_1_63' title='bbox 526 759 623 801; x_wconf 69' lang='lat' dir='ltr'>rege¹</span> <span class='ocrx_word' id='word_1_64' title='bbox 654 760 684 792; x_wconf 90' lang='lat' dir='ltr'>in</span> <span class='ocrx_word' id='word_1_65' title='bbox 714 761 831 793; x_wconf 89' lang='lat' dir='ltr'>ltaliam</span> <span class='ocrx_word' id='word_1_66' title='bbox 859 766 1039 793; x_wconf 82' lang='lat' dir='ltr'>transeunte</span> 
     </span>
     <span class='ocr_line' id='line_1_13' title="bbox 298 812 1040 855; baseline 0.004 -11"><span class='ocrx_word' id='word_1_67' title='bbox 298 812 460 845; x_wconf 82' lang='lat' dir='ltr'>restitutus</span> <span class='ocrx_word' id='word_1_68' title='bbox 481 813 597 855; x_wconf 85' lang='lat' dir='ltr'>fuisset,</span> <span class='ocrx_word' id='word_1_69' title='bbox 624 815 662 846; x_wconf 90' lang='lat' dir='ltr'>ab</span> <span class='ocrx_word' id='word_1_70' title='bbox 687 817 723 847; x_wconf 66' lang='lat' dir='ltr'>ea</span> <span class='ocrx_word' id='word_1_71' title='bbox 748 820 850 848; x_wconf 90' lang='lat' dir='ltr'>tamen</span> <span class='ocrx_word' id='word_1_72' title='bbox 877 814 1040 847; x_wconf 80' lang='lat' dir='ltr'>saevienti-</span> 
     </span>
     <span class='ocr_line' id='line_1_14' title="bbox 298 865 1040 912; baseline 0.005 -15"><span class='ocrx_word' id='word_1_73' title='bbox 298 865 356 898; x_wconf 86' lang='lat' dir='ltr'>bus</span> <span class='ocrx_word' id='word_1_74' title='bbox 381 867 580 910; x_wconf 84' lang='lat' dir='ltr'>postmodum</span> <span class='ocrx_word' id='word_1_75' title='bbox 603 878 659 911; x_wconf 87' lang='lat' dir='ltr'>per</span> <span class='ocrx_word' id='word_1_76' title='bbox 677 868 744 900; x_wconf 91' lang='lat' dir='ltr'>illas</span> <span class='ocrx_word' id='word_1_77' title='bbox 762 874 866 912; x_wconf 89' lang='lat' dir='ltr'>partes</span> <span class='ocrx_word' id='word_1_78' title='bbox 884 868 974 901; x_wconf 91' lang='lat' dir='ltr'>bellis</span> <span class='ocrx_word' id='word_1_79' title='bbox 998 868 1040 901; x_wconf 88' lang='lat' dir='ltr'>ita</span> 
     </span>
     <span class='ocr_line' id='line_1_15' title="bbox 299 920 1039 965; baseline 0.003 -13"><span class='ocrx_word' id='word_1_80' title='bbox 299 920 522 954; x_wconf 80' lang='lat' dir='ltr'>exterminatus</span> <span class='ocrx_word' id='word_1_81' title='bbox 546 921 655 963; x_wconf 85' lang='lat' dir='ltr'>suerat⁷</span> <span class='ocrx_word' id='word_1_82' title='bbox 681 927 711 954; x_wconf 91' lang='lat' dir='ltr'>ut</span> <span class='ocrx_word' id='word_1_83' title='bbox 733 931 790 954; x_wconf 88' lang='lat' dir='ltr'>nec</span> <span class='ocrx_word' id='word_1_84' title='bbox 810 921 1039 965; x_wconf 86' lang='lat' dir='ltr'>archiepiscopi</span> 
     </span>
     <span class='ocr_line' id='line_1_16' title="bbox 299 973 1040 1018; baseline 0.004 -14"><span class='ocrx_word' id='word_1_85' title='bbox 299 973 517 1014; x_wconf 76' lang='lat' dir='ltr'>&#39;I&#39;aurinenses,</span> <span class='ocrx_word' id='word_1_86' title='bbox 534 985 590 1007; x_wconf 87' lang='lat' dir='ltr'>nec</span> <span class='ocrx_word' id='word_1_87' title='bbox 611 975 781 1018; x_wconf 77' lang='lat' dir='ltr'>praepositi</span> <span class='ocrx_word' id='word_1_88' title='bbox 800 975 980 1008; x_wconf 89' lang='lat' dir='ltr'>monasterii</span> <span class='ocrx_word' id='word_1_89' title='bbox 1002 975 1040 1007; x_wconf 91' lang='lat' dir='ltr'>de</span> 
     </span>
     <span class='ocr_line' id='line_1_17' title="bbox 300 1027 1040 1070; baseline 0.003 -11"><span class='ocrx_word' id='word_1_90' title='bbox 300 1027 374 1059; x_wconf 86' lang='lat' dir='ltr'>Oulz</span> <span class='ocrx_word' id='word_1_91' title='bbox 388 1027 610 1061; x_wconf 87' lang='lat' dir='ltr'>canonicorum</span> <span class='ocrx_word' id='word_1_92' title='bbox 629 1028 822 1070; x_wconf 80' lang='lat' dir='ltr'>regularium</span> <span class='ocrx_word' id='word_1_93' title='bbox 837 1028 961 1062; x_wconf 78' lang='lat' dir='ltr'>Ordinis</span> <span class='ocrx_word' id='word_1_94' title='bbox 975 1038 1040 1061; x_wconf 86' lang='lat' dir='ltr'>san—</span> 
     </span>
     <span class='ocr_line' id='line_1_18' title="bbox 300 1080 1040 1125; baseline 0.005 -13"><span class='ocrx_word' id='word_1_95' title='bbox 300 1080 340 1112; x_wconf 86' lang='lat' dir='ltr'>cti</span> <span class='ocrx_word' id='word_1_96' title='bbox 365 1081 551 1123; x_wconf 75' lang='lat' dir='ltr'>Augustini,</span> <span class='ocrx_word' id='word_1_97' title='bbox 575 1087 627 1114; x_wconf 87' lang='lat' dir='ltr'>aut</span> <span class='ocrx_word' id='word_1_98' title='bbox 658 1081 708 1113; x_wconf 93' lang='lat' dir='ltr'>alii</span> <span class='ocrx_word' id='word_1_99' title='bbox 742 1083 902 1125; x_wconf 84' lang='lat' dir='ltr'>praeteriti</span> <span class='ocrx_word' id='word_1_100' title='bbox 939 1082 1040 1116; x_wconf 80' lang='lat' dir='ltr'>dictae</span> 
     </span>
     <span class='ocr_line' id='line_1_19' title="bbox 300 1133 1041 1169; baseline 0.007 -5"><span class='ocrx_word' id='word_1_101' title='bbox 300 1133 388 1165; x_wconf 67' lang='lat' dir='ltr'>vallis</span> <span class='ocrx_word' id='word_1_102' title='bbox 407 1133 561 1167; x_wconf 88' lang='lat' dir='ltr'>Ordinarii</span> <span class='ocrx_word' id='word_1_103' title='bbox 584 1134 682 1166; x_wconf 90' lang='lat' dir='ltr'>ullum</span> <span class='ocrx_word' id='word_1_104' title='bbox 701 1135 776 1167; x_wconf 90' lang='lat' dir='ltr'>inibi</span> <span class='ocrx_word' id='word_1_105' title='bbox 794 1140 898 1169; x_wconf 90' lang='lat' dir='ltr'>actum</span> <span class='ocrx_word' id='word_1_106' title='bbox 919 1136 1041 1169; x_wconf 88' lang='lat' dir='ltr'>iurisdi-</span> 
     </span>
     <span class='ocr_line' id='line_1_20' title="bbox 300 1187 1039 1233; baseline 0.005 -15"><span class='ocrx_word' id='word_1_107' title='bbox 300 1187 410 1220; x_wconf 90' lang='lat' dir='ltr'>ctionis</span> <span class='ocrx_word' id='word_1_108' title='bbox 434 1187 661 1220; x_wconf 84' lang='lat' dir='ltr'>ecclesiasticae</span> <span class='ocrx_word' id='word_1_109' title='bbox 690 1198 837 1221; x_wconf 85' lang='lat' dir='ltr'>exercere</span> <span class='ocrx_word' id='word_1_110' title='bbox 860 1189 1039 1233; x_wconf 87' lang='lat' dir='ltr'>potuerint,</span> 
     </span>
     <span class='ocr_line' id='line_1_21' title="bbox 300 1240 1040 1282; baseline 0.005 -11"><span class='ocrx_word' id='word_1_111' title='bbox 300 1245 424 1282; x_wconf 86' lang='lat' dir='ltr'>praeter</span> <span class='ocrx_word' id='word_1_112' title='bbox 440 1240 540 1273; x_wconf 87' lang='lat' dir='ltr'>bonae</span> <span class='ocrx_word' id='word_1_113' title='bbox 566 1241 737 1274; x_wconf 79' lang='lat' dir='ltr'>memoriae</span> <span class='ocrx_word' id='word_1_114' title='bbox 755 1241 833 1274; x_wconf 86' lang='lat' dir='ltr'>duos</span> <span class='ocrx_word' id='word_1_115' title='bbox 849 1242 976 1275; x_wconf 86' lang='lat' dir='ltr'>ultimos</span> <span class='ocrx_word' id='word_1_116' title='bbox 995 1253 1040 1275; x_wconf 90' lang='lat' dir='ltr'>ar-</span> 
     </span>
     <span class='ocr_line' id='line_1_22' title="bbox 301 1293 1040 1338; baseline 0.004 -13"><span class='ocrx_word' id='word_1_117' title='bbox 301 1293 520 1337; x_wconf 83' lang='lat' dir='ltr'>chiepiscopos</span> <span class='ocrx_word' id='word_1_118' title='bbox 545 1295 773 1337; x_wconf 81' lang='lat' dir='ltr'>Taurinenses,</span> <span class='ocrx_word' id='word_1_119' title='bbox 799 1295 850 1338; x_wconf 88' lang='lat' dir='ltr'>qui</span> <span class='ocrx_word' id='word_1_120' title='bbox 882 1295 912 1327; x_wconf 92' lang='lat' dir='ltr'>in</span> <span class='ocrx_word' id='word_1_121' title='bbox 936 1295 1040 1329; x_wconf 86' lang='lat' dir='ltr'>medio</span> 
     </span>
     <span class='ocr_line' id='line_1_23' title="bbox 300 1345 1041 1390; baseline 0.003 -12"><span class='ocrx_word' id='word_1_122' title='bbox 300 1345 401 1379; x_wconf 88' lang='lat' dir='ltr'>dictae</span> <span class='ocrx_word' id='word_1_123' title='bbox 425 1347 512 1379; x_wconf 70' lang='lat' dir='ltr'>vallis</span> <span class='ocrx_word' id='word_1_124' title='bbox 536 1358 613 1390; x_wconf 74' lang='lat' dir='ltr'>agro</span> <span class='ocrx_word' id='word_1_125' title='bbox 638 1348 669 1380; x_wconf 90' lang='lat' dir='ltr'>in</span> <span class='ocrx_word' id='word_1_126' title='bbox 693 1348 818 1390; x_wconf 82' lang='lat' dir='ltr'>signum</span> <span class='ocrx_word' id='word_1_127' title='bbox 844 1349 890 1381; x_wconf 90' lang='lat' dir='ltr'>sui</span> <span class='ocrx_word' id='word_1_128' title='bbox 916 1349 992 1381; x_wconf 85' lang='lat' dir='ltr'>iuris</span> <span class='ocrx_word' id='word_1_129' title='bbox 1006 1354 1041 1381; x_wconf 80' lang='lat' dir='ltr'>et</span> 
     </span>
     <span class='ocr_line' id='line_1_24' title="bbox 299 1401 1040 1443; baseline 0.003 -11"><span class='ocrx_word' id='word_1_130' title='bbox 299 1401 506 1443; x_wconf 64' lang='lat' dir='ltr'>possessionis</span> <span class='ocrx_word' id='word_1_131' title='bbox 530 1407 763 1434; x_wconf 85' lang='lat' dir='ltr'>sacrosanctum</span> <span class='ocrx_word' id='word_1_132' title='bbox 784 1401 897 1434; x_wconf 83' lang='lat' dir='ltr'>missae</span> <span class='ocrx_word' id='word_1_133' title='bbox 921 1402 1040 1435; x_wconf 81' lang='lat' dir='ltr'>sacrifi-</span> 
     </span>
     <span class='ocr_line' id='line_1_25' title="bbox 301 1453 1038 1498; baseline 0.004 -13"><span class='ocrx_word' id='word_1_134' title='bbox 301 1453 383 1486; x_wconf 86' lang='lat' dir='ltr'>cium</span> <span class='ocrx_word' id='word_1_135' title='bbox 411 1454 562 1486; x_wconf 88' lang='lat' dir='ltr'>celebrari</span> <span class='ocrx_word' id='word_1_136' title='bbox 588 1455 741 1498; x_wconf 84' lang='lat' dir='ltr'>fecerunt)</span> <span class='ocrx_word' id='word_1_137' title='bbox 763 1455 947 1488; x_wconf 72' lang='lat' dir='ltr'>venerabilis</span> <span class='ocrx_word' id='word_1_138' title='bbox 971 1455 1038 1488; x_wconf 87' lang='lat' dir='ltr'>sra-</span> 
     </span>
     <span class='ocr_line' id='line_1_26' title="bbox 303 1499 1039 1552; baseline 0.003 -13"><span class='ocrx_word' id='word_1_139' title='bbox 303 1513 349 1540; x_wconf 90' lang='lat' dir='ltr'>ter</span> <span class='ocrx_word' id='word_1_140' title='bbox 380 1499 533 1540; x_wconf 86' lang='lat' dir='ltr'>IIenricus</span> <span class='ocrx_word' id='word_1_141' title='bbox 557 1508 722 1552; x_wconf 87' lang='lat' dir='ltr'>episcopus</span> <span class='ocrx_word' id='word_1_142' title='bbox 748 1509 976 1550; x_wconf 83' lang='lat' dir='ltr'>Malleacensis,</span> <span class='ocrx_word' id='word_1_143' title='bbox 1003 1509 1039 1541; x_wconf 91' lang='lat' dir='ltr'>ad</span> 
     </span>
     <span class='ocr_line' id='line_1_27' title="bbox 303 1561 1039 1604; baseline 0.001 -11"><span class='ocrx_word' id='word_1_144' title='bbox 303 1561 531 1594; x_wconf 84' lang='lat' dir='ltr'>restitutionem</span> <span class='ocrx_word' id='word_1_145' title='bbox 556 1561 694 1594; x_wconf 90' lang='lat' dir='ltr'>eiusdem</span> <span class='ocrx_word' id='word_1_146' title='bbox 721 1562 882 1604; x_wconf 78' lang='lat' dir='ltr'>religionis</span> <span class='ocrx_word' id='word_1_147' title='bbox 906 1562 938 1594; x_wconf 92' lang='lat' dir='ltr'>in</span> <span class='ocrx_word' id='word_1_148' title='bbox 958 1562 1039 1594; x_wconf 83' lang='lat' dir='ltr'>dicta</span> 
     </span>
     <span class='ocr_line' id='line_1_28' title="bbox 302 1614 1040 1658; baseline 0.001 -12"><span class='ocrx_word' id='word_1_149' title='bbox 302 1614 381 1646; x_wconf 70' lang='lat' dir='ltr'>valle</span> <span class='ocrx_word' id='word_1_150' title='bbox 405 1614 618 1657; x_wconf 79' lang='lat' dir='ltr'>exequendam</span> <span class='ocrx_word' id='word_1_151' title='bbox 654 1614 840 1647; x_wconf 86' lang='lat' dir='ltr'>auctoritate</span> <span class='ocrx_word' id='word_1_152' title='bbox 870 1614 1040 1658; x_wconf 76' lang='lat' dir='ltr'>apostolica</span> 
     </span>
     <span class='ocr_line' id='line_1_29' title="bbox 301 1667 1040 1711; baseline 0.003 -12"><span class='ocrx_word' id='word_1_153' title='bbox 301 1667 469 1711; x_wconf 84' lang='lat' dir='ltr'>deputatus</span> <span class='ocrx_word' id='word_1_154' title='bbox 494 1668 623 1710; x_wconf 74' lang='lat' dir='ltr'>(attenta</span> <span class='ocrx_word' id='word_1_155' title='bbox 641 1668 854 1700; x_wconf 71' lang='lat' dir='ltr'>controversia</span> <span class='ocrx_word' id='word_1_156' title='bbox 871 1668 952 1701; x_wconf 87' lang='lat' dir='ltr'>inter</span> <span class='ocrx_word' id='word_1_157' title='bbox 973 1679 1040 1701; x_wconf 91' lang='lat' dir='ltr'>mo-</span> 
     </span>
     <span class='ocr_line' id='line_1_30' title="bbox 301 1721 1039 1762; baseline 0.003 -9"><span class='ocrx_word' id='word_1_158' title='bbox 301 1721 455 1762; x_wconf 87' lang='lat' dir='ltr'>dernum,</span> <span class='ocrx_word' id='word_1_159' title='bbox 481 1731 535 1754; x_wconf 88' lang='lat' dir='ltr'>seu</span> <span class='ocrx_word' id='word_1_160' title='bbox 564 1726 636 1754; x_wconf 91' lang='lat' dir='ltr'>tunc</span> <span class='ocrx_word' id='word_1_161' title='bbox 660 1721 864 1762; x_wconf 80' lang='lat' dir='ltr'>existentem,</span> <span class='ocrx_word' id='word_1_162' title='bbox 889 1722 1039 1755; x_wconf 85' lang='lat' dir='ltr'>vicarium</span> 
     </span>
     <span class='ocr_line' id='line_1_31' title="bbox 302 1775 1041 1818; baseline 0.004 -12"><span class='ocrx_word' id='word_1_163' title='bbox 302 1775 506 1818; x_wconf 78' lang='lat' dir='ltr'>capitularem</span> <span class='ocrx_word' id='word_1_164' title='bbox 542 1775 690 1808; x_wconf 87' lang='lat' dir='ltr'>ecclesiae</span> <span class='ocrx_word' id='word_1_165' title='bbox 714 1775 929 1815; x_wconf 86' lang='lat' dir='ltr'>Taurinensis‚</span> <span class='ocrx_word' id='word_1_166' title='bbox 958 1776 1041 1809; x_wconf 87' lang='lat' dir='ltr'>illius</span> 
     </span>
     <span class='ocr_line' id='line_1_32' title="bbox 303 1828 1040 1873; baseline 0.003 -13"><span class='ocrx_word' id='word_1_167' title='bbox 303 1828 375 1861; x_wconf 87' lang='lat' dir='ltr'>sede</span> <span class='ocrx_word' id='word_1_168' title='bbox 404 1828 663 1872; x_wconf 87' lang='lat' dir='ltr'>archiepiscopali</span> <span class='ocrx_word' id='word_1_169' title='bbox 689 1835 815 1862; x_wconf 74' lang='lat' dir='ltr'>vacante</span> <span class='ocrx_word' id='word_1_170' title='bbox 840 1829 1040 1873; x_wconf 90' lang='lat' dir='ltr'>deputatum⁷</span> 
     </span>
     <span class='ocr_line' id='line_1_33' title="bbox 302 1883 1043 1927; baseline 0.003 -12"><span class='ocrx_word' id='word_1_171' title='bbox 302 1893 339 1915; x_wconf 76' lang='lat' dir='ltr'>ex</span> <span class='ocrx_word' id='word_1_172' title='bbox 363 1885 435 1922; x_wconf 74' lang='lat' dir='ltr'>una,</span> <span class='ocrx_word' id='word_1_173' title='bbox 456 1888 485 1915; x_wconf 84' lang='lat' dir='ltr'>et</span> <span class='ocrx_word' id='word_1_174' title='bbox 510 1883 735 1927; x_wconf 60' lang='lat' dir='ltr'>Hieronymum</span> <span class='ocrx_word' id='word_1_175' title='bbox 761 1883 798 1916; x_wconf 89' lang='lat' dir='ltr'>de</span> <span class='ocrx_word' id='word_1_176' title='bbox 823 1883 937 1926; x_wconf 80' lang='lat' dir='ltr'>Birago</span> <span class='ocrx_word' id='word_1_177' title='bbox 963 1885 1043 1917; x_wconf 79' lang='lat' dir='ltr'>vica-</span> 
     </span>
     <span class='ocr_line' id='line_1_34' title="bbox 302 1936 1044 1979; baseline 0.003 -11"><span class='ocrx_word' id='word_1_178' title='bbox 302 1936 383 1969; x_wconf 90' lang='lat' dir='ltr'>rium</span> <span class='ocrx_word' id='word_1_179' title='bbox 401 1937 638 1979; x_wconf 85' lang='lat' dir='ltr'>praepositurae</span> <span class='ocrx_word' id='word_1_180' title='bbox 663 1936 736 1969; x_wconf 88' lang='lat' dir='ltr'>dicti</span> <span class='ocrx_word' id='word_1_181' title='bbox 758 1937 948 1977; x_wconf 84' lang='lat' dir='ltr'>monasterii,</span> <span class='ocrx_word' id='word_1_182' title='bbox 969 1937 1044 1970; x_wconf 86' lang='lat' dir='ltr'>dile-</span> 
     </span>
     <span class='ocr_line' id='line_1_35' title="bbox 303 1988 1043 2034; baseline 0.003 -13"><span class='ocrx_word' id='word_1_183' title='bbox 303 1995 368 2022; x_wconf 87' lang='lat' dir='ltr'>ctos</span> <span class='ocrx_word' id='word_1_184' title='bbox 393 1989 474 2022; x_wconf 88' lang='lat' dir='ltr'>filios</span> <span class='ocrx_word' id='word_1_185' title='bbox 487 1988 507 2029; x_wconf 70' lang='lat'>⁹,</span> <span class='ocrx_word' id='word_1_186' title='bbox 528 2000 564 2022; x_wconf 84' lang='lat' dir='ltr'>ex</span> <span class='ocrx_word' id='word_1_187' title='bbox 590 1990 687 2022; x_wconf 76' lang='lat' dir='ltr'>altera</span> <span class='ocrx_word' id='word_1_188' title='bbox 711 1990 862 2033; x_wconf 87' lang='lat' dir='ltr'>partibus,</span> <span class='ocrx_word' id='word_1_189' title='bbox 880 2001 975 2034; x_wconf 87' lang='lat' dir='ltr'>super</span> <span class='ocrx_word' id='word_1_190' title='bbox 1000 1990 1043 2023; x_wconf 94' lang='lat' dir='ltr'>iu-</span> 
     </span>
    </p>
   </div>
   <div class='ocr_carea' id='block_1_5' title="bbox 302 2042 1055 2088">
    <p class='ocr_par' dir='ltr' id='par_1_5' title="bbox 302 2042 1055 2088">
     <span class='ocr_line' id='line_1_36' title="bbox 302 2042 1055 2088; baseline 0.003 -13"><span class='ocrx_word' id='word_1_191' title='bbox 302 2042 483 2076; x_wconf 84' lang='lat' dir='ltr'>risdictione</span> <span class='ocrx_word' id='word_1_192' title='bbox 507 2043 661 2086; x_wconf 86' lang='lat' dir='ltr'>spirituali</span> <span class='ocrx_word' id='word_1_193' title='bbox 687 2043 787 2075; x_wconf 86' lang='lat' dir='ltr'>dictae</span> <span class='ocrx_word' id='word_1_194' title='bbox 808 2043 895 2076; x_wconf 76' lang='lat' dir='ltr'>vallis</span> <span class='ocrx_word' id='word_1_195' title='bbox 912 2046 994 2088; x_wconf 81' lang='lat' dir='ltr'>orta)</span> <span class='ocrx_word' id='word_1_196' title='bbox 1011 2046 1055 2077; x_wconf 87' lang='lat' dir='ltr'>se&#39;</span> 
     </span>
    </p>
   </div>
   <div class='ocr_carea' id='block_1_6' title="bbox 303 2096 1044 2569">
    <p class='ocr_par' dir='ltr' id='par_1_6' title="bbox 303 2096 1044 2569">
     <span class='ocr_line' id='line_1_37' title="bbox 303 2096 1042 2141; baseline 0.003 -13"><span class='ocrx_word' id='word_1_197' title='bbox 303 2096 341 2128; x_wconf 91' lang='lat' dir='ltr'>ad</span> <span class='ocrx_word' id='word_1_198' title='bbox 358 2096 498 2129; x_wconf 85' lang='lat' dir='ltr'>eamdem</span> <span class='ocrx_word' id='word_1_199' title='bbox 517 2096 628 2129; x_wconf 78' lang='lat' dir='ltr'>vallem</span> <span class='ocrx_word' id='word_1_200' title='bbox 645 2097 811 2137; x_wconf 81' lang='lat' dir='ltr'>transtulit,</span> <span class='ocrx_word' id='word_1_201' title='bbox 826 2097 932 2140; x_wconf 84' lang='lat' dir='ltr'>ibique</span> <span class='ocrx_word' id='word_1_202' title='bbox 946 2098 1042 2141; x_wconf 84' lang='lat' dir='ltr'>(cum,</span> 
     </span>
     <span class='ocr_line' id='line_1_38' title="bbox 304 2150 1043 2194; baseline 0.003 -12"><span class='ocrx_word' id='word_1_203' title='bbox 304 2160 410 2182; x_wconf 83' lang='lat' dir='ltr'>coram</span> <span class='ocrx_word' id='word_1_204' title='bbox 435 2161 478 2191; x_wconf 82' lang='lat' dir='ltr'>se,</span> <span class='ocrx_word' id='word_1_205' title='bbox 503 2154 531 2184; x_wconf 90' lang='lat' dir='ltr'>et</span> <span class='ocrx_word' id='word_1_206' title='bbox 556 2150 624 2183; x_wconf 88' lang='lat' dir='ltr'>aliis</span> <span class='ocrx_word' id='word_1_207' title='bbox 649 2150 687 2182; x_wconf 90' lang='lat' dir='ltr'>ad</span> <span class='ocrx_word' id='word_1_208' title='bbox 711 2150 741 2183; x_wconf 90' lang='lat' dir='ltr'>id</span> <span class='ocrx_word' id='word_1_209' title='bbox 766 2150 858 2183; x_wconf 85' lang='lat' dir='ltr'>etiam</span> <span class='ocrx_word' id='word_1_210' title='bbox 888 2151 1043 2194; x_wconf 85' lang='lat' dir='ltr'>deputatis</span> 
     </span>
     <span class='ocr_line' id='line_1_39' title="bbox 304 2203 1042 2243; baseline 0.003 -9"><span class='ocrx_word' id='word_1_211' title='bbox 304 2203 499 2243; x_wconf 84' lang='lat' dir='ltr'>officialibus,</span> <span class='ocrx_word' id='word_1_212' title='bbox 523 2204 701 2237; x_wconf 77' lang='lat' dir='ltr'>convocatis</span> <span class='ocrx_word' id='word_1_213' title='bbox 723 2203 904 2236; x_wconf 88' lang='lat' dir='ltr'>consulibus</span> <span class='ocrx_word' id='word_1_214' title='bbox 929 2209 959 2237; x_wconf 89' lang='lat' dir='ltr'>et</span> <span class='ocrx_word' id='word_1_215' title='bbox 983 2204 1042 2236; x_wconf 88' lang='lat' dir='ltr'>mi-</span> 
     </span>
     <span class='ocr_line' id='line_1_40' title="bbox 304 2256 1044 2301; baseline 0.004 -13"><span class='ocrx_word' id='word_1_216' title='bbox 304 2256 410 2289; x_wconf 87' lang='lat' dir='ltr'>nistris</span> <span class='ocrx_word' id='word_1_217' title='bbox 435 2257 623 2300; x_wconf 84' lang='lat' dir='ltr'>praecipuis,</span> <span class='ocrx_word' id='word_1_218' title='bbox 648 2258 778 2301; x_wconf 85' lang='lat' dir='ltr'>aliisque</span> <span class='ocrx_word' id='word_1_219' title='bbox 803 2258 980 2291; x_wconf 87' lang='lat' dir='ltr'>senioribus</span> <span class='ocrx_word' id='word_1_220' title='bbox 1001 2258 1044 2290; x_wconf 92' lang='lat' dir='ltr'>di-</span> 
     </span>
     <span class='ocr_line' id='line_1_41' title="bbox 305 2310 1043 2355; baseline 0.003 -13"><span class='ocrx_word' id='word_1_221' title='bbox 305 2315 372 2342; x_wconf 88' lang='lat' dir='ltr'>ctae</span> <span class='ocrx_word' id='word_1_222' title='bbox 398 2310 484 2343; x_wconf 77' lang='lat' dir='ltr'>vallis</span> <span class='ocrx_word' id='word_1_223' title='bbox 509 2311 634 2351; x_wconf 89' lang='lat' dir='ltr'>incolis,</span> <span class='ocrx_word' id='word_1_224' title='bbox 652 2312 779 2355; x_wconf 79' lang='lat' dir='ltr'>praevio</span> <span class='ocrx_word' id='word_1_225' title='bbox 805 2311 980 2345; x_wconf 86' lang='lat' dir='ltr'>iuramento</span> <span class='ocrx_word' id='word_1_226' title='bbox 1005 2312 1043 2345; x_wconf 83' lang='lat' dir='ltr'>ab</span> 
     </span>
     <span class='ocr_line' id='line_1_42' title="bbox 305 2363 1041 2407; baseline 0.003 -11"><span class='ocrx_word' id='word_1_227' title='bbox 305 2363 350 2396; x_wconf 90' lang='lat' dir='ltr'>eis</span> <span class='ocrx_word' id='word_1_228' title='bbox 367 2363 547 2407; x_wconf 83' lang='lat' dir='ltr'>accepisset,</span> <span class='ocrx_word' id='word_1_229' title='bbox 564 2364 594 2396; x_wconf 93' lang='lat' dir='ltr'>in</span> <span class='ocrx_word' id='word_1_230' title='bbox 608 2365 710 2407; x_wconf 80' lang='lat' dir='ltr'>burgo</span> <span class='ocrx_word' id='word_1_231' title='bbox 727 2365 765 2398; x_wconf 87' lang='lat' dir='ltr'>de</span> <span class='ocrx_word' id='word_1_232' title='bbox 784 2366 951 2399; x_wconf 85' lang='lat' dir='ltr'>Mentoulle</span> <span class='ocrx_word' id='word_1_233' title='bbox 968 2366 1041 2399; x_wconf 88' lang='lat' dir='ltr'>olim</span> 
     </span>
     <span class='ocr_line' id='line_1_43' title="bbox 304 2417 1044 2460; baseline 0.004 -11"><span class='ocrx_word' id='word_1_234' title='bbox 304 2427 400 2449; x_wconf 88' lang='lat' dir='ltr'>unum</span> <span class='ocrx_word' id='word_1_235' title='bbox 416 2417 588 2460; x_wconf 88' lang='lat' dir='ltr'>prioratum</span> <span class='ocrx_word' id='word_1_236' title='bbox 602 2423 742 2451; x_wconf 87' lang='lat' dir='ltr'>curatum</span> <span class='ocrx_word' id='word_1_237' title='bbox 758 2418 831 2451; x_wconf 89' lang='lat' dir='ltr'>dicti</span> <span class='ocrx_word' id='word_1_238' title='bbox 842 2418 966 2451; x_wconf 84' lang='lat' dir='ltr'>Ordinis</span> <span class='ocrx_word' id='word_1_239' title='bbox 978 2430 1044 2452; x_wconf 86' lang='lat' dir='ltr'>san-</span> 
     </span>
     <span class='ocr_line' id='line_1_44' title="bbox 306 2470 1044 2517; baseline 0.003 -13"><span class='ocrx_word' id='word_1_240' title='bbox 306 2471 346 2504; x_wconf 90' lang='lat' dir='ltr'>cti</span> <span class='ocrx_word' id='word_1_241' title='bbox 362 2470 537 2514; x_wconf 77' lang='lat' dir='ltr'>Augustini,</span> <span class='ocrx_word' id='word_1_242' title='bbox 555 2481 571 2503; x_wconf 87' lang='lat' dir='ltr'>a</span> <span class='ocrx_word' id='word_1_243' title='bbox 588 2471 670 2504; x_wconf 79' lang='lat' dir='ltr'>dicta</span> <span class='ocrx_word' id='word_1_244' title='bbox 690 2472 911 2515; x_wconf 73' lang='lat' dir='ltr'>praepositura</span> <span class='ocrx_word' id='word_1_245' title='bbox 932 2472 1044 2517; x_wconf 90' lang='lat' dir='ltr'>depen-</span> 
     </span>
     <span class='ocr_line' id='line_1_45' title="bbox 305 2524 1044 2569; baseline 0.003 -12"><span class='ocrx_word' id='word_1_246' title='bbox 305 2524 440 2564; x_wconf 86' lang='lat' dir='ltr'>dentem,</span> <span class='ocrx_word' id='word_1_247' title='bbox 454 2535 575 2558; x_wconf 88' lang='lat' dir='ltr'>necnon</span> <span class='ocrx_word' id='word_1_248' title='bbox 588 2525 726 2569; x_wconf 87' lang='lat' dir='ltr'>quinque</span> <span class='ocrx_word' id='word_1_249' title='bbox 740 2526 903 2569; x_wconf 85' lang='lat' dir='ltr'>parochias</span> <span class='ocrx_word' id='word_1_250' title='bbox 917 2526 948 2559; x_wconf 89' lang='lat' dir='ltr'>in</span> <span class='ocrx_word' id='word_1_251' title='bbox 960 2526 1044 2559; x_wconf 76' lang='lat' dir='ltr'>dicta</span> 
     </span>
    </p>
   </div>
   <div class='ocr_carea' id='block_1_7' title="bbox 339 2595 1043 2678">
    <p class='ocr_par' dir='ltr' id='par_1_7' title="bbox 339 2595 1043 2678">
     <span class='ocr_line' id='line_1_46' title="bbox 341 2595 842 2631; baseline 0.002 -9"><span class='ocrx_word' id='word_1_252' title='bbox 341 2597 353 2622; x_wconf 77' lang='lat'><strong>1</strong></span> <span class='ocrx_word' id='word_1_253' title='bbox 372 2595 440 2622; x_wconf 84' lang='lat' dir='ltr'>Edit.</span> <span class='ocrx_word' id='word_1_254' title='bbox 458 2595 536 2623; x_wconf 78' lang='lat' dir='ltr'>tttain.</span> <span class='ocrx_word' id='word_1_255' title='bbox 553 2595 616 2631; x_wconf 84' lang='lat' dir='ltr'>legit</span> <span class='ocrx_word' id='word_1_256' title='bbox 631 2604 724 2630; x_wconf 77' lang='lat' dir='ltr'>reyem</span> <span class='ocrx_word' id='word_1_257' title='bbox 742 2598 781 2629; x_wconf 78' lang='lat' dir='ltr'>(R.</span> <span class='ocrx_word' id='word_1_258' title='bbox 793 2598 842 2631; x_wconf 83' lang='grc' dir='ltr'>τ.).</span> 
     </span>
     <span class='ocr_line' id='line_1_47' title="bbox 339 2639 1043 2678; baseline 0.004 -11"><span class='ocrx_word' id='word_1_259' title='bbox 339 2639 356 2667; x_wconf 77' lang='grc'>2</span> <span class='ocrx_word' id='word_1_260' title='bbox 368 2639 511 2676; x_wconf 86' lang='lat' dir='ltr'>Perperam</span> <span class='ocrx_word' id='word_1_261' title='bbox 522 2640 565 2669; x_wconf 87' lang='lat' dir='ltr'>ed.</span> <span class='ocrx_word' id='word_1_262' title='bbox 577 2641 656 2668; x_wconf 69' lang='lat' dir='ltr'>ttain.</span> <span class='ocrx_word' id='word_1_263' title='bbox 666 2640 730 2676; x_wconf 83' lang='lat' dir='ltr'>legit</span> <span class='ocrx_word' id='word_1_264' title='bbox 740 2641 858 2670; x_wconf 71' lang='lat' dir='ltr'>dilectus</span> <span class='ocrx_word' id='word_1_265' title='bbox 868 2641 945 2677; x_wconf 75' lang='lat' dir='ltr'>filius</span> <span class='ocrx_word' id='word_1_266' title='bbox 955 2641 1043 2678; x_wconf 57' lang='lat'>(13:12).</span> 
     </span>
    </p>
   </div>
   <div class='ocr_carea' id='block_1_8' title="bbox 1071 335 1818 2681">
    <p class='ocr_par' dir='ltr' id='par_1_8' title="bbox 1071 335 1818 2681">
     <span class='ocr_line' id='line_1_48' title="bbox 1072 335 1812 381; baseline 0.004 -14"><span class='ocrx_word' id='word_1_267' title='bbox 1072 346 1164 378; x_wconf 86' lang='lat' dir='ltr'>quani</span> <span class='ocrx_word' id='word_1_268' title='bbox 1191 336 1258 368; x_wconf 92' lang='lat' dir='ltr'>aliis</span> <span class='ocrx_word' id='word_1_269' title='bbox 1288 335 1370 368; x_wconf 91' lang='lat' dir='ltr'>illius</span> <span class='ocrx_word' id='word_1_270' title='bbox 1404 336 1497 376; x_wconf 84' lang='lat' dir='ltr'>locis,</span> <span class='ocrx_word' id='word_1_271' title='bbox 1523 336 1671 379; x_wconf 77' lang='lat' dir='ltr'>extitisse)</span> <span class='ocrx_word' id='word_1_272' title='bbox 1705 339 1812 381; x_wconf 66' lang='lat' dir='ltr'>coepta</span> 
     </span>
     <span class='ocr_line' id='line_1_49' title="bbox 1072 389 1811 433; baseline 0.004 -13"><span class='ocrx_word' id='word_1_273' title='bbox 1072 389 1247 422; x_wconf 69' lang='lat' dir='ltr'>visitatione</span> <span class='ocrx_word' id='word_1_274' title='bbox 1273 389 1303 421; x_wconf 90' lang='lat' dir='ltr'>in</span> <span class='ocrx_word' id='word_1_275' title='bbox 1328 390 1410 422; x_wconf 87' lang='lat' dir='ltr'>dicto</span> <span class='ocrx_word' id='word_1_276' title='bbox 1439 390 1540 433; x_wconf 75' lang='lat' dir='ltr'>burgo</span> <span class='ocrx_word' id='word_1_277' title='bbox 1565 390 1602 423; x_wconf 90' lang='lat' dir='ltr'>de</span> <span class='ocrx_word' id='word_1_278' title='bbox 1628 391 1811 432; x_wconf 79' lang='lat' dir='ltr'>Mentontte,</span> 
     </span>
     <span class='ocr_line' id='line_1_50' title="bbox 1071 442 1814 485; baseline 0.001 -11"><span class='ocrx_word' id='word_1_279' title='bbox 1071 442 1271 485; x_wconf 82' lang='lat' dir='ltr'>expulsisque</span> <span class='ocrx_word' id='word_1_280' title='bbox 1284 443 1448 475; x_wconf 76' lang='lat' dir='ltr'>haereticis</span> <span class='ocrx_word' id='word_1_281' title='bbox 1462 453 1497 475; x_wconf 83' lang='lat' dir='ltr'>cx</span> <span class='ocrx_word' id='word_1_282' title='bbox 1512 443 1661 475; x_wconf 79' lang='lat' dir='ltr'>aediliciis</span> <span class='ocrx_word' id='word_1_283' title='bbox 1675 449 1704 475; x_wconf 91' lang='lat' dir='ltr'>et</span> <span class='ocrx_word' id='word_1_284' title='bbox 1717 443 1814 475; x_wconf 89' lang='lat' dir='ltr'>domi-</span> 
     </span>
     <span class='ocr_line' id='line_1_51' title="bbox 1073 495 1813 540; baseline 0.003 -13"><span class='ocrx_word' id='word_1_285' title='bbox 1073 495 1140 535; x_wconf 87' lang='lat' dir='ltr'>bus,</span> <span class='ocrx_word' id='word_1_286' title='bbox 1159 506 1237 538; x_wconf 84' lang='lat' dir='ltr'>quae</span> <span class='ocrx_word' id='word_1_287' title='bbox 1254 496 1327 528; x_wconf 82' lang='lat' dir='ltr'>dicti</span> <span class='ocrx_word' id='word_1_288' title='bbox 1346 497 1493 529; x_wconf 75' lang='lat' dir='ltr'>haeretici</span> <span class='ocrx_word' id='word_1_289' title='bbox 1512 497 1569 529; x_wconf 89' lang='lat' dir='ltr'>sibi</span> <span class='ocrx_word' id='word_1_290' title='bbox 1595 507 1690 540; x_wconf 89' lang='lat' dir='ltr'>super</span> <span class='ocrx_word' id='word_1_291' title='bbox 1715 497 1813 529; x_wconf 83' lang='lat' dir='ltr'>ruinis</span> 
     </span>
     <span class='ocr_line' id='line_1_52' title="bbox 1072 549 1814 594; baseline 0.001 -13"><span class='ocrx_word' id='word_1_292' title='bbox 1072 549 1223 582; x_wconf 86' lang='lat' dir='ltr'>ecclesiae</span> <span class='ocrx_word' id='word_1_293' title='bbox 1241 555 1270 582; x_wconf 89' lang='lat' dir='ltr'>et</span> <span class='ocrx_word' id='word_1_294' title='bbox 1288 550 1380 582; x_wconf 87' lang='lat' dir='ltr'>terris</span> <span class='ocrx_word' id='word_1_295' title='bbox 1398 551 1556 593; x_wconf 84' lang='lat' dir='ltr'>prioratus</span> <span class='ocrx_word' id='word_1_296' title='bbox 1574 551 1724 594; x_wconf 84' lang='lat' dir='ltr'>praedicti</span> <span class='ocrx_word' id='word_1_297' title='bbox 1743 561 1814 583; x_wconf 91' lang='lat' dir='ltr'>con-</span> 
     </span>
     <span class='ocr_line' id='line_1_53' title="bbox 1072 603 1812 647; baseline 0.003 -13"><span class='ocrx_word' id='word_1_298' title='bbox 1072 608 1268 645; x_wconf 82' lang='lat' dir='ltr'>struxerant,</span> <span class='ocrx_word' id='word_1_299' title='bbox 1302 603 1403 636; x_wconf 83' lang='lat' dir='ltr'>dictus</span> <span class='ocrx_word' id='word_1_300' title='bbox 1437 604 1589 636; x_wconf 71' lang='lat' dir='ltr'>Heni-icus</span> <span class='ocrx_word' id='word_1_301' title='bbox 1626 604 1812 647; x_wconf 87' lang='lat' dir='ltr'>episcopus,</span> 
     </span>
     <span class='ocr_line' id='line_1_54' title="bbox 1072 652 1812 690; baseline 0.001 -2"><span class='ocrx_word' id='word_1_302' title='bbox 1072 656 1223 689; x_wconf 83' lang='lat' dir='ltr'>aedificiis</span> <span class='ocrx_word' id='word_1_303' title='bbox 1248 652 1428 689; x_wconf 79' lang='lat' dir='ltr'>Huiusmodi</span> <span class='ocrx_word' id='word_1_304' title='bbox 1446 658 1483 690; x_wconf 88' lang='lat' dir='ltr'>ad</span> <span class='ocrx_word' id='word_1_305' title='bbox 1505 658 1636 690; x_wconf 88' lang='lat' dir='ltr'>formam</span> <span class='ocrx_word' id='word_1_306' title='bbox 1664 658 1812 690; x_wconf 75' lang='lat' dir='ltr'>ecclesiae</span> 
     </span>
     <span class='ocr_line' id='line_1_55' title="bbox 1072 709 1813 754; baseline 0.003 -13"><span class='ocrx_word' id='word_1_307' title='bbox 1072 709 1217 749; x_wconf 90' lang='lat' dir='ltr'>redactis,</span> <span class='ocrx_word' id='word_1_308' title='bbox 1243 710 1407 742; x_wconf 83' lang='lat' dir='ltr'>ecclesiam</span> <span class='ocrx_word' id='word_1_309' title='bbox 1434 711 1531 754; x_wconf 89' lang='lat' dir='ltr'>ipsam</span> <span class='ocrx_word' id='word_1_310' title='bbox 1557 711 1761 751; x_wconf 71' lang='lat' dir='ltr'>consecravit,</span> <span class='ocrx_word' id='word_1_311' title='bbox 1784 712 1813 743; x_wconf 89' lang='lat' dir='ltr'>iu</span> 
     </span>
     <span class='ocr_line' id='line_1_56' title="bbox 1073 762 1811 806; baseline 0.003 -12"><span class='ocrx_word' id='word_1_312' title='bbox 1073 762 1229 806; x_wconf 88' lang='lat' dir='ltr'>illiusque,</span> <span class='ocrx_word' id='word_1_313' title='bbox 1254 774 1289 796; x_wconf 92' lang='lat' dir='ltr'>ac</span> <span class='ocrx_word' id='word_1_314' title='bbox 1314 764 1380 796; x_wconf 88' lang='lat' dir='ltr'>eius</span> <span class='ocrx_word' id='word_1_315' title='bbox 1405 763 1526 805; x_wconf 80' lang='lat' dir='ltr'>domus7</span> <span class='ocrx_word' id='word_1_316' title='bbox 1553 770 1582 796; x_wconf 90' lang='lat' dir='ltr'>et</span> <span class='ocrx_word' id='word_1_317' title='bbox 1608 770 1763 796; x_wconf 87' lang='lat' dir='ltr'>terrarum</span> <span class='ocrx_word' id='word_1_318' title='bbox 1785 765 1811 796; x_wconf 85' lang='lat' dir='ltr'>ei</span> 
     </span>
     <span class='ocr_line' id='line_1_57' title="bbox 1072 815 1811 859; baseline 0.003 -12"><span class='ocrx_word' id='word_1_319' title='bbox 1072 815 1281 848; x_wconf 80' lang='lat' dir='ltr'>adiacentium</span> <span class='ocrx_word' id='word_1_320' title='bbox 1298 817 1526 859; x_wconf 84' lang='lat' dir='ltr'>possessionem</span> <span class='ocrx_word' id='word_1_321' title='bbox 1546 817 1693 849; x_wconf 86' lang='lat' dir='ltr'>dilectum</span> <span class='ocrx_word' id='word_1_322' title='bbox 1713 817 1811 850; x_wconf 83' lang='lat' dir='ltr'>filium</span> 
     </span>
     <span class='ocr_line' id='line_1_58' title="bbox 1072 869 1814 913; baseline 0.003 -12"><span class='ocrx_word' id='word_1_323' title='bbox 1072 869 1254 901; x_wconf 68' lang='lat' dir='ltr'>Michaelem</span> <span class='ocrx_word' id='word_1_324' title='bbox 1281 869 1492 903; x_wconf 78' lang='lat' dir='ltr'>Orcellensem</span> <span class='ocrx_word' id='word_1_325' title='bbox 1514 871 1698 903; x_wconf 90' lang='lat' dir='ltr'>canonicum</span> <span class='ocrx_word' id='word_1_326' title='bbox 1726 882 1814 913; x_wconf 77' lang='lat' dir='ltr'>regu-</span> 
     </span>
     <span class='ocr_line' id='line_1_59' title="bbox 1072 922 1813 968; baseline 0.005 -14"><span class='ocrx_word' id='word_1_327' title='bbox 1072 922 1169 955; x_wconf 86' lang='lat' dir='ltr'>larem</span> <span class='ocrx_word' id='word_1_328' title='bbox 1195 922 1268 956; x_wconf 85' lang='lat' dir='ltr'>dicti</span> <span class='ocrx_word' id='word_1_329' title='bbox 1293 923 1418 956; x_wconf 86' lang='lat' dir='ltr'>Ordinis</span> <span class='ocrx_word' id='word_1_330' title='bbox 1443 924 1480 956; x_wconf 90' lang='lat' dir='ltr'>de</span> <span class='ocrx_word' id='word_1_331' title='bbox 1505 924 1587 957; x_wconf 89' lang='lat' dir='ltr'>dicto</span> <span class='ocrx_word' id='word_1_332' title='bbox 1604 924 1745 968; x_wconf 88' lang='lat' dir='ltr'>prioratu</span> <span class='ocrx_word' id='word_1_333' title='bbox 1764 936 1813 958; x_wconf 87' lang='lat' dir='ltr'>ca-</span> 
     </span>
     <span class='ocr_line' id='line_1_60' title="bbox 1072 977 1814 1021; baseline 0.003 -12"><span class='ocrx_word' id='word_1_334' title='bbox 1072 977 1183 1009; x_wconf 85' lang='lat' dir='ltr'>nonice</span> <span class='ocrx_word' id='word_1_335' title='bbox 1207 978 1369 1020; x_wconf 82' lang='lat' dir='ltr'>provisum</span> <span class='ocrx_word' id='word_1_336' title='bbox 1386 977 1424 1009; x_wconf 93' lang='lat' dir='ltr'>ad</span> <span class='ocrx_word' id='word_1_337' title='bbox 1445 978 1593 1021; x_wconf 88' lang='lat' dir='ltr'>deinceps</span> <span class='ocrx_word' id='word_1_338' title='bbox 1617 979 1814 1021; x_wconf 81' lang='lat' dir='ltr'>possessione</span> 
     </span>
     <span class='ocr_line' id='line_1_61' title="bbox 1072 1029 1814 1075; baseline 0.003 -14"><span class='ocrx_word' id='word_1_339' title='bbox 1072 1029 1253 1062; x_wconf 91' lang='lat' dir='ltr'>huiusmodi</span> <span class='ocrx_word' id='word_1_340' title='bbox 1267 1030 1417 1063; x_wconf 82' lang='lat' dir='ltr'>utendum</span> <span class='ocrx_word' id='word_1_341' title='bbox 1433 1036 1462 1063; x_wconf 87' lang='lat' dir='ltr'>et</span> <span class='ocrx_word' id='word_1_342' title='bbox 1475 1031 1653 1071; x_wconf 87' lang='lat' dir='ltr'>fruendum,</span> <span class='ocrx_word' id='word_1_343' title='bbox 1669 1031 1814 1075; x_wconf 77' lang='lat' dir='ltr'>illiusque</span> 
     </span>
     <span class='ocr_line' id='line_1_62' title="bbox 1072 1082 1811 1128; baseline 0.004 -14"><span class='ocrx_word' id='word_1_344' title='bbox 1072 1082 1210 1115; x_wconf 82' lang='lat' dir='ltr'>decimas</span> <span class='ocrx_word' id='word_1_345' title='bbox 1235 1087 1263 1117; x_wconf 89' lang='lat' dir='ltr'>et</span> <span class='ocrx_word' id='word_1_346' title='bbox 1289 1084 1428 1116; x_wconf 89' lang='lat' dir='ltr'>redditus</span> <span class='ocrx_word' id='word_1_347' title='bbox 1452 1084 1688 1128; x_wconf 88' lang='lat' dir='ltr'>percipiendum</span> <span class='ocrx_word' id='word_1_348' title='bbox 1708 1085 1811 1127; x_wconf 80' lang='lat' dir='ltr'>(prout</span> 
     </span>
     <span class='ocr_line' id='line_1_63' title="bbox 1073 1136 1814 1181; baseline 0.003 -12"><span class='ocrx_word' id='word_1_349' title='bbox 1073 1136 1147 1169; x_wconf 89' lang='lat' dir='ltr'>dicti</span> <span class='ocrx_word' id='word_1_350' title='bbox 1171 1137 1329 1180; x_wconf 89' lang='lat' dir='ltr'>prioratus</span> <span class='ocrx_word' id='word_1_351' title='bbox 1349 1138 1482 1181; x_wconf 78' lang='lat' dir='ltr'>priores,</span> <span class='ocrx_word' id='word_1_352' title='bbox 1500 1144 1667 1181; x_wconf 89' lang='lat' dir='ltr'>antequam</span> <span class='ocrx_word' id='word_1_353' title='bbox 1687 1138 1757 1170; x_wconf 90' lang='lat' dir='ltr'>illae</span> <span class='ocrx_word' id='word_1_354' title='bbox 1776 1139 1814 1171; x_wconf 87' lang='lat' dir='ltr'>ab</span> 
     </span>
     <span class='ocr_line' id='line_1_64' title="bbox 1073 1189 1815 1234; baseline 0.001 -12"><span class='ocrx_word' id='word_1_355' title='bbox 1073 1189 1238 1223; x_wconf 87' lang='lat' dir='ltr'>haereticis</span> <span class='ocrx_word' id='word_1_356' title='bbox 1259 1196 1479 1234; x_wconf 86' lang='lat' dir='ltr'>occuparetur,</span> <span class='ocrx_word' id='word_1_357' title='bbox 1500 1191 1544 1223; x_wconf 90' lang='lat' dir='ltr'>uti</span> <span class='ocrx_word' id='word_1_358' title='bbox 1566 1196 1595 1223; x_wconf 84' lang='lat' dir='ltr'>et</span> <span class='ocrx_word' id='word_1_359' title='bbox 1614 1191 1674 1223; x_wconf 90' lang='lat' dir='ltr'>frui</span> <span class='ocrx_word' id='word_1_360' title='bbox 1694 1201 1729 1223; x_wconf 86' lang='lat' dir='ltr'>ac</span> <span class='ocrx_word' id='word_1_361' title='bbox 1747 1202 1815 1234; x_wconf 87' lang='lat' dir='ltr'>per-</span> 
     </span>
     <span class='ocr_line' id='line_1_65' title="bbox 1073 1243 1816 1287; baseline 0.003 -12"><span class='ocrx_word' id='word_1_362' title='bbox 1073 1243 1177 1286; x_wconf 86' lang='lat' dir='ltr'>cipere</span> <span class='ocrx_word' id='word_1_363' title='bbox 1202 1244 1384 1287; x_wconf 89' lang='lat' dir='ltr'>potuerunt)</span> <span class='ocrx_word' id='word_1_364' title='bbox 1410 1244 1547 1283; x_wconf 73' lang='lat' dir='ltr'>induxit;</span> <span class='ocrx_word' id='word_1_365' title='bbox 1573 1244 1684 1277; x_wconf 85' lang='lat' dir='ltr'>deinde</span> <span class='ocrx_word' id='word_1_366' title='bbox 1709 1244 1747 1276; x_wconf 89' lang='lat' dir='ltr'>ad</span> <span class='ocrx_word' id='word_1_367' title='bbox 1774 1245 1816 1277; x_wconf 91' lang='lat' dir='ltr'>lo-</span> 
     </span>
     <span class='ocr_line' id='line_1_66' title="bbox 1074 1296 1815 1341; baseline 0.001 -13"><span class='ocrx_word' id='word_1_368' title='bbox 1074 1307 1144 1328; x_wconf 88' lang='lat' dir='ltr'>cum</span> <span class='ocrx_word' id='word_1_369' title='bbox 1170 1296 1207 1329; x_wconf 88' lang='lat' dir='ltr'>de</span> <span class='ocrx_word' id='word_1_370' title='bbox 1232 1297 1422 1329; x_wconf 88' lang='lat' dir='ltr'>Fenestrelle</span> <span class='ocrx_word' id='word_1_371' title='bbox 1448 1308 1479 1330; x_wconf 86' lang='lat' dir='ltr'>se</span> <span class='ocrx_word' id='word_1_372' title='bbox 1505 1298 1650 1338; x_wconf 86' lang='lat' dir='ltr'>contulit,</span> <span class='ocrx_word' id='word_1_373' title='bbox 1680 1308 1815 1341; x_wconf 69' lang='lat' dir='ltr'>eumquf²</span> 
     </span>
     <span class='ocr_line' id='line_1_67' title="bbox 1074 1349 1816 1394; baseline 0.004 -13"><span class='ocrx_word' id='word_1_374' title='bbox 1074 1349 1115 1382; x_wconf 89' lang='lat' dir='ltr'>ibi</span> <span class='ocrx_word' id='word_1_375' title='bbox 1135 1350 1261 1393; x_wconf 76' lang='lat' dir='ltr'>praevia</span> <span class='ocrx_word' id='word_1_376' title='bbox 1287 1351 1421 1394; x_wconf 86' lang='lat' dir='ltr'>desuper</span> <span class='ocrx_word' id='word_1_377' title='bbox 1443 1354 1532 1394; x_wconf 72' lang='lat' dir='ltr'>capta</span> <span class='ocrx_word' id='word_1_378' title='bbox 1546 1351 1765 1384; x_wconf 87' lang='lat' dir='ltr'>informatione</span> <span class='ocrx_word' id='word_1_379' title='bbox 1779 1352 1816 1384; x_wconf 90' lang='lat' dir='ltr'>si-</span> 
     </span>
     <span class='ocr_line' id='line_1_68' title="bbox 1074 1403 1815 1448; baseline 0.003 -13"><span class='ocrx_word' id='word_1_380' title='bbox 1074 1403 1190 1436; x_wconf 84' lang='lat' dir='ltr'>militer</span> <span class='ocrx_word' id='word_1_381' title='bbox 1215 1404 1383 1447; x_wconf 80' lang='lat' dir='ltr'>accepisset</span> <span class='ocrx_word' id='word_1_382' title='bbox 1411 1405 1525 1444; x_wconf 73' lang='lat' dir='ltr'>locum,</span> <span class='ocrx_word' id='word_1_383' title='bbox 1545 1404 1576 1436; x_wconf 92' lang='lat' dir='ltr'>in</span> <span class='ocrx_word' id='word_1_384' title='bbox 1601 1416 1663 1447; x_wconf 85' lang='lat' dir='ltr'>quo</span> <span class='ocrx_word' id='word_1_385' title='bbox 1689 1405 1815 1448; x_wconf 84' lang='lat' dir='ltr'>sepelie-</span> 
     </span>
     <span class='ocr_line' id='line_1_69' title="bbox 1074 1457 1814 1497; baseline 0.003 -8"><span class='ocrx_word' id='word_1_386' title='bbox 1074 1457 1187 1490; x_wconf 86' lang='lat' dir='ltr'>bantur</span> <span class='ocrx_word' id='word_1_387' title='bbox 1207 1457 1366 1497; x_wconf 88' lang='lat' dir='ltr'>haeretici,</span> <span class='ocrx_word' id='word_1_388' title='bbox 1388 1458 1481 1490; x_wconf 87' lang='lat' dir='ltr'>fuisse</span> <span class='ocrx_word' id='word_1_389' title='bbox 1499 1458 1573 1491; x_wconf 92' lang='lat' dir='ltr'>olim</span> <span class='ocrx_word' id='word_1_390' title='bbox 1591 1459 1814 1492; x_wconf 85' lang='lat' dir='ltr'>coemeterium</span> 
     </span>
     <span class='ocr_line' id='line_1_70' title="bbox 1075 1510 1816 1555; baseline 0.004 -13"><span class='ocrx_word' id='word_1_391' title='bbox 1075 1510 1315 1550; x_wconf 90' lang='lat' dir='ltr'>catholicorum,</span> <span class='ocrx_word' id='word_1_392' title='bbox 1335 1511 1365 1543; x_wconf 90' lang='lat' dir='ltr'>in</span> <span class='ocrx_word' id='word_1_393' title='bbox 1383 1511 1498 1555; x_wconf 89' lang='lat' dir='ltr'>illoque</span> <span class='ocrx_word' id='word_1_394' title='bbox 1524 1511 1617 1544; x_wconf 87' lang='lat' dir='ltr'>etiam</span> <span class='ocrx_word' id='word_1_395' title='bbox 1641 1523 1750 1545; x_wconf 90' lang='lat' dir='ltr'>eorum</span> <span class='ocrx_word' id='word_1_396' title='bbox 1768 1523 1816 1545; x_wconf 86' lang='lat' dir='ltr'>ec-</span> 
     </span>
     <span class='ocr_line' id='line_1_71' title="bbox 1074 1560 1814 1608; baseline 0.004 -13"><span class='ocrx_word' id='word_1_397' title='bbox 1074 1563 1201 1596; x_wconf 88' lang='lat' dir='ltr'>clesiam</span> <span class='ocrx_word' id='word_1_398' title='bbox 1237 1569 1266 1596; x_wconf 88' lang='lat' dir='ltr'>et</span> <span class='ocrx_word' id='word_1_399' title='bbox 1306 1563 1435 1596; x_wconf 91' lang='lat' dir='ltr'>domum</span> <span class='ocrx_word' id='word_1_400' title='bbox 1468 1560 1666 1608; x_wconf 79' lang='lat' dir='ltr'>parochiales</span> <span class='ocrx_word' id='word_1_401' title='bbox 1700 1565 1814 1604; x_wconf 83' lang='lat' dir='ltr'>fuisse,</span> 
     </span>
     <span class='ocr_line' id='line_1_72' title="bbox 1075 1617 1815 1661; baseline 0.003 -13"><span class='ocrx_word' id='word_1_402' title='bbox 1075 1617 1212 1659; x_wconf 80' lang='lat' dir='ltr'>expulsis</span> <span class='ocrx_word' id='word_1_403' title='bbox 1236 1622 1399 1660; x_wconf 88' lang='lat' dir='ltr'>praeterea</span> <span class='ocrx_word' id='word_1_404' title='bbox 1425 1618 1534 1651; x_wconf 77' lang='lat' dir='ltr'>exinde</span> <span class='ocrx_word' id='word_1_405' title='bbox 1560 1619 1747 1661; x_wconf 84' lang='lat' dir='ltr'>haereticis,</span> <span class='ocrx_word' id='word_1_406' title='bbox 1773 1618 1815 1652; x_wconf 88' lang='lat' dir='ltr'>ibi</span> 
     </span>
     <span class='ocr_line' id='line_1_73' title="bbox 1075 1670 1815 1714; baseline 0.004 -12"><span class='ocrx_word' id='word_1_407' title='bbox 1075 1670 1188 1713; x_wconf 78' lang='lat' dir='ltr'>&lt;donec</span> <span class='ocrx_word' id='word_1_408' title='bbox 1212 1670 1376 1714; x_wconf 86' lang='lat' dir='ltr'>liquidatio</span> <span class='ocrx_word' id='word_1_409' title='bbox 1397 1672 1528 1704; x_wconf 85' lang='lat' dir='ltr'>aliarum</span> <span class='ocrx_word' id='word_1_410' title='bbox 1547 1677 1715 1712; x_wconf 87' lang='lat' dir='ltr'>terrarum,</span> <span class='ocrx_word' id='word_1_411' title='bbox 1733 1672 1815 1705; x_wconf 83' lang='lat' dir='ltr'>deci-</span> 
     </span>
     <span class='ocr_line' id='line_1_74' title="bbox 1076 1725 1812 1769; baseline 0.004 -13"><span class='ocrx_word' id='word_1_412' title='bbox 1076 1734 1197 1757; x_wconf 86' lang='lat' dir='ltr'>marum</span> <span class='ocrx_word' id='word_1_413' title='bbox 1224 1729 1251 1757; x_wconf 84' lang='lat' dir='ltr'>et</span> <span class='ocrx_word' id='word_1_414' title='bbox 1278 1725 1433 1758; x_wconf 86' lang='lat' dir='ltr'>bonorum</span> <span class='ocrx_word' id='word_1_415' title='bbox 1459 1725 1497 1758; x_wconf 91' lang='lat' dir='ltr'>ad</span> <span class='ocrx_word' id='word_1_416' title='bbox 1522 1726 1734 1769; x_wconf 88' lang='lat' dir='ltr'>parochialem</span> <span class='ocrx_word' id='word_1_417' title='bbox 1760 1737 1812 1759; x_wconf 87' lang='lat' dir='ltr'>ec-</span> 
     </span>
     <span class='ocr_line' id='line_1_75' title="bbox 1076 1777 1817 1822; baseline 0.004 -13"><span class='ocrx_word' id='word_1_418' title='bbox 1076 1777 1200 1810; x_wconf 86' lang='lat' dir='ltr'>clesiam</span> <span class='ocrx_word' id='word_1_419' title='bbox 1234 1777 1415 1811; x_wconf 89' lang='lat' dir='ltr'>huiusmodi</span> <span class='ocrx_word' id='word_1_420' title='bbox 1452 1779 1698 1822; x_wconf 82' lang='lat' dir='ltr'>pertinentium,</span> <span class='ocrx_word' id='word_1_421' title='bbox 1724 1785 1754 1812; x_wconf 88' lang='lat' dir='ltr'>et</span> <span class='ocrx_word' id='word_1_422' title='bbox 1779 1780 1817 1812; x_wconf 82' lang='grc'>311</span> 
     </span>
     <span class='ocr_line' id='line_1_76' title="bbox 1075 1830 1818 1874; baseline 0.005 -12"><span class='ocrx_word' id='word_1_423' title='bbox 1075 1830 1167 1863; x_wconf 88' lang='lat' dir='ltr'>unius</span> <span class='ocrx_word' id='word_1_424' title='bbox 1199 1831 1330 1874; x_wconf 88' lang='lat' dir='ltr'>parochi</span> <span class='ocrx_word' id='word_1_425' title='bbox 1368 1832 1623 1866; x_wconf 86' lang='lat' dir='ltr'>sustentationem</span> <span class='ocrx_word' id='word_1_426' title='bbox 1661 1833 1818 1866; x_wconf 84' lang='lat' dir='ltr'>sufficien-</span> 
     </span>
     <span class='ocr_line' id='line_1_77' title="bbox 1077 1883 1815 1927; baseline 0.004 -11"><span class='ocrx_word' id='word_1_427' title='bbox 1077 1883 1152 1916; x_wconf 87' lang='lat' dir='ltr'>tium</span> <span class='ocrx_word' id='word_1_428' title='bbox 1178 1883 1256 1916; x_wconf 84' lang='lat' dir='ltr'>sacta</span> <span class='ocrx_word' id='word_1_429' title='bbox 1285 1884 1391 1927; x_wconf 84' lang='lat' dir='ltr'>fuerit)</span> <span class='ocrx_word' id='word_1_430' title='bbox 1417 1885 1495 1918; x_wconf 87' lang='lat' dir='ltr'>duos</span> <span class='ocrx_word' id='word_1_431' title='bbox 1527 1884 1651 1919; x_wconf 89' lang='lat' dir='ltr'>Ordinis</span> <span class='ocrx_word' id='word_1_432' title='bbox 1682 1886 1815 1919; x_wconf 83' lang='lat' dir='ltr'>fratrum</span> 
     </span>
     <span class='ocr_line' id='line_1_78' title="bbox 1076 1936 1816 1973; baseline 0.005 -5"><span class='ocrx_word' id='word_1_433' title='bbox 1076 1936 1232 1970; x_wconf 84' lang='lat' dir='ltr'>Minorum</span> <span class='ocrx_word' id='word_1_434' title='bbox 1258 1938 1355 1971; x_wconf 86' lang='lat' dir='ltr'>sancti</span> <span class='ocrx_word' id='word_1_435' title='bbox 1373 1939 1531 1972; x_wconf 85' lang='lat' dir='ltr'>Francisci</span> <span class='ocrx_word' id='word_1_436' title='bbox 1556 1939 1594 1972; x_wconf 86' lang='lat' dir='ltr'>de</span> <span class='ocrx_word' id='word_1_437' title='bbox 1615 1939 1816 1973; x_wconf 62' lang='lat' dir='ltr'>Observantia</span> 
     </span>
     <span class='ocr_line' id='line_1_79' title="bbox 1075 1992 1818 2034; baseline 0.005 -13"><span class='ocrx_word' id='word_1_438' title='bbox 1075 1996 1328 2033; x_wconf 88' lang='lat' dir='ltr'>nuncupatorum</span> <span class='ocrx_word' id='word_1_439' title='bbox 1359 1992 1553 2034; x_wconf 84' lang='lat' dir='ltr'>professores</span> <span class='ocrx_word' id='word_1_440' title='bbox 1578 1993 1758 2033; x_wconf 81' lang='lat' dir='ltr'>constituit,</span> <span class='ocrx_word' id='word_1_441' title='bbox 1785 1994 1818 2025; x_wconf 95' lang='lat' dir='ltr'>il-</span> 
     </span>
     <span class='ocr_line' id='line_1_80' title="bbox 1076 2042 1813 2088; baseline 0.007 -14"><span class='ocrx_word' id='word_1_442' title='bbox 1076 2042 1176 2086; x_wconf 82' lang='lat' dir='ltr'>lisque</span> <span class='ocrx_word' id='word_1_443' title='bbox 1200 2054 1294 2076; x_wconf 91' lang='lat' dir='ltr'>unam</span> <span class='ocrx_word' id='word_1_444' title='bbox 1319 2044 1449 2077; x_wconf 87' lang='lat' dir='ltr'>domum</span> <span class='ocrx_word' id='word_1_445' title='bbox 1474 2056 1532 2088; x_wconf 91' lang='lat' dir='ltr'>pro</span> <span class='ocrx_word' id='word_1_446' title='bbox 1557 2056 1665 2079; x_wconf 87' lang='lat' dir='ltr'>eorum</span> <span class='ocrx_word' id='word_1_447' title='bbox 1692 2046 1813 2080; x_wconf 86' lang='lat' dir='ltr'>habita-</span> 
     </span>
     <span class='ocr_line' id='line_1_81' title="bbox 1076 2095 1817 2139; baseline 0.005 -12"><span class='ocrx_word' id='word_1_448' title='bbox 1076 2095 1160 2128; x_wconf 83' lang='lat' dir='ltr'>tione</span> <span class='ocrx_word' id='word_1_449' title='bbox 1184 2097 1281 2129; x_wconf 85' lang='lat' dir='ltr'>locari</span> <span class='ocrx_word' id='word_1_450' title='bbox 1307 2098 1436 2139; x_wconf 74' lang='lat' dir='ltr'>curavit,</span> <span class='ocrx_word' id='word_1_451' title='bbox 1458 2102 1487 2132; x_wconf 83' lang='lat' dir='ltr'>et</span> <span class='ocrx_word' id='word_1_452' title='bbox 1511 2099 1540 2131; x_wconf 91' lang='lat' dir='ltr'>in</span> <span class='ocrx_word' id='word_1_453' title='bbox 1567 2109 1630 2132; x_wconf 91' lang='lat' dir='ltr'>uno</span> <span class='ocrx_word' id='word_1_454' title='bbox 1655 2110 1690 2132; x_wconf 82' lang='lat' dir='ltr'>ex</span> <span class='ocrx_word' id='word_1_455' title='bbox 1717 2099 1817 2132; x_wconf 77' lang='lat' dir='ltr'>dictae</span> 
     </span>
     <span class='ocr_line' id='line_1_82' title="bbox 1076 2150 1817 2192; baseline 0.007 -11"><span class='ocrx_word' id='word_1_456' title='bbox 1076 2150 1188 2182; x_wconf 84' lang='lat' dir='ltr'>doinus</span> <span class='ocrx_word' id='word_1_457' title='bbox 1214 2151 1394 2192; x_wconf 87' lang='lat' dir='ltr'>cubiculis¹,</span> <span class='ocrx_word' id='word_1_458' title='bbox 1413 2152 1450 2184; x_wconf 87' lang='lat' dir='ltr'>ab</span> <span class='ocrx_word' id='word_1_459' title='bbox 1471 2153 1617 2185; x_wconf 84' lang='lat' dir='ltr'>omnibus</span> <span class='ocrx_word' id='word_1_460' title='bbox 1637 2153 1817 2186; x_wconf 82' lang='lat' dir='ltr'>domesticis</span> 
     </span>
     <span class='ocr_line' id='line_1_83' title="bbox 1076 2204 1817 2247; baseline 0.005 -12"><span class='ocrx_word' id='word_1_461' title='bbox 1076 2204 1185 2236; x_wconf 89' lang='lat' dir='ltr'>usibus</span> <span class='ocrx_word' id='word_1_462' title='bbox 1208 2205 1318 2244; x_wconf 85' lang='lat' dir='ltr'>libero,</span> <span class='ocrx_word' id='word_1_463' title='bbox 1344 2216 1379 2238; x_wconf 89' lang='lat' dir='ltr'>ac</span> <span class='ocrx_word' id='word_1_464' title='bbox 1404 2206 1551 2239; x_wconf 87' lang='lat' dir='ltr'>decenter</span> <span class='ocrx_word' id='word_1_465' title='bbox 1575 2213 1696 2247; x_wconf 81' lang='lat' dir='ltr'>ornato,</span> <span class='ocrx_word' id='word_1_466' title='bbox 1721 2213 1748 2239; x_wconf 88' lang='lat' dir='ltr'>et</span> <span class='ocrx_word' id='word_1_467' title='bbox 1780 2208 1817 2239; x_wconf 80' lang='grc'>311</span> 
     </span>
     <span class='ocr_line' id='line_1_84' title="bbox 1076 2257 1817 2299; baseline 0.007 -11"><span class='ocrx_word' id='word_1_468' title='bbox 1076 2257 1210 2289; x_wconf 86' lang='lat' dir='ltr'>formam</span> <span class='ocrx_word' id='word_1_469' title='bbox 1239 2258 1369 2290; x_wconf 90' lang='lat' dir='ltr'>oratorii</span> <span class='ocrx_word' id='word_1_470' title='bbox 1402 2259 1550 2299; x_wconf 85' lang='lat' dir='ltr'>redactO,</span> <span class='ocrx_word' id='word_1_471' title='bbox 1583 2267 1817 2293; x_wconf 81' lang='lat' dir='ltr'>sacrosanctum</span> 
     </span>
     <span class='ocr_line' id='line_1_85' title="bbox 1077 2310 1817 2355; baseline 0.005 -13"><span class='ocrx_word' id='word_1_472' title='bbox 1077 2310 1189 2343; x_wconf 87' lang='lat' dir='ltr'>missae</span> <span class='ocrx_word' id='word_1_473' title='bbox 1214 2311 1403 2344; x_wconf 83' lang='lat' dir='ltr'>sacrificium</span> <span class='ocrx_word' id='word_1_474' title='bbox 1429 2313 1553 2355; x_wconf 86' lang='lat' dir='ltr'>publice</span> <span class='ocrx_word' id='word_1_475' title='bbox 1578 2313 1755 2346; x_wconf 84' lang='lat' dir='ltr'>celebrandi</span> <span class='ocrx_word' id='word_1_476' title='bbox 1781 2314 1817 2346; x_wconf 84' lang='lat' dir='ltr'>li-</span> 
     </span>
     <span class='ocr_line' id='line_1_86' title="bbox 1077 2364 1818 2407; baseline 0.005 -11"><span class='ocrx_word' id='word_1_477' title='bbox 1077 2364 1208 2396; x_wconf 83' lang='lat' dir='ltr'>centiam</span> <span class='ocrx_word' id='word_1_478' title='bbox 1235 2365 1399 2406; x_wconf 86' lang='lat' dir='ltr'>concessit,</span> <span class='ocrx_word' id='word_1_479' title='bbox 1420 2365 1519 2399; x_wconf 89' lang='lat' dir='ltr'>donec</span> <span class='ocrx_word' id='word_1_480' title='bbox 1545 2366 1588 2399; x_wconf 87' lang='lat' dir='ltr'>eis</span> <span class='ocrx_word' id='word_1_481' title='bbox 1605 2367 1745 2407; x_wconf 87' lang='lat' dir='ltr'>ecclesia,</span> <span class='ocrx_word' id='word_1_482' title='bbox 1767 2367 1818 2400; x_wconf 90' lang='lat' dir='ltr'>do-</span> 
     </span>
     <span class='ocr_line' id='line_1_87' title="bbox 1077 2418 1817 2460; baseline 0.005 -11"><span class='ocrx_word' id='word_1_483' title='bbox 1077 2427 1208 2460; x_wconf 86' lang='lat' dir='ltr'>musque</span> <span class='ocrx_word' id='word_1_484' title='bbox 1233 2418 1387 2460; x_wconf 76' lang='lat' dir='ltr'>regularis</span> <span class='ocrx_word' id='word_1_485' title='bbox 1412 2425 1609 2453; x_wconf 86' lang='lat' dir='ltr'>constructae</span> <span class='ocrx_word' id='word_1_486' title='bbox 1635 2421 1767 2460; x_wconf 88' lang='lat' dir='ltr'>suerint;</span> <span class='ocrx_word' id='word_1_487' title='bbox 1788 2425 1817 2454; x_wconf 87' lang='lat' dir='ltr'>et</span> 
     </span>
     <span class='ocr_line' id='line_1_88' title="bbox 1076 2471 1816 2515; baseline 0.005 -12"><span class='ocrx_word' id='word_1_488' title='bbox 1076 2471 1209 2504; x_wconf 82' lang='lat' dir='ltr'>subinde</span> <span class='ocrx_word' id='word_1_489' title='bbox 1233 2472 1270 2503; x_wconf 86' lang='lat' dir='ltr'>ad</span> <span class='ocrx_word' id='word_1_490' title='bbox 1296 2472 1399 2505; x_wconf 87' lang='lat' dir='ltr'>locum</span> <span class='ocrx_word' id='word_1_491' title='bbox 1421 2473 1459 2505; x_wconf 89' lang='lat' dir='ltr'>de</span> <span class='ocrx_word' id='word_1_492' title='bbox 1486 2474 1621 2506; x_wconf 75' lang='lat' dir='ltr'>t&#39;sseaux</span> <span class='ocrx_word' id='word_1_493' title='bbox 1640 2475 1816 2515; x_wconf 84' lang='lat' dir='ltr'>translatus,</span> 
     </span>
     <span class='ocr_line' id='line_1_89' title="bbox 1077 2526 1816 2569; baseline 0.004 -11"><span class='ocrx_word' id='word_1_494' title='bbox 1077 2526 1213 2569; x_wconf 81' lang='lat' dir='ltr'>expulsis</span> <span class='ocrx_word' id='word_1_495' title='bbox 1237 2527 1355 2569; x_wconf 84' lang='lat' dir='ltr'>pariter</span> <span class='ocrx_word' id='word_1_496' title='bbox 1379 2527 1545 2560; x_wconf 86' lang='lat' dir='ltr'>haereticis</span> <span class='ocrx_word' id='word_1_497' title='bbox 1569 2538 1606 2560; x_wconf 82' lang='lat' dir='ltr'>ex</span> <span class='ocrx_word' id='word_1_498' title='bbox 1627 2529 1816 2561; x_wconf 89' lang='lat' dir='ltr'>coemeterio</span> 
     </span>
     <span class='ocr_line' id='line_1_90' title="bbox 1077 2579 1817 2627; baseline 0.005 -15"><span class='ocrx_word' id='word_1_499' title='bbox 1077 2579 1314 2619; x_wconf 86' lang='lat' dir='ltr'>catholicorum,</span> <span class='ocrx_word' id='word_1_500' title='bbox 1332 2580 1363 2613; x_wconf 92' lang='lat' dir='ltr'>in</span> <span class='ocrx_word' id='word_1_501' title='bbox 1387 2591 1450 2624; x_wconf 91' lang='lat' dir='ltr'>quo</span> <span class='ocrx_word' id='word_1_502' title='bbox 1471 2581 1530 2614; x_wconf 85' lang='lat' dir='ltr'>alia</span> <span class='ocrx_word' id='word_1_503' title='bbox 1546 2581 1639 2615; x_wconf 89' lang='lat' dir='ltr'>etiam</span> <span class='ocrx_word' id='word_1_504' title='bbox 1656 2583 1817 2627; x_wconf 85' lang='lat' dir='ltr'>parochia-</span> 
     </span>
     <span class='ocr_line' id='line_1_91' title="bbox 1113 2641 1669 2681; baseline 0.007 -12"><span class='ocrx_word' id='word_1_505' title='bbox 1113 2643 1124 2669; x_wconf 87' lang='lat'><strong>1</strong></span> <span class='ocrx_word' id='word_1_506' title='bbox 1142 2641 1211 2670; x_wconf 83' lang='lat' dir='ltr'>Edit.</span> <span class='ocrx_word' id='word_1_507' title='bbox 1227 2641 1307 2672; x_wconf 84' lang='lat' dir='ltr'>Main.</span> <span class='ocrx_word' id='word_1_508' title='bbox 1323 2642 1406 2671; x_wconf 86' lang='lat' dir='ltr'>habet</span> <span class='ocrx_word' id='word_1_509' title='bbox 1420 2643 1549 2672; x_wconf 77' lang='lat' dir='ltr'>cubiculo</span> <span class='ocrx_word' id='word_1_510' title='bbox 1564 2645 1603 2681; x_wconf 77' lang='lat' dir='ltr'>(n.</span> <span class='ocrx_word' id='word_1_511' title='bbox 1621 2645 1669 2681; x_wconf 85' lang='grc' dir='ltr'>Τ.).</span> 
     </span>
    </p>
   </div>
   <div class='ocr_carea' id='block_1_9' title="bbox 1714 226 2006 265">
    <p class='ocr_par' dir='ltr' id='par_1_9' title="bbox 1714 226 2006 265">
     <span class='ocr_line' id='line_1_92' title="bbox 1714 226 2006 265; baseline 0.021 -6"><span class='ocrx_word' id='word_1_512' title='bbox 1714 226 1777 260; x_wconf 76' lang='grc'><strong>133</strong></span> <span class='ocrx_word' id='word_1_513' title='bbox 1824 236 1875 263; x_wconf 77' lang='lat' dir='ltr'>An.</span> <span class='ocrx_word' id='word_1_514' title='bbox 1892 236 1919 262; x_wconf 85' lang='lat' dir='ltr'>c.</span> <span class='ocrx_word' id='word_1_515' title='bbox 1939 237 2006 265; x_wconf 74' lang='lat'>1630</span> 
     </span>
    </p>
   </div>
  </div>
 </body>
</html>
