2248 3229
120 239 172 268 Αιι.
192 238 221 266 C.
243 237 312 266 {638

931 235 1033 260 URBAN
1038 233 1074 259 US
1099 232 1154 258 vm
1179 233 1225 258 121³.

318 285 378 329 giis
390 294 526 329 quoque,
543 284 671 319 indultis
688 289 718 318 et
733 284 846 318 litteris
864 283 1057 328 apostolicis,

319 339 437 372 eisdem
463 338 570 373 Ordini
595 343 625 372 et
648 338 839 383 provinciae,
860 348 895 371 ac
913 337 1058 370 ministro

319 392 516 436 provinciali,
541 391 673 436 aliisque
701 391 851 425 fratribus
880 390 1059 435 praedictis,

319 444 366 478 et¹
383 446 548 490 quibusvis
564 446 657 479 etiam
682 445 955 488 derogatoriarum
973 443 1062 477 dero-

320 499 460 543 gatoriis,
474 499 605 544 aliisque
628 499 857 533 efficacioribus
875 503 905 531 et
928 497 1061 531 insolitis

320 553 478 596 clausulis,
504 553 763 597 irritantibusque
779 558 809 586 et
829 552 898 586 aliis
915 551 1061 592 decretis,

320 607 415 640 etiam
440 613 527 641 motu
548 608 691 652 proprio,
709 617 744 641 ac
761 618 798 640 ex
816 608 902 642 certa
923 605 1061 646 scientia,

321 666 351 694 et
367 660 406 694 de
424 662 615 706 apostolicae
632 661 793 705 potestatis
811 659 1014 704 plenitudine,
1031 659 1062 692 in

321 724 438 757 genere
463 715 510 748 vel
535 714 567 748 in
591 715 706 758 specie,
730 725 766 748 ae
786 714 862 747 alias
887 713 918 746 in
943 718 1064 746 eontra-

320 768 405 801 rium
440 769 688 814 praemissorum
720 767 958 813 quomodolibet
983 777 1061 801 eon-

321 823 438 865 cessis,
464 823 659 856 confirmatis
690 826 721 857 et
749 822 926 862 innovatis;
950 821 1064 865 quibus

322 876 469 910 omnibus
482 883 512 910 et
529 877 672 920 singulis,
685 876 807 910 etiamsi
825 886 883 920 pro
897 874 1064 909 sufficienti

322 930 451 964 illorum
481 930 687 974 derogatione
723 929 762 963 de
798 929 860 962 illis
891 938 1066 972 eorumque

322 984 396 1018 totis
407 983 570 1018 tenoribus
583 982 739 1028 specialis,
751 982 908 1027 specifica,
919 991 1066 1026 expressa

322 1043 353 1071 et
377 1037 538 1071 individua
561 1048 598 1071 ac
613 1036 653 1070 de
669 1037 768 1070 verbo
788 1035 827 1068 ad
844 1036 989 1076 verbum,
1002 1045 1066 1068 non

322 1097 426 1125 autem
451 1101 509 1136 per
533 1090 690 1124 clausulas
715 1089 879 1133 generales
901 1088 983 1121 idem
1008 1088 1067 1121 im-

322 1149 493 1188 portantes,
518 1144 636 1178 mentio
660 1143 803 1176 facienda
817 1148 870 1176 aut
887 1142 991 1186 aliqua
1007 1142 1067 1174 alia

322 1197 476 1242 exquisita
499 1197 600 1231 forma
629 1196 668 1230 ad
700 1197 761 1230 hoc
793 1195 945 1229 servanda
969 1195 1067 1236 soret,

324 1251 452 1285 illorum
476 1251 618 1284 omnium
633 1255 760 1284 tenores
775 1249 995 1294 praesentibus
1009 1259 1068 1293 pro

323 1305 416 1349 plene
440 1311 471 1338 et
494 1304 686 1338 sufficienter
711 1303 868 1348 expressis
897 1303 1066 1343 habentes,

324 1359 386 1392 illis
409 1359 486 1392 alias
510 1359 542 1391 in
566 1369 624 1392 suo
649 1357 764 1391 robore
784 1356 1011 1401 permansuris,
1030 1355 1068 1388 ad

325 1413 576 1457 praemissorum
594 1412 751 1452 effectum,
772 1411 952 1455 specialiter
969 1415 1000 1443 et
1015 1419 1068 1442 ex-

325 1476 434 1510 presse
458 1465 666 1509 derogamus;
699 1465 876 1508 ceterisque
901 1463 1069 1497 contrariis

325 1519 588 1563 quibuscumque.

369 1573 482 1606 Datum
502 1574 632 1614 Romae,
655 1573 739 1617 apud
763 1573 792 1607 S.
814 1571 944 1606 Mariam
969 1571 1067 1605 Maio-

327 1637 406 1668 rem,
426 1627 485 1661 sub
510 1627 627 1660 annulo
652 1626 830 1666 Piscatoris,
853 1626 904 1658 die
924 1635 980 1659 x111
996 1625 1070 1658 maii

326 1690 524 1722 uncxxxvnr,
540 1680 744 1725 pontificatus
762 1679 863 1713 nostri
883 1689 965 1712 anno
988 1688 1039 1712 xv.

364 1744 421 1772 Dat.
439 1744 482 1773 die
499 1744 532 1773 13
547 1744 614 1772 maii
630 1744 714 1780 1638,
735 1743 832 1780 pontif.
850 1750 922 1771 anno
938 1749 981 1769 xv.

662 1979 744 2014 DCV.

333 2105 425 2146 Quod
447 2105 594 2140 sacerdos
617 2105 781 2138 celebrans
812 2104 845 2136 in
877 2103 981 2136 altari
1005 2113 1075 2147 cap-

374 2160 480 2204 pellae
498 2163 628 2193 sanctae
649 2158 850 2194 catharinae
863 2157 1012 2192 Senensis
1025 2167 1070 2190 su-

373 2224 432 2258 per
465 2214 648 2247 Minervam
681 2222 741 2256 pro
776 2212 892 2244 animet
931 2211 1074 2244 alicuius

378 2267 523 2310 defuncti
544 2266 653 2299 liberet
677 2276 749 2298 eam
772 2276 791 2298 a
813 2265 925 2309 poenis
940 2275 999 2308 per
1013 2275 1075 2298 mo-

377 2321 456 2354 dum
486 2320 648 2364 suffraqi'i.
685 2319 879 2354 Conceditur
907 2323 1075 2362 praeterea

378 2373 590 2417 indulqenlia
612 2373 766 2417 plenaria
788 2383 847 2416 pro
864 2372 1075 2404 visitantibus

378 2426 502 2460 dictam
532 2426 717 2469 cappellam
747 2426 785 2458 in
815 2425 884 2458 eius
914 2424 967 2458 die
996 2425 1075 2468 sesto

379 2481 603 2514 communione
627 2480 751 2523 resectis
764 2479 784 2512 ².

375 2563 383 2588 l
408 2561 499 2589 Potius
519 2560 577 2597 lege
596 2561 648 2588 sub
669 2560 707 2588 vel
728 2569 793 2587 cum
811 2560 850 2595 (n.
866 2561 916 2595 τ.).

370 2607 387 2634 2
403 2608 499 2634 Plures
513 2606 613 2634 summi
631 2605 772 2634 Pontifices
788 2605 981 2633 concesserunt
1000 2603 1075 2632 simi-

337 2651 376 2679 les
391 2651 574 2687 indulgentias
589 2650 705 2678 diversis
720 2649 901 2686 regularibus.

1739 220 1798 254 651
1849 229 1898 256 An.
1914 228 1943 257 C.
1965 227 2034 258 1638

1296 281 1432 308 Urbanus
1453 279 1533 314 Papa
1551 278 1630 312 vm,

1234 326 1271 354 ad
1291 326 1423 353 futuram
1442 324 1487 352 rei
1508 323 1690 351 memoriam.
1738 351 1746 357 ,

1137 390 1152 433 ἓ
1176 389 1205 422 1.
1226 389 1313 431 Cum,
1339 388 1419 422 sicut
1443 387 1631 432 acecpimus,
1655 387 1786 420 dilectus
1803 386 1836 419 si-
1877 398 2036 428 emmaum:

1094 442 1153 475 lius
1176 446 1284 476 noster
1309 443 1460 476 Antonius
1478 443 1506 476 S.
1528 441 1667 485 Agatliae
1683 440 1835 474 diaconus
1851 425 2019 447 ⁰⁰⁰⁵²'¹¹¹²¹⁰¹¹'⁶'

1094 494 1263 528 cardinalis
1288 495 1479 528 Barberinus
1503 499 1711 538 nuncupatus,
1729 498 1835 527 noster

1095 548 1268 581 secundum
1294 559 1421 581 carnem
1443 559 1479 581 ex
1497 549 1591 580 l'ratre
1616 557 1768 590 germano
1785 557 1836 580 ne-

1095 612 1162 645 pos,
1187 602 1313 635 Ordinis
1338 602 1435 635 sancti
1460 601 1614 636 Dominiei
1632 600 1715 645 apud
1731 611 1788 634 nos
1805 606 1837 634 et

1096 655 1209 689 Sedem
1234 657 1445 700 Apostolicam
1466 660 1637 700 protector,
1651 666 1708 699 pro
1722 654 1836 688 eximia

1097 711 1153 742 sua
1178 710 1210 742 in
1234 710 1333 743 Deum
1358 710 1492 754 pietate,
1521 721 1557 742 ae
1588 720 1664 752 erga
1696 713 1838 742 sanctam

1097 763 1296 797 Catharinam
1317 764 1487 797 Senensem
1513 763 1586 797 dicti
1605 763 1729 796 Ordinis
1749 762 1841 796 devo-

1098 817 1204 857 tione,
1229 818 1405 861 cappellam
1433 818 1508 851 olim
1534 817 1714 851 cubiculum
1740 816 1841 849 dictae

1099 874 1223 905 sanctae
1247 871 1432 904 Catliarinae
1450 871 1481 903 in
1499 871 1581 904 Urbe
1605 871 1750 910 existens,
1769 880 1841 903 cum

1099 924 1164 957 suis
1176 924 1361 968 parietibus,
1376 924 1654 957 incrustationibus
1668 929 1697 957 et
1711 923 1842 967 picturis

1099 977 1235 1020 antiquis
1260 978 1291 1010 in
1314 988 1352 1011 eo
1377 977 1582 1010 existentibus
1616 977 1777 1011 transferri
1803 976 1843 1009 ad

1099 1031 1264 1064 ecclesiam
1288 1031 1399 1065 Beatae
1416 1030 1531 1064 Mariae
1550 1041 1647 1074 super
1670 1030 1842 1063 Minervam

1099 1084 1213 1118 domus
1237 1084 1393 1127 regularis
1418 1084 1492 1117 dicti
1517 1083 1642 1117 Ordinis
1669 1083 1707 1115 de
1732 1083 1842 1116 eadem

1101 1139 1184 1172 [vhe
1208 1144 1239 1172 et
1262 1149 1360 1182 prope
1378 1137 1553 1171 sacristiam
1573 1137 1673 1170 dictae
1691 1135 1843 1170 eeclesiae

1101 1192 1250 1226 collocari
1270 1192 1444 1234 curaverit,

1145 1246 1160 1289 ἓ
1182 1245 1211 1278 Ξ.
1228 1246 1300 1287 Nos,
1314 1245 1458 1279 eamdem
1479 1246 1654 1289 cappellam
1675 1243 1846 1288 spirituali·
1887 1251 2044 1290 eoncmiaipm-

1100 1299 1160 1332 bus
1184 1298 1452 1342 indulgentiarum
1479 1298 1664 1331 muneribus
1692 1298 1845 1331 decorare
1860 1281 1918 1301 ⁰²¹⁰
1933 1279 2026 1301 ‘unm'

1102 1352 1251 1391 volentes,
1275 1351 1460 1385 auctoritate
1485 1351 1575 1384 nobis
1597 1361 1615 1383 a
1631 1351 1766 1384 Domino
1784 1356 1845 1384 tra-

1102 1406 1178 1447 dita,
1196 1417 1232 1439 ac
1252 1406 1290 1438 de
1307 1405 1535 1449 omnipotentis
1555 1405 1609 1438 Dei
1629 1404 1847 1437 misericordia

1103 1471 1138 1493 ac
1161 1460 1326 1493 beatorum
1353 1459 1436 1493 Petri
1461 1464 1491 1492 et
1516 1459 1603 1492 Pauli
1627 1459 1847 1502 apostolorum

1103 1513 1170 1546 eius
1184 1513 1369 1547 auctoritate
1387 1512 1508 1553 contisi,
1522 1516 1564 1554 ut,
1582 1512 1847 1556 quandocumque

1104 1568 1251 1601 sacerdos
1285 1567 1398 1611 aliquis
1434 1566 1584 1600 secularis
1616 1565 1680 1599 sive
1710 1564 1847 1598 cuiusvis

1104 1621 1229 1655 Ordinis
1243 1621 1398 1664 regularis
1411 1620 1538 1653 missam
1553 1619 1774 1652 defunctorum
1789 1628 1847 1662 pro

1105 1675 1209 1707 anima
1235 1674 1461 1717 cuiuscumque
1485 1673 1597 1713 fidelis,
1622 1683 1702 1716 quae
1725 1672 1789 1705 Deo
1815 1671 1847 1704 in

1105 1729 1258 1762 charitate
1283 1728 1450 1762 coniuncta
1470 1727 1508 1760 ab
1526 1727 1585 1760 hac
1606 1727 1675 1759 luce
1696 1726 1850 1769 migrave-

1106 1783 1156 1823 rit,
1182 1782 1221 1815 ad
1245 1783 1342 1816 altare
1366 1782 1467 1815 dictae
1485 1781 1645 1824 cappellae
1665 1779 1847 1820 celebrabit,

1106 1836 1210 1869 anima
1234 1836 1301 1880 ipsa
1320 1835 1359 1869 de
1379 1835 1528 1868 thesauro
1542 1834 1699 1867 Ecclesiae
1713 1843 1770 1877 per
1787 1843 1851 1866 mo-

1106 1889 1182 1923 dum
1206 1889 1349 1933 suffragii
1376 1889 1603 1932 indulgentiam
1629 1891 1850 1930 consequatur,

1151 1944 1166 1987 ἓ
1189 1943 1219 1976 3.
1243 1943 1324 1977 ltaut
1348 1942 1472 1976 Domini
1497 1941 1601 1975 Nostri
1626 1941 1696 1974 Iesu
1720 1939 1849 1982 Christi,
1866 1944 2052 1993 uerr'fffllreutbrffij

1107 2007 1143 2030 ac
1167 1996 1366 2030 beatissimae
1386 1995 1524 2039 Virginis
1548 1995 1681 2035 Mariae,
1715 1994 1848 2027 Sancto-
1867 1989 2052 2046 „⁶3¹¹ffl3'sstssssu‘3ss,

1108 2061 1243 2094 rumque
1266 2050 1410 2083 omnium
1428 2049 1549 2082 meritis
1569 2048 1629 2081 sibi
1652 2047 1852 2090 suffraganti-
1867 2032 1990 2099 cgpgffiffi
2022 2051 2052 2072 ἰυ-

1108 2103 1395 2147 bus,apurgat0rii
1422 2102 1532 2146 poenis
1556 2101 1719 2141 liberetur,
1745 2085 1901 2134 conce-³⁹
1992 2092 1998 2099 ’

1108 2157 1212 2190 dimus
1229 2162 1259 2190 et
1279 2156 1490 2199 indulgemus.
1509 2155 1641 2198 Insuper
1656 2154 1851 2197 mulieribus,

1109 2211 1339 2254 cuiuscumque
1364 2215 1483 2251 status,
1517 2209 1655 2252 gradus,
1680 2207 1800 2241 ordinis
1824 2213 1855 2241 et

1109 2264 1298 2297 conditionis
1322 2263 1475 2303 existant,
1507 2261 1565 2295 sub
1597 2261 1854 2295 excommunica-

1109 2317 1202 2350 tionis
1227 2318 1306 2350 latae
1331 2315 1502 2349 sententiae
1527 2318 1639 2359 poena,
1664 2325 1682 2347 a
1706 2324 1767 2358 qua
1792 2324 1855 2347 non

1110 2371 1231 2415 possint
1254 2370 1313 2403 nisi
1339 2380 1356 2402 a
1379 2369 1471 2403 nobis
1493 2374 1523 2402 et
1546 2369 1686 2402 Romano
1705 2368 1855 2401 Pontifice

1110 2436 1167 2469 pro
1205 2430 1347 2468 tempore
1384 2423 1536 2456 existente
1568 2427 1791 2466 praeterquam
1823 2420 1856 2454 in

1111 2478 1221 2511 mortis
1259 2477 1393 2510 articulo
1429 2475 1569 2515 absolvi,
1606 2485 1645 2508 ne
1681 2474 1855 2518 cappellam

1110 2532 1302 2576 praedictam
1329 2530 1450 2573 ingredi
1477 2530 1612 2563 audeant
1642 2540 1697 2561 seu
1724 2538 1854 2572 praesu-

1111 2591 1206 2626 mant,
1230 2590 1455 2628 praeterquam
1480 2583 1510 2615 in
1535 2583 1585 2615 die
1610 2583 1687 2615 sesto
1712 2580 1855 2614 eiusdem

1111 2645 1235 2673 sanctae
1260 2638 1444 2673 Catliarinae
1464 2636 1621 2676 Senensis,
1643 2645 1705 2679 qno
1725 2634 1776 2668 die
1793 2644 1854 2669 ma-
