2248 3229
0 2416 9 2716 -η-νη-νν-Ἷ
0 2379 4 2391 v
0 2355 1 2365 ⁴

1051 258 1149 283 tubex
1173 257 1281 282 nanum
1831 242 1894 278 755

399 312 585 346 Assisiensis
601 311 757 345 ecclesiae
774 311 804 345 S.
821 309 937 345 Mariae
955 311 1150 354 Angelorum
1169 310 1365 351 indulgentia
1382 305 1604 342 portiunculae
1622 308 1812 349 nuncupata,
1828 305 1889 339 233
1908 316 1938 345 α;

487 365 671 400 extenditur
695 364 735 398 ad
759 374 868 398 omnes
893 364 1047 411 eeclesias
1071 365 1204 398 fratrum
1228 363 1384 397 Minorum
1408 363 1508 396 sancti
1533 360 1693 395 Francisei
1717 361 1748 393 in
1769 358 1858 393 Italia
1875 361 1940 394 exi-

489 422 620 460 stentes,
648 418 727 451 ibid.

401 472 559 516 Astrologi
586 472 744 506 iudiciarii
769 471 885 517 quibus
911 473 1023 516 poenis
1047 471 1227 509 coercendi.
1253 471 1314 504 212
1339 481 1359 503 ιι
1384 473 1414 504 et
1434 480 1496 514 seq.

402 525 573 569 Augustini
600 526 655 561 (S)
681 525 893 559 Eremitarum
918 524 1016 564 Ordo,
1044 525 1083 558 1⁶.)
1108 525 1142 564 b;
1169 524 1246 558 nulli
1272 524 1365 557 liceat
1390 523 1508 557 babere
1526 532 1634 555 vocem
1653 523 1683 555 in
1705 520 1851 565 capitulis
1872 530 1940 565 pro-

490 578 680 612 vincialibus
704 583 830 622 praeter
855 587 910 611 eos
934 578 1050 622 quibus
1074 579 1225 622 competit
1249 577 1289 610 de
1314 579 1382 611 iure
1417 579 1504 610 iuxta
1530 575 1662 610 Ordinis
1687 576 1940 615 constitutiones,

491 632 531 664 13
556 642 575 664 a
599 635 630 665 et
654 632 689 669 b;
714 631 843 665 oracula
869 632 958 664 vivae
984 632 1070 664 vocis
1096 630 1308 675 praetendere
1335 640 1395 664 non
1422 631 1557 674 possint,
1583 630 1623 662 60
1649 629 1664 661 ὁ
1689 632 1719 662 et
1745 628 1781 661 61
1810 637 1844 667 α;
1877 636 1938 661 ex-

489 687 664 728 emptiones
688 686 864 718 ostieiorurn
890 694 929 718 ne
954 685 1174 718 concedantur
1194 686 1232 718 iis
1252 686 1305 729 qui
1327 693 1363 717 ea
1390 694 1451 717 non
1472 686 1695 723 exercuerunt,
1718 682 1758 715 62
1774 692 1793 714 α
1813 684 1845 714 et
1863 691 1938 725 seq.;

491 737 602 771 domus
629 748 684 782 pro
710 739 863 771 novitiatu
889 739 920 771 in
946 740 1195 781 congregatione
1222 737 1429 771 Lonibardiae
1455 737 1652 780 designatae,
1679 737 1741 769 344
1767 746 1797 768 a.

403 791 572 836 Augustini
598 792 656 835 (S.)
681 791 891 825 Erentitarurn
912 791 1182 826 Discalceatorum
1199 790 1297 832 Ordo,
1317 792 1354 824 71
1374 801 1408 828 a:
1428 792 1490 824 560
1510 801 1547 825 a:
1566 790 1810 833 Congu-egationi
1833 788 1942 833 Hispa·

491 847 614 879 uiarum
641 845 811 878 nonnullae
836 845 1027 879 addicuntur
1044 846 1156 879 domus
1173 855 1254 890 quae
1273 847 1303 878 in
1322 845 1420 878 Indiis
1438 843 1703 879 occidentalibus
1721 842 1759 876 ad
1779 842 1941 876 calceatos

490 897 709 941 pertinebant,
735 899 775 931 74
802 898 838 936 b;
863 899 917 942 qui
949 901 979 932 in
1014 898 1111 932 ludiis
1143 900 1280 942 degunt,
1313 908 1329 932 3
1362 907 1563 943 quocumque
1593 896 1748 930 catholico
1773 897 1941 940 episeopo,

491 961 553 985 non
577 953 710 985 servatis
734 953 919 991 interstitiis,
936 953 1083 993 mitiores,
1099 962 1276 996 sacrosque
1302 951 1429 984 ordines
1453 952 1616 994 suscipere
1644 953 1788 994 possunt,
1815 949 1879 982 353
1905 957 1942 988 a;

492 1014 619 1039 crucem
641 1004 778 1049 publicis
803 1007 833 1038 in
861 1005 1118 1048 processionibus
1142 1009 1274 1049 possunt
1295 1006 1431 1047 eriget-e,
1450 1005 1512 1037 560
1530 1015 1566 1039 (ι;
1594 1014 1650 1047 pro
1675 1003 1756 1036 bono
1789 1002 1944 1045 regimine

491 1060 750 1102 congregationis
775 1057 896 1092 Galliae
921 1058 1005 1092 edita
1030 1063 1156 1099 statuta,
1182 1060 1244 1092 589
1263 1059 1297 1097 ὺ;
1323 1062 1503 1091 sanctorum
1525 1058 1695 1100 Augustini
1717 1061 1747 1090 et
1768 1055 1886 1089 Nicolai
1903 1054 1944 1089 de

491 1111 656 1146 Tolentino
681 1113 837 1155 imagines
861 1121 933 1144 cum
959 1110 1069 1146 habitu
1095 1112 1363 1146 Discalceatorum
1389 1112 1518 1143 minime
1544 1110 1735 1154 pingendae,
1761 1110 1823 1143 634
1850 1109 1877 1142 b.

404 1166 642 1199 Avenionensia
666 1164 801 1208 collegia
825 1164 856 1198 S.
875 1163 996 1197 Nicolai
1021 1164 1060 1197 de
1087 1165 1250 1199 Anexiaco
1267 1165 1355 1199 etde
1371 1165 1497 1199 Ruvere
1515 1166 1663 1209 regimini
1680 1164 1944 1208 congregauonis

491 1210 532 1252 'de
557 1218 764 1262 Propaganda
792 1218 866 1252 Fide
891 1217 1046 1260 subiecta,
1072 1218 1133 1252 726
1160 1219 1188 1251 b.

1160 1380 1181 1414 B

404 1486 622 1522 Babilonensis
646 1487 802 1521 eeclesiae
828 1488 859 1520 in
883 1486 992 1521 Persia
1018 1487 1148 1528 dotatio,
1174 1486 1238 1520 632
1264 1486 1280 1519 b
1306 1491 1335 1520 ct
1360 1497 1421 1530 seq.

404 1541 606 1575 Baldacchini
631 1551 708 1575 usus
732 1542 764 1574 in
790 1541 924 1575 ecclesia
949 1551 1006 1584 pro
1023 1540 1201 1583 abbatibus,
1219 1540 1335 1585 quibus
1356 1539 1470 1574 diebus
1490 1538 1594 1581 liceat,
1616 1539 1655 1572 56
1675 1548 1711 1578 α;
1728 1539 1767 1572 71
1790 1537 1823 1578 ὁ;
1845 1537 1908 1572 103
1927 1538 1943 1570 b

494 1599 525 1629 et
548 1605 625 1639 seq.;
653 1595 714 1628 299
741 1605 770 1628 a.

406 1647 598 1682 Barberinae
624 1647 761 1681 familiae
787 1647 991 1691 privilegium
1015 1647 1120 1692 quoad
1147 1648 1316 1682 eeclesiam
1337 1647 1367 1681 S.
1389 1646 1576 1681 Catheriuae
1598 1646 1751 1680 Senensis
1774 1654 1871 1688 super
1893 1643 1945 1678 Mi-

494 1710 626 1735 nervam
650 1702 690 1735 de
717 1700 811 1742 Urbe,
837 1701 900 1734 652
926 1712 955 1734 (ι.

407 1754 514 1789 Basilii
538 1755 598 1798 (S.)
622 1755 851 1788 monasterium
871 1754 902 1788 S.
920 1754 1109 1788 Catberinae
1132 1756 1248 1788 montis
1272 1754 1369 1796 Sinai,
1391 1754 1452 1787 157
1471 1753 1504 1790 b:
1531 1753 1621 1797 plura
1646 1753 1690 1787 illi
1715 1752 1826 1786 collata
1848 1752 1945 1795 privi-

493 1807 593 1850 legia,
619 1807 681 1841 157
707 1807 724 1839 b
747 1811 778 1841 et
801 1818 881 1852 seq.;
907 1809 1134 1841 confirmantur
1159 1807 1199 1842 ab
1224 1807 1350 1841 L'rbano
1376 1807 1462 1847 VIII,
1492 1808 1547 1841 161
1577 1819 1606 1840 a.

409 1859 514 1894 Basilii
533 1860 590 1903 (S.)
608 1860 740 1895 Ordinis
764 1863 956 1896 monasteria
973 1862 1025 1896 del
1050 1862 1173 1897 Tardon
1199 1866 1230 1897 ct
1254 1862 1344 1896 vallis
1369 1862 1408 1896 de
1429 1861 1634 1905 Galleguillos
1653 1862 1683 1894 in
1704 1860 1859 1905 Hispania
1877 1859 1946 1893 eide

494 1913 630 1954 Tardon.

407 1967 512 2002 Basilii
538 1967 597 2010 (S.)
621 1968 827 2011 congregatio
851 1967 1084 2012 Italo-Hispana
1108 1979 1126 2003 a
1149 1969 1304 2013 Gregorio
1330 1969 1400 2003 XIII
1425 1973 1541 2010 erecta,
1559 1969 1619 2002 741
1641 1968 1675 2003 b:
1694 1969 1723 2001 ei
1741 1967 1867 2002 addicta
1884 1978 1946 2001 mo-

495 2022 632 2054 nasteria
657 2020 708 2054 del
734 2021 859 2055 Tardon
884 2025 915 2055 ct
940 2021 979 2055 de
996 2022 1226 2065 Gualliguill0s‚
1248 2022 1336 2061 ibid.;
1355 2025 1386 2056 in
1404 2022 1521 2067 quibus
1538 2027 1642 2056 tamen
1663 2026 1806 2066 qtiartam
1825 2025 1947 2064 partem

496 2074 652 2107 choristae
686 2078 895 2117 componant,
923 2074 1004 2108 aliae
1029 2079 1093 2108 tres
1122 2079 1228 2119 partes
1259 2085 1276 2109 e
1309 2076 1398 2109 laicIs
1426 2077 1604 2109 conflentur
1629 2076 1691 2108 742
1716 2085 1752 2115 (ι;
1777 2075 1947 2119 collegium

497 2137 552 2170 pro
576 2127 742 2160 monachis
767 2126 897 2162 Ordinis
921 2128 951 2161 S.
977 2128 1083 2161 Basilii
1109 2130 1140 2162 in
1166 2127 1249 2162 L'rbe
1276 2132 1428 2168 erectum,
1454 2128 1515 2162 237
1541 2139 1560 2161 α
1587 2132 1617 2162 et
1641 2139 1702 2172 seq.

408 2182 588 2216 Bellarmini
613 2181 699 2214 card.
724 2181 869 2215 doctrina
893 2181 1066 2216 christiana
1089 2181 1274 2216 adhibenda
1298 2192 1315 2215 a
1347 2182 1506 2225 religiosis
1537 2183 1643 2216 missis
1667 2182 1706 2216 ad
1733 2185 1860 2215 exteras
1885 2190 1946 2215 33-

496 2236 597 2269 tiones
623 2234 842 2275 instruendas,
868 2234 932 2267 322
956 2246 986 2267 α.

409 2289 571 2323 Benedicti
598 2288 654 2331 (S.)
680 2288 811 2323 Ordinis
836 2289 1099 2332 Congregationis
1124 2288 1336 2332 Portugalliae
1362 2289 1507 2323 monachi
1533 2291 1576 2324 uti
1601 2298 1663 2323 non
1690 2293 1823 2333 possunt
1846 2288 1946 2322 sacul-

497 2342 613 2377 tatibus
637 2344 797 2376 cruciatae
823 2342 927 2387 quoad
953 2342 1137 2386 eligendum
1163 2343 1391 2376 confessarium
1418 2347 1446 2376 ct
1473 2343 1706 2377 absolutionem
1731 2343 1946 2386 recipiendia

497 2398 679 2436 reservatis,
705 2397 746 2429 63
771 2407 791 2428 α
815 2400 844 2429 01
870 2396 897 2428 b.

407 2450 570 2486 Benedicti
596 2451 653 2491 (s.)
681 2451 829 2483 transitus
854 2450 923 2483 dies
948 2450 1044 2483 festus
1069 2451 1100 2483 in
1126 2450 1214 2491 locis,
1241 2452 1271 2484 in
1295 2450 1412 2495 quibus
1433 2452 1574 2484 existunt
1598 2451 1789 2484 monasteria
1815 2448 1946 2484 Ordinis

497 2505 536 2538 ab
557 2515 595 2538 co
620 2506 753 2538 instituti
770 2503 1033 2548 Congregationis
1050 2504 1286 2548 Hispaniarum,
1302 2508 1461 2549 tamquam
1479 2505 1518 2538 de
1537 2508 1707 2549 praecepto
1725 2503 1945 2545 celebrandus,

499 2559 561 2592 285
586 2569 605 2591 a
629 2562 658 2591 et
683 2558 710 2590 b.

410 2613 599 2647 Berreltanti
624 2611 769 2645 monachi
795 2611 926 2646 Ordinis
950 2611 981 2645 S.
1003 2611 1163 2644 Benedicti
1181 2620 1198 2644 a
1216 2611 1310 2645 Bireti
1337 2612 1376 2644 de
1404 2612 1558 2645 laonensi
1584 2614 1767 2656 nuncupati,
1786 2612 1827 2645 85
1844 2611 1877 2650 b;
1903 2611 1947 2644 13-

500 2667 619 2700 xiorem
645 2667 740 2700 vitam
767 2668 898 2709 agentes
922 2666 1149 2700 reformantur.
1179 2664 1267 2698 ibid:
1295 2669 1403 2709 postca
1429 2667 1567 2708 ipsorum
1601 2667 1792 2701 monasteria
1823 2666 1958 2710 suppri-
