2248 3229
90 234 140 261 An.
157 233 188 261 C.
205 232 270 260 1631

117 881 237 904 Exordium.

260 1187 480 1232 ‚apostolicae
499 1187 657 1220 servitutis
673 1196 788 1219 munus
805 1185 913 1218 sedulo
934 1185 1033 1217 inten-

120 1521 179 1542 Mutii
194 1520 278 1547 regula-

94 1554 135 1569 τες.
145 1548 172 1569 ob
190 1553 233 1568 uon
248 1547 278 1568 fa-

897 226 1040 253 nammis

289 284 319 313 ee
343 278 501 314 Ioannem
525 277 701 319 Raeticum,
728 276 936 312 Saiicti'ssi‘iiii'
958 277 1024 310 Do-

288 333 372 367 mini
394 332 507 367 Nostri
530 332 641 376 Papae
665 341 818 365 cursores.

491 395 656 428 Murrius
681 393 798 434 Setina,
823 393 982 436 magister.

575 518 738 567 cccxciv..
1044 534 1048 572 1

289 584 392 629 Super
413 582 669 628 professionibus
682 592 742 626 per
758 581 922 625 reyiilarcs
939 580 1029 614 emis-

334 637 390 678 sis,
413 646 479 670 iton
497 637 581 679 sacto
605 636 642 669 in
667 635 743 669 loeis
767 635 946 679 desiqnatis
969 643 1027 667 no-

336 690 455 723 vitiata
470 688 490 723 ¹.

484 761 620 789 Urbanus
641 761 720 795 Papa
739 761 820 795 VIII,

413 805 450 833 ad
468 808 645 841 perpetuam
663 806 709 834 rei
728 804 907 833 memoriam.

335 867 509 911 Religiosos
534 867 628 907 viros,
648 866 712 911 qui,
732 865 845 911 spretis
867 865 962 898 huius
986 874 1048 897 se-x

290 921 353 955 culi
377 921 576 963 vanitatibus,
595 921 690 954 divini
707 920 845 953 numinis
869 918 1049 962 obsequiis·

290 975 348 1009 sub
373 975 460 1009 suavi
484 974 647 1018 religionis
682 974 757 1016 iugo
781 982 848 1006 sese
872 972 1030 1016 mancipa-

291 1033 376 1069 rimt,
392 1027 544 1072 pastorali
564 1026 755 1070 benignitate
772 1025 1029 1070 complectimur:

289 1086 386 1125 utque
409 1081 442 1114 in
464 1080 637 1121 vocatione,
663 1089 725 1123 qua
748 1078 870 1112 vocavit
894 1088 947 1111 eos
974 1078 1032 1111 Do-

289 1134 404 1177 minus,
423 1138 639 1178 permaneant,
656 1133 742 1166 iuxta
761 1132 916 1165 creditum
939 1130 1031 1164 nobis

290 1241 404 1281 dimus
421 1250 457 1274 ac
481 1240 616 1284 desuper
641 1239 782 1272 eiusdem
803 1238 944 1272 muneris
963 1248 1032 1282 par·
1049 1275 1050 1280 Ἰ

289 1300 337 1328 tes
360 1294 526 1338 propensis
559 1293 670 1327 studiis
701 1293 910 1333 intendimus,
935 1293 1050 1336 prout*

291 1348 330 1381 ad
363 1348 418 1381 Dei
450 1347 575 1381 laudem
609 1346 844 1390 catholicaeque
875 1345 1050 1378 Ecclesiae:

292 1401 388 1435 decus
404 1406 435 1434 et
458 1400 677 1434 exaltationem
702 1399 914 1444 conspicimus
931 1398 962 1431 in
976 1399 1033 1432 Do·
1048 1380 1051 1420 l

293 1454 380 1488 mino
405 1453 572 1487 salubriter
596 1453 754 1498 expedire.
1048 1428 1051 1482 i

338 1508 395 1551 §I
411 1507 487 1541 Cum
500 1507 614 1551 itaque,
632 1507 711 1541 sicut
724 1506 913 1550 accepimus,
927 1515 1034 1549 quam·
1048 1507 1051 1527 ⁵

1062 226 1120 252 vni
1143 226 1193 252 Pr.
1703 214 1770 249 2115

1061 285 1196 328 desuper
1213 282 1338 324 editam,
1351 280 1514 327 professio,
1527 289 1584 326 per
1599 289 1653 316 eos
1670 279 1802 315 subinde

1063 338 1186 378 emissa,
1204 337 1338 370 invalida
1358 336 1483 370 existat:

1107 391 1121 434 ἓ
1138 390 1167 423 2.
1185 391 1257 432 Nos,
1275 390 1441 433 religiosos
1458 389 1637 434 praedictos
1654 398 1692 422 ex
1707 388 1802 424 liuius

1063 443 1191 477 Sanctae
1216 443 1303 476 Sedis
1327 443 1519 486 benignitate
1546 443 1735 487 specialibus
1760 444 1803 477 fa-

1063 496 1192 529 voribus
1217 501 1246 529 et
1270 496 1378 539 gratiis
1402 496 1551 540 prosequi
1575 497 1733 538 volentes,
1754 507 1804 531 eo-

1063 559 1197 593 rumque
1222 549 1399 592 singulares
1422 559 1574 593 personas
1598 561 1615 583 a
1639 550 1802 594 quibusvis

1063 602 1405 643 excommunicationis,
1423 603 1638 646 suspensionis
1663 608 1692 638 el
1711 605 1804 638 inter-

1063 656 1146 697 dicti,
1163 655 1294 699 aliisque
1312 655 1714 699 ecclesiastieissententiis,
1735 668 1804 692 cen-

1064 709 1146 742 suris
1175 713 1205 743 ct
1227 709 1355 753 poenis,
1379 719 1397 742 a
1421 709 1490 741 iure
1520 709 1568 759 v'cl
1592 709 1630 742 ab
1654 710 1802 753 homine,

1064 762 1173 806 quavis
1197 763 1362 796 occasione
1378 762 1426 796 rel
1444 764 1538 796 causa
1555 763 1635 804 latis,
1653 763 1804 807 siquibus

1064 815 1302 860 quomodolibet
1325 815 1492 849 innodatae
1515 815 1656 857 esistunt,
1673 815 1712 848 ad
1729 816 1804 850 effe-

1065 874 1149 904 ctum
1174 869 1389 914 praesentium
1420 869 1581 903 dumtaxat
1614 879 1806 914 consequen-

1064 923 1150 965 dum,
1169 924 1283 957 harum
1297 923 1378 957 serie
1392 923 1589 957 absolventes
1606 927 1636 958 et
1648 923 1806 958 absolutas

1065 977 1133 1010 fore
1157 982 1338 1017 censentes,
1355 982 1444 1010 motu
1463 977 1604 1021 proprio,
1617 982 1648 1010 et
1664 987 1701 1010 ex
1717 978 1805 1011 certa

1066 1029 1196 1064 scientia
1209 1040 1245 1063 ae
1253 1031 1377 1063 matura
1387 1029 1612 1064 deliberatione
1622 1030 1748 1071 nostris,
1758 1040 1806 1064 ve-

1065 1083 1258 1116 nerabilibus
1270 1083 1421 1116 fratribus
1438 1082 1582 1124 nostris¹‚
1592 1083 1731 1127 Scipioni
1744 1083 1806 1128 epi-

1066 1147 1163 1181 scopo
1188 1136 1351 1170 Sahinensi
1369 1136 1519 1170 cardinali
1539 1137 1715 1180 Burgliesio
1731 1147 1807 1170 nuri-

1066 1196 1190 1234 cupam,
1213 1189 1327 1223 maiori
1343 1190 1596 1233 poenitentiario,
1613 1190 1661 1223 vel
1677 1190 1808 1234 patriar-

1067 1241 1144 1282 chis,
1168 1240 1415 1285 archiepiscopis
1438 1246 1469 1274 et
1492 1241 1658 1285 episeopis,
1684 1241 1809 1275 ceteris-

1066 1304 1127 1338 que
1144 1293 1318 1328 Ordinai·iis
1331 1293 1486 1336 locorum,
1503 1293 1536 1326 in
1554 1294 1668 1338 quibus
1683 1304 1805 1328 eorum-

1066 1348 1137 1381 dem
1153 1347 1377 1391 religiosorum
1394 1347 1594 1389 monasteria,
1611 1347 1736 1389 domus,
1752 1358 1809 1382 seu

1067 1406 1260 1443 conventus,
1286 1401 1384 1434 aliave
1415 1401 1575 1444 regularia
1607 1401 1677 1435 loca
1705 1402 1808 1436 eonsi-

1067 1459 1162 1495 stunt,
1187 1453 1250 1487 sive
1275 1453 1418 1497 ipsorum
1442 1454 1667 1497 religiosorum
1692 1455 1809 1499 praefe-

1067 1508 1124 1542 ctis
1159 1508 1207 1541 vel
1241 1507 1462 1552 superioribus
1497 1508 1697 1551 generalibus
1713 1535 1722 1549 ,
1751 1519 1810 1553 per

94 1577 150 1595 vtum
169 1574 190 1595 in
208 1574 277 1594 domi-

94 1601 134 1622 bus
167 1600 277 1621 destinatis

94 1628 278 1653 novitiatum,pro-

94 1654 206 1674 sessionem
221 1659 278 1674 iuva-

94 1680 136 1702 lide
155 1681 276 1702 emiserant.

293 1561 401 1605 plures
420 1561 583 1602 Ordinnm,
604 1560 895 1603 congregationum,
913 1559 1051 1626 insutu-1
1067 1566 1248 1605 praesentes
1283 1561 1509 1594 committimus
1545 1566 1575 1594 et
1605 1561 1809 1602 mandamus,

292 1621 397 1649 torum
422 1614 616 1657 regularium
641 1614 855 1658 professores,
881 1613 919 1646 ad
943 1613 1033 1646 liabi-
1050 1628 1051 1634 ¹
1067 1620 1222 1659 quatenus
1258 1625 1368 1648 omnes
1404 1620 1434 1648 et
1468 1615 1610 1658 singulos
1642 1615 1808 1659 religiosos

292 1674 358 1702 tuni
372 1669 550 1713 regularem
564 1668 693 1712 recepti,
708 1667 903 1712 probationis
916 1677 1033 1701 annum
1066 1667 1267 1712 praedictos,
1295 1668 1367 1711 qui,
1395 1668 1433 1701 ad
1459 1668 1601 1701 habitum
1629 1669 1809 1711 regularem

292 1723 324 1755 in
353 1721 552 1756 monasteriis
580 1732 635 1755 seu
663 1721 808 1754 domibus
834 1721 1033 1764 regularibus
1067 1722 1142 1755 alias
1160 1722 1309 1755 canonice
1326 1722 1454 1766 recepti,
1476 1733 1593 1756 annum
1613 1723 1809 1767 probationis

292 1775 331 1808 ad
362 1775 393 1807 id
418 1774 587 1818 designatis
612 1775 666 1807 xel
691 1774 730 1807 ab
754 1774 931 1818 Apostolica
955 1773 1033 1806 Sede
1067 1776 1099 1808 in
1123 1775 1323 1809 monasteriis
1349 1786 1405 1809 seu
1429 1776 1574 1809 domibus
1609 1776 1810 1819 regularibus

293 1827 476 1872 approbatis
500 1827 629 1860 minime
652 1827 801 1867 fecerint,
824 1827 1031 1870 proindeque,
1050 1798 1051 1850 i
1067 1829 1106 1862 ad
1122 1829 1152 1862 id
1168 1829 1338 1873 designatis
1355 1829 1484 1862 minime
1502 1830 1654 1870 fecerunt,
1668 1830 1812 1864 subinde-

293 1881 379 1914 iuxta
399 1881 655 1914 constitutionem
679 1881 776 1914 felicis
806 1880 1033 1914 recordationis
1050 1903 1051 1935 ἶ
1068 1893 1128 1926 que
1144 1882 1372 1926 professionem
1396 1883 1602 1916 nihilominus
1627 1883 1809 1925 emiserunt,

292 1935 459 1969 Clementis
486 1935 542 1967 PP.
568 1935 632 1968 vill
657 1934 909 1978 praedecessoris
934 1934 1033 1967 nostri
1050 1944 1051 1980 ζ
1067 1935 1105 1968 ad
1122 1935 1353 1979 professionem
1377 1936 1492 1977 denuo,
1510 1936 1640 1970 servatis
1656 1936 1732 1969 alias
1749 1947 1810 1969 ser-

329 2018 340 2044 1
367 2017 388 2043 A
412 2016 492 2043 Sacra
513 2014 665 2042 Tridentini
691 2014 801 2042 Concilii
825 2015 1034 2050 congregatione

293 2061 395 2089 editum
414 2060 463 2087 fuit
477 2060 616 2087 decretum
633 2059 721 2095 quoad
737 2058 854 2086 novitios
868 2062 993 2094 receptos
1008 2062 1034 2086 et

293 2105 429 2141 professos
444 2108 538 2132 contra
552 2104 665 2131 formam
681 2104 852 2131 decretorum
868 2103 1004 2130 editorum
1020 2112 1034 2131 a

293 2150 431 2177 Clemente
446 2149 504 2176 VIII
524 2153 551 2176 et
570 2149 759 2176 innovatorum
781 2148 814 2176 ab
836 2148 943 2175 L'rliaiio
965 2148 1032 2181 ΥΙΠ7

293 2194 365 2230 quod
380 2203 427 2222 suo
443 2194 502 2222 loco
518 2194 642 2221 dabimus
656 2194 707 2221 sub
729 2194 773 2221 die
792 2201 809 2220 v
830 2194 944 2220 ianuarii
964 2201 1034 2220 anno
1051 2187 1052 2202 ³

294 2245 436 2267 iuncxxxvl.
467 2238 627 2266 Constitutio
653 2247 714 2266 vero
742 2238 887 2266 Clementis
912 2238 966 2265 t'tlt
994 2241 1034 2264 est
1051 2248 1052 2258 i

294 2290 372 2311 cetiii
383 2284 434 2319 (al.
445 2283 508 2318 ⁶242)
519 2284 621 2311 Nullus
632 2283 760 2316 omnino,
774 2287 838 2310 tom.
850 2291 876 2315 x,
893 2292 953 2318 pag.
966 2283 1032 2316 6622
1051 2272 1052 2313 l

1050 1985 1052 2036 f
1069 1989 1186 2029 randis,
1207 1989 1409 2022 emittendam
1430 1990 1524 2033 (quac
1541 1989 1585 2022 sic
1605 1990 1720 2022 emissa
1748 1989 1809 2023 illis

1050 2045 1099 2075 'et
1122 2052 1233 2075 eorum
1258 2042 1399 2083 cuilibet,
1418 2047 1481 2075 tam
1506 2043 1538 2075 in
1562 2043 1630 2076 foro
1655 2043 1810 2083 interiori,

1069 2106 1162 2139 quain
1180 2096 1339 2136 exteriori,
1357 2096 1524 2139 suffragari
1544 2096 1670 2140 debeat)
1690 2096 1809 2140 absque

1068 2159 1150 2182 novo
1174 2149 1370 2192 probationis
1395 2159 1487 2190 anno,
1503 2160 1540 2182 ex
1564 2149 1692 2193 speciali
1716 2149 1810 2183 huius

1051 2208 1193 2237 ,sanctae
1218 2202 1306 2235 Sedis
1329 2203 1532 2246 benignitate,
1556 2203 1742 2236 auctoritate
1758 2213 1811 2236 no-

1051 2258 1134 2289 ‘stra
1158 2255 1330 2300 apostolica
1354 2257 1507 2300 recipiant
1531 2261 1562 2289 et
1585 2256 1765 2295 admittaiit3

295 2332 322 2356 ei
333 2328 532 2356 eonsimmw
543 2328 593 2361 (αι.
606 2328 652 2363 77)
667 2328 769 2355 urbani
780 2327 847 2362 viii,
859 2328 950 2355 Sacra
963 2316 1052 2364 con-l
1113 2310 1127 2353 ἓ
1151 2309 1425 2353 3·E05(¹0¹11(lffl³‚
1448 2315 1615 2353 postquam
1639 2309 1810 2353 professio-

294 2372 433 2408 qreqatio,
450 2374 514 2399 tom.
530 2378 588 2406 xiii,
604 2381 667 2408 pag.
683 2372 745 2400 202.
762 2372 811 2404 Qui
826 2372 904 2399 eiiam
917 2372 1036 2399 declara·
1051 2369 1052 2404 j
1069 2373 1141 2395 neni
1160 2362 1273 2403 denuo,
1297 2368 1332 2395 ut
1354 2363 1546 2406 praefertur,
1574 2362 1744 2403 emiserint,
1772 2363 1810 2396 ad

295 2416 342 2451 ⁸52,
365 2416 438 2452 quod
457 2416 606 2450 regulares,
623 2417 670 2451 qui
690 2417 761 2443 ultra
776 2420 838 2444 “0¹³
856 2416 935 2443 solita
954 2417 1034 2444 eiiam
1051 2405 1053 2458 f
1069 2427 1177 2450 omnes
1198 2416 1324 2459 gradus,
1342 2416 1489 2457 honores,
1506 2416 1683 2459 dignitates,
1702 2426 1811 2460 praee-

295 2464 386 2488 votum
405 2460 533 2487 emittunt
551 2461 586 2487 de
604 2468 659 2487 non
681 2460 795 2496 petenda
810 2464 856 2488 aut
870 2461 1035 2496 acceptanda
1051 2459 1052 2490 l
1069 2470 1234 2503 minoniias

427 2505 431 2510 ,
455 2504 460 2509 ,
578 2504 583 2508 ‚
625 2506 630 2510 ,
1237 2474 1346 2513 ,atque
1360 2469 1547 2511 habilitates,
1562 2479 1649 2512 quas,
1665 2470 1688 2502 si
1702 2469 1740 2502 ab
1755 2469 1810 2502 ini-

295 2508 370 2532 extra
384 2504 543 2554 religionem
558 2504 700 2540 dignitate,
715 2513 765 2554 per
774 2513 975 2555 quamcumque
990 2513 1035 2533 ‘³⁰‘
1051 2505 1053 2545 i
1070 2523 1111 2556 tio
1136 2523 1235 2555 valide
1252 2522 1384 2566 professi
1399 2527 1500 2555 essent
1528 2522 1668 2555 leoitime
1686 2521 1810 2557 othne-

295 2558 355 2577 rum
369 2549 582 2583 translationem,
598 2557 645 2576 seu
665 2549 773 2577 habitus
788 2555 977 2585 privationem,
989 2554 1035 2577 aut
1051 2554 1053 2582 ᾖ
1505 2549 1512 2563 ’
1559 2548 1577 2565 ῧ

295 2593 490 2627 dimissionem,
506 2601 522 2620 a
541 2597 602 2621 voto
621 2593 777 2621 huiusmodi
797 2594 950 2624 nullatenus
962 2594 1033 2623 libe·
1069 2582 1152 2617 semJ
1177 2576 1287 2610 eadem
1311 2576 1496 2610 auctoritate
1520 2576 1694 2619 festiuum&
1712 2586 1749 2611 30
1764 2586 1810 2610 ΓΕ·

296 2642 391 2667 rantur
405 2637 433 2665 in
449 2638 571 2674 Constit.,
593 2638 666 2668 Cum
685 2638 767 2668 sicut.
1049 2617 1053 2674 i
1105 2640 1116 2666 l
1134 2637 1203 2667 Edit.
1219 2637 1298 2669 ltlain.
1314 2637 1397 2667 habet
1412 2640 1508 2668 nostro
1524 2638 1563 2674 (a.
1581 2637 1630 2674 τ.)ξ

1814 223 1867 251 An.
1883 222 1911 252 C.
1929 223 1995 253 1631

1852 394 1890 415 Hic
1905 395 2001 416 Pontifex

1817 422 1916 446 mandat.
1943 424 1965 443 ut
1980 423 2002 443 lii

1817 448 1907 469 sei-vatis
1917 453 2001 469 serran-

1817 475 1850 496 dis
1873 475 1899 496 ad
1921 476 2003 501 prores-

1817 502 1897 523 sionem
1906 503 2002 523 emitten-

1818 529 1866 549 dam
1880 530 1954 550 iterum
1965 530 2002 550 ad-

1817 556 1926 576 mittantur
1941 558 1961 576 et
1979 562 2002 577 e-

1817 583 1882 603 missa
1906 582 2002 604 omnibus

1819 609 1954 636 suffragetur.

1851 2315 1878 2336 Et
1891 2318 1927 2335 eos
1938 2311 1964 2334 ad
1979 2317 2014 2333 sa-

1826 2347 1873 2363 cros
1884 2341 1969 2362 ordines
1981 2345 2014 2360 su-

1826 2368 1965 2395 scipiendos,
1988 2371 2014 2386 ac

1825 2396 1879 2416 alias
1898 2394 2015 2419 dignitates

1827 2424 1848 2443 et
1872 2421 1943 2442 officia
1966 2421 2015 2441 reli·

1790 2470 1796 2475 ,
1826 2449 1912 2475 giouum
1953 2447 2015 2469 resti·

1825 2476 1874 2497 tuit.
