2248 3229
986 267 1163 291 auimatum
1188 266 1341 292 nomnen
1930 270 1979 296 An.
1997 270 2026 297 C.
2048 265 2115 297 1637

1224 315 1281 358 §3
1300 316 1372 356 Nos,
1390 315 1455 348 eius
1468 315 1747 359 supplicationibus
1767 317 1916 359 inclinati,
1952 333 1984 353 ,u
1988 333 2020 353 ud-
2023 335 2080 356 mm.
2089 334 2116 353 ie

1179 378 1215 401 ac
1239 368 1332 401 simul
1357 368 1449 401 etiam
1470 369 1638 412 pioiideie
1658 370 1797 403 volentes
1824 381 1863 403 ne
1879 381 1915 404 ex
1931 362 2116 406 cuf‘ffii'uiirn}

212 268 260 295 An.
283 267 309 294 c.
334 267 398 294 1637
445 257 507 292 6223

410 320 477 349 ctor
501 314 698 348 Treverensis
727 324 762 346 ac
794 314 959 358 episcopus
991 315 1146 358 Spirensis

409 369 497 401 annis
514 368 656 412 proxime
681 367 794 411 elapsis
812 367 844 400 in
861 370 915 400 sua
932 368 1055 401 civitate
1075 369 1147 401 Tre-

226 2182 309 2203 Elector
325 2183 376 2213 petit

192 2214 321 2230 manuteneri
356 2216 375 2230 ιιι

192 2242 376 2265 possessionesqu-

409 422 528 454 verensi
554 432 647 454 manu
665 421 792 454 militari
811 427 919 465 captus
939 427 969 454 et
989 421 1144 464 detentus,

407 478 436 508 et
459 474 570 507 deinde
594 474 781 508 fraternitati
806 480 876 508 tuae
901 475 993 507 etiam
1018 476 1163 508 nomine·

405 527 476 571 piae
500 528 672 560 memoriae
702 527 890 561 Ferdinandi
920 528 944 561 II
974 529 1057 572 regis
1082 529 1144 562 Ro-

407 591 573 614 manorum
592 581 624 614 in
649 581 871 625 imperatorem
896 582 986 615 electi
1007 582 1044 615 de
1062 592 1145 615 man-

405 633 478 666 dato
494 638 601 668 nostro
626 635 829 677 consignatus
846 635 912 676 suit⁷
931 635 1013 667 idem
1032 635 1145 679 Philip·
1161 638 1162 659 ³

404 697 463 729 pus
479 686 725 731 Christopliorus
745 688 1010 731 archiepiscopus,
1028 688 1145 721 elector

404 744 434 771 et
459 740 624 784 episcopus
650 741 691 774 ita
707 741 850 773 detentus
867 752 902 774 ac
926 741 963 774 de
987 742 1068 775 sacto
1086 742 1142 774 im-

404 792 527 836 peditus
552 794 652 827 extitit
675 799 705 826 et
724 794 763 826 ad
787 805 937 838 praesens
963 795 1086 836 existit,
1111 800 1145 829 ut

403 845 544 888 regimen
570 852 599 879 et
624 847 814 889 gubernium
833 852 894 881 tam
912 848 1141 891 praedictarum

402 908 529 931 suarum
547 899 752 932 ecelesiarum
781 911 817 933 ac
841 901 1022 934 monasterii
1039 901 1068 934 S.
1086 902 1160 935 Illa-i

402 951 510 984 ximini
535 952 660 986 Ordinis
685 953 782 986 sancti
806 953 964 987 Benedicti
990 954 1142 987 dioecesis

401 1005 602 1038 Treverensis
626 1007 702 1039 alias
726 1018 784 1050 per
804 1017 860 1040 nos
882 1007 982 1040 eidem
1005 1008 1036 1040 in
1061 1019 1142 1041 com-

401 1058 546 1090 mendam
564 1059 704 1092 concessi
732 1070 826 1103 quam
851 1060 928 1093 alias
951 1071 1022 1093 suas
1039 1061 1140 1103 digni-

400 1117 477 1144 tates
491 1117 520 1144 et
534 1112 603 1145 iura
619 1123 836 1156 quaecumque
860 1114 918 1146 sibi
933 1114 1140 1157 competentia
1157 1135 1158 1145 i

400 1170 433 1196 ut
464 1165 552 1208 prius
592 1176 739 1198 exercere
774 1177 837 1199 non
869 1167 1005 1210 potuerit
1039 1177 1140 1211 neque

401 1218 508 1260 possit,
526 1218 689 1262 pristinam
708 1225 810 1251 tamen
828 1220 952 1252 illarum
971 1225 999 1252 et
1013 1220 1138 1253 illorum

399 1271 638 1313 possessionem,
657 1277 687 1304 et
708 1272 807 1315 quasi,
835 1273 1010 1316 respective
1035 1273 1139 1307 animo

400 1325 1156 1381 semperretinuitetretinet.Quapropter,cumj
1216 1379 1221 1383 η
1370 1379 1389 1412 S
1416 1379 1420 1384 ¹
1755 1380 1772 1412 d
1847 1379 1852 1384 .

1154 1384 1355 1422 *episcopum
1393 1389 1550 1422 pirensem
1565 1383 1594 1413 et
1608 1390 1750 1413 commen
1776 1385 1911 1412 atarium

400 1389 456 1421 per
473 1379 644 1421 biennium,
671 1384 700 1412 et
727 1379 818 1421 ultra,
836 1390 899 1422 quo
916 1385 1057 1423 tempore
1083 1381 1155 1416 suit,

397 1432 550 1472 detentus,
574 1432 700 1475 aliquod
717 1442 781 1465 non
805 1433 899 1465 suerit
923 1444 1027 1466 coram
1046 1434 1138 1467 nohis

397 1495 454 1517 nec
485 1496 592 1518 eoram
628 1491 657 1518 te
688 1491 797 1519 contra
826 1486 927 1529 ipsum
958 1486 1135 1530 Philippum

396 1537 658 1582 Christophorum
684 1538 869 1579 deductum,
894 1540 1154 1598 probatumque,i
1185 1591 1189 1596 .
1491 1591 1498 1608 ί
1527 1592 1546 1625 d

1172 1595 1244 1625 tiam
1262 1597 1479 1635 nuncupatum
1503 1620 1509 1634 ,
1550 1593 1727 1626 ecernimus
1744 1598 1774 1625 et
1797 1603 1909 1625 conce-

397 1591 484 1624 cuius
503 1591 609 1634 rigore
634 1592 699 1635 ipse
716 1592 800 1625 iuxta
816 1593 1042 1626 universalium
1061 1603 1135 1626 con-

396 1644 539 1678 ciliorum
566 1651 596 1678 et
620 1656 783 1678 sacrorum
808 1656 965 1679 canonum
994 1647 1133 1690 disposi-

397 1697 510 1731 tionem
531 1698 642 1731 debeat
666 1697 810 1739 detincri3
832 1699 949 1732 idcirco
966 1709 1023 1732 nos
1042 1700 1135 1733 hodie
1151 1728 1153 1739 ,

392 1761 452 1793 per
476 1751 552 1784 alias
575 1757 697 1785 nostras
723 1752 754 1784 in
785 1752 878 1784 simili
905 1753 1004 1785 forma
1028 1753 1135 1785 Brevis

395 1804 555 1847 expeditas
568 1805 687 1837 litteras
701 1805 758 1837 tihi
769 1805 911 1838 dedimus
926 1806 956 1837 in
969 1806 1133 1846 mandatis,

394 1862 427 1889 ut
440 1857 586 1890 eumdem
607 1858 788 1901 Philippum
805 1859 1066 1902 Christophorum
1085 1870 1134 1892 ar·
1150 1875 1151 1878 ¹

394 1909 651 1954 chiepiscopum,
681 1911 849 1944 electorem
887 1917 916 1944 et
951 1912 1131 1954 episcopum

392 1963 588 2005 praedictum
618 1965 802 1997 auctoritate
826 1966 933 1997 nostra
959 1965 1151 1997 dimitterest

393 2021 422 2048 et
434 2017 584 2049 liberares
598 2028 615 2049 a
628 2018 804 2050 detentione
818 2017 985 2061 praedicta,
1000 2023 1034 2050 ut
1051 2018 1131 2062 apud
1148 2050 1150 2067 Α

392 2079 464 2102 suas
488 2071 634 2103 ecclesias
665 2071 841 2114 praedictas
872 2074 905 2104 ut
934 2071 1021 2114 prius
1054 2071 1131 2103 resi-

392 2122 466 2155 dere
491 2123 616 2156 valeret.

436 2176 450 2218 ξ
475 2176 504 2208 ΕΞ,
530 2176 605 2214 Quia
630 2187 704 2210 vero
736 2177 828 2209 nohis
858 2176 940 2209 idem
968 2177 1148 2223 Philippus,

391 2228 635 2272 Christophorus
663 2230 918 2273 archiepiscopus
950 2235 979 2263 et
1015 2231 1131 2264 elector

226 2271 236 2282 Π
249 2298 256 2309 ι
274 2271 305 2308 ε’ἰ
331 2269 374 2308 ..lssssi
391 2282 633 2315 Treverensisac
642 2284 810 2326 episcopus
823 2283 979 2326 Spirensis
994 2294 1050 2326 per
1060 2294 1130 2316 suas

390 2335 508 2369 litteras
526 2335 583 2369 sub
601 2336 651 2368 die
669 2347 708 2369 xx
728 2337 843 2369 mensis
861 2337 1041 2369 novembris
1061 2347 1130 2380 pro-

390 2388 471 2421 xime
496 2389 654 2432 praeteriti
688 2390 719 2421 in
752 2389 875 2422 civitate
901 2390 1066 2422 Viennensi
1091 2390 1146 2422 ῑιὼ

1179 422 1244 463 sua,
1263 426 1297 453 ut
1320 422 1508 464 praefertur,
1525 421 1703 455 detentione
1724 428 1754 455 et
1776 422 1916 456 absentia
1931 419 1984 436 ¹⁰*

1180 479 1242 506 tam
1267 474 1418 507 diuturna
1442 485 1459 507 a
1484 474 1547 508 suis
1567 475 1708 508 eeclesiis
1732 480 1761 507 et
1786 475 1915 508 statibus

1180 527 1315 560 maiores
1332 528 1502 568 molestiae,
1520 528 1702 571 maioraque
1719 527 1776 561 sibi
1802 527 1917 561 incom-

1179 581 1271 614 moda
1287 584 1316 614 et
1334 581 1557 624 impedimenta
1572 584 1759 621 accrescant,
1773 591 1917 625 praesew

1178 635 1256 666 tium
1272 639 1452 667 nostrarum
1479 635 1655 667 litterarum
1673 635 1753 667 serie
1770 634 1915 667 eumdem

1179 687 1355 731 Philippum
1367 688 1630 732 Christophorum
1640 687 1913 731 archiepiscopum

1178 746 1207 773 et
1225 741 1393 774 electorem
1422 742 1645 774 Treverensem
1671 751 1706 774 ac
1730 741 1914 784 episcopum

1177 793 1358 837 Spirensem
1372 794 1403 827 in
1415 794 1525 827 eadem
1542 794 1750 838 possessione,
1768 799 1798 827 et
1815 794 1914 838 quasi,

1177 847 1351 890 respective
1376 853 1406 880 et
1439 847 1470 879 in
1502 847 1610 880 eodem
1637 852 1719 880 statu
1744 847 1775 879 in
1799 857 1860 890 qua
1885 852 1914 879 et

1177 900 1208 932 in
1232 910 1295 945 quo
1320 904 1385 934 erat
1400 900 1438 932 de
1455 904 1606 944 tempore,
1625 911 1697 944 quo,
1713 905 1747 932 ut
1770 900 1915 943 praemit-

1177 953 1261 995 titur,
1277 958 1386 997 captus
1400 959 1429 986 et
1443 953 1585 987 detentus
1598 953 1663 995 suit,
1674 959 1818 997 respectu
1827 963 1915 996 prae-

1176 1007 1329 1040 dictarum
1340 1007 1542 1040 ecclesiarum
1565 1018 1600 1040 ac
1614 1007 1795 1040 monasterii
1812 1006 1841 1040 S.
1856 1006 1914 1039 Ma-

1176 1060 1285 1092 ximini
1303 1071 1339 1094 ac
1364 1061 1563 1103 dignitatum,
1581 1066 1718 1093 statuum
1743 1064 1772 1094 et
1796 1059 1912 1092 iurium

1175 1123 1448 1157 quorumcumque
1484 1124 1624 1155 suorum,
1649 1117 1888 1147 manutenemus
1905 1140 1912 1153 ‚

1175 1168 1432 1210 manutenerique
1469 1168 1612 1200 volumus
1646 1172 1675 1200 et
1711 1167 1912 1205 mandamus,

1174 1219 1418 1262 mandatumque
1452 1225 1595 1253 nostrum
1631 1220 1839 1263 apostolicum
1875 1220 1912 1252 de

1172 1272 1318 1304 eumdem
1333 1272 1509 1315 Philippum
1522 1273 1782 1316 Christophorum
1796 1273 1914 1305 archie-

1172 1325 1335 1368 piscopum
1361 1329 1391 1357 et
1415 1326 1584 1359 electorem
1620 1326 1842 1358 Treverensem
1877 1336 1912 1357 ac

1171 1431 1323 1475 praedicti
1349 1432 1530 1466 monasterii
1557 1432 1587 1464 in
1612 1433 1678 1466 eius
1702 1432 1910 1476 possessione,

1153 1494 1155 1510 ³
1171 1490 1201 1517 et
1217 1486 1316 1528 quasi,
1331 1486 1515 1529 respective,
1526 1496 1562 1519 ac
1578 1492 1659 1519 statu
1673 1486 1840 1530 praedictis
1850 1496 1912 1518 ma-

1171 1539 1359 1579 nutenendo,
1374 1544 1403 1572 et
1417 1540 1631 1573 conservando
1652 1540 1693 1572 ibi
1711 1543 1911 1573 manutenen-

1170 1644 1281 1677 dimus.
1316 1645 1495 1678 Mandantes
1526 1651 1693 1688 propterea
1729 1645 1760 1677 in
1795 1645 1909 1678 virtute

1169 1703 1293 1730 sanctae
1317 1697 1524 1737 obedientiae,
1551 1703 1580 1730 et
1606 1698 1664 1730 sub
1688 1697 1909 1740 indignationis

1169 1755 1198 1782 et
1222 1750 1290 1782 aliis
1314 1750 1436 1783 arbitrii
1456 1751 1554 1784 nostri
1579 1751 1698 1794 poenis,
1713 1751 1860 1783 omnibus
1880 1756 1909 1783 et

1169 1803 1301 1845 singulis
1326 1803 1392 1836 eius
1418 1803 1550 1836 subditis
1570 1809 1599 1836 et
1615 1804 1755 1836 vassallis
1776 1809 1837 1836 tani
1862 1814 1909 1836 ec-

1168 1856 1348 1889 clesiasticis
1376 1867 1470 1899 quam
1495 1856 1689 1889 secularibus
1709 1857 1909 1900 quibuscum-

1150 1905 1236 1953 lque,
1262 1910 1354 1942 etiam
1381 1910 1524 1953 capitulis
1548 1910 1751 1943 ecclesiarum
1777 1915 1806 1942 et
1834 1921 1907 1943 con-

1168 1962 1310 1995 ventibus
1350 1963 1625 2003 monasteriorum,
1655 1968 1685 1995 et
1720 1963 1906 2006 praesertim

1166 2015 1195 2048 S.
1221 2016 1379 2048 Maximini
1404 2016 1566 2059 praedicti,
1583 2021 1736 2059 quatenus
1761 2016 1906 2049 eumdem

1167 2069 1344 2112 Philippum
1355 2069 1616 2113 Christophorum
1632 2069 1904 2112 archiepiscopum

1147 2129 1195 2155 >ct
1220 2124 1389 2156 electorem
1410 2124 1634 2156 Trererensem
1659 2123 1906 2166 episcopumque

1165 2176 1343 2220 Spirensem
1359 2176 1699 2210 etcommendatarium
1709 2175 1903 2220 praedictum

1165 2229 1193 2261 in
1209 2235 1379 2273 pastorem,
1396 2229 1581 2273 principem,
1600 2228 1902 2262 commendatarium

1164 2287 1193 2315 et
1218 2283 1416 2326 superiorem
1442 2283 1638 2326 lespectiie,
1663 2287 1696 2315 ut
1720 2282 1808 2325 prius
1833 2287 1904 2314 ante

1163 2336 1374 2369 detentionem
1400 2336 1678 2379 1ecognoscebant,
1697 2336 1738 2368 ita
1754 2335 1902 2388 imposte-

1163 2400 1233 2422 ium
1248 2394 1484 2432 recognoscant,
1498 2389 1589 2431 eique
1603 2389 1737 2422 debitam
1753 2388 1901 2422 obe‘dien-

389 2451 445 2474 nos
471 2442 601 2485 scriptas
619 2443 814 2486 supplicavit,
832 2447 985 2486 quatenus
1003 2443 1060 2475 sibi
1081 2454 1129 2476 or-

390 2494 493 2526 dinem
511 2501 540 2527 et
555 2495 733 2528 mandatum
759 2501 902 2528 nostrum
919 2496 1127 2539 apostolicum

389 2547 427 2580 de
445 2549 674 2581 manutenendo
692 2550 959 2582 manutenentiam
984 2550 1026 2582 ibi
1047 2560 1127 2582 nun-

391 2600 555 2644 cupatum¹
576 2602 748 2635 concedere
766 2603 987 2645 dignaremur:

1163 2444 1236 2474 tiam
1253 2448 1282 2474 et
1299 2453 1390 2475 icxei
1393 2443 1507 2475 entiam
1522 2448 1690 2486 praestent.

1207 2495 1221 2537 S
1245 2495 1274 2527 4.
1292 2495 1446 2534 Quocirca
1464 2495 1648 2528 traternitati
1674 2501 1744 2528 tuae
1762 2495 1901 2528 commit·
1928 2502 2014 2549 funi
1988 2509 2100 2550 ngnmigua:

1162 2529 1255 2581 tinius
1280 2554 1309 2581 et.
1334 2549 1528 2585 mandamus
1549 2554 1582 2581 ut
1603 2554 1712 2582 contla
1737 2559 1846 2583 omnes
1871 2554 1900 2580 et
1915 2561 1965 2607 ΞΠ
1946 2559 1973 2574 ¹
1965 2537 2028 2602 &nl
2036 2562 2099 2608 '³¹32-

1162 2601 1532 2644 singulosrteclunantes,
1550 2603 1899 2638 seucontraxenientes
1915 2614 2003 2635 umine
2024 2615 2098 2630 cau„

426 2666 435 2689 1
460 2663 554 2691 Nescio
575 2674 607 2691 au
628 2665 679 2699 legi
695 2665 792 2693 dehent
807 2669 1005 2700 ¹nunciepalczm
1022 2667 1061 2700 (n.
1078 2667 1124 2698 T.).
1197 2667 1207 2691 1
1230 2665 1298 2692 tide
1318 2673 1352 2692 an
1372 2665 1478 2700 legend.
1500 2665 1726 2699 nuncupatam(
1730 2671 1754 2691 R
1771 2664 1817 2698 Τ..)
