2221 3224
184 233 232 262 An.
249 234 276 262 c.
301 234 367 262 1629
414 226 477 260 120

225 674 253 694 Du
268 673 366 698 erigendo

184 705 253 723 monle
277 700 365 720 vacabit«

185 735 248 754 snper
272 726 366 750 »us-ligati

186 761 225 775 rint
252 757 272 775 st
299 759 367 773 curius

185 784 261 808 cogitat
270 788 273 805 ;

214 1523 239 1544 Et
254 1522 322 1548 erigit,

227 2373 300 2394 Dotem
323 2374 372 2394 assi-

193 2403 248 2426 gual.

382 288 464 317 strae
477 282 722 324 necessitatibus,
738 286 768 315 et
784 281 822 314 acl
837 290 873 314 ea
889 279 1025 323 gerenda
1042 289 1122 323 quae

382 348 439 381 pro
457 337 596 370 eiusdem
615 336 702 370 Sedis
720 341 749 368 et
766 334 918 378 praedicti
942 333 1045 366 Status
1065 343 1121 366 no-

383 390 437 424 stri
455 390 607 423 beneficio
628 388 803 422 necessaria
826 387 982 427 videntur,
1000 387 1122 420 assidue

382 443 556 486 cogitemus
574 442 724 484 colligere
742 446 771 473 et
791 450 988 484 comparare,
1005 445 1039 473 ut
1055 450 1122 472 eam

383 503 521 540 paratam
542 497 572 528 in
592 496 668 539 ipsis
686 494 924 528 necessitatibus
940 494 1122 534 habeamus,

383 550 473 593 idque
499 549 612 582 minori
641 559 704 592 quo
736 548 893 592 possimus
925 547 1121 580 subditorum

382 608 563 636 nostrorum
580 606 610 635 et
630 601 727 645 ipsius
752 611 896 634 camerae
919 600 1123 633 incommodo

382 660 412 688 et
435 655 622 689 detrimento
647 655 750 688 facere
774 654 964 687 studeamus.
990 653 1062 687 ideo
1087 665 1122 686 u-

382 718 456 741 num
475 712 611 741 montem
625 707 806 748 vacabilem‚
821 717 857 740 ex
870 717 932 750 quo
946 711 1123 751 opportuna

383 761 533 805 pecuniae
547 760 592 793 vis
606 760 711 803 colligi
728 760 837 804 possit,
855 769 952 803 super
971 769 1123 802 augmen-

383 820 413 848 to
439 825 493 847 seu
522 814 662 847 subsidio
691 814 758 846 iulii
782 813 875 846 unius
901 824 959 857 pro
982 813 1124 856 quolibet

383 867 460 901 cado
487 868 558 907 vini,
583 867 666 910 quod
692 867 729 899 ad
755 866 870 900 Urbem
897 876 934 899 ex
958 866 1124 899 circumvi-

383 921 460 954 cinis
480 921 659 953 civitatibus
684 926 713 953 et
736 919 813 953 locis
842 925 1039 963 asportatur,
1065 930 1123 963 pro

382 974 493 1007 annuis
518 974 613 1007 scutis
631 973 739 1016 viginti
759 973 882 1006 duobus
900 973 1038 1006 millibus
1056 983 1124 1005 mo-

383 1032 472 1060 netae
489 1027 609 1060 dilectis
626 1026 698 1059 siliis
719 1026 825 1059 loanni
847 1026 1001 1070 Baptistae
1018 1030 1048 1060 et
1067 1026 1125 1058 fra-

385 1081 483 1114 tribus
499 1081 538 1113 de
558 1080 653 1114 Gallis
673 1079 809 1121 locatis¹,
828 1085 855 1112 ct
876 1079 937 1112 alio
955 1084 1124 1122 augmento

384 1145 438 1168 seu
464 1133 604 1167 subsidio
629 1133 762 1166 duarum
788 1143 825 1165 ex
850 1133 952 1165 tribus
982 1133 1124 1176 partibus

384 1187 565 1232 quadrantis
596 1197 692 1230 super
725 1186 863 1230 qualibet
894 1186 975 1218 libra
1005 1185 1124 1227 carnis,

384 1251 463 1284 quae
487 1240 519 1272 in
543 1239 625 1273 Urbe
650 1238 813 1278 venditur,
838 1238 876 1271 ad
907 1248 1010 1271 annua
1039 1243 1125 1271 scuta

386 1294 493 1338 viginti
511 1293 649 1337 quinque
666 1292 763 1324 millia
780 1292 976 1332 ascendente,
993 1302 1050 1335 per
1069 1302 1126 1325 nos

386 1347 538 1391 impositis
570 1352 600 1379 et
631 1346 740 1387 auctis,
766 1345 896 1389 aliisque
931 1345 1032 1378 dictae
1062 1355 1122 1378 uo-

385 1406 467 1434 strae
488 1409 631 1433 camerae
654 1398 843 1440 introitibus,
867 1399 990 1442 erigere
1010 1398 1126 1432 delibe-

386 1454 535 1487 ravimus.

430 1508 445 1551 ἓ
469 1508 498 1541 ⁶2.
524 1507 608 1540 Motu
633 1506 728 1549 igitur
758 1505 890 1549 proprio
920 1515 955 1537 ac
980 1515 1017 1538 ex
1041 1506 1126 1538 certa

386 1562 517 1595 scientia
542 1566 572 1594 et
594 1557 758 1604 potestatis
786 1558 979 1602 plenitudine
1011 1557 1127 1592 nostris

387 1621 526 1648 montem
541 1614 714 1647 vacabilem
731 1618 892 1646 scutorum
911 1618 1124 1645 trecentorum

387 1669 519 1702 millium
544 1672 688 1701 monetae
712 1666 851 1699 subsidii
869 1666 1125 1709 nuncupandum,

388 1725 529 1757 locorum
547 1732 602 1754 seu
618 1720 797 1765 portionum
815 1719 909 1752 trium
927 1719 1060 1752 millium
1074 1730 1127 1752 va-

387 1776 534 1810 cabilium
561 1774 798 1817 resignabilium
817 1773 855 1805 ad
872 1773 969 1806 instar
993 1773 1127 1806 aliorum

387 1829 564 1863 officiorum
582 1833 612 1860 et
631 1827 785 1860 montium
807 1826 995 1859 vacabilium
1015 1827 1128 1859 Roma-

386 1893 445 1916 nae
469 1882 598 1921 Curiae,
623 1880 718 1914 scutis
751 1885 877 1913 centum
901 1885 1045 1912 monetae
1069 1890 1127 1923 pro

386 1936 527 1980 quolibet
550 1936 621 1968 loco
652 1934 857 1977 computatis,
882 1933 976 1966 annui
1007 1933 1127 1966 fructus

387 1994 548 2024 scutorum
581 1999 693 2021 novem
728 1992 870 2020 monetae
901 1997 959 2030 pro
988 1987 1129 2030 quolibet

387 2044 456 2076 loco
489 2047 519 2075 et
551 2041 695 2085 portione
725 2045 755 2073 et
784 2050 883 2080 anno,
907 2050 925 2072 a
949 2039 998 2072 die
1023 2040 1128 2083 prima

388 2096 503 2129 mensis
529 2095 595 2128 iulii
613 2094 757 2138 proxime
774 2094 935 2138 praeteriti
955 2093 1128 2137 praesentis

387 2148 459 2181 anni
476 2158 604 2181 MDcxxx
621 2147 807 2187 inchoando,
821 2147 859 2179 ad
877 2147 974 2179 instar
994 2146 1128 2180 aliorum

389 2202 542 2236 montium
564 2207 594 2234 et
613 2201 788 2235 officiorum
810 2201 1005 2242 vacabilium,
1024 2206 1130 2234 aucto-

388 2256 480 2289 ritate
504 2255 686 2299 apostolica,
704 2259 812 2287 tenore
830 2254 1055 2297 praesentium,
1073 2253 1130 2287 eri-

390 2309 503 2353 gimus,
520 2319 674 2349 creamus,
692 2308 822 2341 facimus
837 2313 866 2340 et
883 2307 1084 2340 instituimus.

434 2364 449 2407 ξ
472 2362 502 2397 3.
527 2363 638 2406 Illique
662 2362 706 2395 sic
731 2367 836 2395 erecto
861 2366 890 2395 et
915 2362 1070 2402 instituto,
1095 2371 1130 2395 ac

390 2416 549 2461 personis,
576 2426 655 2460 quae
679 2416 711 2449 in
735 2426 772 2450 eo
796 2416 963 2460 pecunias,
989 2420 1023 2448 ut
1050 2415 1131 2448 infra

391 2471 521 2511 dicetur,
545 2470 717 2515 posuerint,
742 2481 800 2514 pro
824 2469 898 2503 dicti
919 2469 1033 2503 montis
1050 2479 1127 2503 con·

392 2528 471 2569 grua
490 2525 572 2566 dote,
589 2536 625 2558 ac
642 2525 795 2558 fructibus
811 2530 840 2558 et
856 2524 1076 2558 emolumentis
1093 2523 1131 2557 ad

963 231 1021 256 BUL
1026 230 1142 255 LARIUM
1165 229 1320 255 ROMANUM

1155 283 1245 312 netae
1269 277 1357 311 annis
1382 277 1513 321 singulis
1537 287 1596 322 pro
1620 277 1761 322 quolibet
1776 278 1846 312 loco
1864 282 1894 310 et

1155 332 1294 377 quolibet
1306 331 1448 366 bimestri
1463 331 1494 364 in
1507 331 1569 364 fine
1582 342 1640 376 pro
1653 334 1720 365 rata
1734 331 1894 365 solvendo-

1156 397 1226 419 rum
1241 384 1260 426 ¹,
1285 396 1440 418 summam
1465 388 1626 419 scutorum
1644 386 1753 429 viginti
1774 391 1893 430 septem

1156 439 1289 471 millium
1322 444 1465 472 monetae
1493 449 1528 472 ex
1555 438 1638 472 dicto
1671 439 1810 472 subsidio
1840 449 1894 472 seu

1156 497 1325 535 augmento
1346 492 1411 524 iulii
1435 502 1493 536 pro
1513 492 1653 535 quolibet
1677 492 1754 525 ca'do
1771 491 1843 532 vini,
1865 497 1896 524 et

1156 545 1350 588 reliquorum
1367 549 1528 578 scutorum
1542 550 1661 588 septem
1680 544 1813 577 millium
1832 554 1895 577 mo-

1156 603 1245 631 netae
1273 607 1451 631 annuorum
1472 608 1508 631 ex
1527 597 1706 641 supradicto
1726 603 1894 640 augmento

1156 651 1296 694 gabellae
1329 651 1432 684 carnis
1465 661 1521 694 per
1552 661 1626 693 nos,
1650 656 1685 684 ut
1708 651 1894 695 praefertur,

1157 704 1314 749 imposito,
1333 714 1350 737 a
1370 704 1526 737 dictorum
1541 704 1754 737 subsidiorum
1779 705 1895 738 emolu-

1157 758 1268 791 mentis
1300 762 1330 790 et
1365 756 1539 790 redditibus
1570 756 1834 790 dismembramus
1867 761 1897 791 et

1157 821 1350 855 separamus,
1375 810 1482 854 sicque
1506 810 1763 843 dismembratam
1787 815 1818 844 et
1842 820 1893 844 se-

1156 870 1296 909 paratam
1321 864 1403 897 dicto
1420 863 1518 897 monti
1538 863 1684 907 illiusque
1707 864 1897 908 depositario

1157 923 1186 952 et
1206 917 1363 952 montistis
1383 917 1573 957 solvendam,
1592 916 1702 950 eodem
1723 921 1828 951 monte
1845 917 1898 950 du-

1158 976 1256 1012 rante,
1274 971 1485 1013 concedimus,
1506 971 1701 1014 applicamus
1725 975 1755 1004 et
1778 981 1897 1014 appro-

1157 1025 1298 1070 priamus
1323 1030 1354 1058 et
1377 1025 1583 1067 assignamus,
1601 1024 1852 1068 applicatamque
1869 1029 1899 1058 et

1158 1079 1392 1123 appropriatam
1411 1088 1477 1111 esse
1493 1078 1638 1111 volumus
1655 1082 1685 1111 et
1703 1078 1896 1112 mandamus.

1204 1133 1218 1176 ἓ
1242 1132 1271 1165 4.
1297 1133 1467 1176 Ipsumque
1491 1137 1630 1165 montem
1655 1137 1685 1164 et
1709 1132 1791 1164 illius
1815 1132 1898 1165 futu-

1159 1196 1211 1219 ros
1236 1185 1409 1218 creditores
1446 1185 1477 1218 in
1501 1180 1644 1218 nostrum
1681 1195 1717 1218 ac
1747 1185 1835 1218 Sedis
1863 1196 1899 1218 ac

1159 1248 1302 1271 camerae
1319 1238 1550 1282 praedictarum
1571 1238 1686 1278 locum,
1704 1238 1808 1282 quoad
1825 1238 1900 1271 inte-

1159 1302 1247 1334 gram
1273 1301 1427 1324 summam
1452 1291 1644 1335 praedictam
1668 1290 1798 1335 eiusque
1821 1291 1899 1324 libe-

1160 1355 1226 1377 ram
1252 1344 1501 1388 perceptionem,
1522 1345 1715 1378 exactionem
1741 1349 1771 1377 et
1795 1355 1901 1378 conse-

1159 1397 1353 1441 quutionem,
1365 1397 1459 1430 etiam
1477 1397 1727 1431 irrevocabiliter
1742 1398 1899 1441 ponimus,

1160 1451 1379 1484 substituimus
1396 1456 1426 1484 et
1449 1451 1669 1494 subrogamus,
1695 1451 1901 1496 camdemque

1160 1515 1316 1538 summam
1341 1505 1380 1537 ab
1407 1505 1554 1538 omnibus
1579 1504 1739 1545 oneribus,
1764 1505 1900 1546 tributis,

1160 1558 1307 1591 subsidiis
1339 1563 1369 1591 et
1393 1558 1630 1592 collectionibus
1663 1563 1693 1591 et
1717 1558 1901 1592 retentioni-

1160 1612 1218 1645 bus
1250 1623 1307 1656 per
1337 1622 1395 1645 nos
1427 1616 1457 1645 et
1487 1622 1545 1655 pro
1570 1617 1711 1655 tempore
1736 1611 1903 1645 existentes

1160 1667 1317 1699 Romanos
1327 1665 1504 1706 Pontifices,
1515 1675 1551 1698 ex
1565 1667 1763 1708 quacumque
1776 1666 1902 1708 urgenti

1161 1724 1190 1752 et
1214 1719 1352 1763 publica,
1369 1729 1405 1752 ac
1429 1718 1521 1751 etiam
1546 1718 1653 1762 pestis,
1678 1718 1750 1751 fidei
1776 1718 1903 1752 catholi-

1160 1782 1215 1805 cae
1239 1772 1372 1804 tuendae
1397 1773 1504 1811 causa,
1529 1776 1698 1814 augmento
1723 1772 1825 1805 cultus
1849 1772 1900 1804 di-

1160 1825 1233 1866 vini,
1245 1836 1299 1858 seu
1313 1825 1373 1857 alia
1391 1824 1606 1858 sublevatione
1619 1830 1649 1857 et
1666 1825 1905 1858 conservatione

1161 1879 1298 1912 eiusdem
1321 1878 1421 1911 nostri
1446 1878 1548 1911 Status
1573 1882 1603 1910 et
1627 1879 1785 1913 Romanae
1802 1878 1904 1912 Eccle-

1161 1932 1233 1972 siae,
1255 1931 1496 1977 quomodolibet
1516 1931 1673 1974 impositis
1694 1936 1724 1963 et
1744 1931 1905 1975 imponen—

1161 1985 1218 2025 dis,
1237 1995 1272 2017 ac
1293 1985 1331 2017 ab
1351 1984 1496 2017 omnibus
1514 1989 1544 2017 et
1563 1984 1815 2028 quibuscumque
1835 1985 1903 2018 aliis

1161 2038 1396 2082 gravaminibus
1414 2038 1581 2072 ordinariis
1599 2043 1628 2071 et
1646 2039 1904 2072 extraordinariis

1162 2092 1379 2136 praesentibus
1403 2097 1433 2125 et
1456 2091 1569 2125 suturis
1586 2092 1752 2125 eximimus
1777 2096 1806 2126 et
1830 2093 1904 2126 libe-

1162 2157 1286 2187 ramus,
1311 2150 1516 2190 exemptaque
1545 2150 1575 2178 et
1599 2146 1715 2187 libera,
1742 2146 1904 2191 dictosque

1161 2199 1316 2240 redditus,
1341 2199 1487 2232 introitus
1511 2204 1541 2231 et
1565 2199 1777 2232 emolumenta
1802 2200 1904 2234 eidem

1162 2253 1260 2286 monti
1285 2258 1315 2285 et
1339 2252 1422 2285 illius
1447 2252 1657 2286 creditoribus
1687 2257 1716 2286 et
1746 2253 1902 2287 montistis

1162 2307 1299 2350 obligata
1325 2311 1354 2339 et
1378 2306 1588 2350 hypothecam
1613 2317 1680 2340 esse
1700 2308 1855 2351 volumus,
1873 2312 1902 2341 et

1163 2361 1340 2404 obligamus
1362 2364 1392 2393 et
1416 2360 1673 2405 hypotlieeamus.

1207 2415 1222 2458 ἓ
1242 2414 1271 2448 5.
1297 2414 1342 2456 Et,
1365 2425 1423 2458 pro
1448 2414 1559 2447 maiori
1577 2414 1717 2447 eiusdem
1740 2414 1855 2449 montis
1875 2419 1905 2448 et

1163 2478 1369 2513 personarum
1386 2467 1417 2500 in
1431 2478 1467 2501 eo
1492 2468 1640 2511 pecunias
1665 2478 1782 2512 ponere
1799 2468 1904 2502 volen-

1164 2521 1243 2556 tium
1267 2522 1390 2554 cautela
1414 2525 1444 2555 et
1468 2522 1645 2563 securitate,
1663 2522 1767 2556 omnia
1788 2527 1818 2554 et
1841 2522 1904 2555 sin-

392 2578 584 2622 praedictam
594 2578 747 2612 rationem
762 2583 924 2612 scutorum
940 2588 1052 2611 novem
1069 2587 1133 2610 mo·
1165 2576 1238 2619 gula
1263 2575 1321 2607 alia
1342 2574 1429 2608 Sedis
1449 2579 1479 2608 et
1503 2585 1646 2609 camerae
1671 2574 1904 2619 praedictarum

429 2641 441 2667 1
456 2639 547 2668 Potius
559 2640 666 2676 legend.
682 2641 782 2676 locato,
795 2648 892 2676 nempe
902 2639 1028 2669 subsidio
1038 2639 1130 2675 (Rau).

1201 2639 1213 2666 1
1231 2637 1279 2666 Vel
1292 2637 1444 2673 solvendis,
1460 2637 1530 2666 idest
1544 2637 1687 2674 fructibus
1701 2637 1741 2672 (n.
1758 2637 1806 2672 T.)-

1906 230 1954 258 An.
1971 230 1999 258 C.

2023 233 2033 258 1
2039 231 2089 259 629

1940 1143 2023 1165 Dictum
2039 1148 2099 1164 mon-

1914 1174 1954 1192 tem
1965 1172 1992 1192 ab
2001 1171 2098 1192 omnibus

1915 1198 2013 1220 oneribus
2020 1198 2099 1219 eximit.

1946 2423 2007 2445 Sedis
2016 2423 2102 2450 Aposto-

1920 2450 1973 2471 {icae
1996 2452 2017 2470 et
2035 2455 2106 2471 came·

1919 2482 1955 2497 rae
1985 2476 2040 2497 bona
2065 2482 2104 2503 pro

1920 2503 1971 2524 dicti
1986 2503 2061 2524 montis
2072 2508 2105 2523 sa-

1920 2530 2009 2551 eui-itate
2018 2529 2105 2555 obligat.
