2248 3229
237 252 286 281 An.
306 252 334 280 c.
353 252 421 280 1634
467 242 531 278 366

283 792 419 813 Confirmatio

237 821 259 839 et
291 819 419 845 approbatio

236 848 369 866 statutorum.

435 300 687 344 congregationis
702 298 931 343 persolvantur,
941 298 1092 342 quamdiu
1106 298 1174 330 red-

435 354 517 387 ditus
529 352 763 397 praedictorum
776 351 932 384 bonorum
950 351 988 384 de
1001 351 1100 384 Viono
1114 351 1175 384 col-

434 407 508 450 legii
527 406 744 440 sustentationi
760 405 917 450 deputati¹
934 405 1116 438 manserint.

478 460 536 492 Per
566 459 763 503 supradictos
787 464 891 492 autem
924 459 1091 499 articulos,
1115 468 1173 502 pro

433 513 657 546 reformatione
687 513 787 546 dictae
817 512 1072 556 congregationis
1103 512 1172 544 for—

434 571 544 606 matos,
560 571 624 599 non
650 565 835 608 intelligitur
852 565 1038 608 derogatum
1066 565 1097 597 in
1121 564 1175 597 ali-

434 628 496 661 quo
516 618 651 651 decretis
674 618 754 651 sacri
775 618 899 651 concilii
924 617 1114 658 Tridentini,
1139 628 1174 650 ac

434 671 532 705 seticis
561 671 788 705 recordationis
817 672 983 705 Clementis
1014 672 1097 713 VllI,
1123 670 1176 705 et‘Z

435 724 485 757 SS.
506 725 539 757 D.
560 725 595 758 N.
621 725 724 769 quoad
746 725 909 768 regulares
933 724 1039 758 editis:

478 779 551 821 Nos,
577 779 749 812 inviolabili
774 779 1033 813 constitutionum
1054 789 1090 812 ac
1114 783 1174 812 sta-

436 837 576 865 tutorum
606 832 787 866 huiusmodi
823 832 1044 873 observationi,
1079 832 1176 865 felici-

436 895 496 929 que
507 886 688 919 earumdem
702 886 984 929 congregationum
999 886 1174 928 directioni,

436 942 588 981 quantum
615 939 706 973 nobis
732 950 768 972 ex
793 940 855 972 alto
880 939 1079 982 conceditur,
1105 950 1178 983 pro-

436 992 567 1036 spicere,
581 1003 617 1026 ac
635 993 812 1037 praesidem
826 997 856 1028 et
870 994 1040 1028 monachos
1057 993 1177 1038 praedi-

437 1051 503 1079 ctos
517 1046 704 1090 specialibus
720 1047 880 1081 favoribus
898 1052 928 1080 et
945 1047 1054 1091 gratiis
1072 1058 1178 1091 prose-

436 1099 489 1143 qui
499 1101 648 1143 volentes,
657 1111 830 1145 eorumque
840 1101 1015 1143 singulares
1026 1111 1177 1145 personas

436 1163 453 1185 a
467 1153 628 1197 quibusvis
646 1154 989 1196 excommunicationis,
1003 1155 1179 1198 suspensio-

1005 248 1186 274 BULLARIUM
1209 248 1364 274 ROMANUM

1206 297 1386 330 nationibus
1404 297 1598 340 apostolicis,
1620 307 1666 339 ac,
1691 301 1844 342 quatenus
1867 306 1947 341 opus

1208 351 1256 392 sit,
1273 350 1398 384 Ordinis
1412 356 1441 383 et
1457 351 1738 393 congregationum
1755 350 1946 391 huiusmodi,

1208 405 1301 438 etiam
1316 404 1502 446 iuramento,
1513 404 1752 438 confirmatione
1765 405 1946 448 apostolica,

1209 459 1256 491 vel
1276 458 1385 502 quavis
1402 458 1549 491 firmitate
1566 458 1626 491 alia
1645 458 1811 500 roboratis,
1829 458 1948 492 statutis

1210 516 1239 544 et
1267 511 1565 552 consuetudinibus,
1590 511 1764 555 privilegiis
1796 521 1944 555 quoque,

1210 564 1337 598 indultis
1362 569 1392 597 et
1421 565 1534 598 litteris
1557 565 1738 609 apostolicis
1769 564 1803 596 in
1827 568 1950 597 contra-

1210 619 1291 651 rium
1305 618 1554 662 praemissorum
1572 617 1811 662 quomodolibet
1827 627 1951 651 conces-

1210 673 1262 714 sis,
1288 673 1481 707 confirmatis
1505 677 1535 706 et
1560 672 1727 712 innovatis;
1745 671 1858 716 quibus
1883 681 1950 705 om-

1209 726 1301 759 nibus
1326 731 1356 758 et
1380 726 1520 769 singulis,
1539 736 1649 759 eorum
1666 726 1809 759 omnium
1825 730 1951 758 tenores

1210 780 1429 824 praesentibus
1446 790 1506 824 pro
1524 780 1617 824 plene
1641 785 1671 813 et
1695 779 1886 813 sufficienter
1903 789 1952 812 ex-

1210 834 1326 878 pressis
1347 834 1510 875 habentes,
1530 833 1591 866 illis
1608 833 1683 866 alias
1707 833 1738 866 in
1762 843 1818 866 suo
1835 832 1951 866 robore

1212 887 1437 931 permansuris,
1454 887 1513 920 hac
1532 886 1600 920 vice
1624 886 1784 920 dumtaxat
1808 885 1952 930 speciali-

1210 945 1258 973 ter
1291 946 1321 974 et
1351 951 1498 985 expresse
1529 940 1744 984 derogamus;
1777 939 1952 984 ceterisque

1212 995 1378 1028 contrariis
1403 994 1663 1038 quibuscumque.
1688 994 1799 1027 Datum
1824 993 1950 1034 Rornae,

1212 1048 1293 1092 apud
1307 1048 1335 1081 S.
1351 1048 1488 1089 Petrum,
1501 1048 1559 1081 suh
1572 1048 1688 1081 annulo
1705 1047 1888 1089 piscatoris,
1902 1046 1953 1080 die

1213 1112 1265 1135 xxi
1295 1102 1398 1135 martii
1430 1111 1593 1143 nncxxxi,
1625 1101 1826 1146 pontificatus
1852 1100 1953 1134 nostri

1212 1166 1293 1189 anno
1316 1166 1381 1188 v111.

1950 248 2003 276 An.
2023 248 2053 276 C.
2076 248 2145 276 1634

436 1207 484 1239 nis
498 1212 528 1239 et
545 1207 713 1248 interdicti,
730 1207 861 1251 aliisque
875 1208 1095 1241 ecclesiasticis
1112 1218 1178 1240 sen-

437 1259 551 1300 tentiis,
573 1261 714 1293 censuris
737 1266 767 1293 et
792 1261 913 1305 poenis,
937 1271 955 1293 a
979 1261 1047 1294 iure
1066 1262 1114 1294 vel
1140 1261 1178 1293 ab

437 1313 574 1355 homine,
599 1315 709 1358 quavis
729 1315 893 1347 occasione
915 1315 961 1347 vel
983 1316 1078 1348 causa
1099 1314 1178 1355 latis,

1257 1209 1272 1251 ξ
1295 1209 1324 1242 9..
1350 1209 1427 1242 Cum
1451 1214 1572 1250 autem,
1598 1209 1678 1242 sicut
1701 1208 1804 1242 denuo
1829 1207 1951 1251 accepi·
1975 1216 2152 1263 aequm-agique

1214 1272 1293 1304 mus,
1318 1267 1388 1306 post
1412 1269 1570 1296 emanatas
1593 1263 1803 1306 praeinsertas
1833 1262 1952 1296 litteras
1967 1246 2152 1295 {fatuiisspliuiisiss

1967 1297 2018 1317 bant
2059 1297 2152 1323 expliea-

1213 1315 1406 1356 huiusmodi,
1418 1316 1449 1347 in
1463 1316 1600 1359 capitulo
1614 1315 1753 1358 generali
1767 1314 1952 1348 earumdem
1969 1325 2038 1348 uon-³,

438 1366 586 1410 siquibus
603 1367 1016 1410 quomodolibetinnodatae
1033 1368 1178 1409 existunt,

437 1419 475 1451 ad
493 1419 639 1454 effectum
658 1421 871 1465 praesentium
894 1422 1055 1454 dumtaxat
1075 1431 1180 1455 conse-

437 1473 607 1516 quendum,
625 1475 737 1507 harum
763 1477 844 1508 serie
861 1475 1065 1518 absolventes,
1084 1480 1114 1508 et
1130 1475 1181 1507 ab·

438 1526 554 1560 solutas
567 1527 634 1560 sore
648 1534 821 1570 censentes,
837 1533 924 1562 motu
940 1528 1081 1572 proprio,
1097 1532 1127 1562 et
1143 1539 1179 1561 ex

439 1582 524 1614 certa
541 1582 672 1615 scientia
688 1593 724 1615 ac
743 1585 866 1615 matura
883 1582 1108 1616 deliberatione
1127 1592 1181 1616 no-

438 1635 521 1675 stris,
537 1636 775 1669 constitutiones
796 1643 827 1669 et
849 1641 964 1669 statuta
984 1636 1180 1680 praeinserta

438 1688 629 1730 huiusmodi,
649 1689 821 1733 apostolica
845 1690 1047 1731 auctoritate,
1070 1695 1180 1723 tenore

439 1743 662 1785 praesentium,
676 1748 830 1787 perpetuo
843 1743 1055 1787 approbamus
1067 1748 1097 1776 et
1110 1753 1180 1777 con-

439 1796 612 1838 firmamus,
633 1797 756 1840 illisque
784 1797 972 1830 inviolabilis
990 1797 1179 1841 apostolicae

440 1849 719 1885 firmitatisrobur
748 1850 928 1891 adiicimus,
953 1861 989 1884 ac
1018 1861 1126 1884 omnes
1151 1855 1180 1883 et

440 1903 581 1947 singulos
602 1909 664 1937 tam
689 1905 767 1937 iuris
792 1915 885 1948 quam
906 1905 977 1937 sacti
1007 1915 1042 1937 ac
1068 1905 1180 1937 solem-

440 1956 573 1990 nitatum
587 1958 774 1991 omissarum
793 1963 823 1990 et
847 1958 974 2001 quosvis
991 1958 1068 1991 alios
1086 1958 1179 1990 etiam

441 2011 639 2054 quantumvis
664 2011 882 2044 substantiales
906 2012 1054 2051 defectus,
1076 2011 1101 2044 si
1126 2011 1180 2054 qui

441 2064 578 2108 desuper
602 2065 840 2109 quomodolibet
868 2065 1103 2105 intervenerint,
1128 2070 1181 2097 aut

423 2113 646 2151 *intervenisse
662 2119 723 2152 dici
746 2122 891 2162 possent,
912 2119 1104 2162 supplemus.
1122 2119 1180 2151 De-

442 2176 604 2205 cernentes
620 2172 687 2204 illas
705 2172 735 2204 in
749 2172 916 2216 praedictis
930 2171 1182 2215 congregationi-

440 2223 499 2257 bus
515 2224 555 2257 ab
569 2225 715 2258 omnibus
732 2229 761 2259 et
775 2225 905 2268 singulis
918 2225 957 2257 ad
970 2236 1049 2269 quos
1064 2230 1183 2268 spectat

442 2281 471 2311 et
484 2277 515 2310 in
529 2278 670 2311 futurum
685 2279 837 2322 spectabit
848 2279 1068 2312 inviolabiliter
1079 2278 1183 2311 obser-

443 2331 510 2364 vari
528 2336 558 2364 et
573 2331 737 2375 adimpleri
756 2333 885 2365 omnino
903 2332 1028 2372 debere,
1046 2332 1183 2364 irritum-

443 2395 503 2428 que
520 2385 725 2418 nihilominus
750 2389 779 2419 et
804 2386 895 2418 inane
917 2385 1069 2429 quidquid
1094 2395 1182 2418 secus

443 2449 539 2482 super
555 2439 603 2472 his
627 2450 643 2472 a
663 2449 821 2483 quoquam
834 2466 841 2480 ,
859 2439 967 2482 quavis
988 2438 1181 2480 auctoritate,

443 2493 576 2526 scienter
588 2493 636 2526 vel
649 2493 841 2536 ignoranter,
851 2493 1019 2535 contigerit
1029 2492 1182 2526 attentari.

442 2546 511 2579 Non
534 2546 731 2579 obstantibus
755 2546 1027 2580 constitutionibus
1047 2550 1077 2578 et
1099 2544 1184 2578 ordi—

480 2617 490 2643 1
511 2617 576 2644 Male
590 2618 616 2644 in
632 2618 683 2646 loc.
701 2618 796 2654 parall.
812 2621 852 2645 est
867 2618 1004 2653 deputari
1018 2617 1056 2653 (a.
1069 2617 1117 2652 T.).

478 2661 496 2689 2
511 2661 651 2691 Coniunet.
669 2666 695 2690 et
710 2671 759 2690 nos
775 2663 898 2691 addimus
913 2663 952 2697 (a.
969 2662 1017 2696 T.).

1214 1368 1515 1412 congregationum,
1540 1369 1579 1401 de
1604 1368 1697 1402 modo
1722 1373 1751 1401 et
1774 1368 1877 1401 forma
1902 1378 1953 1400 su-

1213 1423 1405 1466 prainsertas
1430 1423 1667 1457 constitutiones
1692 1426 1721 1457 et
1738 1427 1858 1456 statuta
1882 1432 1954 1455 exc-

1213 1477 1358 1520 quutioni
1368 1481 1397 1511 et
1405 1477 1623 1510 observantiae
1633 1475 1840 1510 demandandi
1850 1479 1955 1509 actum

1212 1531 1317 1572 suerit,
1344 1541 1390 1571 ac,
1415 1532 1538 1564 matura
1558 1530 1786 1564 consultatione
1803 1529 1954 1571 adhibita,

1213 1589 1409 1628 compertum
1435 1585 1494 1624 sit,
1520 1583 1651 1617 faciliori
1682 1588 1775 1627 atque
1805 1581 1954 1617 exactiori

1214 1642 1275 1670 tam
1300 1638 1439 1681 ipsarum
1471 1637 1616 1681 superius
1645 1637 1952 1679 insertarum-quam

1214 1691 1307 1724 etiam
1331 1691 1463 1724 aliarum
1489 1690 1746 1724 constitutionum
1771 1689 1954 1722 earumdem

1214 1744 1494 1787 congregationum
1527 1744 1602 1777 olim
1635 1754 1652 1776 a
1685 1743 1783 1776 felicis
1807 1743 1955 1776 recorda-

1212 1798 1307 1831 tionis
1331 1797 1484 1840 Gregorio
1509 1797 1592 1841 Papa
1623 1797 1688 1829 XIII
1712 1796 1955 1840 praedecessore

1213 1856 1321 1884 nostro
1347 1851 1604 1884 confirmatarum
1631 1849 1833 1893 exequutioni
1853 1853 1883 1882 et
1899 1849 1955 1882 ob-

1214 1904 1387 1936 servantiae
1399 1903 1542 1937 securius
1557 1903 1736 1936 consultum
1755 1903 1831 1943 sore,
1849 1902 1874 1935 si
1891 1907 1954 1934 tam

1214 1957 1298 2000 ipsae
1323 1966 1419 2000 supra
1443 1956 1578 1989 insertae
1603 1956 1633 1988 in
1657 1955 1816 1989 nonnullis
1841 1965 1878 1987 ex
1902 1965 1954 1987 su-

1214 2010 1364 2054 pradictis
1389 2010 1551 2054 capitibus,
1572 2009 1716 2043 videlicet
1740 2019 1782 2051 vl,
1807 2019 1862 2049 vn,
1889 2018 1955 2051 xlii,

1214 2074 1293 2097 xx111
1317 2069 1347 2097 et
1371 2073 1478 2104 xxviii,
1496 2074 1589 2107 quam
1613 2063 1705 2095 etiam
1726 2063 1805 2095 aliae
1829 2072 1846 2094 a
1871 2061 1955 2095 dicto

1215 2118 1368 2161 Gregorio
1399 2117 1662 2160 praedecessore,
1692 2121 1726 2149 ut
1757 2116 1956 2160 praefertur,

1216 2171 1420 2204 confirmatae
1452 2170 1690 2203 constitutiones
1720 2174 1750 2203 et
1780 2174 1894 2202 statuta
1925 2169 1956 2201 in

1215 2225 1337 2257 duobus
1369 2224 1576 2268 infrascriptis
1610 2223 1766 2268 capitibus
1798 2223 1957 2267 (quorum

1216 2289 1313 2311 unum
1337 2284 1392 2319 est,
1418 2278 1570 2312 videlicet:
1596 2278 1725 2322 Eleetio,
1750 2277 1814 2311 sive
1839 2277 1958 2310 imbur⁴

1216 2332 1293 2365 satio
1319 2332 1527 2364 discretorum
1552 2332 1606 2364 siat
1630 2331 1847 2375 praesentibus
1864 2335 1894 2363 et
1913 2330 1958 2362 in-

1216 2385 1462 2417 tervenientibus
1503 2395 1562 2428 pro
1604 2384 1742 2418 veritatis
1778 2382 1957 2417 testimonio

1217 2438 1374 2481 religiosis
1390 2439 1458 2472 aliis
1476 2438 1506 2471 in
1524 2438 1577 2471 illo
1603 2437 1793 2472 monasterio
1817 2446 1958 2470 commo-

1217 2492 1375 2534 rantibus,
1401 2492 1483 2524 intcr
1507 2502 1587 2536 quos
1619 2492 1729 2525 saltem
1754 2496 1889 2535 quatuor
1914 2500 1958 2522 sa-

1217 2546 1359 2579 cerdotes
1384 2545 1591 2579 interveniant
1619 2556 1657 2578 ex
1681 2545 1741 2578 alio
1766 2543 1959 2577 monasterio

1219 2600 1367 2641 vocandi,
1394 2599 1419 2632 si
1444 2610 1482 2632 ex
1506 2610 1543 2632 eo
1568 2599 1677 2632 haberi
1701 2608 1764 2631 non
1789 2602 1958 2642 poterunt,

1219 2652 1325 2695 sicque
1342 2651 1433 2685 electi
1450 2651 1578 2685 discreti
1604 2650 1642 2683 ad
1667 2650 1840 2695 capitulum
1860 2660 1950 2684 acces
