2248 3229
178 213 228 240 An.
245 213 272 241 e.
295 214 363 242 1637
407 205 470 239 572

376 263 588 307 praecipimus
613 262 757 306 patribus
781 262 1027 305 provincialibus
1042 289 1049 302 ,
1078 263 1116 294 ad

377 326 454 359 quos
478 316 552 347 dicti
576 316 688 347 fratres
714 315 801 347 missi
829 314 968 355 suerint,
998 319 1032 347 ut
1062 325 1115 347 eos

376 375 534 412 tamquam
560 367 742 411 provinciae
766 368 909 400 alumnos
943 378 1013 400 cum
1040 379 1115 401 voce

375 427 406 453 et
430 421 498 453 loco
532 421 562 452 in
597 420 649 452 illa
682 420 872 463 suscipiant,
905 421 1010 464 eisque
1036 421 1114 454 sicut

375 474 486 506 ceteris
517 473 554 505 de
584 473 668 506 victu
700 479 730 506 ct
761 474 873 506 vestitu
905 474 1112 517 imposterum

374 526 572 569 provideant,
590 526 647 559 sub
665 528 767 570 poena
786 527 969 567 rebellium;
986 538 1043 560 nec
1061 538 1114 560 eos

374 579 430 611 sub
451 584 615 622 praetextu
633 580 744 621 agendi
759 580 883 622 negotia
897 580 943 612 vel
962 581 1002 613 ob
1021 581 1112 612 aliam

374 642 497 664 causam
523 632 675 665 Lutetiam
701 632 739 664 ad
760 633 904 672 standum
926 638 956 665 et
976 644 1113 667 commo-

375 684 506 717 randum
531 685 563 716 in
587 684 669 718 dicto
695 686 829 728 collegio
853 686 1026 727 remittere,
1054 697 1113 720 nec

373 738 552 780 superiores
574 738 698 781 collegii
724 739 865 783 recipere
889 746 1110 783 praesument,

372 790 429 822 sub
454 791 563 823 eadem
588 794 698 834 poena.
728 792 759 825 Si
784 793 837 836 qui
863 804 936 825 vero
961 794 1111 837 perpauci

372 848 471 876 aetate
496 849 525 876 et
545 844 659 877 virtute
676 846 790 879 maturi
815 845 846 878 in
871 846 1004 888 collegio
1021 847 1112 879 relin—

371 897 531 939 quentur¹‚
542 908 613 930 cum
627 899 802 931 reverentia
815 903 987 932 tractentur
998 905 1028 932 et
1039 911 1109 932 cum

372 949 523 982 charitate
547 950 584 983 de
609 951 699 984 bonis
725 952 821 995 ipsius
847 952 971 995 collegii
988 953 1111 986 alantur

371 1008 400 1034 et
421 1003 601 1044 vestiantur,
619 1004 672 1037 sed
696 1005 753 1048 ipsi
779 1005 871 1038 etiam
893 1006 997 1039 onmia
1016 1007 1109 1047 bona,

370 1066 449 1098 quae
473 1057 511 1088 ad
536 1067 627 1089 usum
645 1068 736 1090 suum
755 1059 912 1102 privatum
932 1060 1108 1100 habuerint,

370 1110 473 1141 statim
498 1111 653 1153 superiori
670 1113 793 1154 collegii
812 1124 883 1145 cuin
897 1114 1008 1146 ceteris
1027 1114 1108 1146 illius

370 1163 460 1194 bonis
484 1164 716 1207 incorporanda
742 1171 771 1197 et
791 1167 1009 1199 confund‹i·nda
1035 1167 1109 1199 fide-

370 1215 440 1248 liter
464 1217 588 1250 tradent
613 1218 669 1250 sub
694 1219 979 1261 proprietariorum
995 1223 1106 1263 poena,

370 1271 399 1300 et
422 1269 474 1312 qui
492 1269 532 1302 ob
549 1271 776 1314 complexionis
801 1272 1046 1305 imbecillitatem
1064 1284 1108 1305 se-

372 1323 484 1355 veriori
515 1323 699 1367 disciplinae
732 1325 835 1357 idonei
871 1336 933 1358 non
969 1327 1104 1369 suerint,

370 1374 460 1417 nigro
492 1381 521 1408 et
554 1382 704 1409 consueto
737 1378 846 1410 habitu
874 1378 973 1410 induti
1004 1380 1104 1411 solum

370 1427 556 1461 tenebuntur
579 1430 681 1462 vivere
707 1430 789 1463 iuxta
807 1432 965 1473 generalia
982 1432 1106 1465 Ordinis

369 1485 482 1513 statuta
507 1487 536 1514 et
560 1483 773 1516 ordinationes
804 1484 877 1517 libri
902 1485 1105 1525 visitationis,

368 1533 503 1576 demptis
517 1536 675 1568 nonnullis
689 1538 845 1580 perlectae
859 1537 1041 1581 disciplinae
1062 1549 1107 1571 re-

368 1587 469 1628 gulari
504 1599 566 1622 non
598 1589 675 1623 adeo
708 1592 970 1633 congi'ucntibus;
1003 1592 1106 1624 vivent

367 1645 469 1674 autem
495 1653 620 1686 semper
644 1643 687 1675 sic
712 1644 841 1677 honeste
870 1650 898 1677 et,
923 1646 1104 1686 humiliter,

369 1698 400 1725 ut
424 1694 462 1726 ad
487 1695 628 1737 regimen
653 1696 766 1729 domus
799 1707 862 1730 non
891 1698 1050 1741 aspirent,
1076 1705 1106 1730 et

367 1747 491 1790 collegii
516 1749 649 1790 negotiis
673 1750 759 1782 nullo
786 1750 880 1783 modo
901 1761 933 1782 se
951 1751 1103 1793 ingerant.

366 1798 463 1836 Quam
488 1800 569 1832 vitae
594 1801 745 1834 rationem
772 1802 796 1834 si
824 1803 968 1845 amplecti
994 1804 1103 1835 nolue-

366 1852 438 1892 rint,
463 1854 608 1885 volumus
625 1860 657 1886 ut
676 1860 705 1886 et
726 1855 782 1898 ipsi
808 1856 874 1888 sine
900 1858 988 1888 mora
1006 1857 1037 1888 in
1055 1857 1104 1888 de—

365 1905 533 1947 signandos
558 1908 605 1939 vel
628 1902 816 1951 'designatos
848 1909 907 1941 sibi
934 1914 1103 1944 conventus

365 1958 534 2001 discedant,
560 1970 598 1992 ne
622 1961 808 1993 factionibus
833 1968 863 1994 et
884 1963 1105 1995 murmuratio-

365 2011 456 2043 nibus
480 2023 588 2055 pacem
614 2014 793 2056 religiosam
827 2021 857 2047 et
886 2015 1021 2047 debitam
1048 2016 1103 2048 ob-

365 2066 553 2097 servantiam
579 2066 797 2100 interturbent.

409 2129 473 2151 v111.
488 2120 696 2163 Imposterum
715 2122 825 2154 electio
845 2123 1024 2155 officialium
1044 2123 1103 2155 col-

365 2172 447 2214 legii,
461 2173 576 2216 prioris
590 2174 717 2214 scilicet,
734 2175 920 2218 subprioris,
937 2176 1102 2209 monitoris

364 2236 418 2258 seu
443 2226 607 2260 directoris
632 2228 764 2271 pietatis,
790 2229 1010 2271 discretorum,
1032 2240 1103 2272 pro·

365 2279 528 2321 curatoris,
543 2280 689 2312 sacristae
703 2286 733 2313 ct
750 2282 935 2324 regentium,
950 2283 1103 2325 spectabit

364 2333 465 2364 solum
497 2333 535 2365 ad
567 2334 764 2377 supradictos
793 2335 972 2378 quindecim
998 2341 1102 2379 patres

364 2386 558 2419 ‹·onsiliarios
569 2388 606 2419 (le
618 2388 781 2430 provincia
796 2389 961 2430 Turoniae,
980 2399 1101 2422 necnon

365 2438 401 2470 ad
418 2449 515 2471 unum
534 2439 709 2473 studentem
728 2441 765 2473 de
779 2442 914 2484 qnalibet
931 2452 966 2474 ex
981 2447 1100 2485 septem

364 2491 532 2533 provinciis
546 2493 662 2526 Galliae
677 2494 870 2536 professione
881 2494 1101 2537 antiquiorem,

365 2550 394 2576 et
419 2544 456 2576 ad
481 2545 559 2578 duos
584 2546 677 2578 etiam
700 2547 780 2579 inter
797 2548 1017 2580 conventuales
1034 2558 1102 2590 pro-

399 2605 411 2631 1
431 2605 528 2633 Forsan
545 2607 649 2642 legend.
666 2609 875 2642 relinquantur
888 2610 925 2643 (n.
942 2608 989 2642 'r.).

953 215 1131 239 BULLARIUM
1155 214 1309 239 ROMANUM

1150 263 1283 294 sessione
1309 262 1461 302 maiores,
1487 263 1635 306 quamdiu
1659 264 1755 308 aliqui
1779 274 1815 297 ex
1840 264 1884 296 eis

1150 314 1340 357 supererint:
1354 325 1411 348 nec
1424 315 1588 358 quisquam
1603 316 1746 357 aliorum,
1759 322 1884 360 praeter

1149 367 1248 400 dictos
1265 367 1373 409 viginti
1397 373 1545 411 quatuor,
1566 373 1634 408 aut,
1651 379 1721 401 cum
1745 369 1822 401 nulli
1846 380 1881 402 ex

1148 420 1406 453 conventualibus
1424 420 1592 462 extiterint,
1609 420 1718 463 viginti
1737 421 1825 461 duos,
1842 422 1884 454 di-

1148 473 1204 505 ctis
1230 474 1434 507 electionibus
1455 484 1487 507 se
1505 474 1693 507 immiscebit
1709 474 1766 506 sub
1783 474 1883 517 poena

1148 526 1328 559 rebellionis
1352 532 1382 559 et
1406 527 1598 571 expulsionis
1623 537 1640 558 a
1660 532 1834 566 conventu;
1855 532 1885 559 et

1150 580 1260 613 electio
1296 581 1421 624 quidem
1453 582 1569 624 prioris
1604 581 1658 614 fiet
1689 580 1884 625 praesidente

1146 637 1234 675 patre
1246 633 1431 676 provinciali
1441 635 1606 675 Turoniae,
1619 639 1654 667 ut
1667 633 1884 667 commissario

1146 685 1244 728 patris
1269 687 1441 729 generalis,
1466 687 1491 719 si
1516 687 1553 720 de
1577 687 1638 720 alio
1668 686 1884 720 commissario

1146 749 1202 782 per
1226 740 1406 782 generalem
1430 750 1493 773 non
1517 740 1612 773 suerit
1628 741 1806 784 provisum;
1825 740 1885 772 ele-

1146 792 1207 824 ctio
1233 798 1337 826 autem
1360 793 1494 826 aliorum
1519 793 1699 826 officialium
1723 793 1777 825 fiet
1796 803 1884 837 prae-

1145 844 1265 878 sidente
1288 851 1377 889 patre
1401 847 1509 890 priore
1533 847 1667 889 collegii.

1190 908 1231 931 tx.
1244 899 1288 931 Ex
1303 899 1393 932 dictis
1406 899 1585 943 quindecim
1603 899 1789 933 consiliariis
1807 909 1884 933 sem-

1145 961 1202 994 per
1226 952 1388 995 eligendus
1406 959 1451 986 est
1471 953 1630 997 subprior,
1656 954 1804 994 monitor,
1821 953 1884 986 duo

1144 1005 1281 1046 clavarii,
1296 1011 1493 1049 procurator,
1508 1007 1646 1049 sacrista,
1662 1007 1724 1040 duo
1738 1013 1884 1050 regentes

1144 1058 1175 1089 in
1201 1058 1359 1101 theologia
1380 1065 1410 1092 et
1430 1069 1511 1092 unus
1530 1060 1559 1091 in
1578 1059 1712 1100 artibus;
1729 1060 1818 1103 prior
1833 1069 1884 1091 au-

1144 1116 1205 1143 tem
1231 1112 1303 1155 eligi
1320 1113 1437 1156 poterit
1453 1124 1490 1146 ex
1507 1123 1705 1157 quacumque
1719 1113 1882 1156 provincia

1143 1164 1269 1207 Galliae,
1295 1176 1374 1208 quae.
1399 1167 1439 1198 sit
1462 1167 1632 1200 reformata
1651 1166 1737 1199 iuxta
1761 1166 1883 1209 praedi-

1142 1222 1206 1249 ctas
1231 1228 1327 1250 novas
1353 1219 1601 1260 constitutiones,
1625 1219 1698 1252 licet
1722 1219 1882 1252 electionis

1142 1274 1283 1312 tempore
1317 1271 1347 1302 in
1379 1271 1446 1314 ipso
1478 1271 1612 1314 collegio
1642 1282 1706 1305 non
1735 1271 1881 1304 resideat.

1141 1322 1292 1355 Similiter
1316 1333 1350 1355 ex
1377 1333 1575 1366 quacumque
1599 1324 1762 1367 provincia
1786 1325 1883 1357 resor-

1142 1376 1224 1406 mata
1249 1375 1320 1418 eligi
1346 1376 1463 1418 poterit
1479 1387 1592 1419 regens
1612 1376 1808 1410 diversarum
1828 1377 1883 1408 lin-

1141 1438 1284 1469 guarum,
1310 1429 1483 1462 secundum
1507 1429 1591 1472 quod
1616 1430 1647 1462 in
1672 1432 1708 1463 ea
1732 1430 1835 1474 aptior
1852 1435 1882 1462 et

1142 1481 1241 1523 magis
1273 1481 1404 1515 idoneus
1436 1483 1474 1514 ad
1508 1484 1566 1515 tale
1597 1494 1712 1516 munus
1739 1489 1883 1527 repertus

1141 1534 1250 1573 suerit,
1268 1540 1298 1567 et
1315 1535 1368 1577 qui
1382 1535 1498 1568 suerint
1515 1536 1605 1568 electi
1618 1536 1656 1568 ad
1674 1537 1756 1569 dicta
1769 1536 1881 1576 officia,

1141 1587 1171 1618 in
1197 1587 1308 1620 virtute
1334 1594 1458 1621 sanctae
1482 1589 1679 1622 obedientiae
1704 1590 1756 1621 illa
1780 1590 1880 1622 susci-

1140 1641 1246 1683 pient:
1273 1652 1351 1684 quae
1372 1643 1397 1673 si
1425 1643 1645 1682 recusaverint,
1666 1653 1800 1685 poenam
1820 1642 1881 1685 pri-

1140 1693 1271 1726 vationis
1281 1699 1311 1726 et
1324 1694 1526 1728 inhabilitatis
1543 1695 1580 1727 ad
1594 1705 1810 1739 quaecumque
1822 1696 1880 1727 alia

1139 1747 1243 1779 officia
1268 1747 1439 1780 incurrent.

1182 1810 1210 1832 x.
1236 1800 1319 1833 Haec
1343 1807 1446 1833 autem
1473 1801 1574 1834 forma
1599 1802 1750 1834 servanda
1776 1807 1822 1834 est
1848 1802 1877 1833 in

1139 1853 1290 1886 electione
1314 1854 1430 1897 prioris
1447 1855 1582 1897 collegii.
1605 1856 1663 1888 Ubi
1684 1856 1877 1888 celebratum

1139 1906 1240 1946 suerit,
1266 1911 1299 1938 ut
1324 1907 1421 1939 moris
1441 1912 1497 1947 est,
1519 1907 1689 1950 capitulum
1703 1909 1878 1951 culparum,

1138 1965 1164 1991 et
1192 1960 1297 1993 emissi
1310 1960 1329 2001 ¹,
1355 1961 1407 2004 qui
1432 1971 1494 1993 non
1519 1961 1687 1994 habuerint
1714 1962 1817 1995 locum
1850 1968 1879 1994 ct

1138 2024 1247 2047 vocem
1272 2015 1303 2046 in
1330 2015 1493 2054 electione,
1514 2015 1693 2047 assumendi
1719 2020 1790 2047 sunt
1814 2020 1878 2047 tres

1137 2072 1241 2109 patres
1252 2071 1442 2101 scrutatores
1455 2067 1493 2100 de
1510 2067 1578 2110 ipso
1599 2068 1732 2110 gremio,
1742 2078 1876 2111 quorum

1138 2131 1251 2153 munus
1270 2121 1432 2164 (praestito
1444 2121 1582 2165 perillos
1600 2122 1688 2165 prius
1701 2122 1877 2154 iuramento

1138 2174 1167 2205 in
1193 2184 1287 2206 manu
1311 2174 1519 2217 praesidentis
1544 2174 1582 2207 de
1606 2175 1664 2207 rite
1689 2180 1719 2208 et
1743 2175 1877 2208 fideliter

1138 2227 1317 2270 peragendo
1342 2238 1452 2260 eorum
1477 2228 1594 2271 officio)
1626 2228 1686 2260 erit
1710 2232 1780 2262 vota
1813 2228 1875 2260 sin-

1137 2281 1283 2322 gulorum
1309 2281 1490 2323 eligentium
1513 2281 1628 2324 scripta
1645 2287 1675 2314 et
1692 2281 1876 2325 complicata

1137 2333 1282 2376 excipere
1296 2333 1326 2365 in
1344 2334 1471 2376 capsula
1493 2334 1540 2366 vel
1566 2334 1681 2377 pixide,
1697 2334 1809 2367 deinde
1824 2335 1876 2367 illa

1137 2386 1311 2427 extrahere,
1326 2387 1480 2429 evolvere,
1491 2387 1645 2430 inspicere
1659 2391 1688 2420 et
1702 2387 1874 2430 publicare;

1137 2439 1250 2482 quibus
1276 2440 1464 2482 publicatis,
1491 2445 1521 2472 et
1547 2441 1627 2473 sacta
1650 2450 1760 2474 eorum
1781 2441 1875 2473 colla-

1138 2492 1240 2532 tione,
1266 2493 1365 2535 illum,
1393 2493 1424 2525 in
1450 2504 1543 2536 quem
1569 2503 1679 2526 omnes
1702 2494 1750 2526 vel
1775 2493 1875 2526 maior

1136 2556 1208 2589 pars
1245 2547 1340 2579 totius
1377 2547 1501 2590 collegii
1537 2547 1751 2587 consenserit,
1787 2551 1874 2590 pater

1173 2609 1182 2634 1
1202 2607 1346 2635 Videretur
1361 2609 1506 2643 legendum
1522 2610 1634 2638 emissis
1648 2610 1684 2643 (R.
1703 2610 1752 2644 T.).

1901 214 1948 243 Ᾱη.
1966 214 1994 243 C.
2016 215 2085 243 1637
