2248 3229
117 225 168 254 An.
185 225 214 254 C.
237 225 307 254 ¹639

145 395 267 417 Exordium.

143 607 232 629 nativa.

147 1567 242 1592 Magistri
258 1569 300 1589 sint

114 1596 194 1615 tantum
210 1595 290 1621 vif-inti⁴

151 2631 224 2656 Nullas
231 2648 237 2659 .
257 2632 299 2655 nint

929 227 1072 252 unnANus
1096 226 1152 251 vlu
1176 227 1225 251 1¹1³.

522 274 659 302 Urbanus
678 275 758 309 Papa
776 274 856 307 vlu.

461 319 498 346 ad
516 319 651 347 futuram
670 321 716 348 rei
737 320 918 347 memoriam.

363 380 396 414 In
421 380 470 414 his
494 381 658 426 apostolici
677 382 776 415 nostri
798 382 937 415 muneris
956 387 1080 426 partes-

318 434 453 469 libenter
478 436 716 480 interponimus,
737 447 794 481 per
813 447 893 481 quae
913 437 994 470 felici
1015 447 1062 470 rc-

318 489 474 532 gularium
511 500 719 534 personarum
755 491 848 523 statui
884 496 1061 534 opportune

319 533 440 576 consuli
465 543 649 577 iudicamus.

362 597 378 640 ᾗ
402 597 431 629 l.
452 597 561 642 Nuper
585 598 739 641 siquidem
764 609 822 642 pro
847 603 935 643 parte
955 598 1060 631 dilecti

318 649 373 682 filii
399 650 558 684 Michaelis
578 652 734 694 Mazarini,
749 662 857 686 sacrae
882 651 1060 695 theologiae

317 703 472 746 magistri,
492 715 527 738 ac
545 705 703 739 Romanae
722 706 904 750 provinciae
929 708 1059 738 fratrum

317 755 442 790 Ordinis
465 758 717 793 Praedicatorum
743 760 860 803 prioris
885 760 1061 804 provincia-

317 809 371 850 lis,
395 811 487 844 nobis
512 813 689 856 expositum
714 813 794 854 suit,
819 813 903 857 quod
936 813 966 845 in
997 823 1059 846 non

317 863 476 898 mediocre
501 865 601 899 dictae
625 866 805 910 provinciae
830 866 947 899 bonum
973 866 1079 900 cede-1

317 923 374 959 ret,
392 919 428 959 si,
445 920 711 963 quemadmodum
731 921 761 953 in
781 920 969 964 quibusdam
991 920 1060 953 aliis

316 970 390 1005 dicti
410 971 534 1006 Ordinis
555 974 726 1017 provinciis
746 973 898 1006 sancitum
919 977 975 1013 cst,
993 983 1060 1006 eer-

317 1029 366 1058 tus
389 1036 426 1058 ac
449 1025 675 1059 determinatus
708 1026 932 1069 magistrorum
959 1026 990 1058 in
1014 1037 1061 1058 sa-

315 1080 370 1111 cra
389 1079 548 1122 theologia
562 1079 688 1113 Ordinis
703 1079 885 1112 huiusmodi
903 1090 975 1112 cum
990 1079 1060 1113 loco
1078 1111 1079 1114 ,

315 1135 345 1166 et
368 1142 466 1173 voce,
490 1133 543 1176 qui
569 1132 720 1176 acceptati
746 1133 957 1166 communiter
981 1143 1079 1173 nun-,

315 1186 423 1230 eupari
448 1187 559 1225 solent,
584 1196 736 1219 numerus
760 1186 791 1218 in
815 1186 899 1219 dicta
919 1187 1060 1220 Romana

313 1240 477 1283 provincia
501 1251 559 1284 per
591 1251 649 1274 nos
680 1241 942 1280 constitueretur;
967 1241 1059 1274 nobis

313 1299 483 1338 propterea
503 1293 605 1327 dictus
625 1294 754 1327 Michael
775 1294 864 1338 prior
883 1294 1059 1337 provincia-

313 1346 352 1380 lis
376 1347 557 1381 huiusmodi
583 1348 744 1380 humiliter
769 1347 940 1392 supplicari
966 1347 1058 1387 fecit,

314 1405 348 1433 ut
368 1401 398 1433 in
419 1401 601 1445 praemissis
618 1407 806 1445 opportune,
824 1405 857 1435 ut
878 1401 968 1440 infra,
988 1411 1059 1444 pro-

315 1454 421 1487 videre
453 1455 491 1488 de
522 1455 715 1498 benignitate
744 1455 917 1499 apostolic-21
941 1454 1055 1498 digna-

314 1517 433 1540 remur.

358 1561 374 1605 ξ
398 1561 427 1594 2.
445 1562 507 1596 Nos
528 1562 633 1605 igitur,
651 1562 792 1596 eiusdem
814 1562 995 1607 provinciae
1015 1562 1075 1595 se-¹

1074 1610 1341 1655 ¹praemissorum
1378 1609 1618 1653 quomodolibet
1652 1608 1834 1648 concessis,

314 1615 365 1648 lici
391 1616 538 1659 regimini
563 1620 593 1650 et
617 1615 791 1659 gubernio,
811 1622 962 1660 quantum
985 1625 1057 1648 cum

313 1668 447 1702 Domino
479 1680 669 1713 possumus,
701 1670 838 1712 benigne
870 1669 1057 1709 consulere,

313 1721 481 1766 ipsumque
501 1728 708 1766 exponentem
733 1721 922 1766 specialibus
947 1721 1059 1755 favori-

313 1775 371 1808 bus
388 1781 419 1808 et
435 1775 545 1819 gratiis
564 1775 714 1819 prosequi
734 1775 884 1815 volentes,
906 1780 936 1808 ct
955 1785 973 1808 a
993 1775 1059 1819 qui-

312 1827 419 1862 busvis
450 1829 808 1870 excommunicationis,
840 1829 1057 1873 suspensionis

313 1887 344 1915 et.
368 1883 544 1924 interdicti,
569 1883 702 1927 aliisque
730 1883 951 1916 ecclesiasticis
979 1893 1054 1916 sen-

312 1936 427 1977 tentiis,
451 1937 594 1970 censuris
619 1942 649 1970 ct
672 1937 793 1980 poenis,
817 1947 835 1970 a
860 1937 927 1970 iure
948 1937 996 1969 vel
1018 1936 1056 1969 ab

312 1988 450 2028 homine,
476 1990 585 2034 quavis
609 1989 775 2023 occasione
793 1989 840 2022 vel
861 1991 955 2022 causa
974 1989 1055 2029 latis,

312 2043 337 2076 si
363 2043 477 2087 quibus
501 2043 740 2087 quomodolibet
757 2043 923 2076 innodatus
943 2043 1055 2080 existit,

312 2096 350 2129 ad
375 2096 521 2129 effectum
549 2097 762 2141 praesentium
792 2096 954 2129 dumtaxat
978 2106 1055 2129 con-

312 2149 528 2193 sequendum,
554 2150 667 2183 harum
696 2149 777 2183 serie
805 2149 1002 2183 absolventes
1026 2153 1073 2183 etz

312 2202 489 2236 absolutum
507 2203 574 2237 sore
592 2209 766 2244 censentes,
783 2203 964 2236 huiusmodi
986 2213 1056 2246 sup-

311 2311 480 2355 acceptatis
513 2311 542 2343 in
573 2311 736 2355 provincia
771 2311 911 2344 Romana
947 2310 1054 2343 huius-

312 2365 397 2398 modi
421 2370 590 2398 numerum
615 2365 826 2405 vicenarium,
852 2365 904 2408 qui
929 2365 1071 2398 nonnisi¹

310 2428 368 2462 per
392 2427 446 2451 eos
478 2418 532 2462 qui
563 2417 594 2450 in
623 2418 726 2451 studio
755 2418 894 2461 generali
925 2418 1053 2462 provin-

312 2471 378 2504 ciae
395 2471 533 2514 regentis
550 2481 682 2505 munere
698 2471 794 2505 suncti
813 2471 929 2504 suerint
946 2472 1053 2505 excedi

311 2525 421 2569 possit,
437 2526 608 2570 apostolica
624 2526 819 2566 auctoritate,
840 2531 949 2559 tenore
967 2536 1054 2570 prac-

312 2579 463 2620 sentium,
488 2579 734 2623 praescribimus
758 2585 788 2613 et
812 2579 1026 2623 praefinimus.

357 2632 373 2677 5
395 2631 429 2683 2<
448 2634 492 2667 Ac
516 2633 658 2678 insuper,
682 2632 767 2678 quod
789 2632 829 2668 de
853 2639 958 2668 cetero
982 2633 1052 2668 nul-

1077 976 1124 1004 ³et
1148 971 1400 1004 ordinationibus
1424 970 1614 1014 apostolicis,
1638 980 1762 1004 necnon
1785 969 1836 1003 de-

1742 216 1805 250 7-23
1850 227 1902 252 An.
1923 227 2037 254 (2163ss

1095 275 1154 314 lus,
1179 274 1236 307 nisi
1263 283 1376 317 regens
1399 278 1434 307 ut
1457 283 1553 318 supra
1577 273 1682 314 suerit,
1703 273 1735 306 in
1758 274 1927 318 eius-rogat<
1943 289 2004 310 nim-1«.
2017 290 2037 309 m

1096 328 1166 361 dem
1191 328 1372 372 provinciae
1397 327 1581 370 magistrum
1610 327 1765 370 acceptari
1790 338 1839 360 va·
1853 319 1974 367 Eliifit‘lu‘l-'J''
2000 321 2037 335 π’

1097 382 1177 422 leat,
1201 381 1301 415 donec
1333 386 1363 415 et
1395 390 1558 424 quousque
1591 380 1756 423 magistri,
1784 380 1838 424 qui

1097 435 1192 469 modo
1217 441 1288 468 suut
1314 435 1343 468 in
1369 434 1451 468 dicta
1477 432 1640 478 provincia
1665 434 1838 478 acceptati,

1095 490 1211 533 quibus
1235 500 1294 533 per
1317 494 1498 533 praesentes
1528 488 1649 521 nullum
1680 487 1840 532 praeiudi-

1095 543 1178 576 cium
1211 542 1327 575 inserre
1360 542 1571 582 intendimus,
1601 541 1638 574 ad
1671 551 1839 574 numerum

1096 596 1204 639 viginti
1230 595 1346 629 redacti
1372 595 1506 633 suerint.
1531 595 1717 628 auctoritate
1742 600 1772 628 et
1795 600 1840 627 te-

1095 660 1172 683 nore
1197 649 1410 694 praesentium
1436 648 1652 682 interdicimus
1677 652 1707 682 et
1729 647 1840 692 prolii-

1078 703 1215 737 'bemus
1241 704 1452 737 Decernentes
1477 702 1601 735 irritum
1627 708 1657 735 et
1682 702 1788 742 inane,
1813 701 1839 734 si

1097 768 1186 791 secus
1204 768 1299 801 super
1323 757 1371 790 his
1387 767 1404 790 a
1422 767 1592 800 quoquam,
1605 756 1715 800 quavis
1735 761 1840 789 aucto·

1096 812 1197 852 ritate,
1224 811 1359 844 scienter
1383 810 1431 843 vel
1456 810 1649 853 ignoranter,
1671 808 1839 852 contigerit

1095 865 1249 899 attentari.

1140 917 1207 961 §3
1234 918 1300 951 Non
1331 917 1528 951 obstantibus
1561 916 1837 951 constitutionibus
1879 931 1987 952 Contraria
1999 931 2037 952 tot-

1853 959 1929 978 tuntur.

1095 1024 1199 1065 cretis,
1221 1024 1245 1056 si
1266 1024 1343 1069 qua'
1362 1023 1544 1067 praemissis
1567 1023 1783 1065 adversentur,
1801 1033 1836 1056 ae

1095 1077 1220 1111 Ordinis
1251 1082 1282 1110 et
1312 1077 1492 1122 provinciae
1517 1077 1718 1119 huiusmodi,
1743 1077 1835 1110 etiam

1095 1131 1283 1171 iuramento,
1307 1130 1546 1164 confirmatione
1571 1131 1764 1175 apostolica,
1788 1130 1835 1163 vcl

1093 1185 1155 1217 alia
1176 1184 1285 1228 quavis
1311 1184 1459 1218 firmitate
1483 1184 1651 1224 roboratis,
1669 1183 1791 1217 statutis
1807 1187 1837 1216 ct

1093 1237 1394 1278 consuetudinibus,
1421 1238 1595 1281 privilegiis
1623 1247 1767 1281 quoque,
1795 1237 1836 1269 iu-

1093 1290 1188 1323 dultis
1211 1296 1242 1322 et
1265 1290 1377 1324 litteris
1401 1290 1593 1334 apostolicis,
1618 1290 1675 1323 sul)
1705 1290 1835 1333 quibus·
1866 1328 1870 1331 Ἴ

1093 1354 1231 1388 cumque
1251 1343 1413 1376 tenoribus
1438 1347 1467 1376 et
1491 1343 1612 1383 formis,
1627 1353 1666 1376 ac
1683 1353 1754 1376 cum
1772 1343 1837 1386 qui-

1075 1399 1077 1406 ’
1094 1396 1199 1430 busvis
1216 1397 1309 1430 etiam
1327 1396 1599 1439 derogatoriarum
1615 1395 1836 1438 derogator-iis,

1093 1450 1225 1493 aliisque
1238 1449 1468 1483 efficacioribus
1481 1454 1512 1482 ct
1529 1448 1661 1481 insolitis
1677 1448 1835 1489 clausulis,

1074 1515 1076 1524 ¹
1092 1514 1127 1537 ac
1152 1503 1347 1536 irritantibus
1365 1508 1395 1536 et
1411 1503 1480 1536 aliis
1503 1502 1649 1542 decretis,
1670 1501 1701 1534 in
1718 1511 1834 1544 genere

1093 1558 1139 1590 vel
1165 1557 1196 1589 in
1221 1557 1348 1600 specie,
1373 1566 1410 1589 ac
1433 1556 1508 1588 alias
1541 1555 1572 1588 in
1601 1555 1834 1589 contrariorum

1093 1664 1286 1698 confirmatis
1307 1667 1337 1697 et
1356 1662 1526 1702 innovati&
1544 1662 1658 1706 quibus
1678 1661 1835 1701 omnibus,

1092 1717 1213 1751 etiamsi
1230 1727 1288 1761 pro
1306 1716 1472 1750 sufficienti
1490 1716 1694 1759 derogatione
1718 1715 1757 1748 de
1774 1715 1835 1748 illis

1093 1781 1267 1814 eorumque
1293 1770 1364 1803 totis
1391 1769 1554 1802 tenoribus
1579 1769 1740 1813 specialis,
1765 1779 1835 1812 spe-

1091 1824 1191 1863 cifica,
1211 1833 1359 1866 expressa
1383 1828 1414 1855 et
1438 1821 1598 1854 individua
1621 1831 1657 1854 ac
1681 1821 1719 1854 de
1738 1820 1834 1853 verbo

1074 1877 1129 1910 'ad
1155 1877 1297 1919 verbum,
1315 1887 1378 1910 non
1399 1881 1503 1909 autem
1527 1886 1585 1920 per
1609 1875 1765 1908 clausulas
1785 1885 1835 1918 gc-

1091 1930 1213 1964 nerales
1247 1930 1331 1963 idem
1367 1930 1597 1973 imponantes,
1630 1928 1748 1961 mentio
1779 1938 1834 1960 seu

1091 1984 1219 2028 quaevis
1247 1984 1307 2016 alia
1335 1983 1497 2027 expressio
1526 1982 1670 2015 habenda
1698 1986 1752 2014 aut
1777 1981 1834 2014 ali-

1090 2048 1150 2080 qua
1175 2037 1235 2070 alia
1259 2036 1412 2080 exquisita
1430 2037 1530 2070 forma
1547 2036 1661 2069 adlioe
1682 2035 1834 2067 servanda

1090 2090 1190 2131 soret,
1216 2090 1343 2123 illorum
1375 2094 1498 2123 tenores
1530 2088 1750 2133 praesentibus
1774 2098 1834 2131 pro

1089 2144 1182 2187 plene
1205 2147 1236 2177 et
1260 2143 1452 2177 sufficienter
1483 2142 1638 2186 expressis
1662 2142 1832 2179 habentes,

1090 2197 1150 2229 illis
1175 2197 1251 2230 alias
1276 2197 1307 2229 in
1331 2206 1388 2229 suo
1413 2196 1530 2230 robore
1549 2195 1776 2239 permansuris,
1795 2194 1833 2226 ad

311 2256 535 2300 plicationibus
559 2256 709 2297 inclinati,
727 2256 874 2301 praefatis
895 2256 1054 2299 magistris
1070 2246 1073 2302 J
1089 2249 1338 2293 praemissorum
1356 2248 1514 2288 effectum,
1532 2248 1709 2291 specialiter
1729 2251 1759 2281 et
1782 2258 1834 2280 ex-

1088 2313 1196 2346 presse
1227 2302 1434 2346 derogamus3
1460 2301 1634 2345 ceterisque
1664 2300 1832 2335 contrariis

1088 2357 1351 2402 quibuscumque.
1396 2369 1401 2374 ·
1551 2359 1553 2362 '

1111 2409 1244 2444 'Datum
1266 2411 1395 2451 Romae,
1420 2410 1503 2454 apud
1524 2410 1555 2444 S.
1581 2409 1710 2443 Mariam
1735 2409 1832 2443 Maio-

1088 2475 1172 2506 rem,
1189 2464 1248 2498 sub
1269 2464 1384 2497 annulo
1402 2463 1586 2505 piscatoris,
1605 2463 1655 2497 die
1673 2473 1739 2498 xvu
1757 2462 1831 2496 maii

1088 2528 1263 2559 iincxxxnz,
1280 2518 1482 2562 pontificatus
1498 2517 1598 2551 nostri
1613 2526 1695 2551 anno
1709 2527 1774 2552 xv1.

1124 2571 1181 2599 Dat.
1199 2572 1242 2599 die
1259 2572 1290 2598 17
1308 2571 1371 2599 maii
1388 2571 1466 2606 1639,
1483 2571 1577 2608 pontis.
1595 2580 1665 2600 anno
1683 2578 1735 2599 xvi.

1125 2645 1135 2671 1
1154 2643 1224 2672 Edit.
1236 2643 1315 2672 Maio.
1328 2642 1362 2672 de
1378 2651 1454 2672 more
1468 2643 1548 2672 solito
1563 2642 1645 2672 habet
1655 2652 1730 2680 quae
1740 2642 1828 2679 (11:12).
