2248 3229
213 175 261 205 An.
281 175 309 203 C.
329 174 396 204 1632

231 1544 234 1547 Δ
247 1518 331 1538 Poenas
350 1516 406 1546 sotu-

222 1546 299 1564 tionem
310 1546 405 1568 neganti-

220 1571 260 1592 bus
275 1571 370 1597 imponit.

270 1837 355 1858 Modum
370 1836 409 1857 has

224 1864 305 1885 litteras
342 1864 409 1889 publi-

223 1891 286 1938 fizli'ndi
305 1891 409 1917 praescri-

443 165 517 203 0298,

411 224 593 268 persolvere
622 224 750 257 omnino
780 225 945 255 teneantur
966 221 1031 263 (qui
1057 225 1148 264 post-

412 277 552 318 modum,
566 286 763 320 quocumque
789 273 1031 317 impedimento,
1057 273 1150 305 etiam

413 329 610 374 quantumvis
624 328 721 371 gnari,
732 327 855 371 penitus
866 326 1000 368 excluso,
1011 325 1152 358 eamdem

412 388 513 416 ratam
542 387 594 414 aut
622 380 769 425 pecunias
797 390 1011 424 quascumque
1036 389 1073 412 eo
1098 389 1153 412 no-

413 437 496 469 mine
521 440 643 468 exactas
665 438 695 469 et
719 435 864 467 collectas
885 432 1111 467 commissariis
1136 443 1153 466 a

413 489 573 533 praedicto
602 499 676 531 rege
706 488 860 532 deputatis
886 498 941 520 seu
970 486 1155 531 deputandis

413 543 541 576 realiter
565 547 594 576 et
619 553 690 576 cum
717 541 831 575 effectu
859 541 982 574 tradant
1005 546 1035 573 et
1058 540 1156 574 consi-

414 601 526 640 gnent,
550 596 635 629 omni
662 597 751 629 mora
776 599 806 630 et
831 595 978 629 dilatione
1002 605 1038 627 ac
1061 594 1153 627 etiam

415 650 640 694 impedimento
660 653 690 684 et
714 649 894 682 difficultate
920 647 1113 682 cessantibus
1127 652 1156 680 et

414 703 604 748 postpositis,
629 714 664 736 ac
689 703 782 736 etiam
807 703 899 743 alias,
922 706 1017 746 prout
1042 701 1074 734 in
1098 711 1151 734 re-

417 757 543 790 troactis
567 757 715 790 subsidiis
735 761 924 800 exequutum
944 756 1029 800 suit),
1047 759 1077 788 et
1094 758 1154 789 tam

417 811 501 844 clero
518 820 613 854 quam
631 810 785 854 deputatis
802 809 981 854 praedictis,
998 814 1028 842 et
1044 819 1154 842 eorum

416 864 570 907 singulis,
595 869 629 897 ut
654 864 826 908 praedicta,
851 863 946 897 modo
971 863 1155 907 praemisso,

416 917 599 961 respective,
617 922 713 961 prout
733 917 770 950 ad
797 927 907 949 eorum
933 915 1074 959 singulos
1091 917 1157 959 ‘spe-

418 976 488 1011 ctat,
513 971 641 1004 omnino
666 975 870 1014 exequantur,
889 969 946 1003 sub
963 968 1156 1013 privatione¹

417 1035 691 1069 quorumcumque
716 1024 944 1058 beneficiorum
969 1023 1156 1057 ecclesiasti-

418 1089 540 1121 corum,
555 1089 626 1112 cum
644 1079 719 1112 cura
737 1083 766 1111 et
783 1078 848 1111 sine
866 1078 953 1117 eura,
967 1077 1156 1110 secularium

419 1137 449 1165 et
459 1132 642 1176 quorumvis
652 1131 803 1165 Ordinum
817 1130 1019 1173 regularium,
1030 1140 1159 1173 quomo-

418 1185 538 1218 dolibet
562 1184 812 1228 qualificatorum
839 1188 869 1216 et
892 1188 1156 1227 nuncupatorum,

417 1249 474 1282 per
499 1249 562 1279 eos,
579 1238 633 1281 qui
658 1237 895 1281 quomodolibet
919 1237 1159 1270 contrafecerint

419 1296 449 1324 et
481 1301 593 1335 parere
625 1291 804 1323 distulerint
836 1301 891 1323 scu
924 1290 1157 1330 recusaverint,

419 1344 652 1388 quomodolibet
672 1344 886 1385 obtentorum,
905 1348 996 1386 atque
1014 1343 1158 1375 inhabili-

418 1398 490 1431 tatis
504 1398 542 1430 ad
556 1398 607 1430 illa
620 1402 650 1430 et
664 1398 722 1430 alia
737 1398 943 1441 imposterum
962 1396 1129 1429 obtinenda
1137 1397 1156 1438 ⁶²,

419 1462 477 1495 per
498 1456 677 1496 praesentes
695 1451 887 1494 iniungimus
910 1455 939 1483 et
964 1449 1157 1482 mandamus.

466 1506 481 1549 ἓ
497 1505 526 1537 3.
540 1506 749 1538 Decernentes
762 1504 913 1537 beneficia
928 1504 1004 1547 ipsa,
1023 1503 1054 1536 in
1071 1513 1160 1537 eren-

421 1564 488 1592 tum
509 1559 773 1593 contraventionis
793 1557 973 1591 huiusmodi
991 1557 1035 1591 sic
1054 1567 1161 1590 vacan-

422 1613 473 1655 tia,
491 1613 530 1645 ab
554 1613 700 1646 omnibus
723 1613 821 1645 libere
848 1604 1033 1655 impetrari,
1047 1611 1161 1654 illaque

422 1671 485 1699 tam
498 1677 555 1710 per
572 1677 628 1700 nos
646 1670 676 1699 et
699 1666 809 1699 Sedem
832 1665 1053 1709 Apostolicam,
1068 1674 1160 1709 quam

423 1720 566 1754 locorum
581 1720 763 1753 Ordinarios
783 1719 927 1764 personis
951 1718 1071 1752 idoneis
1088 1728 1162 1752 con-

424 1774 499 1806 ferri
523 1774 621 1806 libere
645 1784 747 1817 posse.

469 1828 484 1870 g
508 1827 537 1859 li.
562 1827 716 1867 Ceterum,
742 1826 814 1869 quia
839 1825 965 1858 ditlleile
990 1825 1078 1867 soret,
1100 1830 1161 1857 tam

424 1884 620 1924 praesentes,
646 1890 739 1923 quam
764 1879 839 1911 alias
864 1889 959 1922 super
983 1878 1163 1922 praemissis

425 1934 581 1966 consectas
606 1933 733 1975 litteras,
753 1932 883 1975 singulis
908 1932 1028 1965 solvere
1053 1931 1165 1964 deben-

426 1987 507 2019 tibus
523 1986 731 2030 personaliter
749 1986 901 2027 intimare,
922 1985 1066 2018 volumus
1083 1990 1112 2017 et
1128 1984 1166 2016 si-

425 2041 542 2074 militer
562 2040 732 2084 apostolica
758 2039 941 2073 auctoritate
966 2039 1165 2072 decernimus

427 2094 464 2127 ad
485 2093 629 2127 effectum
650 2093 870 2137 praemissum,
891 2092 1166 2136 quod³,i11t11na1is

426 2147 597 2192 praedictis
613 2147 680 2179 aliis
704 2147 819 2180 nostris
837 2150 866 2181 et
884 2146 1101 2191 praesentibus
1117 2146 1167 2178 lit-

428 2202 502 2235 teris
520 2201 769 2245 metropolitanis
784 2206 811 2234 et
827 2200 1058 2234 cathedralibus
1075 2199 1168 2233 dicta-

428 2267 499 2289 rum
524 2255 744 2299 Hispaniarum
765 2255 904 2289 ecclesiis
929 2260 1071 2299 tempore
1090 2255 1167 2288 divi-

428 2319 543 2343 norum
569 2309 744 2343 officiorum
768 2320 825 2353 per
850 2309 1003 2350 edietum,
1029 2308 1167 2352 singulos

430 2363 561 2397 clericos
575 2363 728 2396 dictarum
743 2362 962 2407 Hispaniarum
978 2362 1118 2405 alliciat‘*,
1133 2372 1168 2394 ac

466 2456 476 2479 1
496 2453 566 2488 Lege
579 2453 756 2487 privationis
771 2453 807 2487 (n.
819 2453 867 2485 T.).

464 2499 481 2525 2
496 2499 568 2525 Adde
581 2499 682 2533 poenis
698 2501 734 2533 tn.
747 2498 795 2532 T.).

465 2542 481 2569 3
497 2542 563 2569 Male
578 2542 642 2569 edit.
659 2542 737 2569 Main.
754 2541 818 2577 legit
833 2550 944 2576 quoque
959 2544 995 2577 (n.
1009 2542 1056 2576 ⁴11).

467 2587 483 2613 4
497 2586 591 2622 Aptius
605 2587 663 2621 lege
678 2587 807 2622 afficiant
821 2590 859 2622 (n.
871 2587 919 2622 in).

987 172 1165 197 DULLARIUM
1190 172 1345 196 ROMANUM

1186 220 1209 252 si
1224 219 1355 262 singulis
1367 219 1442 263 ipsis
1453 220 1574 253 clericis
1583 219 1790 264 personaliter
1801 218 1921 254 intima-

1187 278 1234 305 tae
1253 272 1400 313 suissent;
1418 282 1463 317 ac,
1481 284 1539 316 pro
1564 273 1702 307 faciliore
1725 273 1921 306 intimatione

1186 325 1375 368 huiusmodi,
1385 325 1596 369 praesentium
1607 327 1820 370 transumptis,
1828 326 1920 359 etiam

1186 378 1367 422 impressis,
1392 389 1488 411 manu
1513 378 1643 411 alicuius
1667 378 1780 411 notarii
1803 379 1921 422 publici

1187 432 1381 475 subscriptis,
1395 436 1426 465 et
1439 432 1540 475 sigillo
1557 441 1711 475 personae
1726 430 1758 463 in
1774 431 1922 474 dignitate

1188 486 1399 519 ecclesiastica
1435 486 1620 520 constitutae
1650 485 1788 525 munitis,
1812 485 1921 518 eadem

1187 549 1318 583 prorsus
1342 538 1419 571 sides
1444 539 1474 571 in
1499 539 1615 572 iudicio
1642 543 1672 571 et
1695 543 1782 571 extra
1805 537 1924 581 ubique

1188 592 1384 632 adhibeatur,
1409 602 1490 635 quae
1514 592 1590 636 ipsis
1613 591 1830 636 praesentibus
1855 591 1922 624 ori-

1188 646 1344 689 ginalibus
1361 646 1573 689 adhiberetur,
1591 646 1616 679 si
1640 647 1741 680 forent
1769 645 1924 679 exhibitae

1188 700 1235 732 rel
1252 705 1394 734 ostensae
1412 710 1465 733 scu
1483 700 1650 733 intimatae.

1233 754 1248 797 ξ
1263 754 1291 786 5.
1306 754 1374 787 Non
1391 753 1587 787 obstantibus
1603 752 1794 797 praemissis,
1810 763 1846 786 ac
1863 763 1926 786 om-

1188 807 1290 848 nibus,
1312 817 1390 851 quae
1416 807 1446 839 in
1470 806 1637 850 praedictis
1661 806 1729 839 aliis
1744 806 1857 839 litteris
1874 816 1928 839 vo-

1189 861 1305 894 luimus
1322 871 1385 894 non
1406 860 1540 894 obstare.

1233 915 1345 947 Datum
1369 915 1503 956 Romae,
1529 913 1610 958 apud
1637 913 1665 948 S.
1684 913 1812 947 Mariam
1836 912 1929 947 Maio-

1189 978 1274 1011 rem,
1292 968 1349 1001 sub
1366 969 1482 1002 annulo
1508 967 1693 1008 piscatoris,
1711 967 1761 1000 die
1783 977 1857 1001 xxlv
1878 977 1929 1000 au-

1190 1022 1271 1066 gusti
1289 1031 1451 1063 MDcxxxn,
1464 1021 1664 1066 pontificatus
1680 1021 1780 1054 nostri
1799 1031 1881 1055 anno
1901 1032 1928 1054 x.

1226 1085 1284 1113 Dat.
1301 1085 1344 1113 die
1360 1085 1394 1113 24
1409 1085 1515 1121 augusti
1532 1084 1609 1118 1632,
1631 1084 1727 1120 pontif.
1744 1092 1813 1112 anno
1828 1090 1865 1112 lx,

1486 1201 1633 1234 CDLXIV.

1193 1274 1404 1316 Confirmatio
1427 1273 1545 1306 decreti
1561 1273 1640 1306 editi
1659 1284 1679 1307 α
1699 1273 1792 1306 sacret
1805 1274 1932 1306 rituum

1237 1327 1321 1370 Cony
1328 1327 1490 1370 reflectione
1500 1327 1542 1359 ad
1551 1328 1691 1370 favorem
1701 1327 1855 1359 abbatum
1864 1336 1933 1359 con-

1235 1381 1436 1424 qrequlionis
1452 1379 1755 1414 Camctlclulensium
1769 1380 1934 1413 monacho-

1236 1444 1312 1466 rum
1338 1433 1472 1468 Ordinis
1501 1433 1531 1466 S.
1552 1433 1720 1466 Benedicti
1751 1442 1848 1476 super
1870 1442 1933 1465 usu

1927 171 2030 199 An.'c.
2050 170 2125 199 ‘1632‘

1968 762 2060 791 [terogat
2076 767 2124 783 con—

1941 791 2019 810 trariis.

1238 1486 1439 1527 baldacliini,
1465 1496 1502 1518 ac
1518 1486 1673 1528 siicicltate
1689 1485 1871 1519 celebrandi
1886 1478 1949 1518 so—‘

1240 1540 1389 1572 temnz‘ter
1413 1539 1449 1572 in
1472 1537 1741 1582 pontificalibus&

1389 1610 1525 1637 Urbanus
1546 1610 1625 1643 Papa
1644 1610 1724 1644 vm,

1337 1654 1373 1682 ad
1392 1654 1525 1681 futuram
1544 1653 1588 1681 rei
1608 1653 1794 1681 memoriam.

1240 1716 1303 1760 gl.
1329 1716 1436 1760 Nuper
1465 1726 1524 1759 pro
1553 1719 1643 1759 parte
1673 1715 1777 1748 dilecti
1800 1715 1857 1748 filii
1881 1716 1936 1749 De-

1196 1770 1303 1804 siderii
1328 1770 1470 1813 Arigonii
1495 1780 1550 1803 seu
1575 1769 1764 1803 Bardellonii
1789 1769 1827 1802 de
1850 1770 1934 1803 Man-

1197 1828 1249 1856 tua
1269 1823 1485 1868 procuratoris
1506 1823 1661 1866 generalis
1678 1823 1935 1867 CongregationiS

1196 1876 1440 1910 Camaldulensis
1464 1875 1554 1909 nobis
1575 1876 1751 1920 expositum
1766 1869 1936 1920 suitsquod

1198 1931 1272 1964 alias
1291 1942 1310 1963 a
1331 1930 1560 1964 venerabilibus
1574 1930 1722 1963 fratribus
1742 1931 1858 1964 nostris
1871 1940 1937 1964 san-

1198 1985 1355 2017 Romanae
1379 1984 1536 2016 Ecclesiae
1561 1983 1770 2017 cardinalibus
1787 1983 1884 2017 sacris
1899 1983 1937 2016 ri-

1199 2038 1282 2070 tibus
1305 2037 1492 2081 praepositis
1517 2037 1671 2070 emanavit
1700 2036 1861 2070 decretum
1892 2041 1937 2070 te-

1198 2092 1285 2125 noris
1302 2091 1530 2135 subsequentis,
1557 2091 1716 2124 videlicet:

1244 2145 1498 2179 Eminentissimo
1530 2148 1559 2179 ct
1589 2144 1851 2179 reverendissimo
1882 2144 1938 2179 do-

1200 2199 1284 2233 mino
1310 2198 1459 2232 cardinali
1484 2198 1635 2232 Columna
1658 2198 1821 2241 referente,
1840 2198 1879 2232 ad
1897 2199 1941 2232 in-

1200 2253 1344 2287 stantiam
1361 2253 1392 2285 P.
1414 2252 1446 2284 D.
1466 2252 1619 2285 Desidet-ii
1636 2251 1777 2295 Arigonii
1798 2262 1854 2285 seu
1869 2251 1942 2285 Bar-

1201 2306 1328 2340 dellonii
1342 2306 1380 2339 (le
1397 2306 1529 2347 Mantua,
1549 2305 1766 2350 procuratoris
1786 2305 1940 2349 generalis

1201 2360 1460 2403 Congregationis
1480 2360 1735 2403 Camaldulensis,
1748 2360 1874 2394 nomine
1890 2359 1941 2392 ab·

1203 2415 1310 2448 batum
1325 2414 1463 2447 eiusdem
1478 2414 1748 2458 Congregationis,
1765 2418 1807 2456 ut,
1825 2415 1939 2447 attenta

1240 2497 1250 2522 1
1274 2494 1310 2521 De
1331 2494 1545 2529 Congregatione
1569 2493 1814 2521 Canialdulensium
1834 2494 1894 2528 lege
1914 2494 1941 2520 in

1204 2540 1228 2566 in
1250 2540 1338 2566 Const.
1361 2546 1440 2566 xxxin
1456 2539 1600 2566 Alexandri
1618 2539 1705 2575 Papae
1719 2539 1752 2573 11,
1772 2539 1855 2566 Nulli
1873 2538 1942 2573 fide-

1205 2585 1287 2619 lium,
1306 2588 1371 2612 tom.
1388 2590 1414 2616 11,
1431 2592 1492 2620 pag.
1509 2584 1552 2611 48.

2000 1723 2013 1743 ⁴t
2031 1727 2089 1743 sacra
2109 1722 2136 1743 ri-

1951 1750 2008 1769 tuum
2045 1750 2136 1773 Congre-

1952 1776 2035 1801 gatione
2051 1781 2136 1796 einana-

1952 1803 1981 1823 xit
1991 1802 2098 1822 decretum
2108 1802 2135 1822 ad

1953 1829 2046 1849 savorem
2069 1828 2136 1848 abba-

1952 1857 1994 1875 tum
2023 1855 2137 1876 Camaldu-

1953 1882 2047 1902 lensium.
