2194 3219
228 246 295 272 Edit.
314 247 386 270 Taur.
783 243 847 267 Edit.
867 243 939 266 Rom.

246 289 315 311 Tom.
330 295 373 310 xiv
756 285 825 308 Tom.
839 292 872 310 vr,
887 286 950 315 part.
966 292 973 306 1

232 346 291 370 1634
348 344 518 369 CDLXXXVI
536 343 604 368 Sacri
612 342 767 375 apostolatus
775 342 915 366 ministerio
928 343 973 365 453

263 396 274 409 >1
334 386 517 409 CDLXXXVII
534 384 633 415 Magnis
651 384 734 408 causis
751 383 854 408 adducti
873 402 879 407 .
904 402 909 407 .
929 384 973 405 454

264 436 275 449 »
327 425 518 449 CDLxxxvnl
536 424 657 449 Volentes
675 432 727 453 nos,
748 432 794 456 pro
808 431 845 451 eo,
861 431 912 454 quo
928 423 974 445 455

262 476 274 489 »
351 466 519 488 (ὌῙΧΧΧΙΧ
536 465 606 488 Alias
614 473 659 496 per
668 472 713 489 nos
721 466 833 496 accepto,
845 463 913 494 quod
929 463 975 485 456

263 517 275 531 »
436 506 520 529 CDXC
538 506 607 530 Licet
619 503 915 529 omniachristifidelium
929 504 975 526 457

264 558 275 571 »
425 547 519 571 CDXCI
537 545 658 571 Caelestis
670 544 831 570 Hierusalem
844 544 912 568 cives
929 544 976 567 458

748 614 817 638 Tom.
832 620 863 641 vx,
878 614 942 644 part.
958 619 976 635 11

415 671 523 694 coxon
540 671 678 702 Nuperpro
690 670 761 702 parte
770 667 856 693 dilecti
869 667 913 691 filii
930 667 976 690 459

402 712 521 735 CDXCIII
538 712 607 735 Inter
617 709 780 742 gravissimas
792 708 913 740 multipli-

569 759 663 783 cesque
690 767 911 775 ........
930 748 976 771 460

402 792 520 814 CDXCIV
538 792 607 819 Cum,
622 790 688 815 sicut
700 797 782 822 nuper
793 788 887 821 exponi
907 807 911 812 .
930 788 974 811 461

268 847 277 854 μ
417 832 523 855 CDXCV
541 832 609 859 Cum,
625 831 690 855 sicut
705 829 858 862 accepimus,
877 849 881 853 .
907 848 911 853 .
931 829 976 852 462

266 882 277 895 »
404 873 521 895 CDXCVI
538 871 670 895 Militantis
684 871 780 895 Eccles.
795 870 913 902 regimini
931 869 976 893 463

389 913 520 935 CDXCVH
537 911 636 944 Exponi
653 911 726 935 nobis
744 919 826 943 nuper
845 930 849 934 .
876 930 881 934 .
907 929 912 933 .
931 910 977 933 464

379 953 521 976 CDXCVIII
538 953 607 981 Cum,
627 952 693 976 sicut
709 951 861 984 accepimns,
883 951 908 974 in
931 950 978 974 465

400 994 521 1017 t'DXCIX
538 993 684 1017 Iniunctum
702 993 775 1017 nobis
788 993 912 1024 desuper.
931 991 977 1014 466

497 1034 519 1057 D
537 1035 625 1066 Nuper
632 1042 677 1065 pro
687 1036 758 1065 parte
769 1033 919 1057 dilectorum
932 1032 977 1055 467

487 1075 520 1098 DI
538 1076 680 1098 Romanuin
699 1074 772 1098 decet
790 1073 904 1097 Pontifie.
932 1073 978 1096 409

476 1115 520 1137 DII
537 1115 636 1146 Exponi
654 1115 727 1138 nobis
746 1122 828 1146 nuper
845 1113 905 1137 fecit
933 1113 978 1135 468

466 1155 523 1178 DIII
540 1156 577 1178 De
589 1155 686 1178 iuribus
699 1154 865 1178 ecclesiarum
882 1173 886 1177 .
909 1172 913 1176 ι
933 1154 979 1176 470

267 1205 278 1217 η
467 1195 522 1218 DIV
540 1195 632 1218 Sancta
644 1193 760 1226 Synodus
768 1193 916 1217 Tridentina
933 1193 977 1216 471

238 1235 297 1258 1635
478 1235 524 1258 DV
541 1236 609 1263 Cum,
624 1235 690 1259 sicut
703 1234 856 1266 accepimus,
879 1253 883 1257 ,
909 1252 914 1257 ,
933 1234 978 1256 472

465 1276 522 1299 DVI
539 1276 609 1300 Alias
626 1284 672 1308 per
690 1284 735 1300 nos
748 1278 860 1307 accepto,
879 1294 882 1298 .
909 1295 913 1298 .
934 1275 980 1297 473

455 1317 523 1340 DVII
540 1317 684 1340 Constantis
697 1320 723 1340 et
735 1316 857 1340 eximiae.
880 1334 884 1339 .
911 1333 915 1337 ι
935 1315 979 1337 474

445 1356 524 1379 DVIII
541 1356 618 1384 Alias,
633 1356 665 1380 ob
678 1356 792 1380 funestos
804 1354 916 1379 haereti-

573 1404 658 1420 corum
669 1414 916 1420 .........
935 1395 981 1418 475

270 1445 275 1458 ³
469 1437 526 1460 DIX
542 1437 611 1460 Inter
623 1440 708 1460 cetera
716 1435 885 1468 apostolicae.
911 1453 916 1458 .
935 1435 981 1457 476

478 1476 523 1499 DX
539 1476 609 1500 Alias
626 1475 709 1500 felicis
727 1475 910 1500 recordationis
935 1475 981 1497 477

465 1517 524 1540 DXI
541 1517 620 1540 Certis
633 1517 664 1540 de
682 1516 766 1540 causis
778 1516 891 1540 animum
910 1534 914 1539 .
935 1515 981 1538 478
1006 1510 1009 1549 Ι

454 1556 525 1579 DXII
542 1556 610 1584 Cum,
631 1556 697 1579 sicut
714 1556 885 1587 accepimus„
911 1574 915 1578 .
935 1555 981 1577 479
1006 1553 1009 1566 ¹

444 1596 525 1619 Dxm
542 1597 603 1619 Cum
621 1596 760 1620 residentia
773 1604 786 1620 a
798 1596 877 1620 sacris
911 1615 915 1618 .
936 1595 982 1618 480

444 1636 524 1660 DXIV
541 1637 569 1660 In
583 1644 702 1668 supremo
714 1637 826 1660 iustitiae
841 1636 917 1660 solio.
936 1635 980 1659 481

454 1676 524 1699 va
541 1676 640 1707 Exponi
658 1676 731 1700 nobis
744 1685 826 1708 nuper
850 1696 854 1700 .
881 1696 885 1700 .
912 1696 915 1699 .
937 1677 982 1699 482

446 1716 527 1739 DXVI
543 1716 640 1742 Hodie.
656 1724 702 1748 pro
721 1720 792 1748 parte
819 1736 822 1740 .
850 1736 854 1739 .
881 1735 886 1740 .
912 1735 916 1739 .
936 1716 982 1739 483

430 1755 525 1779 DXVII
542 1757 603 1779 Cum
610 1756 784 1788 superioribus
793 1756 924 1780 mensibus
935 1756 981 1779 484

420 1795 523 1818 DXVHI
540 1797 627 1827 Nuper
639 1804 684 1827 pro
692 1799 764 1828 parte
775 1796 924 1820 dilectorum
936 1797 982 1819 485

444 1835 525 1857 DXIX
542 1835 661 1859 Exhibita
671 1836 745 1859 nobis
757 1843 853 1867 nuper.
880 1855 884 1859 .
911 1855 915 1859 .
936 1836 982 1859 486

455 1876 526 1898 Dxx
543 1877 630 1908 Nuper
642 1884 656 1900 a
668 1876 741 1900 nobis
753 1879 916 1901 emanarunt.
935 1876 982 1899 486

443 1915 526 1938 DXXI
542 1916 571 1939 In
579 1916 681 1947 quantis
694 1924 781 1940 eorum
793 1916 917 1948 augustiis
935 1916 982 1939 487

431 1956 526 1979 Dxxn
542 1955 612 1979 Alias
623 1964 638 1980 a
649 1956 722 1980 nobis
741 1960 893 1981 emanarunt
911 1975 916 1980 .
935 1957 982 1980 488

418 1996 526 2019 DXXIII
543 1997 604 2020 Cum
626 1996 766 2021 residentia
783 2005 797 2021 a
814 1997 892 2021 sacris
911 2015 916 2020 .
935 1996 982 2020 489

419 2037 526 2060 DXXIV
543 2037 631 2068 Nuper
646 2045 692 2069 pro
709 2040 780 2070 parte
797 2037 917 2062 venerab.
936 2037 983 2060 490

431 2076 527 2099 Dxxv
544 2076 919 2109 Nuperpropartedilectorum
936 2076 981 2100 491

423 2116 527 2140 DXXV'I
543 2117 642 2148 Exponi
660 2117 733 2141 nobis
750 2125 832 2149 nuper
844 2117 917 2141 feeit.
936 2118 983 2141 492

410 2156 528 2180 Dxxvn
545 2157 613 2185 Cum,
629 2157 695 2181 sicut
707 2157 814 2182 dilectus
827 2157 893 2181 filius
912 2177 916 2180 .
936 2158 982 2181 403

399 2197 527 2220 Dxxvm
544 2197 613 2226 Cum,
633 2197 699 2221 sicut
715 2197 869 2229 accepimus,
887 2197 918 2221 ob
936 2198 982 2221 494

421 2237 527 2260 Dxxrx
544 2238 612 2265 Cum,
624 2237 920 2270 sicutaccepimus‚1icet
937 2238 983 2261 495

435 2277 530 2300 DXXX
547 2277 616 2301 Alias
625 2285 677 2306 nos,
689 2278 802 2302 dilector.
811 2278 920 2302 filiorum
937 2278 983 2301 496

421 2317 527 2340 DXXXI
544 2317 612 2342 Alias
630 2326 645 2342 a
661 2318 734 2342 nobis
752 2321 917 2342 emanarunt.
937 2319 983 2341 497

411 2357 530 2381 DXXXII
546 2358 727 2383 Aliasafelicis
738 2358 921 2383 recordationis
937 2358 984 2382 498

399 2397 529 2421 DXXXHI
545 2399 644 2430 Exponi
661 2400 734 2423 nobis
751 2407 833 2431 nuper
844 2399 917 2423 fecit.
938 2400 983 2423 499

398 2438 527 2463 DXXXIV
544 2438 686 2471 Religiosos
703 2439 782 2468 viros,
804 2440 860 2471 qui,
883 2459 887 2463 .
913 2459 917 2463 .
938 2440 984 2462 500

243 2477 301 2499 1630·
412 2478 527 2502 DXXXV
543 2479 583 2502 Ad
594 2479 778 2504 occurrendum
790 2480 899 2504 motibus
914 2498 919 2503 .
938 2481 984 2504 363

403 2518 530 2544 DXXXVI
545 2520 593 2543 Pro
602 2520 922 2553 excellentipraeeminen-

578 2560 613 2584 tia
630 2580 822 2586 .......
841 2574 853 2585 -.
879 2580 884 2585 ,
910 2580 915 2584 .
939 2560 983 2583 501

392 2600 531 2624 Dxxxvn
548 2602 584 2624 Ex
592 2602 762 2632 quoregimen
773 2600 923 2625 universalis
939 2601 985 2624 502

1033 1352 1090 1375 1637

1024 241 1089 265 Edit.
1109 240 1183 264 Taur,
1579 235 1644 259 Edit.
1663 236 1735 258 Rom.

1040 283 1109 305 Toni.
1125 288 1167 304 xw
1542 277 1611 299 Toni.
1628 284 1658 304 γι,
1675 279 1738 307 part.
1753 282 1769 299 ιι

1027 341 1086 364 1636
1158 336 1311 361 Dxxxvm
1327 336 1397 360 Inter
1409 334 1572 366 gravissimas
1585 333 1707 365 multipli-

1363 384 1457 408 cesque
1484 393 1704 400 ........
1725 374 1770 398 503

1186 419 1315 443 Dxxmx
1333 418 1394 442 Cum
1412 417 1473 441 alins
1490 416 1547 448 piae
1565 415 1702 439 memoriae
1724 415 1771 438 504

1250 460 1316 483 DXL
1334 458 1431 490 Exponi
1444 457 1517 481 nobis
1529 465 1611 489 nuper
1628 456 1687 480 fecit
1701 475 1704 479 .
1725 456 1771 479 505

1239 500 1315 523 DXLI
1334 498 1538 530 Exposuitnobis
1549 506 1644 529 nuper.
1671 517 1676 520 .
1701 516 1705 520 .
1726 496 1771 519 506

1224 541 1315 563 DXLII
1332 539 1628 564 Attendentesuniverso
1637 537 1709 569 gregi
1726 538 1771 560 507

1212 581 1315 604 DXLlII
1333 580 1402 603 Alius
1412 579 1562 604 recolendae
1575 578 1712 602 memoriae
1726 577 1772 600 508

1214 621 1315 644 DXLIV
1334 620 1404 644 Licet
1422 620 1509 652 vigore
1527 623 1625 643 tuarum
1641 638 1645 642 .
1671 638 1676 642 .
1701 638 1705 642 .
1726 618 1772 641 509

1224 663 1315 685 DXLV
1333 662 1430 693 Exponi
1444 662 1516 685 nobis
1529 669 1611 692 nuper
1629 659 1689 684 fecit
1702 678 1707 683 .
1726 659 1772 682 510

1213 703 1316 726 DXLVI
1334 703 1403 730 Cum,
1415 702 1533 733 sicutpro
1541 704 1612 733 parte
1621 700 1706 724 dilect.
1725 700 1770 723 511

1202 744 1315 766 DXLVII
1333 742 1496 774 Apostolatus
1506 742 1578 765 nobis
1599 741 1710 773 desuper
1726 741 1772 763 512

1190 784 1316 807 DXLVHI
1334 785 1472 815 Nuperpro
1480 786 1550 814 parte
1559 782 1707 806 dilectorum
1726 781 1772 804 513

1214 825 1315 848 DXLIX
1333 824 1515 848 Aliasafelicis
1527 823 1709 847 recordationis
1726 822 1770 844 514

1273 867 1316 889 DL
1333 865 1403 889 Alias
1415 874 1429 888 a
1441 866 1514 888 nobis
1532 867 1683 889 emanarunt
1703 882 1706 886 .
1727 863 1773 886 515

1262 908 1315 930 DLI
1333 906 1404 930 Licet
1412 905 1473 929 alifis
1482 906 1524 929 fel.
1533 905 1714 929 recordationis
1727 905 1773 927 516

1253 947 1317 970 DLII
1335 947 1404 974 Cum,
1426 946 1491 970 sicut
1508 945 1676 977 accepimus„
1704 964 1707 967 .
1727 945 1773 967 518

1239 988 1317 1011 DLIII
1335 988 1404 1016 Cum,
1425 987 1456 1011 ob
1474 986 1646 1018 praesentium
1671 1004 1677 1009 .
1703 1004 1706 1008 ,
1727 985 1773 1007 51¹.»

1241 1029 1317 1053 DLIV
1335 1028 1462 1056 Quamvis,
1478 1031 1527 1051 tam
1545 1028 1577 1051 de
1594 1027 1656 1055 iure,
1674 1046 1677 1049 .
1704 1045 1707 1049 .
1728 1026 1774 1048 520

1254 1069 1316 1092 DIS
1335 1069 1433 1100 Exponi
1452 1068 1524 1092 nobis
1542 1076 1624 1099 nuper
1643 1087 1646 1090 Δ
1673 1087 1678 1090 .
1705 1086 1708 1089 .
1729 1067 1772 1089 521

1243 1110 1318 1132 nLVI
1335 1110 1404 1137 Cum,
1419 1109 1484 1132 sieut
1497 1108 1604 1132 dilectus
1619 1107 1684 1130 lilius
1704 1126 1707 1129 .
1729 1108 1774 1129 52*ss

1230 1151 1317 1173 luxu
1334 1149 1470 1174 Pastoralis
1488 1149 1562 1173 officii
1581 1148 1658 1172 nostri
1675 1169 1678 1173 ,
1705 1166 1709 1170 .
1729 1149 1774 1169 5-225

1217 1191 1318 1213 DLVIII
1336 1191 1397 1214 Cum
1416 1198 1498 1221 nuper
1510 1197 1555 1213 nos
1568 1189 1615 1212 ad.
1643 1208 1646 1212 .
1673 1207 1677 1211 .
1703 1207 1707 1210 .
1729 1188 1772 1209 5⁵24

1239 1231 1317 1253 DLIX
1334 1231 1403 1257 Cum,
1424 1230 1489 1253 sicut
1507 1229 1659 1260 accepimus,
1675 1247 1678 1251 .
1705 1247 1709 1250 .
1729 1228 1774 1249 5³25

1252 1271 1318 1293 DLX
1335 1270 1433 1301 Exponi
1447 1269 1518 1293 nobis
1537 1277 1619 1301 nuper
1637 1268 1709 1291 l'ecit.
1729 1268 1774 1289 5-26

1239 1311 1317 1333 DLXI
1336 1310 1458 1341 Exposuit
1475 1309 1548 1333 nobis
1566 1317 1648 1340 nuper
1675 1328 1678 1332 .
1705 1327 1709 1331 .
1729 1308 1774 1330 5-27

1228 1350 1319 1373 DLXII
1336 1351 1373 1373 Ex
1386 1349 1543 1373 incumbenti
1557 1349 1629 1372 nobis
1644 1368 1648 1372 .
1675 1368 1679 1372 .
1704 1367 1708 1371 .
1729 1348 1775 1371 5-28

1216 1391 1318 1414 DLxm
1335 1391 1363 1413 In
1381 1398 1500 1421 supremo
1518 1389 1673 1422 apostolatus
1706 1406 1711 1412 .
1730 1388 1775 1411 5:30

1220 1431 1319 1455 DLXIV
1337 1431 1406 1454 Inter
1417 1430 1581 1461 gravissimas
1591 1428 1712 1460 multipli-

1369 1478 1463 1502 cesque
1488 1488 1710 1494 ........
1730 1468 1775 1492 529

1228 1512 1317 1535 DLXV
1335 1510 1449 1534 Altitudo
1461 1510 1562 1534 divinae
1574 1509 1712 1542 providen-

1370 1552 1419 1575 ffiae
1429 1569 1709 1579 ..........
1730 1549 1774 1572 531

1218 1593 1320 1615 DLXVI
1337 1591 1407 1615 Alias
1425 1599 1439 1614 a
1456 1591 1528 1614 nobis
1541 1592 1710 1614 emanarunt.
1731 1590 1775 1613 532

1209 1633 1319 1655 DLXVII
1337 1631 1413 1659 Alias,
1425 1634 1559 1662 postquam
1569 1630 1610 1654 fel.
1621 1630 1716 1654 record.
1731 1630 1776 1652 533

1194 1672 1319 1695 DLXVIII
1336 1671 1434 1702 Exponi
1452 1670 1525 1694 nobis
1543 1678 1625 1701 nuper
1644 1689 1647 1693 .
1675 1689 1679 1693 .
1705 1689 1709 1692 .
1730 1670 1775 1692 534

1219 1712 1321 1735 DLXIX
1339 1711 1414 1739 Alius,
1434 1710 1680 1742 supplicationibus-
1705 1729 1709 1732 .
1731 1709 1776 1732 535

1228 1754 1319 1776 DLXX
1338 1752 1435 1784 Exponi
1453 1751 1526 1775 nobis
1543 1758 1626 1782 nuper
1635 1749 1710 1774 fecit.
1729 1749 1775 1772 5:36

1217 1794 1319 1816 DLXXI
1337 1794 1457 1823 Magnum
1476 1792 1501 1815 in
1519 1791 1617 1815 Christo
1645 1810 1649 1814 .
1676 1810 1680 1814 .
1706 1809 1710 1813 .
1731 1790 1776 1813 5:37

1207 1834 1320 1856 DLxxn
1338 1833 1407 1856 Alias
1424 1839 1469 1856 nos
1487 1840 1533 1863 per
1550 1834 1648 1855 nostras
1676 1850 1680 1854 .
1706 1848 1711 1853 .
1731 1830 1776 1853 538

1192 1875 1319 1897 DLXXHI
1336 1874 1405 1901 Cum,
1425 1873 1491 1897 sicut
1508 1872 1595 1896 dilecti
1613 1871 1658 1894 filii
1674 1890 1678 1894 .
1705 1889 1709 1894 .
1730 1871 1776 1894 539

1195 1915 1321 1937 DLXXIV
1338 1914 1407 1941 Cum,
1423 1913 1489 1937 sicut
1506 1913 1658 1944 accepimmz,
1675 1930 1679 1935 .
1706 1930 1710 1935 .
1730 1910 1776 1933 540

1204 1955 1320 1978 DLxxv
1338 1953 1437 1985 Exponi
1455 1952 1528 1976 nobis
1545 1960 1628 1984 nuper
1641 1971 1646 1976 .
1672 1971 1676 1976 .
1703 1970 1707 1975 .
1727 1953 1771 1976 541

1195 1995 1321 2017 DLXXVI
1338 1993 1420 2018 Hodie
1428 2001 1475 2025 pro
1483 1996 1554 2025 parte
1563 1992 1711 2016 dilectorum
1730 1992 1777 2015 542

1181 2035 1320 2058 DLXXVII
1338 2034 1420 2058 Hodie
1428 2042 1474 2066 pro
1481 2036 1553 2066 parte
1561 2033 1711 2057 dilectorum
1729 2032 1775 2055 513

1168 2076 1319 2102 DLXXVIII
1337 2076 1424 2106 Nuper
1431 2082 1476 2106 pro
1485 2076 1556 2105 parte
1564 2072 1717 2097 venerabilis
1731 2072 1776 2095 544

1194 2116 1320 2139 DLXXIX
1338 2116 1475 2147 Nuperpro
1482 2116 1554 2145 parte
1563 2113 1713 2137 dilectorum
1731 2112 1776 2135 545

1203 2156 1317 2179 DLXXX
1335 2155 1434 2187 Exponi
1452 2154 1525 2178 nobis
1537 2161 1619 2185 nuper
1631 2152 1692 2176 fecit
1705 2171 1708 2175 .
1729 2152 1776 2175 545

1190 2196 1319 2219 DLXXXI
1336 2196 1397 2218 Cum
1406 2195 1471 2218 sicut
1481 2193 1565 2218 dilecti
1575 2193 1619 2216 filii
1628 2193 1718 2216 fratres
1730 2192 1775 2214 547

1181 2236 1319 2259 DLxxxn
1336 2233 1530 2259 Conservationi
1543 2236 1569 2258 et
1580 2235 1709 2257 inanuten.
1729 2231 1776 2254 548

1168 2276 1320 2299 DLXXXIII
1338 2276 1406 2303 Cum,
1427 2274 1492 2298 sicut
1510 2273 1595 2297 dilecti
1612 2272 1656 2295 filii
1675 2271 1702 2295 fr.
1730 2271 1775 2294 549

1170 2316 1320 2339 DLXXXJV
1337 2314 1429 2346 Gregis
1437 2311 1713 2337 Dominicianimarum
1730 2311 1776 2333 550

1184 2356 1321 2379 DLxxxv
1338 2355 1404 2378 Olim
1422 2353 1504 2378 felicis
1521 2351 1705 2377 recordationis
1729 2351 1772 2374 551

1171 2396 1320 2419 DLXXXVI
1337 2396 1406 2421 Cum,
1415 2394 1481 2417 sieut
1490 2393 1597 2417 dilectae
1610 2391 1636 2415 in
1645 2391 1713 2415 Chri-

1370 2438 1409 2458 sto
1427 2450 1710 2458 ..........
1731 2432 1776 2454 552

1157 2476 1321 2500 DLxxxvn
1337 2474 1456 2506 Acceptis
1463 2472 1723 2505 nuperacharissimo
1731 2472 1776 2494 553

1152 2517 1323 2540 DLxxxvm
1341 2515 1439 2547 Exponi
1457 2514 1530 2537 nobis
1548 2521 1630 2544 nuper
1648 2511 1707 2536 feeit
1732 2512 1777 2534 554

1171 2557 1322 2580 ΪἼΞᾸΧΧΙΧ
1339 2556 1401 2579 Cum
1419 2554 1492 2578 annis
1509 2552 1652 2586 praeteritis
1677 2571 1682 2575 .
1708 2569 1712 2574 .
1733 2551 1778 2574 555

1259 2597 1324 2620 DXC
1340 2597 1476 2627 Postquam
1484 2593 1636 2620 venerabili*
1646 2593 1722 2617 frater
1733 2591 1778 2614 556
