2248 3229
119 231 170 259 Im.
187 230 215 259 C.
236 229 305 259 ¹636

927 230 1068 256 URBANth
1093 230 1149 255 vm
1172 231 1221 255 1³1³.

319 279 440 313 catione
465 288 482 312 a
505 279 758 324 quibuscumque
783 280 947 323 iudicibus,
965 282 1058 314 etiam

318 343 376 377 per
405 333 563 366 Romanos
596 333 762 367 Pontifices
798 333 1059 378 praedecessores

318 389 442 420 nostros
466 387 703 431 quomodolibet
727 387 817 427 datis,
835 392 942 420 tenore
962 396 1057 431 prae-

318 440 455 473 sentium
479 440 580 473 eidem
605 440 742 473 auditori
760 450 902 473 camerae
926 450 1009 474 nunc
1029 445 1060 473 et

318 503 377 537 pro
413 498 556 538 tempore
592 493 736 526 existenti
772 493 998 526 committimus
1029 498 1059 526 et

320 547 514 588 mandamus,
532 551 576 587 ut,
593 546 709 579 nedum
730 546 838 589 vigore
856 556 985 580 suarum
1007 556 1060 589 ge-

318 600 473 633 neralium
484 600 676 639 facultatum,
687 599 740 632 sed
752 600 844 632 etiam
856 600 963 642 vigore
974 609 1062 643 prae-

320 653 465 694 sentium,
483 652 520 685 ad
542 652 720 685 instantiam
738 652 948 686 commissarii
965 662 1061 695 gene-

320 706 394 740 ralis
429 716 571 740 camerae
607 707 795 751 apostolieae
829 718 889 751 pro
921 712 1078 751 temporo

320 759 502 801 existentis,
535 759 573 793 ad
598 760 791 804 praedictam
815 760 1079 793 declarationem*

320 813 466 847 incursus
497 814 840 856 excommunicationis,
866 814 1062 857 aliarumque

320 877 527 901 censurarum
543 873 573 901 et
589 877 764 912 poenarum
778 878 1061 912 quarumcumque,

320 920 415 955 etiam
439 921 621 955 caducitatis
653 926 683 954 et
713 921 923 954 devotationis
948 921 1059 954 seudo-

322 985 391 1008 rum
423 980 454 1008 et
486 975 644 1009 bonorum
674 974 1003 1020 emphyteuticorum,
1037 974 1062 1007 si

320 1027 400 1072 qua¹
425 1028 606 1073 praedictus
629 1028 761 1062 loannes
779 1028 920 1061 Andreas
944 1029 983 1062 al)
1001 1030 1064 1062 Au-

322 1081 387 1123 ria,
413 1092 587 1126 omnesque
618 1081 684 1123 alii,
717 1087 779 1114 tam
810 1082 940 1126 proprio
967 1092 1081 1126 quam=

321 1134 549 1179 cuiuscumque
572 1135 701 1169 alterius
721 1135 859 1175 nomine,
883 1135 1081 1169 invadentes

321 1192 352 1220 et
375 1194 574 1232 occupantes,
599 1188 720 1233 sibique
744 1188 947 1231 assistentes,
975 1189 1063 1222 auxi-

321 1241 461 1286 liumque
485 1247 517 1275 et
540 1242 680 1276 savorem
711 1247 928 1286 praestantes,
952 1248 982 1275 et
1010 1243 1064 1286 qui

320 1295 545 1338 praestiterunt
575 1296 614 1329 ad
650 1295 855 1329 invadendam
887 1306 943 1329 seu
973 1307 1065 1330 occu-

322 1348 456 1392 pandam
487 1349 536 1382 xel
560 1348 760 1382 detinendam
785 1349 978 1394 praedictam
1007 1355 1066 1384 ter-

323 1411 402 1442 ram,
419 1402 550 1446 eiusque
574 1412 680 1435 arcem
704 1407 735 1435 et
760 1403 965 1445 territorium,
990 1403 1065 1436 alia-

323 1466 383 1499 que
401 1456 494 1496 bona,
509 1456 587 1497 iura,
605 1455 758 1498 membra,
773 1466 892 1489 annexa
908 1460 938 1490 et
955 1457 1066 1500 depen-

323 1509 430 1543 dentia
454 1519 672 1553 quaecumque
689 1509 726 1542 ad
744 1509 938 1553 praedictam
957 1510 1066 1543 Roma-

322 1572 396 1595 nam
421 1562 614 1605 Ecclesiam,
639 1561 814 1606 Scdemque
844 1568 874 1596 et
902 1563 1083 1597 Cameranr

323 1615 546 1659 Apostolicam‚
558 1620 588 1649 et
601 1615 774 1659 respective
787 1616 960 1659 quamlibet
972 1617 1064 1650 aliam

323 1668 504 1702 inferiorem
529 1668 704 1710 eeclesiam,
730 1669 852 1702 ratione
880 1669 991 1703 directi
1015 1670 1067 1703 do-

323 1721 412 1755 minii
443 1727 474 1755 et
501 1721 577 1755 alias
607 1721 847 1767 quomodolibet
873 1723 1066 1767 spectantia,

325 1838 597 1872 quarumcumque
611 1827 807 1871 dignitatum,
822 1829 991 1871 honorum,
1006 1831 1068 1874 pri-

327 1881 514 1925 vilegiorum
531 1887 562 1915 et
582 1881 785 1924 indultorum,
802 1882 828 1916 si
843 1882 925 1927 qua²
939 1884 978 1916 ab
998 1884 1067 1928 ipsa

326 1934 466 1968 Ecclesia
491 1935 648 1976 Romana,
680 1935 804 1979 aliaque
828 1935 960 1969 ecclesia
984 1937 1064 1970 inse-

326 1987 403 2022 riori
419 1988 659 2032 quomodolibet
678 1988 803 2030 babent,
820 1989 980 2032 procedat,
1000 2000 1068 2023 om-

327 2040 440 2084 niaque
464 2041 525 2073 alia
548 2046 578 2074 et
602 2041 724 2083 singula
749 2041 781 2074 in
804 2042 985 2085 praemissis
1008 2053 1066 2076 ne-

328 2094 464 2127 cessaria
477 2099 508 2127 et
520 2094 759 2138 quomodolibet
779 2100 957 2139 opportuna
970 2102 1069 2138 gerat,

329 2147 420 2181 saciat
443 2151 473 2181 et
493 2153 688 2191 exequatur,
713 2148 806 2180 etiam
831 2149 917 2181 omni
942 2154 972 2181 et
999 2159 1071 2193 qua-

329 2210 465 2244 cumque
488 2201 713 2244 appellatione,
746 2202 987 2243 reclamatione,
1019 2189 1089 2234 rit-¹

331 2264 437 2294 cursu,
456 2254 608 2295 nullitate,
629 2254 722 2287 etiam
748 2264 784 2287 ex
810 2254 919 2295 tribus,
940 2255 1089 2298 aliisque*

332 2307 479 2340 remediis
496 2307 664 2341 ordinariis
684 2308 809 2352 penitus
827 2314 855 2341 et
877 2309 1006 2342 omnino
1025 2320 1073 2341 re-

333 2360 435 2400 motis,
452 2371 522 2394 eum
549 2361 693 2394 facultate
711 2361 906 2405 praedictum
925 2362 1071 2395 loannem

333 2413 489 2447 Andream
522 2414 560 2446 ab
590 2414 706 2455 Auria,
735 2424 908 2458 omnesque
939 2415 1017 2449 alios
1043 2415 1073 2448 in

333 2467 542 2511 exequutione
567 2460 782 2511 praesentium
812 2468 1019 2502 nominandos
1044 2473 1074 2501 et

333 2520 620 2564 cognominandos‚
646 2520 874 2565 cuiuscumque
905 2521 1072 2566 qualitatis,

370 2594 381 2619 1
400 2591 470 2619 Edit.
487 2591 566 2619 lllain.
584 2591 647 2627 legit
663 2600 736 2627 quac
753 2592 849 2627 (ιι.τ.).

367 2636 384 2663 2
401 2635 470 2665 Edit.
486 2636 570 2665 Μαίη,
588 2636 651 2672 legit
666 2644 741 2672 qnae
756 2637 794 2672 (n.
811 2637 859 2670 Μ.

1738 212 1802 254 555
1846 229 1896 258 Λη.
1912 228 1940 258 c.
1962 224 2033 259 1636

1075 280 1210 319 'status,
1235 278 1368 322 gradus,
1397 276 1586 312 conditionis
1610 282 1640 310 et
1663 277 1832 320 dignitatis,

1093 332 1186 364 ctiam
1211 331 1460 374 ecclesiasticae,
1485 331 1577 364 etiam
1607 330 1735 374 speciali
1759 331 1835 363 nota

1093 390 1123 418 et
1140 385 1341 429 expressione
1358 385 1480 428 dignos,
1496 384 1686 428 quicumque
1704 389 1733 418 ct
1746 389 1835 427 quot-

1093 448 1229 482 cumque
1253 438 1315 471 sint
1339 443 1367 471 et
1392 438 1518 478 suerint,
1536 437 1650 472 citandi
1668 437 1761 470 etiam
1778 447 1835 481 per

1093 491 1230 524 edictum
1254 491 1426 535 publicum,
1444 491 1576 524 constito
1591 490 1684 524 etiam
1702 500 1838 523 surmna-

1093 544 1140 577 rie
1172 550 1202 577 et
1230 544 1508 577 extraiudicialiter
1539 549 1569 577 et
1599 549 1751 588 quantum
1777 543 1836 576 sibi

1094 597 1239 631 sufficere
1263 597 1421 631 videbitur
1446 597 1485 631 de
1509 607 1571 630 non
1596 602 1662 631 tuto
1687 607 1815 630 accessu

1139 652 1154 695 ἓ
1177 651 1208 685 3.
1237 652 1401 695 (Volumus
1419 657 1534 691 autem,
1552 654 1596 691 ut,
1621 651 1701 684 sacta
1719 650 1838 695 peras-
1909 664 2038 686 intimatam

1095 705 1244 738 fixionem
1270 705 1379 739 saltem
1404 705 1501 738 semel
1519 704 1716 737 intimatione
1735 691 2039 740 1no11i—{l‘1'ffi0‘lasmcissss

1097 759 1167 793 torii
1192 759 1329 803 desuper
1353 758 1539 802 expediendi
1564 758 1597 790 in
1621 757 1718 791 valvis
1741 746 1919 791 eccle·³³¹¹¹¹'

1096 812 1214 845 siarum
1239 812 1446 845 Bononiensis
1463 817 1493 845 et
1512 811 1733 853 Ferrariensis,
1754 821 1789 845 ac
1807 811 1839 844 in

1097 866 1192 898 valvis
1216 865 1362 899 basilicae
1388 865 1542 909 Principis
1559 866 1791 909 Apostolorum,
1810 868 1841 899 et

1097 918 1128 951 in
1152 918 1219 952 acie
1243 918 1350 962 Campi
1375 918 1486 952 Florae
1511 918 1550 951 de
1575 918 1668 961 Urbe,
1687 918 1793 952 omnia
1808 928 1840 951 a-

1096 976 1145 1007 eta
1177 973 1290 1006 deinde
1322 978 1431 1006 contra
1461 972 1659 1017 praedictum
1690 973 1839 1006 Ioannem

1097 1026 1254 1059 Andream
1278 1026 1317 1059 ab
1340 1026 1458 1068 Auria,
1483 1036 1658 1070 omnesque
1692 1025 1770 1059 alios
1806 1031 1842 1059 ut

1097 1080 1274 1123 praefertur
1296 1079 1515 1119 nominandos,
1542 1078 1683 1112 facienda
1707 1078 1841 1119 valeant,

1097 1134 1286 1178 plenamque
1310 1133 1435 1167 roboris
1459 1132 1640 1166 firmitatem
1670 1131 1841 1173 obtineant,

1098 1192 1194 1231 prout
1218 1196 1259 1219 ex
1279 1196 1363 1220 nune
1387 1185 1488 1218 valida
1513 1185 1713 1219 decernimus
1738 1189 1768 1219 et
1792 1185 1842 1218 de-

1099 1241 1273 1280 claramus,
1304 1239 1436 1283 perinde
1460 1249 1496 1272 ac
1520 1239 1546 1272 si
1572 1239 1631 1282 ipsi
1657 1243 1687 1272 et
1710 1237 1842 1282 quilibet

1080 1293 1225 1329 ¹illorum
1252 1293 1282 1325 in
1308 1293 1449 1336 quolibet
1474 1298 1544 1325 actu
1569 1292 1778 1336 personaliter
1803 1292 1842 1325 ci-

1100 1348 1164 1388 tati,
1182 1347 1293 1380 moniti
1311 1352 1337 1379 et
1361 1346 1494 1380 intimati
1518 1346 1680 1389 fuissent),
1706 1345 1841 1389 illisque,

1099 1401 1223 1444 quotics
1247 1404 1277 1435 et
1297 1400 1422 1444 quando
1447 1410 1526 1443 opus
1543 1399 1646 1439 suerit,
1665 1399 1759 1432 etiam
1784 1399 1842 1432 sub

1099 1454 1270 1494 sententiis,
1296 1452 1439 1486 censuris
1456 1457 1485 1485 et
1506 1452 1616 1496 poenis
1638 1451 1697 1485 sibi
1717 1451 1844 1485 beneri-

1100 1507 1152 1548 sis,
1171 1506 1334 1540 inhibendi
1359 1511 1390 1539 et
1412 1505 1637 1550 praecipiendi,
1655 1505 1787 1550 aliisque
1804 1505 1844 1538 sa-

1100 1560 1269 1594 cultatibus
1292 1559 1477 1593 necessariis
1502 1564 1532 1592 et
1555 1559 1754 1603 opportunis.

1145 1613 1214 1657 gli.
1248 1614 1316 1646 Non
1348 1612 1545 1647 obstantibus
1576 1612 1776 1656 praemissis,
1808 1622 1844 1646 ae

1101 1667 1376 1701 constitutionibus
1397 1672 1428 1700 et
1451 1666 1703 1701 ordinationibus
1719 1671 1844 1710 aposto-

1907 1622 2044 1644 ttbstantibus

1859 1649 1955 1676 derogat.

1082 1733 1084 1754 ε
1100 1721 1179 1762 licis,
1204 1721 1296 1754 etiam
1315 1720 1347 1753 in
1364 1719 1504 1754 conciliis
1524 1719 1726 1763 generalibus
1743 1719 1844 1760 editis,

325 1774 476 1817 obtinent,
493 1784 617 1808 necnon
641 1775 819 1808 amissionis
836 1780 866 1808 et
882 1776 1067 1819 privationis
1083 1783 1085 1799 ³

1101 1778 1131 1808 et
1146 1773 1334 1818 praesertim
1348 1773 1497 1806 Bonisacii
1516 1773 1615 1816 Papae
1633 1772 1698 1805 VIII
1717 1772 1755 1805 de
1772 1774 1844 1813 una,

1101 1832 1132 1860 et
1155 1826 1279 1860 concilii
1304 1826 1461 1870 generalis
1484 1825 1523 1858 dc
1543 1825 1664 1858 duabus
1689 1825 1790 1868 dietis,
1809 1836 1846 1859 ac

1101 1891 1301 1925 quacumque
1333 1880 1556 1914 commissione
1588 1879 1657 1911 aliis
1690 1879 1846 1912 iudicibus

1102 1945 1158 1967 seu
1182 1933 1396 1966 tribunalibus
1417 1933 1519 1975 Urbis,
1545 1932 1640 1965 ctiam
1665 1942 1723 1976 per
1747 1932 1846 1966 Breve

1102 1987 1322 2031 apostolicum,
1339 1987 1386 2019 vel
1408 1997 1466 2030 per
1490 1985 1763 2030 supplicationem,
1781 1986 1846 2018 sive

1103 2041 1278 2081 decretum,
1303 2039 1397 2073 etiam
1422 2044 1520 2081 motu,
1534 2039 1674 2080 scientia,
1695 2038 1847 2071 delibera-

1105 2094 1188 2127 tione
1213 2099 1242 2126 et
1266 2097 1419 2137 potestate
1439 2092 1605 2134 similibus,
1623 2102 1659 2125 ae
1679 2091 1754 2125 alias
1771 2102 1848 2136 quo-

1105 2147 1278 2180 modolibet
1306 2146 1400 2179 ctiam
1430 2145 1691 2179 consistorialiter
1719 2145 1847 2190 expedi-

1106 2207 1182 2241 tum,
1204 2201 1292 2240 nicta,
1317 2200 1522 2244 partibusque
1547 2199 1698 2240 intimata,
1723 2199 1848 2233 ceteris-

1105 2265 1166 2298 que
1183 2254 1349 2287 contrariis
1369 2253 1631 2297 quibuscumque,
1651 2258 1765 2286 statum
1787 2253 1848 2286 litis

1106 2312 1135 2342 et
1148 2308 1249 2341 litium
1263 2317 1547 2352 quarumcumque,
1562 2318 1598 2340 ac
1610 2307 1740 2340 nomina
1757 2311 1787 2339 et
1801 2317 1849 2340 eo-

1107 2361 1257 2405 gnomina
1281 2360 1422 2394 iudicum
1436 2365 1467 2393 ct
1486 2360 1688 2403 litigantium,
1702 2359 1849 2392 aliorum-

1107 2426 1167 2459 que
1192 2414 1435 2454 contrariorum,
1456 2413 1552 2447 ethic
1570 2413 1662 2446 etiam
1688 2412 1726 2445 de
1744 2422 1849 2446 neces-

1108 2469 1196 2502 sitate
1229 2467 1508 2512 exprimendorum
1541 2472 1571 2499 et
1596 2465 1848 2506 inserendorum,

1109 2527 1232 2554 tenores
1249 2526 1279 2554 ct
1299 2521 1484 2564 compendia
1508 2530 1568 2564 pro
1584 2519 1677 2563 plene
1693 2519 1849 2564 expressis

1108 2581 1138 2608 et
1161 2575 1285 2608 insertis
1311 2575 1469 2608 habentes.
1500 2574 1618 2613 Quibus
1649 2573 1795 2608 omnibus
1820 2577 1850 2606 et

1109 2628 1239 2672 singulis
1264 2628 1443 2672 plenissime
1464 2627 1666 2671 derogamus.
