2248 3229
9 156 13 173 ..
0 0 26 144 ..α-’,κ’

200 184 250 211 An.
271 184 301 211 C.
317 183 386 211 1635

1004 186 1144 210 URBANUS
1169 185 1224 211 vm
1247 186 1295 210 PP.

397 235 427 266 et
459 241 517 275 pro
547 237 690 276 tempore
722 233 892 277 spectabit,
916 233 1137 267 inviolabiliter

397 283 576 326 observari;
596 285 704 330 sicque
728 286 758 319 in
778 287 959 331 praemissis
975 298 1031 331 per
1048 297 1138 331 quos-

399 347 535 382 cumque
560 338 678 373 iudices
709 339 886 374 ordinarios
910 345 939 373 et
964 340 1137 383 delegatos,

398 391 491 424 etiam
518 402 682 425 causarum
708 393 812 436 palatii
833 393 1001 437 apostolici,
1020 393 1137 426 audito-

398 454 458 484 res,
477 443 607 477 iudicari
626 450 656 478 et
673 445 796 478 definiri
814 445 940 486 debere,
957 456 992 478 ac
1014 445 1136 479 irritum

398 500 427 531 et
444 497 545 538 inane,
561 497 713 542 quidquid
738 509 828 531 secus
852 509 946 543 super
963 499 1011 531 his
1028 509 1045 531 a
1065 509 1139 542 quo-

397 559 511 593 quam,
543 550 651 594 quavis
686 551 893 592 auctoritate,
925 552 1059 584 scienter
1090 551 1137 583 rel

399 601 590 645 ignoranter,
616 604 783 647 contigerit
806 604 960 637 attentari.
985 603 1138 643 Quocirca

399 655 568 688 venerabili
604 656 692 690 fratri
733 658 867 691 Antonio
898 657 1138 701 archiepiscopo

399 708 553 742 moderno
577 715 606 742 et
631 721 689 754 pro
710 716 852 755 tempore
871 711 1011 744 existenti
1029 715 1138 743 nostro

398 766 428 794 et
452 761 540 795 Sedis
564 763 760 807 Apostolicae
791 764 821 796 in
846 763 952 806 regnis
976 762 1139 806 Hispania-

398 825 468 848 rum
498 816 612 850 nuncio
638 826 673 850 ac
701 817 815 850 dilecto
843 816 908 850 filio
937 816 1043 849 curiae
1072 826 1141 848 cau-

398 878 502 902 sarum
529 879 671 903 camerae
689 870 879 914 apostolicae
899 869 1037 912 generali
1056 868 1140 902 audi-

399 922 458 956 tori
478 933 536 966 per
559 928 740 967 praesentes
759 922 985 956 committimus
1007 927 1036 954 et
1056 931 1140 954 man-

398 974 530 1016 damus,
555 981 708 1019 quatenus
733 975 812 1020 ipsi,
838 975 885 1008 vel
911 975 989 1008 alter
1013 984 1139 1014 eorum,

398 1041 457 1075 per
480 1040 528 1071 se,
554 1031 600 1064 vel
624 1030 737 1071 alium,
762 1041 815 1064 seu
842 1030 934 1073 alios,
959 1035 1140 1074 praesentes

398 1083 518 1117 litteras
542 1087 571 1118 et
594 1084 626 1116 in
650 1084 694 1117 eis
723 1089 868 1118 contenta
901 1094 1140 1128 quaecumque,

398 1136 451 1170 ubi
476 1142 505 1170 et
529 1137 654 1181 quando
675 1147 755 1182 opus
773 1137 876 1178 suerit,
894 1142 925 1170 et
941 1137 1064 1181 quotics
1082 1147 1140 1180 pro
1157 1159 1158 1163 ,

399 1195 488 1234 parte
513 1190 734 1235 deputatorum
761 1196 792 1225 et
815 1191 1069 1234 congregationis
1087 1186 1159 1223 liu-i

399 1243 533 1278 iusmodi
558 1254 680 1278 necnon
705 1245 855 1279 interesse
879 1245 1061 1278 habentium
1080 1244 1142 1277 fue-

399 1297 462 1331 rint
481 1298 634 1342 requisiti,
652 1298 834 1332 solemniter
852 1298 1056 1342 publicantes,
1078 1297 1138 1330 cis-

400 1362 461 1396 que
497 1352 527 1384 in
563 1352 744 1396 praemissis
780 1352 915 1385 efficacis
951 1351 1141 1384 defensionis

400 1404 557 1450 praesidio
582 1405 774 1446 assistentes,
799 1405 933 1445 saciant,
958 1405 1142 1438 auctoritate

400 1460 509 1491 nostra
535 1458 659 1491 easdem
684 1463 876 1502 praesentes,
895 1457 970 1491 etin
995 1457 1056 1490 illis
1073 1467 1143 1491 con-

401 1570 537 1608 spectat,
563 1565 784 1598 inviolabiliter
820 1564 991 1598 observari.
1017 1564 1144 1598 Contra-

401 1617 538 1653 dictores
563 1618 721 1662 quoslibet
745 1623 773 1650 et
799 1618 932 1651 rebelles
949 1628 1005 1662 per
1025 1623 1144 1651 senten-

402 1671 470 1713 tias,
487 1681 634 1705 censuras
648 1677 677 1705 et
690 1681 807 1715 poenas
820 1671 1056 1712 ecclesiasticas,
1073 1671 1144 1704 alia-

402 1737 463 1771 que
488 1731 666 1771 opportuna
683 1726 760 1759 iuris
778 1732 807 1760 et
825 1726 895 1759 sacti
920 1725 1069 1768 remedia,
1089 1736 1143 1770 ap—

403 1780 572 1824 pellatione
591 1780 777 1824 postposita,
795 1780 1036 1825 compescendo,
1058 1780 1143 1813 invo-

405 1839 473 1867 cato
497 1833 591 1866 etiam
616 1833 654 1867 ad
674 1834 743 1874 hoc,
761 1835 786 1868 si
803 1845 883 1879 opus
902 1834 1005 1876 fuerit,
1028 1833 1144 1867 auxilio
1161 1838 1163 1863 ἱ

404 1885 536 1926 brachii,
554 1887 714 1920 secularis.
733 1887 801 1921 Non
827 1887 1023 1920 obstantibus
1047 1886 1146 1920 felicis

405 1939 633 1973 recordationis
665 1939 813 1972 Bonisacii
840 1939 938 1983 Papae
964 1939 1028 1972 Vlll
1053 1950 1143 1983 prae-

405 1989 580 2025 decessoris
603 1992 702 2025 nostri
720 1991 758 2025 de
778 1993 849 2032 una,
867 1997 897 2024 et
914 1991 1037 2025 concilii
1055 2002 1146 2035 gene-

405 2044 479 2077 ralis
503 2044 586 2078 edita
617 2044 654 2078 de
679 2044 800 2078 duabus
832 2044 944 2085 dietis,
974 2044 1145 2078 dummodo

406 2098 488 2131 ultra
509 2103 572 2132 tres
595 2098 694 2132 dietas
719 2099 832 2143 aliquis
855 2098 1039 2132 auctoritate
1056 2108 1143 2141 prae-

407 2152 541 2185 sentium
567 2151 605 2185 ad
630 2152 780 2185 iudicium
806 2163 869 2186 non
894 2152 1046 2192 trahatur,
1067 2151 1147 2184 aliis-

408 2216 469 2251 que
483 2206 758 2239 constitutionibus
769 2212 798 2238 et
811 2205 1061 2239 ordinationibus
1075 2215 1147 2249 apo-

408 2259 536 2302 stolicis,
559 2269 680 2293 necnon
698 2259 901 2293 ecclesiarum
927 2258 1082 2292 dictorum
1102 2269 1147 2291 re-

408 2323 554 2356 gnorum,
579 2314 671 2347 etiam
697 2314 882 2354 iuramento,
908 2312 1145 2347 confirmatione

408 2367 590 2410 apostoliea,
615 2367 661 2400 vel
679 2367 788 2411 quavis
807 2367 954 2400 firmitate
973 2366 1032 2399 alia
1058 2366 1147 2399 robo-

409 2421 495 2463 ratis,
509 2420 632 2454 statutis
657 2426 686 2454 et
712 2420 999 2462 consuetudinibus,
1025 2419 1147 2463 privile-

410 2473 468 2517 giis
485 2485 620 2518 quoque,
639 2474 766 2507 indultis
783 2479 812 2507 et
829 2473 939 2507 litteris
955 2473 1146 2518 apostolicis,

409 2527 612 2560 ecclesiarum
638 2527 793 2561 dictorum
827 2537 996 2570 regnorum
1022 2536 1147 2570 praesu-

408 2579 501 2622 libus,
518 2585 547 2615 et
565 2581 631 2615 aliis
657 2581 907 2625 quibuscumque
932 2579 1146 2625 superioribus

1817 175 1879 208 507
1926 184 1962 210 An

1171 238 1202 266 et
1225 233 1380 277 personiS,
1401 232 1458 266 sub
1480 232 1730 276 quibuscumque
1751 231 1910 265 tenoribus

1172 291 1200 318 et
1225 286 1344 328 formis,
1371 296 1407 319 ac
1431 296 1502 319 cum
1527 284 1690 329 quibusvis
1715 284 1862 318 clausulis
1882 290 1910 317 et

1171 339 1316 381 decretis,
1328 340 1357 372 in
1371 339 1564 373 contrarium
1579 338 1824 382 praemissorum
1838 348 1912 382 quo-

1173 393 1344 426 modolibet
1369 392 1536 433 concessis,
1557 391 1750 425 confirmatis
1774 396 1804 424 et
1828 390 1912 423 inno-

1172 446 1265 485 vatis;
1284 446 1397 490 quibus
1423 446 1568 479 omnibus
1585 451 1615 478 et
1635 445 1783 488 singulis,
1801 454 1912 478 eorum

1173 499 1314 532 omnium
1335 504 1459 532 tenores
1476 499 1694 542 praesentibus
1715 509 1774 542 pro
1791 508 1914 542 expres-

1174 553 1216 585 sis
1241 552 1400 595 habentes.
1420 553 1480 585 illis
1497 553 1571 585 alias
1589 552 1618 585 in
1637 562 1693 585 suo
1714 552 1829 585 robore
1845 561 1913 594 per-

1173 605 1266 647 suris,
1283 606 1341 638 hac
1360 606 1425 639 viee
1442 606 1605 639 dumtaxat
1625 605 1802 650 specialiter
1819 609 1849 638 et
1866 614 1914 636 ex-

1173 669 1280 702 presse
1310 659 1516 702 derogamus;
1541 659 1715 702 ceterisque
1747 657 1914 691 contrariis

1173 711 1437 755 quibuscumque.
1453 712 1564 745 Datum
1579 712 1706 752 Romae,
1720 711 1803 755 apud
1817 711 1845 744 S.
1856 710 1914 743 Ma-

1173 765 1251 798 riam
1284 765 1453 807 Maiorem,
1487 764 1544 797 sub
1575 764 1691 798 annulo
1727 764 1912 805 piscatoris,

1173 817 1222 850 die
1247 827 1312 850 xvu
1335 818 1459 860 augusti
1485 827 1603 857 uncxv,
1628 816 1826 861 pontificatus
1851 827 1910 850 no-

1173 871 1228 904 stri
1247 881 1330 904 anno
1355 881 1397 904 xi.

1971 205 1974 210 .
1995 183 2108 211 c.1635

1219 925 1234 968 g
1256 923 1286 958 3.
1312 925 1386 958 Cum
1404 930 1518 965 autem,
1536 925 1615 958 sieut
1631 924 1818 958 dilectorum
1836 923 1914 957 silio-
1955 933 2111 958 GregssrtffiXV

1944 960 2060 980 mmmmm
2070 963 2113 980 sta-

1174 988 1244 1011 rum
1269 978 1491 1022 deputatorum
1507 983 1535 1011 ct
1557 977 1812 1021 congregationis
1837 977 1912 1010 cleri
1928 966 1995 1007 {inum
2020 989 2113 1007 eneam

1929 1012 1955 1033 ad
1965 1021 1968 1031 t

1973 1019 2035 1033 »mnes
2043 1013 2113 1033 eccla-

1174 1041 1346 1074 regnorum
1378 1031 1527 1064 Castellac
1561 1036 1590 1064 et
1620 1031 1766 1073 Legionis
1790 1029 1914 1074 praedi·
1928 1045 2113 1086 scqgwnrfffirltnun

1174 1088 1295 1118 ctorum
1329 1084 1456 1117 nomine
1490 1083 1580 1116 nobis
1614 1093 1714 1126 nuper
1739 1083 1913 1126 expositum
1930 1093 2003 1118 gmon.

1174 1137 1241 1178 suit,
1267 1137 1325 1181 ipsi
1349 1137 1480 1181 piovide
1505 1136 1748 1176 considerantes,
1771 1135 1866 1179 quod,
1891 1135 1915 1168 si

1174 1195 1325 1223 statutum
1350 1200 1407 1234 per
1430 1190 1642 1234 praeinsertas
1666 1189 1787 1222 litteras
1807 1199 1917 1233 appro-

1174 1243 1280 1278 batum
1298 1249 1328 1277 et
1351 1243 1572 1277 confirmatum
1599 1242 1778 1276 huiusmodi
1804 1242 1842 1275 ad
1867 1253 1917 1275 ec·

1158 1320 1159 1326 1
1175 1297 1284 1330 clesias
1303 1308 1412 1330 omnes
1429 1296 1698 1340 metropolitanas,
1712 1295 1917 1337 cathedrales

1175 1351 1356 1394 collegiatas
1373 1356 1404 1383 et
1419 1351 1617 1395 parochiales
1641 1350 1737 1383 totius
1761 1349 1850 1393 regni
1867 1349 1919 1382 Ca-

1175 1403 1282 1436 stellae
1307 1408 1337 1436 et
1366 1404 1512 1447 Legionis
1541 1403 1760 1436 extenderetur
1788 1408 1818 1435 ct
1846 1412 1915 1435 am—

1159 1457 1340 1502 pliaretur,
1359 1467 1395 1490 ex
1416 1457 1477 1490 hoc
1501 1456 1642 1501 profecto
1666 1456 1848 1490 earumdem
1874 1466 1920 1489 ec-

401 1516 486 1546 tenta
509 1512 712 1553 huiusmodi,
737 1512 775 1545 ab
809 1511 976 1552 omnibus,
1002 1511 1039 1544 ad
1064 1514 1160 1555 quos'

1176 1511 1342 1544 etesiarum
1368 1510 1491 1543 utilitati
1517 1510 1653 1543 maxime
1678 1510 1916 1549 consuleretur,

1176 1565 1267 1598 nobis
1291 1569 1459 1608 propterea
1490 1563 1627 1608 deputati
1661 1568 1691 1596 et
1715 1563 1918 1606 congregatio

1177 1618 1357 1651 huiusmodi
1372 1629 1429 1662 per
1446 1617 1594 1650 dilectum
1609 1617 1708 1650 silium
1726 1617 1919 1650 Ludovicum

1177 1671 1215 1704 dc
1230 1671 1276 1703 las
1293 1671 1427 1704 Insantas
1445 1676 1474 1703 et
1490 1670 1644 1704 Saavedra
1661 1669 1919 1703 archidiaconum

1178 1724 1216 1757 de
1241 1726 1417 1768 Antequera
1436 1729 1651 1768 nuncupatum
1677 1729 1708 1757 ct
1732 1723 1918 1756 canonicum

1178 1778 1328 1811 ecclesiae
1352 1777 1551 1810 Malacitanae
1582 1777 1655 1809 dicti
1681 1777 1756 1809 cleri
1782 1776 1920 1819 negotio-

1178 1842 1249 1864 rum
1275 1831 1306 1863 in
1331 1831 1472 1864 Romana
1496 1830 1589 1864 Curia
1611 1835 1768 1873 gestorem
1798 1829 1921 1862 humili-

1179 1890 1226 1918 ter
1243 1884 1414 1929 supplicari
1432 1884 1582 1924 fecerunt,
1599 1889 1633 1917 ut
1653 1894 1748 1928 super
1771 1883 1918 1927 praemis-

1179 1939 1220 1971 sis
1247 1944 1426 1982 opportune
1460 1938 1627 1982 providere
1659 1938 1697 1971 de
1729 1937 1920 1981 benignitate

1180 1994 1287 2025 nostra
1304 1992 1518 2035 dignaremur.
1534 1993 1597 2026 Nos
1614 1991 1720 2035 igitur,
1736 1991 1794 2035 piis
1812 1996 1842 2024 et
1858 1991 1921 2024 lau-

1180 2045 1338 2078 dabilibus
1362 2044 1581 2088 deputatorum
1614 2050 1643 2078 et
1669 2044 1921 2087 congregationis

1180 2097 1360 2131 huiusmodi
1385 2098 1480 2139 votis,
1515 2103 1666 2142 quantum
1691 2108 1763 2131 cum
1787 2097 1920 2130 Domino

1180 2161 1358 2194 possumus,
1375 2161 1524 2192 annuere,
1543 2151 1691 2194 ipsosque
1711 2149 1875 2194 deputatos
1893 2156 1922 2183 et

1181 2204 1456 2247 congregationem
1489 2203 1677 2248 specialibus
1708 2203 1868 2236 favoribus
1892 2208 1922 2236 ct

1180 2258 1290 2301 gratiis
1315 2258 1463 2302 prosequi
1487 2258 1637 2300 volentes,
1665 2263 1695 2290 et
1718 2268 1828 2290 eorum
1858 2257 1920 2290 sin-

1181 2311 1305 2354 gulares
1329 2321 1480 2355 personas
1504 2321 1520 2344 a
1545 2311 1705 2355 quibusvis
1734 2321 1917 2344 excommu-

1180 2364 1354 2406 nicationis,
1373 2364 1597 2408 suspensionis,
1612 2369 1642 2397 et
1658 2364 1826 2405 interdicti,
1840 2363 1921 2396 aliis-

1182 2428 1243 2462 que
1267 2417 1486 2451 ecelesiastieis
1510 2417 1692 2458 sententiis,
1719 2417 1861 2450 censuris
1893 2423 1919 2450 et

1181 2471 1299 2515 poenis,
1318 2481 1335 2504 a
1360 2471 1427 2504 iure
1453 2471 1500 2503 vel
1526 2470 1564 2503 ab
1588 2471 1726 2513 homine,
1743 2471 1851 2515 quavis
1871 2482 1920 2504 oc-

1181 2526 1306 2558 casione
1321 2525 1367 2558 vel
1381 2526 1474 2558 causa
1489 2525 1568 2566 latis,
1583 2525 1607 2558 si
1622 2525 1736 2568 quibus
1750 2525 1922 2569 quomodo-

1181 2579 1255 2612 libet
1274 2578 1438 2612 innodatae
1456 2578 1603 2619 existunt,
1617 2577 1656 2610 ad
1674 2577 1818 2612 effectum
1836 2588 1923 2623 prae-
